2517 4231
31 199 113 248 ⁶09
422 190 794 233 ORA.
1022 162 1203 189 ”
1531 192 1791 235 ORB
2110 210 2181 247 610

32 283 98 309 Hor.
111 282 197 310 Carni.
211 291 232 317 3,
248 290 267 314 3,
279 282 322 315 46.
416 280 515 307 Venire
529 280 561 306 ab
574 280 631 307 oris
646 278 778 314 aliquibus
809 277 884 313 Virg.
899 278 962 305 Aen.
979 286 1010 310 2,
1024 283 1073 309 282.
1135 288 1193 306 area
1206 280 1345 314 circularis,
1366 281 1482 307 eiusmodi
1495 282 1563 308 linea
1571 283 1683 318 finitum,
1701 285 1757 318 vel,
1773 285 1839 320 globi
1854 290 1898 312 aut
1906 286 2024 322 sphaerae
2038 291 2125 327 instar,
2144 303 2182 319 ro.

31 320 101 352 οη,
135 318 246 351 [κλίμα]
281 324 325 352 pro
339 315 459 349 climate,
478 318 522 341 vel
530 316 652 351 figmento
666 315 735 341 caeli.
808 313 864 340 cic.
878 313 988 341 Tuscul.
1005 324 1027 346 i,
1044 318 1074 343 63
1135 317 1236 341 tundam
1251 314 1290 349 est.
1330 318 1413 350 Neque
1432 316 1485 343 illas
1498 325 1622 353 corporum
1629 319 1697 354 soliis
1711 320 1807 354 formas
1826 322 1942 353 denotat,
1961 333 2043 351 verum
2062 329 2136 353 etiam
2150 330 2186 354 nd

31 354 105 380 Tum
117 352 226 395 globum
247 358 330 382 terrae
343 351 504 378 eminentem
518 360 532 377 c
547 351 630 385 mari,
651 346 731 377 lixum
752 349 780 376 in
797 350 887 376 medio
908 350 999 376 mundi
1019 350 1075 376 vui·
1136 357 1251 385 temporo,
1271 359 1294 375 et
1307 352 1374 377 vices
1389 362 1469 378 rerum
1482 361 1555 388 atque
1566 355 1686 381 amanum
1699 356 1821 390 refertur,
1840 364 1957 391 quatenus
1971 360 2038 391 finem
2051 372 2101 387 cum
2115 366 2184 397 prm.

31 389 95 416 versi
108 389 183 421 loco,
204 385 302 415 duabus
317 387 372 414 oris
385 387 555 421 distantibus,
577 386 745 413 habitabilem
758 392 783 412 et
796 386 904 412 cultum.
980 386 1074 412 Aethc-
1135 386 1197 420 cipio
1211 394 1349 425 connexum,
1371 388 1509 423 autstarim
1520 391 1595 424 asine
1607 392 1642 416 ad
1652 391 1850 425 initiumfhiiilis
1864 399 1955 426 motus,
1965 388 2069 428 'cur-sm,
2089 399 2184 424 ordinis

32 425 87 452 riae
118 425 218 451 Lucret.
230 433 252 459 5,
265 426 303 453 86.
374 423 445 450 Idem
462 434 484 457 1,
498 432 525 455 23
557 422 619 449 Inde
630 421 773 454 enascitur,
794 428 870 455 atquc
885 430 943 447 oras
958 422 984 447 in
1000 422 1076 448 lumi-
1101 431 1113 453 5
1136 420 1265 460 aursei-iq*
1277 422 1476 460 tzpnsi'tumfl‘eri
1488 425 1647 461 intelligitur.
1702 428 1750 453 Pro
1761 428 1828 454 linea
1842 427 1909 455 Plin.
1924 438 1953 461 ιι,
1966 436 1995 463 37
2022 430 2088 456 Aliis
2099 434 2184 463 glauci

32 461 71 487 nis
85 460 146 488 exit.
251 459 356 493 Superis
370 460 487 486 conceffit
502 459 534 485 ab
549 458 619 489 oris,
638 458 754 483 Mortuus
768 457 801 493 est
828 457 902 492 Virg.
919 460 982 484 Acii.
998 467 1025 490 2,
1041 466 1075 490 91.
1135 456 1234 483 coloris
1248 467 1254 480 1
1269 455 1357 481 *bibus
1372 459 1553 496 circumdatis.
1623 464 1675 488 Pro
1689 463 1796 498 sphaera
1815 463 1889 491 Idem
1908 472 1936 497 2,
1954 473 1969 499 9
2001 464 2082 491 Orbis
2100 461 2185 495 lunae.

32 493 52 534 ff
69 503 81 528 3
118 497 172 523 Ora
179 495 308 530 ,ίζρηιζῇι-αι
323 495 558 529 1Ν*ιιιιιί.’κωῇιηιηι,
577 502 622 527 quo
635 493 706 517 nauis
719 493 755 517 ad
765 501 859 518 terram
873 494 976 529 ligatur.
1015 493 1074 520 Liu.
1136 492 1178 518 Sic
1190 492 1304 523 Lliquiis
1318 492 1391 518 orbis
1406 494 1474 520 Solis
1494 497 1567 532 Virg.
1581 497 1678 532 Georg.
1694 508 1711 533 i,
1725 506 1779 532 459.
1801 500 1866 534 conf.
1880 500 1948 527 Vell.
1964 509 1985 534 2,
2000 508 2040 534 39,
2055 503 2078 527 6.
2139 504 2186 528 Pro

31 541 68 565 22,
83 540 110 566 ¹9
130 531 246 558 Vixdum
260 539 352 558 omnes
365 530 575 564 conscenderant,
595 537 677 563 quuin
691 528 737 554 alii
752 529 873 555 resolutis
890 529 945 556 oris
958 530 985 556 in
1000 538 1076 556 anco·
1136 536 1195 562 asca
1218 527 1272 567 Cic.
1287 526 1317 552 dc
1332 527 1393 554 Nat.
1409 530 1487 557 Deor.
1505 541 1527 564 2,
1541 540 1573 566 47
1604 534 1748 569 Quinique
1763 534 1827 562 duae
1840 535 1943 562 formae
1956 535 2112 570 praestantes
2128 537 2187 570 sint,

31 576 86 594 ram
99 566 255 594 euehuntur.
311 566 380 599 Alii,
400 576 432 593 ne
446 565 508 601 quid
522 570 624 596 teneat,
639 564 772 590 ancoralia
791 565 919 591 incidunt.
993 566 1023 590 Et
1038 570 1076 596 28,
1135 571 1166 589 ex
1183 562 1271 603 solidis
1284 562 1377 596 globus
1398 564 1446 604 (sic
1461 567 1533 592 enim
1547 568 1681 602 sphaeram
1699 570 1868 605 interpretari
1882 572 1980 606 placet)
1998 580 2029 598 ex
2046 572 2129 606 planis
2145 581 2187 598 au-

32 605 60 635 36
85 604 114 631 111
127 602 187 637 ipsis
201 611 308 637 quoque
323 602 481 636 trepidatum
493 599 604 627 nauibus
617 599 669 632 est,
690 600 767 633 dum,
789 610 822 628 ne
843 601 928 628 hostes
949 609 1008 627 cum
1025 599 1075 625 suis
1092 605 1120 624 io
1137 604 1189 625 tem
1203 598 1314 624 circulus
1329 606 1373 625 aut
1388 599 1476 629 orbis,
1497 610 1540 629 etc.
1614 606 1665 630 Pro
1681 607 1751 640 globo
1765 606 1905 642 ,sl-sphaera
1914 608 1986 642 ponit
2011 607 2077 634 Plin.
2094 617 2137 640 10,
2154 616 2189 641 24

32 637 105 665 simul
119 638 306 674 irrumperent,
327 638 432 665 trahunt
446 636 529 668 scalas,
546 644 658 669 orasque
673 643 697 662 et
713 646 830 669 ancoras,
843 646 881 663 ,ne
897 637 925 662 iri
939 634 1075 662 moliendo
1135 635 1153 660 s.
1168 643 1192 666 35
1218 634 1375 674 Sturnoruin
1388 636 1479 675 generi
1494 639 1631 672 proprium
1646 641 1799 668 cateruatim
1814 642 1920 676 volare,
1940 649 1967 669 et
1986 642 2101 678 quodam
2121 643 2189 678 puae

32 683 104 701 mora
119 674 193 707 ciret,
213 673 374 710 praecidunt.
443 670 574 704 Quinctii.
590 672 668 706 Epist.
682 671 713 698 ad
728 673 833 708 Tryph.
854 681 866 706 3
892 671 1075 698 Permittamus
1135 669 1202 696 orbe
1214 678 1374 710 circumagi,
1393 671 1518 698 omnibus
1533 673 1559 699 in
1578 674 1695 702 medium
1709 685 1801 710 agmen
1813 678 1989 706 tendentibus.
2107 678 2190 706 Orbis

31 710 87 739 vela
100 709 197 743 ventis,
215 717 241 737 et
253 718 326 737 oram
339 707 498 735 soluentibus
512 706 579 733 bcne
595 717 740 741 precemur.
812 708 903 742 Rutsus
914 717 938 739 4,
951 715 973 739 2,
987 716 1011 738 41
1045 706 1076 745 ln
1136 705 1354 746 ablaqueationis,
1376 707 1484 741 Fqffima,
1492 708 1545 740 siue
1553 707 1625 742 fiffio
1638 710 1689 743 illa,
1704 721 1764 745 quae
1778 713 1804 737 in
1817 716 1893 740 orbem
1907 715 1974 740 cina
1987 714 2051 740 vim-
2062 721 2106 740 aur
2119 715 2191 746 arho-

30 753 137 780 portum
152 746 229 777 veni,
248 745 336 772 nanim
350 742 484 778 prospexi,
504 743 595 776 quanti
617 743 723 771 veheret
737 743 917 777 interrogaui,
937 742 969 768 de
989 748 1076 780 pretio
1135 742 1242 776 resfim
1259 741 1330 774 solet.
1369 743 1500 770 Columei.
1515 753 1539 776 4,
1555 754 1567 774 4
1590 745 1792 780 hemisphaerium
1813 748 1852 784 ψ’.
1933 749 2013 777 Orbis
2034 749 2193 784 saltatorius,

30 781 162 815 conueni,
181 780 333 812 conscendi,
350 778 463 805 sublatae
483 779 542 804 sunt
554 788 680 812 ancorae,
701 780 825 806 minimus
841 786 931 810 oram,
952 776 1076 811 prouecti
1094 782 1118 805 15
1136 777 1232 802 Chorea
1252 777 1278 801 in
1291 777 1406 811 orbemse
1419 781 1579 804 mouentium:
1652 781 1707 808 Εἰς,
1726 782 1755 808 in
1768 783 1852 810 Pison·
1870 793 1894 810 22
1913 794 1935 811 ς.
1950 795 1977 812 ,0
2007 786 2099 819 Qmm
2112 785 2192 814 inum
2230 806 2232 811 Ι

29 817 126 844 sumus,
359 823 377 847 4
415 814 478 846 Ora,
494 823 542 848 pro
555 816 637 842 Initio
651 816 690 842 rei
704 817 763 842 vsns
775 815 810 842 est
822 812 952 841 Caecilius
973 811 1076 847 (inquit
1136 812 1210 838 suum
1226 812 1387 839 saltatorium
1401 813 1516 840 versaret
1531 814 1635 848 orbern,
1646 824 1723 842 motus
1736 818 1865 844 circularis
1878 820 2037 855 intelligitur.
2135 819 2155 860 ff
2175 830 2192 849 2.

29 852 137 887 Festus)
154 860 233 886 quui-n
246 851 291 883 ait,
342 858 398 876 rain
412 852 533 884 reperire
548 851 657 884 nullam,
677 851 756 885 quam
768 849 914 884 expediam,
931 857 1009 883 queo.
1136 848 1190 873 Iam
1201 854 1317 882 ponamus
1328 849 1435 883 primum
1446 859 1474 875 ea
1488 852 1608 891 saraipta,
1627 852 1653 877 in
1668 853 1753 886 quibus
1766 855 1800 878 ad
1807 854 1915 887 firmam
1928 864 2050 891 vtcunque
2062 861 2193 884 rotundam

65 894 85 915 Ο
97 894 116 914 R
127 893 148 914 A
158 892 258 914 RlvM
268 907 275 918 ,
300 895 320 913 i.
358 895 385 913 n.
429 886 552 913 Linteum
567 887 609 913 ori
625 886 752 921 tergendo
766 891 896 920 paratum.
952 883 1076 910 Prudent.
1135 889 1260 918 corporum
1275 884 1432 925 respicitur-³·
1458 886 1562 920 Angues
1575 886 1707 914 immenlis
1720 887 1831 915 orbibus
1851 889 1925 924 Virg.
1934 891 1996 917 Aen.
2013 901 2034 925 2,
2048 901 2106 926 204.
2138 893 2195 928 Spi-

27 929 79 956 περ)
93 927 144 955 5·th-
159 932 176 958 i,
189 923 219 952 86
245 921 296 948 Hic
309 922 346 948 sui
362 921 405 948 dat
411 922 514 961 pignus
528 922 593 954 oris,
614 930 643 949 vt
657 923 755 954 ferunt,
775 921 904 947 orarium.
946 921 1001 946 Via.
1017 928 1077 946 com-
1137 927 1188 952 ras,
1210 926 1233 944 et
1245 919 1383 946 volumina
1396 921 1459 946 altas
1472 930 1571 949 vocant.
1642 923 1726 958 Agere
1739 925 1767 950 in
1781 924 1884 959 orbem,
1902 926 1956 952 vid.
1977 933 2027 954 AG
2037 934 2066 954 Ο.
2121 929 2194 956 Con.

24 959 108 995 μίμνη-
125 959 154 984 de
165 959 206 983 hoc
217 958 289 984 verbo
302 958 408 984 auHoi-es
422 958 447 983 in
462 959 521 984 Lex.
536 957 632 993 Pitisci.
1089 963 1121 982 20
1138 954 1273 990 duplicare
1287 956 1311 981 se
1325 956 1352 982 in
1366 955 1459 982 orbem
1485 957 1604 985 Scribon.
1622 968 1658 993 39.
1755 960 1875 987 Curuare
1888 961 1938 987 iter
1950 961 1978 988 in
1991 962 2085 990 orbem
2111 963 2193 992 Ouid.

64 998 164 1022 ORAR
175 999 236 1019 ivs
246 1013 253 1025 ‚
279 1002 308 1026 a,
333 1003 386 1020 um.
427 993 486 1020 Adi.
524 993 636 1020 Orariae
654 1000 742 1020 naues.
816 991 882 1018 Plin.
898 991 977 1026 Epist.
991 1001 1033 1024 10,
1047 992 1076 1017 26
1138 991 1202 1017 Met.
1216 1000 1238 1022 2,
1252 1000 1299 1024 715.
1373 992 1477 1018 Ducere
1510 993 1583 1021 Idem
1598 993 1664 1021 ibid.
1680 1001 1708 1027 8,
1728 1004 1779 1028 ²39-
1852 997 1930 1031 i’rop.
1944 1007 1976 1032 4,
1988 999 2019 1031 6,
2032 1001 2047 1024 6
2080 1000 2194 1034 Terque

29 1029 106 1056 Nunc
118 1027 219 1055 destino
234 1029 327 1063 partim
343 1029 456 1056 nauibus
469 1028 579 1061 orariis,
600 1027 694 1062 partim
709 1026 839 1054 vehiculis
854 1028 1021 1062 prouinciam
1036 1036 1079 1061 pe·
1137 1027 1227 1053 focum
1240 1028 1309 1054 circa
1324 1026 1413 1054 laneus
1428 1028 1501 1055 orbis
1514 1030 1568 1056 Eat.
1647 1030 1814 1059 Facientibus
1834 1031 1928 1059 orbem
1948 1033 2104 1061 immensum
2119 1036 2196 1070 spiris

25 1070 88 1091 tere.
161 1065 224 1090 Sunt
242 1073 322 1091 autem
336 1066 448 1092 Orari'ae
461 1072 555 1096 naues,
576 1064 713 1090 Acluariae
732 1070 755 1089 et
765 1070 877 1098 paruae,
894 1064 981 1098 quibus
989 1063 1077 1098 secun·
1138 1062 1220 1089 Ouid.
1233 1064 1296 1090 Met.
1311 1072 1332 1096 3,
1345 1072 1383 1096 77.
1407 1065 1437 1090 de
1444 1064 1571 1100 serpente.
1679 1067 1773 1094 Flexos
1786 1068 1883 1103 exiguo
1897 1068 1983 1095 miror
1995 1069 2023 1095 in
2037 1070 2102 1098 orbe
2117 1071 2196 1106 pedes

25 1100 82 1126 dum
101 1108 168 1126 oram
189 1102 333 1132 nauigatur.
406 1100 472 1126 Nam
492 1099 626 1125 maior-Ibus
644 1100 747 1135 pelagus
767 1105 893 1125 tentatur:
917 1108 993 1133 neque
1013 1098 1078 1125 enim
1137 1098 1212 1126 Idem
1232 1099 1310 1134 Epist.
1326 1109 1355 1134 4,
1372 1104 1414 1130 80.
1453 1101 1569 1126 Phaedra
1588 1102 1698 1128 miratur
1711 1104 1869 1138 Hippolytum
1886 1111 1964 1138 pai-uu
1983 1107 2010 1130 in
2023 1107 2079 1132 orbe
2093 1108 2196 1133 circum-

21 1141 100 1170 paruo
120 1135 220 1170 naur'gy'o
237 1132 365 1170 quisquam
373 1133 401 1168 se
412 1143 500 1168 magno
519 1134 667 1161 committere
685 1135 752 1161 mari
768 1135 858 1168 audet,
873 1134 921 1171 sed
931 1135 993 1161 litus
1005 1133 1078 1169 legit.
1093 1140 1121 1163 25
1137 1142 1248 1170 agentem
1262 1144 1339 1170 equos.
1414 1135 1586 1164 Glomerabat
1600 1138 1685 1165 lanam
1698 1138 1726 1165 in
1740 1138 1817 1166 orbes
1839 1139 1922 1166 Ouid.
1931 1140 1994 1168 Met.
2000 1143 2026 1172 6,
2041 1151 2074 1175 ¹9·
2131 1143 2196 1170 Glo.

24 1171 132 1197 Proimle
145 1171 199 1199 Cic.
211 1172 262 1199 Att.
277 1177 312 1203 1⁶,
328 1173 345 1197 6
355 1170 455 1206 scribit,
477 1169 662 1205 Cogitaremus
677 1170 815 1197 corbitanc
830 1171 927 1204 Patras,
947 1179 979 1197 an
992 1170 1078 1197 actua.
1137 1176 1276 1197 mei-antur
1290 1171 1318 1196 in
1332 1171 1412 1199 orbes
1426 1172 1549 1199 confusos
1563 1182 1640 1208 grues
1672 1175 1770 1202 Lucan.
1784 1184 1806 1208 5,
1820 1182 1872 1210 715.
1947 1177 2033 1203 Eodem
2045 1179 2111 1203 modo
2129 1178 2197 1204 dixit

24 1206 102 1233 riolis
123 1206 153 1232 ad
174 1206 361 1241 Leucopetram
374 1206 599 1234 Tarentinorum.
673 1207 741 1233 Nam
753 1207 783 1239 fi
796 1207 973 1233 traiiciendum
987 1205 1079 1240 fuiffiet
1137 1213 1168 1232 vt
1183 1207 1283 1232 Plinius
1304 1212 1330 1241 p.
1344 1217 1367 1235 a,
1389 1207 1457 1242 pilae
1471 1207 1565 1235 orbem
1584 1211 1613 1236 cle
1618 1210 1725 1245 sturnis.
1833 1210 1966 1246 Impedire
1986 1212 2101 1239 alternos
2119 1213 2197 1240 orbes

25 1251 100 1274 snare,
121 1242 222 1270 coi-bita
235 1250 307 1276 atque
319 1241 451 1278 oneraria,
469 1242 500 1267 id
512 1241 544 1276 cst
557 1251 647 1275 magna
658 1243 718 1268 naui
724 1242 817 1277 suffit
831 1249 895 1278 opus.
934 1244 1000 1269 Haec
1016 1243 1078 1268 Tur·
1139 1242 1251 1269 orbibus
1277 1243 1353 1277 virg.
1369 1244 1434 1270 Aen.
1450 1252 1472 1277 5,
1486 1250 1530 1277 584
1550 1247 1581 1271 de
1594 1244 1697 1280 equestri
1711 1246 1859 1279 decursione.
1931 1247 2032 1274 Labens
2050 1257 2116 1284 vago
2131 1248 2198 1276 orbe

26 1279 106 1304 nebus.
179 1278 289 1307 (naria,
309 1278 428 1304 nauicula
443 1276 546 1304 modica
559 1277 699 1313 piscatoria
724 1278 843 1313 Fulgent.
858 1278 887 1304 in
901 1278 980 1305 Gloss.
1022 1278 1078 1304 Vid.
1139 1279 1243 1312 serpens
1272 1279 1333 1305 Stat.
1346 1279 1439 1306 Theb.
1454 1287 1477 1312 ς,
1492 1289 1540 1313 5¹⁴·
1630 1281 1709 1315 Rapit
1722 1280 1864 1308 immensos
1877 1282 1955 1309 orbes
1970 1293 2015 1317 per
2029 1283 2141 1311 humum
2154 1293 2199 1311 an.

25 1314 144 1340 Bucbner.
158 1317 192 1340 ad
204 1313 268 1340 Piin.
281 1314 326 1348 Ep.
339 1314 357 1340 l.
367 1324 387 1339 c.
408 1322 432 1339 n.
445 1316 501 1346 639.
862 1312 863 1315 ’
1093 1322 1124 1347 3ο
1139 1314 1198 1349 guis
1219 1314 1294 1349 Virg.
1304 1315 1403 1349 Georg.
1418 1324 1440 1348 2,
1455 1324 1500 1348 ¹53·
1573 1315 1683 1342 Siiitiaui
1696 1317 1778 1343 flexos
1792 1326 1886 1352 corpus
1900 1319 1928 1344 in
1941 1319 2018 1346 orbes
2045 1320 2127 1346 Ouid.
2136 1321 2200 1347 Met.

61 1346 80 1375 0
90 1356 107 1375 R
118 1356 168 1376 AT
179 1357 187 1376 1
198 1356 231 1376 Μ.
268 1349 333 1376 Adii.
371 1351 420 1376 Per
434 1358 499 1375 oras.
559 1348 643 1376 Soliti.
657 1358 679 1376 c.
693 1359 708 1384 9
729 1353 740 1383 (
748 1350 826 1377 Salm.
839 1353 867 1382 3)
896 1349 1018 1384 Longum
1033 1348 1080 1383 est,
1140 1359 1164 1384 9,
1178 1353 1208 1381 64
1228 1353 1258 1375 de
1272 1351 1386 1383 Acheloo,
1406 1351 1486 1386 quise
1497 1351 1525 1376 in
1538 1360 1642 1386 anguem
1656 1360 1776 1379 mutatum
1783 1354 1862 1388 suff
1875 1355 1978 1381 dicebat.
2051 1356 2201 1383 Inlinuatux·

25 1391 54 1412 vt
65 1385 163 1411 oratim
175 1394 267 1412 omnes
280 1384 374 1412 insulas
388 1384 513 1419 legamus.
553 1385 609 1411 Vid.
623 1385 727 1421 Salmas.
741 1386 769 1410 in
782 1387 826 1414 loc,
844 1395 869 1420 p.
883 1387 922 1418 67.
1139 1386 1299 1421 multiplices
1320 1387 1348 1412 in
1361 1386 1440 1413 orbes
1458 1386 1540 1413 crinis
1571 1386 1664 1414 Claud.
1679 1386 1711 1414 de
1725 1389 1933 1425 Rapt..l’i·oserp.
1947 1399 1970 1424 2,
1986 1398 2019 1425 ις.
2124 1392 2202 1418 Tor-

61 1426 108 1448 OR
119 1427 140 1451 A
151 1427 168 1447 c
179 1418 226 1448 xit.
236 1427 307 1454 VM,
326 1421 344 1448 i.
381 1429 407 1447 n.
443 1420 555 1454 [asylum
576 1419 700 1453 χρησμὸς,
718 1421 862 1457 xpus-tiemo]
898 1421 932 1448 ab
945 1421 1001 1448 Ore
1016 1421 1081 1447 dici·
1139 1431 1222 1456 quere
1234 1422 1338 1455 aliquid
1352 1422 1381 1447 in
1396 1421 1490 1448 orbem
1521 1422 1578 1449 Cic.
1597 1422 1628 1449 de
1641 1423 1764 1452 Vniuers.
1785 1433 1818 1451 21.
1836 1432 1860 1451 et
1872 1434 1902 1452 22
1923 1435 1944 1452 c.
1959 1436 1981 1460 7.
2061 1426 2163 1454 Tutari
2176 1427 2202 1453 se

24 1461 79 1489 tur,
96 1457 186 1490 inquit
194 1456 347 1490 Priscianus,
366 1456 454 1491 estque
467 1456 587 1483 Deorum
600 1456 761 1490 responsum.
833 1457 889 1484 Cic.
898 1458 927 1483 in
937 1457 1038 1492 Topic.
1052 1466 1080 1490 77
1139 1458 1168 1483 in
1182 1457 1277 1483 orbem
1308 1457 1368 1483 Liu.
1386 1469 1408 1490 4,
1424 1465 1453 1489 39
1479 1459 1508 1483 de
1518 1458 1590 1493 globo
1602 1459 1718 1486 militum.
1788 1461 1956 1489 Vocabulum
1970 1462 2086 1489 militare
2100 1463 2145 1498 ff·
2157 1471 2202 1489 or-

15 1500 46 1518 ·c.
60 1500 91 1518 20
122 1492 234 1519 Oracula
250 1492 322 1518 enim
340 1501 371 1518 ex
384 1500 417 1518 eo
431 1491 488 1526 ipso
501 1492 628 1526 appellata
648 1492 722 1525 sunt,
740 1493 812 1526 quod
832 1493 898 1520 inest
912 1492 953 1519 his
967 1493 1079 1519 deorum
1097 1499 1122 1523 35
1139 1493 1216 1525 bem,
1235 1500 1264 1518 vt
1284 1500 1397 1527 caetera,
1414 1492 1511 1527 quibus
1531 1493 1659 1521 instructa
1678 1501 1751 1522 certo
1772 1496 1855 1524 modo
1874 1497 1942 1524 acies
1961 1498 2090 1533 appellari
2111 1498 2203 1530 soleat,

22 1527 119 1554 oratio.
191 1528 335 1555 Oraculum
349 1528 385 1555 est
399 1527 522 1554 voluntas
538 1527 640 1560 diuina,
659 1528 776 1555 hominis
791 1538 839 1555 ore
852 1529 991 1556 enunciata
1018 1528 1078 1554 Seri.
1139 1529 1265 1554 indicauit
1278 1528 1354 1554 etiam
1369 1528 1438 1556 Gell.
1455 1539 1493 1562 10,
1507 1537 1531 1563 9.
1605 1530 1672 1556 Hinc
1684 1531 1763 1558 orbes
1777 1532 1865 1560 facere
1884 1533 1944 1560 Sall.
1957 1535 2014 1568 Iug.
2028 1541 2072 1568 97.
2094 1541 2117 1560 et
2130 1534 2203 1563 Caes.

23 1564 155 1590 Controu.
175 1563 190 1591 l.
206 1574 212 1590 1
228 1564 310 1598 praef.
329 1573 353 1598 p.
368 1572 407 1599 37.
481 1563 537 1590 Cic.
549 1563 581 1589 de
594 1563 685 1591 Diuin.
700 1573 724 1598 i,
739 1573 767 1598 34
787 1574 808 1590 c.
824 1570 848 1595 18
880 1567 939 1590 Cum
953 1564 1037 1599 egiffit
1050 1566 1081 1589 de
1139 1564 1203 1592 Bell.
1225 1563 1294 1591 Gall.
1307 1574 1337 1597 4,
1357 1570 1385 1597 38
1414 1565 1505 1598 Quini
1522 1564 1563 1591 illi
1577 1565 1643 1592 orbe
1657 1566 1729 1593 fa6to
1742 1568 1793 1594 sese
1814 1567 1996 1596 defenderent.
2032 1571 2103 1596 Add.
2124 1570 2202 1598 Curt.

23 1607 118 1635 genere
132 1599 346 1633 diuinationum,
365 1608 432 1634 quae
445 1605 501 1626 arte
517 1605 623 1629 carent,
642 1602 733 1639 addit,
747 1601 837 1640 ‘Cuius
857 1600 959 1635 generis
974 1599 1081 1626 oracula
1141 1610 1165 1632 4,
1182 1609 1212 1632 13,
1224 1609 1257 1641 ‚3¹-
1318 1601 1358 1626 Sic
1372 1601 1418 1628 Sil.
1434 1609 1466 1633 13,
1479 1603 1531 1633 684
1559 1601 1641 1642 Spiss'o
1654 1601 1721 1628 orbe
1735 1602 1899 1630 circumdare
1911 1604 2038 1638 aliquem.
2104 1621 2118 1631 a
2147 1603 2168 1644 ff
2189 1614 2203 1639 3

22 1635 102 1662 etiam
115 1634 232 1662 habenda
245 1636 317 1668 sunt,
338 1644 392 1662 non
408 1643 454 1665 ea,
478 1644 545 1670 quae
559 1641 676 1669 aequatis
690 1635 806 1663 sortibus
821 1636 962 1666 ducuntur,
983 1635 1024 1661 scd
1040 1643 1081 1667 ea,
1141 1636 1311 1661 Pecultariter
1326 1636 1466 1671 corporibus
1480 1635 1617 1672 caelestibus
1631 1638 1710 1663 orbem
1723 1639 1846 1664 tribuunt.
1899 1641 2007 1666 Praeter
2019 1650 2056 1673 ea,
2077 1642 2204 1677 quaesta.

7 1694 9 1709 s
25 1679 92 1704 quae
110 1670 236 1697 instinctu
255 1671 350 1698 diuino
371 1672 512 1706 afflatuque
531 1671 662 1698 feruntur.
753 1672 794 1697 Sic
812 1672 915 1699 Somnii
935 1677 960 1698 et
980 1671 1082 1697 furoris
1092 1681 1126 1704 40
1141 1672 1186 1697 tim
1199 1672 1226 1695 in
1235 1671 1362 1706 principio
1374 1674 1527 1706 monuimus,
1563 1672 1791 1708 Cic.Somn.Scip.
1805 1680 1819 1704 8
1845 1674 1954 1701 Nouem
1971 1675 2023 1702 tibi
2036 1675 2149 1703 orbibus
2161 1676 2205 1704 vel

24 1705 131 1733 oracula
143 1714 218 1733 vocat
234 1705 266 1734 de
280 1707 341 1734 Diu.
358 1718 376 1739 1,
390 1709 422 1740 69
442 1716 463 1733 c.
477 1716 513 1739 32.
622 1704 697 1740 Virg.
714 1707 780 1732 Aen.
795 1716 822 1739 2,
842 1716 877 1739 ¹¹⁴
897 1723 942 1728 —
960 1706 1081 1732 scitatum
1141 1706 1230 1741 potius
1243 1706 1331 1740 globis
1346 1715 1466 1732 connexa
1481 1707 1540 1732 sunt
1553 1707 1660 1737 omnia,
1680 1707 1800 1743 inteiligit
1811 1708 1933 1743 sphaeras
1951 1709 2006 1736 illas
2020 1721 2093 1737 cauas
2100 1711 2152 1744 fibi
2165 1712 2206 1737 in.

7 1757 8 1762 =
24 1742 131 1769 oracula
146 1741 245 1769 Phoebi
283 1743 422 1769 Mittimus.
495 1743 590 1768 Vatum
602 1742 709 1767 oracula
738 1741 819 1768 Ouid.
835 1751 868 1768 ex
882 1743 957 1768 Pont.
970 1750 995 1776 2,
1009 1749 1027 1774 1,
1043 1750 1080 1771 55.
1140 1742 1219 1767 vicem
1233 1741 1350 1775 inclusas,
1371 1751 1431 1776 quas
1447 1742 1664 1776 imaginabantur,
1678 1742 1755 1778 scalis,
1772 1744 1934 1778 planetarum
1947 1752 1971 1770 et
1978 1747 2101 1780 fixarum.
2174 1748 2206 1773 Et

7 1780 9 1782 ’
25 1777 128 1804 Tristia
142 1786 234 1804 canere
260 1779 356 1806 Lucan.
369 1787 388 1811 1,
401 1778 458 1810 576.
531 1775 588 1802 Cic.
602 1784 652 1809 pro
666 1776 742 1802 Font.
757 1785 781 1807 ις
801 1777 827 1803 Si
840 1777 971 1811 quidquid
985 1785 1017 1803 ex
1031 1777 1080 1803 illo
1140 1786 1196 1803 mox
1210 1786 1237 1803 10
1257 1777 1434 1804 Conuertitur
1448 1776 1544 1803 infimo
1558 1777 1624 1803 orbe
1641 1777 1711 1804 luna.
1785 1779 1882 1806 Lucan.
1897 1788 1919 1813 2,
1933 1789 1978 1813 577
2005 1780 2117 1808 Exadius
2131 1782 2206 1809 orbis

7 1822 9 1843 3
25 1813 84 1839 loco
99 1813 211 1843 dicetur,
229 1822 262 1839 ex
276 1812 384 1839 oraculo
397 1811 489 1844 aliquo
504 1811 565 1837 Dici
580 1810 716 1837 arbitrari.
790 1812 859 1838 Dare
875 1813 980 1839 oracula
1006 1812 1080 1839 Idem
1141 1813 1227 1846 lunae,
1240 1813 1316 1848 plena
1327 1813 1396 1839 luna.
1516 1811 1598 1839 Ouid.
1615 1813 1678 1840 Met.
1694 1823 1717 1846 7,
1731 1821 1769 1846 531
1797 1815 1920 1850 Expleuit
1935 1815 1997 1843 luna
2010 1816 2105 1844 orbem
2121 1818 2206 1852 plenis

23 1848 133 1875 Tuscul.
151 1858 169 1878 1,
185 1851 230 1874 116.
315 1848 346 1872 Et
366 1847 437 1873 Brut.
456 1855 468 1872 2
497 1847 567 1873 Haec
581 1855 613 1872 ex
626 1846 737 1873 oraculo
752 1847 883 1881 Apollinis
900 1847 987 1880 Pythii
1003 1847 1079 1875 Edita
1093 1856 1124 1881 45
1140 1849 1278 1875 cornibus.
1478 1845 1500 1885 fl
1522 1858 1535 1880 4
1579 1848 1678 1882 Orbis,
1715 1850 1861 1886 [cimicem]
1900 1850 1994 1885 Tellus,
2013 1862 2028 1877 a
2042 1854 2207 1881 rotunditate.

21 1882 73 1910 tibi
86 1891 161 1918 puta:
182 1882 250 1908 nihil
262 1882 344 1916 potest
359 1883 407 1908 eil'e
420 1882 519 1908 verius.
591 1882 711 1909 Eduntur
725 1883 836 1918 Delphis
869 1884 925 1911 Cic.
939 1883 971 1911 de
986 1884 1080 1911 Diuin.
1140 1884 1207 1912 l’lin.
1221 1895 1231 1917 3
1246 1883 1315 1919 prol.
1341 1883 1497 1910 Terrarum
1511 1883 1586 1910 orbis
1600 1885 1738 1911 vniuersus
1753 1885 1782 1912 in
1796 1892 1849 1912 tres
1862 1886 1997 1914 diuiditur
2009 1894 2106 1923 partes,
2124 1889 2208 1916 Euro.

21 1928 50 1953 2,
63 1927 109 1951 ¹¹7-
201 1917 290 1945 Edidit
302 1917 399 1952 Apollo
414 1917 519 1949 Pythius
531 1917 657 1952 oraculo,
678 1919 795 1953 Spartam
816 1919 890 1946 nulla
911 1929 939 1946 re
957 1920 1007 1946 alia
1029 1920 1078 1947 nili
1140 1928 1210 1955 pain,
1230 1920 1324 1952 Aliam,
1345 1919 1473 1946 Africam.
1564 1920 1621 1947 Cic.
1635 1920 1707 1948 Fam.
1721 1930 1755 1954 4,
1772 1931 1778 1947 1
1813 1922 1863 1948 Res
1877 1922 1953 1949 vides
1967 1924 2106 1958 quomodo
2120 1924 2144 1951 se
2162 1924 2207 1951 ha-

6 1951 131 1983 lauat-itia
144 1954 192 1981 else
206 1953 352 1988 perituram
378 1953 451 1980 Idem
465 1952 541 1981 offic.
549 1962 571 1987 2,
581 1963 608 1985 77
621 1963 643 1980 c.
654 1963 688 1981 22.
761 1954 868 1982 Editum
882 1956 918 1982 est
930 1956 1080 1990 oraculum,
1139 1956 1214 1983 beat:
1235 1956 1330 1983 orbem
1343 1961 1476 1982 terrarum
1493 1954 1616 1990 imperiis
1633 1956 1781 1983 distributis
1795 1958 1887 1984 ardere
1900 1957 1982 1985 bello.
2072 1960 2110 1987 1d.
2126 1960 2207 1989 Catil.

20 1999 74 2024 eas,
86 1998 131 2017 etr.
151 1989 208 2016 Cic.
221 1989 253 2016 de
266 1989 357 2024 Legib.
370 1998 393 2024 2,
407 1999 449 2022 4ο.
487 1990 553 2022 cons.
571 1989 644 2016 ldein
657 1991 739 2017 Tusc.
756 2001 761 2017 i
777 1997 836 2024 c.48
852 1999 919 2018 extr.
993 1993 1079 2026 Expo-
1141 2002 1159 2027 1,
1176 2002 1190 2025 9
1212 1994 1243 2019 In
1257 1992 1309 2018 hoc
1322 1991 1397 2018 orbis
1412 1998 1496 2017 terrae
1510 1991 1666 2018 san&issin10
1681 1992 1885 2026 grauissimoque
1899 1994 2020 2027 confilio,
2035 2003 2078 2022 etc.
2136 1997 2207 2030 Ager

20 2035 84 2053 nere
110 2026 166 2053 Cic.
180 2025 212 2052 de
225 2024 316 2051 Diuin.
335 2036 352 2058 1,
366 2028 407 2055 61).
495 2025 565 2051 Iuliis
579 2031 604 2052 et
618 2026 733 2052 oraculis
749 2027 863 2052 deorum
882 2027 1079 2053 immortalium
1092 2035 1124 2057 50
1141 2029 1289 2060 Campanus
1303 2026 1378 2051 orbis
1391 2033 1477 2052 terrae
1490 2026 1685 2059 pulcherrimus
1705 2027 1803 2053 Cic.de
1815 2028 1885 2062 Lege
1899 2030 1992 2063 Agrar.
2006 2040 2028 2062 2,
2043 2033 2083 2063 76.
2156 2032 2206 2058 Ex-

19 2061 122 2097 aliquid
135 2062 221 2088 facere
246 2060 320 2088 Idem
334 2070 383 2093 pro
394 2061 469 2087 Rosc.
479 2061 567 2086 Amet.
583 2063 623 2086 66.
697 2062 727 2085 Et
742 2060 774 2086 de
788 2061 883 2087 Diuin.
898 2071 917 2094 1,
932 2068 969 2093 114
989 2061 1079 2087 Credo
1140 2062 1220 2087 tremi
1234 2060 1303 2086 finus
1315 2060 1390 2086 orbis
1423 2060 1499 2094 Virg.
1512 2061 1612 2094 Georg.
1625 2069 1650 2093 2,
1664 2069 1709 2092 123.
1816 2063 1901 2097 Caput
1914 2063 1988 2090 orbis
2004 2066 2089 2092 Roma
2122 2066 2205 2094 Ouid.

21 2097 99 2124 etiam
113 2096 245 2123 anhelitus
259 2096 388 2130 quosdam
402 2095 477 2121 fuiffe
492 2101 640 2127 terrarum,
661 2094 760 2129 quibus
780 2095 883 2122 inflatae
904 2101 1007 2122 mentes
1021 2104 1080 2122 ora·
1140 2096 1206 2123 Fast.
1220 2103 1242 2128 ς,
1256 2104 1294 2128 93-
1365 2094 1450 2120 Decus
1464 2094 1541 2121 orbis
1556 2102 1633 2129 atque
1647 2095 1804 2130 ΡΓὸΕῙῖῑῘῙῑΠῃ
1818 2099 1927 2125 Vflifflffl
1948 2100 2094 2128 sen·1⁴stl'c·
2104 2102 2164 2129 Oet·
2179 2110 2205 2138 7·

7 2123 8 2150 l
21 2134 79 2160 cula
93 2130 253 2159 Funderent.
327 2130 442 2157 Neffiere
473 2130 534 2156 Stat.
547 2129 639 2156 Theb.
654 2139 685 2162 11,
703 2137 762 2163 289.
835 2131 892 2158 Cic.
906 2131 938 2158 de
953 2130 1045 2158 Diuin.
1061 2141 1080 2164 i,
1140 2132 1265 2166 Princeps
1279 2129 1354 2157 orbis
1368 2136 1499 2157 terrarum
1525 2131 1581 2157 Cic.
1595 2140 1644 2166 pro
1659 2131 1748 2159 Domo
1765 2142 1813 2161 110.
1887 2135 2026 2163 Extremus
2047 2137 2206 2166 Ouid.Met.

21 2177 51 2202 95
83 2167 220 2201 Iidemque
239 2166 271 2192 de
284 2165 361 2192 rebus
376 2164 539 2198 maioribus,
557 2167 659 2201 semper
675 2171 719 2192 aut
733 2165 844 2200 Delphis
858 2167 1013 2200 oraculum,
1034 2173 1080 2194 aut
1141 2177 1165 2201 2,
1172 2176 1223 2202 234.
1306 2165 1416 2193 Functus
1436 2165 1454 2192 fi
1469 2165 1595 2193 illabatur
1615 2167 1683 2193 Hor.
1693 2168 1780 2195 Carm.
1789 2178 1810 2201 3,
1819 2179 1839 2202 3,
1847 2178 1869 2202 7.
1942 2171 2082 2200 claudian.
2092 2172 2123 2200 de
2137 2173 2168 2201 R.
2179 2175 2205 2202 Ρ.

21 2204 56 2231 ab
70 2205 210 2235 Ammone,
226 2208 270 2228 aut
283 2210 297 2227 a
310 2201 424 2228 Dodona
438 2200 570 2227 Petebant.
643 2202 733 2228 Petere
745 2201 778 2228 ab
792 2203 857 2229 Ioue
870 2202 1002 2229 Dodoneo
1022 2202 1078 2230 Cic.
1097 2206 1126 2230 55
1141 2213 1163 2235 2,
1177 2204 1216 2235 361
1241 2203 1296 2229 Iam
1312 2202 1372 2228 suus
1387 2201 1497 2228 inferno
1509 2203 1664 2237 processerat
1679 2204 1813 2238 Hesperus
1827 2205 1900 2238 orbi,
1921 2207 1939 2234 ι’,
1959 2207 2063 2241 inferis,
2079 2210 2206 2246 quispam

23 2240 55 2267 de
69 2240 130 2272 Diu:
147 2248 164 2272 ¹,
177 2240 208 2270 76
227 2246 249 2263 c,
262 2246 299 2269 34,
370 2237 478 2262 Poscere
492 2235 613 2270 precibus
640 2238 715 2272 Virg.
727 2238 792 2263 Aen.
806 2247 828 2272 3,
841 2240 896 2269 456.
968 2239 1079 2272 Praepo.
1132 2239 1219 2272 fibiget
1232 2238 1283 2272 ipſs
1291 2238 1370 2263 orbem
1383 2238 1480 2263 habent.
1553 2238 1649 2271 Ingens
1661 2238 1737 2265 orbis
1750 2238 1779 2265 in
1799 2239 1866 2267 vrbe
1886 2241 1938 2268 fuit
1959 2251 2085 2277 metonym.
2099 2245 2206 2272 homines

22 2276 67 2302 fita
82 2274 190 2302 oraculo
201 2272 320 2300 sacerdos
350 2272 407 2299 Cic.
421 2271 453 2297 de
467 2271 560 2298 Diuin.
575 2281 593 2305 1,
606 2274 646 2304 76.
740 2273 873 2300 Reserabo
887 2272 1007 2307 augustae
1019 2282 1079 2300 ora-
1139 2284 1170 2300 ex
1185 2281 1234 2299 toto
1249 2274 1305 2299 orbe
1319 2272 1408 2298 collecti
1435 2272 1516 2299 Ouid.
1531 2273 1562 2299 A.
1577 2274 1608 2300 A.
1624 2282 1643 2306 1,
1658 2283 1710 2306 170.
1784 2276 1896 2310 Magnus
1917 2277 1992 2313 Virg.
2007 2279 2104 2314 Georg.
2119 2289 2142 2316 2,
2154 2290 2206 2314 339.

21 2311 80 2338 cula
92 2309 186 2337 mentis
219 2307 300 2335 Ouid.
313 2307 378 2333 Met.
393 2315 427 2339 15,
441 2313 492 2339 143.
612 2307 659 2334 Vti
671 2308 781 2335 oraculo
813 2309 905 2336 Tacit.
918 2310 985 2336 Ann.
998 2319 1020 2342 2,
1036 2316 1079 2341 54.
1140 2308 1245 2336 Solidus
1276 2307 1360 2334 Ouid.
1374 2308 1438 2334 Met.
1452 2317 1471 2342 1,
1485 2317 1515 2339 31.
1621 2308 1754 2336 Anhelans
1769 2311 1851 2338 saeuis
1863 2312 2006 2341 ardoribus
2038 2315 2083 2342 Sil.
2100 2317 2135 2349 16,
2149 2325 2206 2344 100.

24 2348 170 2373 Graecorum
181 2352 245 2369 more
258 2343 341 2375 dixit,
360 2342 406 2369 Vti
419 2342 544 2376 oraculo,
563 2349 610 2377 pro
623 2345 758 2370 oraculum
771 2344 901 2379 consulere.
958 2343 1000 2371 Jllr·
1013 2345 1078 2370 enim
1140 2344 1328 2370 Circumsonat
1348 2343 1443 2370 orbem
1462 2349 1549 2370 totum
1566 2343 1670 2371 Nereus
1701 2346 1783 2373 Ouid.
1798 2348 1862 2379 Met.
1879 2358 1902 2382 1,
1917 2355 1966 2382 187.
2073 2351 2207 2380 Describit

25 2382 111 2408 dicunt
131 2378 246 2412 χριῖξᾶκι,
265 2388 294 2404 ac
306 2378 367 2404 mihi
379 2378 481 2404 videtur
501 2378 621 2405 exoticam
634 2378 703 2405 illum
717 2380 866 2406 Graecorum
872 2380 1010 2415 sermonem
1022 2380 1078 2406 imi.
1090 2379 1126 2405 60
1141 2387 1227 2407 totum
1241 2379 1319 2406 radio
1346 2379 1422 2412 Virg.
1436 2379 1489 2405 Eci.
1503 2388 1524 2412 3,
1538 2387 1572 2410 41.
1656 2381 1795 2409 Dimensus
1808 2384 1886 2411 certis
1900 2385 2019 2420 partibus
2046 2386 2086 2414 Id.
2103 2388 2205 2424 Georg.

8 2433 9 2441 1
27 2417 81 2442 rari
93 2414 209 2449 voluiffe,
229 2413 347 2440 nouitatis
358 2413 457 2449 aucupio
466 2414 582 2448 gratiam
598 2415 749 2449 eloquutioni
762 2425 891 2450 quaerens.
941 2416 1078 2442 Turnebus.
1140 2427 1165 2446 1,
1179 2425 1226 2448 231.
1324 2414 1451 2441 Dominis
1482 2414 1564 2441 Ouid.
1579 2414 1610 2442 de
1623 2417 1686 2443 Arte
1699 2419 1759 2444 Am.
1773 2427 1797 2449 1,
1811 2428 1859 2452 177.
1956 2422 2097 2457 Peragrare
2109 2424 2207 2453 orbem

8 2442 10 2451 ἱ
29 2447 51 2488 ff
68 2460 81 2477 2
111 2450 267 2483 oraculum,
283 2456 329 2484 pro
347 2450 452 2485 Templo,
472 2452 500 2475 in
512 2458 558 2484 quo
571 2449 684 2485 responsa
697 2452 801 2478 dantur.
875 2452 1020 2479 Oraeuluni
1036 2460 1080 2478 or-
1139 2452 1264 2479 omnium
1277 2456 1409 2491 terrarum
1435 2450 1491 2477 Cic.
1500 2451 1579 2491 Vcrr.
1593 2460 1622 2484 4,
1636 2454 1692 2479 106.
1766 2454 1921 2483 Percensere
1947 2457 2030 2484 Ouid.
2043 2458 2107 2485 Met.
2121 2467 2147 2494 2,
2155 2468 2205 2493 335.

8 2496 11 2511 ι
29 2487 70 2514 bis
82 2493 165 2513 terrae
197 2486 251 2513 Cic.
264 2494 314 2520 pro
326 2486 401 2512 Font.
415 2494 435 2512 c.
451 2494 481 2512 io
500 2488 530 2511 de
541 2484 580 2511 illo
593 2485 715 2520 Apollinis
730 2487 854 2522 Delphici.
928 2488 986 2516 Cic.
999 2487 1078 2523 Epist.
1140 2487 1300 2515 Perhorruit
1313 2494 1383 2513 totus
1410 2486 1484 2513 Idem
1498 2486 1564 2514 ibid.
1580 2497 1597 2521 1,
1608 2495 1666 2520 ²03·
1738 2489 1820 2524 Reges
1833 2497 1953 2526 pacatum
1979 2493 2054 2528 Virg.
2069 2495 2121 2522 Ecl.
2135 2506 2159 2528 4,
2169 2504 2178 2522 1
2198 2516 2206 2523 .

8 2530 10 2545 ι
26 2523 63 2548 ad
74 2521 144 2548 Brut.
158 2529 170 2547 2
181 2528 247 2549 extr.
281 2522 352 2548 Haec
367 2530 398 2548 ex
412 2520 523 2547 oraculo
538 2521 670 2556 Apollinis
684 2521 772 2554 Pythii
785 2522 855 2549 edita
869 2523 920 2551 tibi
940 2530 1016 2559 puta:
1038 2523 1079 2550 ni·
1139 2523 1219 2550 siluit
1232 2523 1374 2549 exterritus
1405 2522 1468 2549 Stat.
1483 2522 1576 2549 Theb.
1590 2533 1609 2556 1,
1624 2532 1668 2550 211.
1775 2526 1927 2562 Temperat
1942 2529 1980 2556 sol
1994 2529 2089 2557 orbem
2120 2531 2177 2558 Oui
2197 2551 2205 2560 .

9 2567 11 2575 1
26 2556 64 2584 1111
76 2556 158 2592 potest
172 2557 220 2584 effe
234 2557 333 2584 verius.
402 2557 470 2584 Plin.
487 2565 523 2590 12,
538 2566 564 2588 23
587 2558 657 2592 Ergo
671 2558 830 2593 Aethiopiae
845 2559 963 2587 subieffl
978 2559 1079 2594 Africa,
1094 2560 1124 2590 65
1139 2560 1205 2587 Met.
1222 2567 1255 2594 15,
1268 2561 1326 2593 869.
1419 2558 1498 2592 Orbi,
1519 2559 1655 2585 Ablatt'uus
1668 2561 1796 2596 antiquus,
1811 2569 1858 2598 pro
1872 2564 1947 2592 Orbe.
2019 2565 2124 2594 Lucret.
2136 2575 2160 2602 ς,
2173 2575 2206 2603 75

23 2593 180 2620 ammoniaci
199 2592 333 2619 lacrimam
350 2592 428 2619 stillat
445 2593 474 2619 in
494 2593 582 2619 arenis
602 2593 668 2620 suis:
690 2593 752 2620 inde
771 2600 797 2620 et
815 2596 925 2622 nomine
944 2595 1025 2622 etiam
1044 2595 1078 2621 ab
1338 2595 1369 2621 Et
1382 2594 1480 2628 quibus
1492 2595 1538 2621 ille
1554 2594 1641 2622 modis
1655 2594 1749 2622 diusim
1765 2604 1852 2624 metus
1866 2598 2006 2627 infinum-it

24 2629 160 2656 Ammonis
173 2628 291 2662 oraculo,
307 2629 379 2655 iuxta
394 2628 465 2663 quod
479 2629 599 2663 gignitur
614 2629 706 2661 arbor,
718 2637 798 2663 quam
811 2631 960 2666 metopium
973 2636 1079 2661 vocant.
1338 2630 1460 2664 Pectora,
1477 2637 1620 2664 terrarum,
1637 2632 1684 2666 qui
1698 2633 1727 2658 in
1739 2633 1801 2660 orbi
1813 2635 1901 2662 saneta
1913 2641 2003 2664 tuetur

24 2662 46 2704 fl
63 2674 74 2698 3
111 2664 224 2692 Tralate.
295 2665 350 2692 Cic.
365 2664 396 2691 de
409 2665 483 2692 Orat.
497 2674 515 2698 1,
530 2673 579 2691 200
595 2674 617 2693 c.
632 2674 661 2698 45
674 2671 741 2691 extr.
775 2665 806 2692 Et
819 2665 872 2693 sine
884 2666 969 2694 dubio
983 2667 1078 2694 domus
1271 2694 1276 2697 ,
1338 2666 1418 2700 Fana,
1439 2666 1518 2699 lacus,
1539 2666 1630 2700 lucos,
1649 2674 1694 2694 etc.

0 2707 6 2723 *-
22 2700 203 2730 iurisconsulti
215 2700 296 2728 totius
308 2700 444 2727 oraculum
457 2701 582 2728 ciuitatis.
653 2701 695 2727 Sic
708 2701 865 2738 Graculum,
888 2703 989 2729 Diz‘Ium
1002 2703 1079 2729 alicu.
1138 2703 1227 2729 Ablat.
1241 2701 1311 2729 Orbi
1324 2701 1360 2737 est
1371 2702 1446 2728 stiam
1460 2703 1537 2729 Varr.
1551 2702 1581 2730 R.
1591 2703 1622 2730 R.
1636 2712 1657 2736 3,
1673 2711 1695 2737 ς,
1710 2705 1745 2732 16.
1944 2703 1966 2741 q
1992 2715 2005 2738 ς
2046 2708 2097 2734 Pro
2110 2717 2204 2744 magna

23 2739 62 2764 ius
74 2737 205 2763 celebre'et
218 2736 298 2762 veluti
308 2736 428 2763 diuinum.
500 2736 568 2764 Piin.
584 2743 618 2770 18,
632 2738 648 2763 6
680 2738 808 2770 Quonam
827 2738 912 2774 igitur
930 2739 1013 2766 modo
1028 2739 1078 2765 vti·
1092 2746 1124 2771 70
1136 2745 1212 2775 parte
1227 2738 1301 2765 Orbis
1313 2746 1440 2764 terrarum
1451 2739 1578 2764 interdum
1592 2738 1675 2765 Orbis
1692 2740 1797 2767 dicitur.
1857 2742 1885 2768 V.
1893 2750 1923 2776 g.
1945 2742 2012 2770 Plin.
2026 2752 2060 2774 12,
2075 2753 2088 2774 5
2122 2744 2204 2772 Nunc

23 2771 113 2800 liffiine
126 2772 245 2799 colentur
259 2772 332 2806 agri?
352 2781 383 2799 ex
398 2772 508 2799 oraculo
520 2772 628 2804 scilicet,
648 2773 727 2800 Malis
740 2773 830 2802 bonis.
903 2776 995 2808 Qmm
1008 2775 1078 2802 clice-
1139 2784 1182 2802 eas
1195 2783 1335 2809 exponam,
1359 2782 1421 2807 quas
1435 2773 1530 2800 mirata
1541 2773 1593 2808 est,
1614 2774 1755 2801 Alexandri
1770 2776 1863 2811 Magni
1879 2777 2012 2809 vifioria,
2031 2779 2098 2806 orbe
2112 2789 2146 2807 eo
2158 2790 2203 2816 pa-

23 2815 81 2837 rent
95 2808 182 2842 Malis,
201 2808 352 2843 intelligere
365 2808 476 2835 voluere
489 2808 632 2836 viliffimos.
669 2809 807 2837 Summum
821 2811 1006 2845 prouidentiae
1019 2811 1078 2845 illo·
1138 2810 1247 2838 tefae'm.
1320 2808 1430 2835 Alienus
1449 2809 1540 2843 orbis,
1558 2812 1613 2837 vid.
1634 2817 1656 2836 A
1665 2817 1682 2836 1.
1691 2817 1701 2837 1
1712 2818 1727 2837 E
1739 2817 1763 2837 N
1772 2818 1832 2845 vs,
1853 2812 1880 2838 in
1902 2820 1922 2839 Α
1932 2820 1948 2839 1.
1960 2821 1968 2840 1
1980 2820 1999 2841 v
2010 2821 2033 2841 s.
2106 2816 2203 2844 Diuer-

23 2852 82 2872 rum
94 2844 161 2877 fuit,
179 2850 208 2871 vt
225 2852 303 2879 quam
315 2844 461 2871 minimum
479 2845 539 2871 esset
551 2844 691 2879 impendii.
725 2846 792 2877 conf.
813 2846 879 2875 Plin.
895 2852 917 2881 8,
931 2857 945 2879 4
964 2855 988 2873 et
1009 2857 1031 2879 5.
1054 2855 1078 2873 et
1138 2848 1179 2874 sus
1192 2846 1266 2873 orbis
1281 2845 1374 2881 procul
1389 2854 1403 2871 a
1416 2846 1500 2880 patria
1524 2846 1607 2873 Ouid.
1619 2848 1683 2873 Met.
1697 2855 1720 2879 2,
1733 2855 1789 2880 223.
1827 2848 1894 2882 confi
1916 2849 1975 2876 Col.
1991 2860 2010 2881 1,
2024 2860 2045 2886 3,
2059 2854 2083 2880 ⁶,
2157 2853 2203 2880 Fe.

23 2879 155 2908 Columel.
169 2888 196 2913 9,
210 2890 228 2908 ι.
270 2880 329 2907 Sen.
342 2881 475 2907 Controu.
490 2889 612 2915 prooem.
632 2891 657 2915 p.
672 2891 707 2914 37.
781 2883 933 2910 Venerandi
948 2883 1078 2918 Principis
1139 2882 1239 2910 cundus
1262 2882 1343 2908 Ouid.
1358 2882 1422 2908 Met.
1436 2888 1459 2914 8,
1472 2887 1523 2912 821.
1597 2882 1754 2917 Peregrinus
1786 2883 1859 2910 Idem
1874 2884 1941 2912 ibid.
1956 2894 1974 2919 i,
1988 2896 2028 2919 94.
2099 2889 2129 2914 ln
2145 2889 2202 2924 pri.

23 2922 138 2952 mentem
150 2916 269 2951 loqueris
281 2923 306 2943 et
321 2916 428 2943 oracula
455 2916 602 2947 Symmach.
615 2917 660 2958 Ep.
673 2925 698 2951 2,
712 2926 742 2949 13.
767 2918 833 2953 conf.
846 2919 920 2953 plura
933 2927 972 2956 ap.
987 2920 1078 2946 Barth.
1095 2923 1123 2948 75
1138 2920 1185 2945 mis
1196 2919 1299 2954 ponitur
1307 2917 1383 2953 saepe
1397 2917 1490 2950 Orbis,
1504 2925 1552 2952 pro
1566 2919 1670 2943 Romano
1683 2918 1797 2953 Imperio.
1854 2919 1947 2956 Nepos
1961 2930 2000 2956 25,
2015 2931 2056 2955 2ο,
2071 2932 2083 2954 5
2103 2926 2133 2950 de
2146 2928 2201 2950 An-

0 2972 3 2977 ,
22 2953 58 2979 ad
73 2951 163 2979 Claud.
182 2960 206 2988 p.
221 2958 261 2983 80.
462 2949 484 2988 q
503 2961 522 2986 4
559 2953 641 2978 Poetis
659 2954 718 2979 lices
730 2953 812 2980 dicere
831 2955 935 2982 Oracla.
996 2955 1079 2983 Ouid.
1139 2955 1205 2981 tonia
1218 2963 1242 2981 et
1250 2954 1362 2987 oaauio,
1383 2953 1451 2980 Cum
1464 2953 1488 2979 se
1503 2958 1614 2986 vterque
1626 2953 1776 2988 principem
1788 2954 1864 2982 orbis
1878 2961 2010 2984 terrarum
2022 2959 2071 2985 else
2085 2967 2199 2993 cuperet.

23 2988 86 3015 Met.
103 2997 125 3022 1,
144 2996 181 3020 321
218 2988 249 3015 Et
267 2987 377 3015 numina
396 2989 496 3015 montis
509 2987 601 3015 adorat
638 2988 835 3025 Fatidicamque
850 2991 992 3024 Themin,
1013 3001 1079 3026 quae
1140 2990 1232 3018 Tacit.
1246 2991 1336 3017 Germ.
1351 2998 1373 3021 2,
1388 2999 1394 3015 1
1430 2989 1560 3015 Aduersus
1573 2989 1693 3015 Oceanus
1706 2990 1774 3016 raris
1787 2990 1820 3017 ab
1835 2991 1902 3019 orbe
1915 2992 2006 3020 nostro
2018 2994 2129 3021 nauibus
2145 2993 2198 3020 adi-

3 3044 6 3047 ·
23 3029 84 3051 tunc
108 3024 193 3051 oracla
212 3023 324 3052 tenebat.
404 3025 446 3050 Sic
462 3025 535 3051 etiam
554 3025 685 3059 aliquoties
704 3025 797 3053 editum
810 3027 838 3053 in
857 3027 915 3056 Cic.
934 3027 966 3055 de
986 3028 1079 3055 Diuiu.
1138 3032 1191 3054 tur.
1265 3025 1344 3052 Toto
1359 3024 1458 3051 diuisos
1472 3025 1538 3051 orbe
1552 3024 1695 3052 Britannos
1725 3025 1800 3061 Virg.
1819 3027 1871 3054 Eci.
1891 3038 1917 3062 i,
1936 3031 1976 3062 67.
2010 3029 2074 3063 conf]
2097 3030 2199 3056 Taubm.

23 3059 132 3094 Dauiffi,
149 3069 175 3087 v.
188 3069 217 3095 g.
232 3068 245 3086 2
265 3069 287 3087 c.
303 3062 328 3087 6.
364 3059 395 3087 it.
409 3069 432 3092 33
443 3067 486 3096 pr.
523 3059 556 3087 it.
577 3069 599 3087 c.
615 3065 654 3093 48.
1136 3070 1162 3098 p.
1179 3072 1212 3089 12.
1250 3063 1389 3087 Heumann.
1405 3061 1587 3095 interpretatur
1600 3062 1629 3086 de
1637 3062 1784 3097 peripheria
1797 3061 1902 3097 insulae.
1965 3064 2109 3091 Vniuersus
2123 3063 2198 3091 orbis

59 3101 106 3122 on
116 3101 137 3121 Α
147 3101 165 3123 c
176 3102 197 3121 v
208 3103 224 3123 L
235 3103 256 3122 A
267 3102 305 3123 ΕΙ
316 3102 337 3122 v
347 3101 377 3129 S,
397 3104 427 3129 a,
448 3105 503 3123 um.
539 3095 601 3123 Adi.
639 3096 792 3124 Oracularii
804 3097 873 3125 serui
898 3099 1004 3126 Petron.
1019 3109 1040 3127 c.
1051 3109 1078 3133 43
1093 3106 1126 3131 80
1140 3100 1276 3126 Romanus
1307 3096 1421 3123 Saluian.
1435 3096 1452 3122 l.
1467 3104 1480 3128 ς
1498 3105 1523 3131 p.
1540 3105 1584 3128 171.
1640 3096 1672 3124 it.
1696 3099 1725 3123 de
1743 3098 1804 3123 aliis
1818 3099 1936 3134 imperiis.
2008 3099 2198 3135 Carthaginem

25 3129 81 3164 Qii
92 3130 144 3158 scil.
159 3132 262 3158 oracula
277 3131 392 3159 fundunt
405 3137 431 3159 et
442 3132 532 3160 futura
545 3132 748 3170 praenuntiant,
766 3143 851 3161 verum
864 3135 941 3162 dubia
953 3135 988 3172 est
999 3136 1078 3163 [etilo.
1139 3135 1210 3165 dico,
1231 3134 1258 3160 in
1271 3132 1399 3159 Africano
1412 3132 1489 3164 orbe,
1509 3131 1579 3166 quati
1593 3131 1706 3159 Romam
1732 3133 1845 3160 Saluian.
1859 3134 1876 3161 l.
1890 3142 1906 3169 7
1923 3144 1948 3169 p.
1963 3142 2014 3167 275.
2087 3136 2139 3162 Vix
2154 3145 2197 3171 pa-

28 3166 84 3191 Via.
103 3165 160 3193 A&
177 3167 264 3202 Apost.
282 3170 317 3202 16,
330 3170 367 3195 16.
1138 3179 1198 3198 rens
1213 3169 1286 3196 orbis
1300 3168 1426 3203 populosa
1439 3168 1522 3194 Poeni
1554 3167 1678 3195 Prudent.
1692 3168 1780 3196 Perist.
1793 3178 1821 3202 4,
1834 3172 1868 3195 61.
1905 3170 1924 3196 i.
1944 3170 2069 3206 Carthago
2081 3178 2197 3209 metropo-

63 3206 172 3228 ORAM
182 3208 222 3236 Α»,
247 3203 304 3232 atis.
339 3213 367 3231 n.
402 3204 584 3240 Spectaculum,
599 3214 643 3241 gr.
666 3202 752 3238 ὅραμα.
787 3205 892 3234 Petron.
913 3217 935 3233 c.
952 3215 986 3240 53.
1022 3207 1078 3234 vid.
1139 3207 1172 3233 lis
1185 3207 1328 3233 Poenorum.
1404 3203 1488 3229 Minos
1503 3205 1571 3239 apud
1582 3204 1663 3232 Ouid.
1678 3205 1740 3244 Met.
1754 3211 1776 3234 Β.
1792 3214 1838 3231 100
1858 3206 1895 3230 ad
1905 3205 2030 3245 Scyllam:

26 3236 111 3263 Burm.
129 3242 153 3270 p.
163 3240 216 3265 ι261.
1295 3240 1340 3266 DI
1360 3245 1385 3265 te
1401 3239 1582 3273 submoneant,
1604 3250 1621 3267 o
1634 3241 1717 3267 nostri
1730 3240 1840 3266 infamia
1854 3240 1929 3267 saecli

63 3272 212 3307 οΚᾸΤΑ,
230 3282 267 3300 ae.
293 3275 312 3302 f.
349 3274 519 3310 [χρυσίφρυς]
557 3276 656 3302 amore
672 3272 757 3309 Festo,
779 3285 861 3312 genus
875 3279 952 3312 piscis
966 3278 1077 3313 appella·
1093 3285 1123 3315 ες
1296 3275 1371 3303 Orbe
1385 3275 1447 3309 suo,
1467 3275 1598 3311 tellusque
1611 3276 1661 3304 tibi
1675 3283 1823 3311 pontusque
1836 3282 1975 3311 negentur.

0 3312 3 3330 ἓ
26 3312 71 3334 tm-
85 3315 98 3332 a
111 3306 201 3333 colore
213 3309 286 3345 auri,
305 3311 377 3344 quod
389 3311 479 3338 rustici
494 3320 573 3338 orum
588 3311 726 3344 dicebant,
747 3318 775 3338 vt
787 3313 926 3347 auriculas,
949 3315 1077 3341 oriculas:
1295 3312 1376 3339 Certe
1391 3321 1441 3346 ego
1455 3321 1508 3338 non
1522 3313 1606 3347 patiar
1618 3313 1691 3340 Iouis
1706 3311 1874 3345 incunabula,
1894 3313 2007 3346 Creten,

0 3342 5 3359 Γ
25 3349 107 3377 vtquc
123 3342 244 3377 Sergium
257 3346 384 3378 quendam
397 3347 589 3381 praediuitem,
609 3348 681 3383 quod
702 3347 806 3375 duobus
826 3350 930 3377 annulis
951 3351 1036 3377 aureis
1052 3356 1077 3376 et
1293 3349 1370 3382 Qiae
1382 3357 1455 3374 meus
1469 3347 1505 3375 est
1517 3348 1610 3381 Orbis,
1628 3353 1729 3374 tantum
1741 3348 1895 3383 contingere
1910 3348 2067 3376 monstrum.

0 3378 4 3401 ί
25 3377 170 3414 grandibus
183 3384 310 3412 meretur,
329 3381 437 3408 Oratam
450 3383 539 3411 dicunt
553 3385 602 3411 esse
614 3385 782 3419 appellatum.
820 3386 925 3412 Dicitur
941 3394 965 3412 et
980 3389 1077 3413 Aurata
1138 3386 1236 3411 Cretam
1248 3385 1330 3421 igitur
1344 3385 1419 3411 suum
1433 3384 1545 3417 Orbem,
1568 3385 1587 3412 i.
1599 3382 1672 3418 suum
1686 3393 1797 3419 regnum,
1819 3384 1845 3408 in
1861 3393 1905 3418 quo
1920 3383 1969 3419 ipse
1983 3385 2078 3420 Iupiter
2083 3384 2132 3419 stt,
2148 3395 2195 3414 vo-

26 3417 94 3450 apwl
107 3414 222 3441 ΜὸῐῐὶᾶῙ·
236 3423 268 3446 ¹3,
282 3423 317 3448 90
347 3416 412 3443 Non
430 3419 517 3445 omnis
535 3420 638 3447 laudem
658 3420 828 3455 pretiumque
846 3427 937 3449 aurata
950 3428 1076 3450 meretur.
1139 3428 1190 3448 cat.
1329 3417 1350 3458 ff
1371 3423 1386 3447 6
1424 3422 1473 3446 Sed
1485 3428 1508 3446 et
1520 3420 1573 3446 alia
1585 3426 1685 3454 corpora
1698 3422 1804 3445 rotunda
1817 3418 1894 3446 orbes
1907 3426 2040 3447 uocantur.
2082 3423 2124 3447 Ita
2131 3420 2195 3456 sunt

0 3455 7 3471 1⁴
21 3452 68 3477 ⁴Dc*
79 3450 172 3486 Sergio
184 3451 274 3484 Orata,
289 3451 344 3478 vid.
357 3451 475 3480 Macrob.
488 3454 588 3484 Saturn.
603 3465 624 3490 3,
638 3465 669 3487 ις.
687 3464 712 3483 ct
726 3456 784 3484 Cic.
793 3456 825 3484 de
839 3458 897 3486 Fin.
909 3467 933 3493 2,
946 3467 977 3491 70
991 3467 1012 3485 c.
1022 3466 1058 3485 22.
1092 3467 1127 3492 90
1141 3457 1218 3484 orbes
1233 3459 1260 3482 in
1274 3456 1370 3492 trapcti
1384 3455 1541 3490 instrumento
1554 3456 1622 3490 apud
1633 3455 1761 3482 Catonem
1776 3463 1820 3487 135,
1835 3456 1850 3481 6
1867 3462 1891 3481 et
1905 3465 1926 3487 7.
1984 3457 2025 3482 Sic
2034 3457 2064 3482 de
2076 3458 2194 3483 machina

1 3482 8 3492 ¹
65 3491 86 3513 0
95 3493 146 3515 RA
155 3493 177 3514 Τ
187 3493 197 3513 1
211 3492 231 3513 0
239 3507 248 3521 ,
277 3491 297 3514 0
307 3492 358 3514 RA
367 3493 390 3514 Τ
401 3493 422 3515 0
431 3494 450 3515 R
459 3508 470 3522 ,
487 3496 531 3518 etc.
571 3493 629 3519 Vid.
650 3499 670 3520 o
679 3499 699 3520 R
711 3498 750 3528 o,
771 3501 808 3520 as.
1138 3495 1254 3526 rotunda,
1273 3501 1344 3526 caua,
1363 3491 1499 3528 versatili,
1518 3500 1580 3525 quae
1589 3497 1634 3526 pro
1647 3491 1727 3526 mensa
1741 3490 1797 3525 effe
1810 3491 1837 3516 in
1849 3491 1978 3517 ornithone
1993 3492 2137 3526 Varronis,
2156 3494 2195 3520 ita

15 3534 17 3560 i
1137 3529 1186 3564 ipse
1199 3529 1310 3563 loquitur
1345 3529 1432 3555 Varro
1453 3527 1483 3553 de
1499 3527 1570 3553 R.R.
1586 3536 1606 3559 3,
1621 3536 1642 3558 5,
1657 3528 1682 3552 16
1713 3526 1803 3559 Qium
1824 3532 1850 3553 et
1863 3534 1930 3562 aqua
1949 3526 2032 3553 calida
2045 3533 2071 3554 et
2085 3528 2194 3563 frigida,

16 3561 17 3588 ἶ
346 3585 350 3587 ,
442 3561 471 3593 Ο
543 3564 572 3596 R
642 3567 666 3599 B
846 3573 848 3579 ·
1137 3574 1170 3592 ex
1184 3564 1244 3591 orbi
1265 3564 1355 3599 ligneo
1369 3564 1510 3598 mensaque
1523 3571 1601 3596 quam
1620 3561 1691 3594 dixi,
1711 3561 1739 3587 in
1759 3560 1852 3596 primis
1865 3562 1947 3589 radiis
1961 3563 2024 3596 eise,
2044 3563 2193 3598 epistomiis

1137 3600 1217 3628 verfis
1231 3600 1262 3627 ad
1276 3608 1502 3635 vnumquemque,
1522 3597 1621 3624 factum
1635 3597 1674 3630 fit,
1692 3603 1720 3624 vt
1732 3597 1795 3624 fluat
1807 3598 1835 3624 in
1850 3599 2001 3626 conuiuam.
2065 3601 2107 3625 lta
2119 3606 2192 3625 rotae

16 3648 18 3655 ι
65 3636 138 3658 onis
149 3637 204 3659 AN
214 3637 237 3659 A
248 3652 256 3665 ,
273 3631 360 3658 melius
381 3637 401 3659 o
411 3636 429 3658 R
438 3637 482 3659 ΒΟ
493 3638 516 3659 N
529 3639 563 3661 A.
587 3644 613 3662 v.
624 3645 651 3664 ν.
1088 3644 1121 3671 95
1138 3646 1254 3663 curruum
1267 3636 1345 3664 orbes
1359 3643 1480 3661 vocamur
1504 3634 1571 3660 Plin.
1591 3639 1620 3666 8,
1642 3634 1667 3659 16
1697 3634 1784 3668 Atque
1801 3633 1852 3660 hoc
1865 3634 1931 3668 tale,
1951 3640 2003 3661 tam
2017 3635 2123 3661 saeuum
2136 3635 2192 3661 ani·

70 3671 90 3693 0
99 3673 118 3693 R
128 3672 145 3693 B
155 3674 172 3694 Ε
181 3673 198 3694 1.
209 3674 268 3701 vs,
295 3667 314 3694 i.
351 3677 387 3694 m.
424 3667 574 3703 [Ὄρβηλδς]
609 3671 745 3699 Thraciae
763 3681 839 3700 mons
859 3672 895 3700 est
909 3672 938 3699 in
952 3680 980 3699 ea
993 3677 1076 3706 parte,
1137 3672 1200 3707 mal,
1220 3679 1339 3699 rotarum
1352 3671 1430 3698 orbes
1442 3668 1604 3708 circumadli‚
1619 3677 1762 3704 currusque
1774 3669 1872 3706 inanes,
1885 3677 1928 3697 etc.
1948 3676 2058 3697 terrent.
2095 3672 2133 3696 De
2145 3671 2191 3696 leo-

16 3708 18 3710 ’
34 3709 99 3735 quae
111 3702 279 3731 Macedoniae
292 3703 328 3730 est
342 3703 482 3737 contigua,
501 3712 555 3730 non
568 3708 659 3739 procul
676 3717 690 3734 a
704 3709 823 3743 Pangaeo
835 3708 1042 3744 promontorio,
1062 3717 1077 3736 a
1137 3709 1216 3735 nibus.
1281 3710 1324 3734 Sic
1340 3705 1441 3735 Ferrati
1455 3705 1532 3732 orbes
1560 3705 1635 3739 Virg.
1650 3705 1749 3740 Georg.
1765 3713 1787 3738 3,
1802 3710 1848 3737 361.
1919 3705 2015 3741 Rapidi
2041 3705 2129 3732 Valer.
2143 3706 2190 3731 Ar.

34 3745 87 3772 quo
98 3737 184 3766 vicina
195 3739 270 3773 regio
283 3739 393 3766 Orbelia
405 3738 475 3765 dieta
489 3738 532 3765 est.
573 3742 627 3767 Vid.
650 3743 712 3770 Piin.
725 3754 753 3779 4,
770 3753 798 3772 10
811 3751 835 3771 et
848 3753 878 3773 11.
1137 3753 1200 3779 gon.
1214 3747 1239 3779 6,
1249 3753 1302 3777 239.
1376 3742 1511 3777 Reuoluto
1525 3739 1591 3766 orbe
1611 3749 1744 3775 nunquam
1759 3740 1875 3768 insistens
1889 3749 1948 3768 rota
1980 3742 2066 3769 Senec.
2079 3741 2188 3780 Hippoi.

16 3771 18 3778 '
69 3778 272 3809 ORB1L1VS‚
291 3774 311 3803 i.
349 3785 384 3802 m.
421 3775 572 3809 [Ὀρβίλιος]
608 3776 799 3813 Beneuentanus,
822 3780 1002 3810 Grammaticus
1018 3787 1076 3806 tem.
1136 3781 1156 3807 s.
1171 3789 1202 3807 12.
1274 3778 1372 3811 Orbis,
1392 3776 1485 3838 megfiu·
1497 3775 1684 3810 instrumentum
1698 3778 1799 3812 videtin·
1826 3778 1940 3804 Martial.
1955 3787 1977 3811 2,
1990 3786 2019 3810 43
2049 3777 2097 3803 Tu
2111 3775 2189 3815 Lybi-

32 3814 89 3843 pore
103 3808 223 3836 Ciceronis
238 3812 413 3846 profitebatur,
434 3811 477 3836 vir
490 3819 547 3837 acer
566 3811 593 3836 in
606 3811 749 3846 discipulos,
764 3825 793 3842 ac
812 3816 932 3851 plagosus
949 3822 1182 3851 proptereaioocos
1197 3816 1268 3843 Indis
1281 3813 1412 3847 suspendis
1445 3811 1549 3837 entibus
1562 3810 1654 3838 orbes:
1691 3812 1809 3839 Fulcitur
1827 3812 1888 3839 testa
1908 3813 1995 3848 fagina
2011 3812 2097 3839 mensa
2110 3809 2187 3851 mih}-

17 3863 18 3872 ,
33 3843 65 3869 ab
77 3843 190 3871 Horatio
207 3846 340 3882 appellatus
360 3846 439 3882 Epist.
459 3856 471 3873 2
480 3867 490 3880 ‚
511 3856 535 3880 1,
549 3856 581 3879 70
611 3846 686 3873 Vixit
704 3857 786 3883 prope
806 3851 838 3879 ad
853 3851 1019 3879 centesimum
1032 3860 1076 3878 an.
1137 3853 1196 3879 Alii
1208 3853 1237 3877 de
1248 3850 1331 3882 mensis
1343 3849 1400 3884 ipsis
1413 3847 1544 3886 accipiunt.
1553 3847 1652 3874 ret'lius.
1699 3850 1758 3874 Cum
1769 3849 1857 3875 mensa
1869 3858 1959 3883 quoquc
1971 3848 2047 3875 orbes
2061 3849 2188 3878 coniungit

17 3879 18 3906 ζ
32 3887 107 3912 num,
122 3879 207 3908 amiira
217 3882 374 3915 iampridem
386 3882 526 3916 memoria,
538 3882 635 3909 relicto
648 3891 680 3909 ex
692 3883 741 3910 sese
754 3886 871 3919 Orbilio,
883 3894 909 3916 et
922 3887 979 3923 ipso
992 3896 1077 3923 gram-
1138 3888 1205 3915 Cato
1220 3887 1251 3914 de
1265 3887 1295 3913 R.
1310 3886 1340 3911 R.
1358 3893 1379 3910 c.
1395 3892 1431 3914 10,
1442 3892 1455 3914 4
1477 3881 1582 3909 Molilia
1597 3883 1663 3917 tria,
1679 3882 1787 3910 abacum
1802 3893 1893 3917 vnum,
1913 3884 1991 3911 orbes
2005 3888 2096 3910 aeneos
2110 3878 2186 3918 dnos,

17 3933 18 3936 ’
32 3915 139 3944 “mico-
178 3917 234 3945 Vid·
256 3918 435 3954 Tranquillus
448 3919 544 3947 mustr-
558 3919 677 3945 Gramm·
698 3928 720 3946 C·
733 3928 758 3952 9·
1139 3919 1329 3953 mensas‘duas‚
1349 3920 1450 3945 scamna
1463 3927 1556 3951 magna
1567 3919 1626 3946 tria.
1663 3922 1732 3946 ΑΜ.
1748 3929 1778 3952 11,
1794 3929 1815 3947 2.
1890 3921 1994 3945 Ponitur
2007 3925 2030 3944 et
2046 3923 2089 3950 pro
2102 3914 2185 3947 Cllpeo

18 3976 19 3981 ,
70 3957 89 3978 0
98 3958 118 3978 R
127 3958 143 3978 B
153 3958 163 3977 1
173 3958 203 3986 S,
221 3952 251 3980 is.
286 3964 322 3982 m.
359 3953 482 3991 [κύκλος]
519 3955 633 3981 Circulus
645 3954 752 3987 dicitur,
772 3964 795 3983 et
809 3958 932 3994 quidquid
942 3959 985 3986 vel
995 3959 1077 3985 lineae
1136 3961 1206 3994 apud
1218 3960 1304 3984 Poe'tas
1314 3953 1409 3990 paffim.
1483 3954 1557 3989 Virg.
1571 3955 1636 3982 Aen.
1653 3964 1688 3988 10,
1701 3960 1740 3987 783
1765 3955 1811 3982 Illa
1825 3964 1871 3990 per
1884 3955 1976 3982 orbem
2012 3954 2079 3978 Aere
2091 3956 2185 3974 ‘³1¹⁰OE

18 3991 19 3998 1
33 3985 165 4014 circulari,-
178 3989 245 4051 „hodo
257 3990 341 4054 versxuir
354 3991 433 4018 initia
440 3991 489 4028 sua
502 3990 616 4027 reflexum
628 3997 651 4018 et
664 3999 716 4017 cum
731 3989 779 4018 illis
790 3993 957 4030 confunHum,
976 3995 1031 4029 vel,
1048 4003 1078 4022 vt
1086 3999 1130 4027 105
1137 3993 1248 4030 triplici,
1264 3999 1320 4055 etei⁴¹
1333 4025 1351 4054 h
1376 3989 1438 4053 alii-¹1.
1451 3989 1534 4017 Flacc.
1545 3999 1563 4024 i,
1577 4000 1615 4024 45¹
1642 3990 1739 4026 Orbis,
1759 3999 1839 4025 quem
1851 3991 1957 4026 genitor
1969 3983 2185 4045 gestabatcspgg.

18 4025 19 4056 1
219 4029 271 4052 οι..
346 4028 367 4055 1.
2178 4037 2184 4045 .
