<?xml version="1.0" encoding="UTF-8"?>
<!DOCTYPE html PUBLIC "-//W3C//DTD XHTML 1.0 Transitional//EN"
    "http://www.w3.org/TR/xhtml1/DTD/xhtml1-transitional.dtd">
<html xmlns="http://www.w3.org/1999/xhtml" xml:lang="en" lang="en">
 <head>
  <title>
</title>
<meta http-equiv="Content-Type" content="text/html;charset=utf-8" />
  <meta name='ocr-system' content='tesseract 3.04.00' />
  <meta name='ocr-capabilities' content='ocr_page ocr_carea ocr_par ocr_line ocrx_word'/>
</head>
<body>
  <div class='ocr_page' id='page_1' title='image "./novuslinguaeeter03gesn_0082.png"; bbox 0 0 2517 4231; ppageno 0'>
   <div class='ocr_carea' id='block_1_1' title="bbox 244 187 874 244">
    <p class='ocr_par' dir='ltr' id='par_1_1' title="bbox 244 187 874 244">
     <span class='ocr_line' id='line_1_1' title="bbox 244 187 874 244; baseline -0.006 -12"><span class='ocrx_word' id='word_1_1' title='bbox 244 207 311 244; x_wconf 88' lang='lat'>¹47</span> <span class='ocrx_word' id='word_1_2' title='bbox 664 187 874 230; x_wconf 87' lang='lat' dir='ltr'>LVS</span> 
     </span>
    </p>
   </div>
   <div class='ocr_carea' id='block_1_2' title="bbox 234 271 1306 1850">
    <p class='ocr_par' dir='ltr' id='par_1_2' title="bbox 240 271 1303 423">
     <span class='ocr_line' id='line_1_2' title="bbox 243 271 1302 310; baseline -0.009 -2"><span class='ocrx_word' id='word_1_3' title='bbox 243 281 320 308; x_wconf 84' lang='lat' dir='ltr'>ardea</span> <span class='ocrx_word' id='word_1_4' title='bbox 333 281 418 307; x_wconf 82' lang='lat' dir='ltr'>rostro</span> <span class='ocrx_word' id='word_1_5' title='bbox 433 279 615 308; x_wconf 82' lang='lat' dir='ltr'>Marmoreum</span> <span class='ocrx_word' id='word_1_6' title='bbox 629 280 726 307; x_wconf 75' lang='lat' dir='ltr'>fossore</span> <span class='ocrx_word' id='word_1_7' title='bbox 740 278 839 310; x_wconf 87' lang='lat' dir='ltr'>solum,</span> <span class='ocrx_word' id='word_1_8' title='bbox 861 275 982 303; x_wconf 80' lang='lat' dir='ltr'>Luscinia</span> <span class='ocrx_word' id='word_1_9' title='bbox 996 274 1092 310; x_wconf 80' lang='lat' dir='ltr'><strong>planat,</strong></span> <span class='ocrx_word' id='word_1_10' title='bbox 1113 273 1180 308; x_wconf 83' lang='lat' dir='ltr'>quod</span> <span class='ocrx_word' id='word_1_11' title='bbox 1187 271 1302 307; x_wconf 73' lang='lat' dir='ltr'>defendit</span> 
     </span>
     <span class='ocr_line' id='line_1_3' title="bbox 245 309 1303 352; baseline -0.009 -9"><span class='ocrx_word' id='word_1_12' title='bbox 245 317 398 352; x_wconf 75' lang='lat' dir='ltr'>Dresemius,</span> <span class='ocrx_word' id='word_1_13' title='bbox 421 323 445 342; x_wconf 79' lang='lat' dir='ltr'>et</span> <span class='ocrx_word' id='word_1_14' title='bbox 464 316 491 342; x_wconf 85' lang='lat' dir='ltr'>in</span> <span class='ocrx_word' id='word_1_15' title='bbox 503 316 613 343; x_wconf 76' lang='lat' dir='ltr'>Horatii</span> <span class='ocrx_word' id='word_1_16' title='bbox 626 324 699 351; x_wconf 75' lang='lat' dir='ltr'>atquc</span> <span class='ocrx_word' id='word_1_17' title='bbox 717 314 848 340; x_wconf 76' lang='lat' dir='ltr'>Martialis</span> <span class='ocrx_word' id='word_1_18' title='bbox 861 313 969 345; x_wconf 63' lang='lat' dir='ltr'>vasibus</span> <span class='ocrx_word' id='word_1_19' title='bbox 988 309 1116 344; x_wconf 76' lang='lat' dir='ltr'>Synizest‘n</span> <span class='ocrx_word' id='word_1_20' title='bbox 1131 309 1264 345; x_wconf 74' lang='lat' dir='ltr'>intelligit,</span> <span class='ocrx_word' id='word_1_21' title='bbox 1291 310 1303 336; x_wconf 82' lang='lat' dir='ltr'>I</span> 
     </span>
     <span class='ocr_line' id='line_1_4' title="bbox 240 344 1302 388; baseline -0.007 -10"><span class='ocrx_word' id='word_1_22' title='bbox 240 352 400 388; x_wconf 73' lang='lat' dir='ltr'>pronuntiato</span> <span class='ocrx_word' id='word_1_23' title='bbox 413 362 442 378; x_wconf 80' lang='lat' dir='ltr'>co·</span> <span class='ocrx_word' id='word_1_24' title='bbox 452 352 567 387; x_wconf 69' lang='lat' dir='ltr'>sonantis</span> <span class='ocrx_word' id='word_1_25' title='bbox 580 351 667 385; x_wconf 76' lang='lat' dir='ltr'>instar.</span> <span class='ocrx_word' id='word_1_26' title='bbox 721 351 787 374; x_wconf 54' lang='lat' dir='ltr'>lolem</span> <span class='ocrx_word' id='word_1_27' title='bbox 805 350 882 374; x_wconf 85' lang='lat' dir='ltr'>locum</span> <span class='ocrx_word' id='word_1_28' title='bbox 903 348 973 373; x_wconf 73' lang='lat' dir='ltr'>babet</span> <span class='ocrx_word' id='word_1_29' title='bbox 987 347 1013 371; x_wconf 75' lang='lat' dir='ltr'>itt</span> <span class='ocrx_word' id='word_1_30' title='bbox 1034 344 1153 372; x_wconf 86' lang='lat' dir='ltr'>Phaedro</span> <span class='ocrx_word' id='word_1_31' title='bbox 1175 347 1204 379; x_wconf 81' lang='lat'>3&#39;,</span> <span class='ocrx_word' id='word_1_32' title='bbox 1224 350 1264 378; x_wconf 82' lang='lat'>18,</span> <span class='ocrx_word' id='word_1_33' title='bbox 1285 352 1302 371; x_wconf 78' lang='lat'>2</span> 
     </span>
     <span class='ocr_line' id='line_1_5' title="bbox 244 380 1302 423; baseline -0.008 -9"><span class='ocrx_word' id='word_1_34' title='bbox 244 386 530 423; x_wconf 81' lang='lat' dir='ltr'>Cantuslusciniiquod</span> <span class='ocrx_word' id='word_1_35' title='bbox 538 388 584 414; x_wconf 85' lang='lat' dir='ltr'>sibi</span> <span class='ocrx_word' id='word_1_36' title='bbox 599 383 798 413; x_wconf 82' lang='lat' dir='ltr'>nontribucrit:</span> <span class='ocrx_word' id='word_1_37' title='bbox 818 384 863 409; x_wconf 76' lang='lat' dir='ltr'>vbi</span> <span class='ocrx_word' id='word_1_38' title='bbox 871 380 1173 417; x_wconf 74' lang='lat' dir='ltr'>quidamluscinllegunt.</span> <span class='ocrx_word' id='word_1_39' title='bbox 1212 383 1302 417; x_wconf 79' lang='lat' dir='ltr'>Nempe</span> 
     </span>
    </p>

    <p class='ocr_par' dir='ltr' id='par_1_3' title="bbox 243 417 1302 495">
     <span class='ocr_line' id='line_1_6' title="bbox 282 417 1302 456; baseline -0.006 -7"><span class='ocrx_word' id='word_1_40' title='bbox 282 430 298 449; x_wconf 87' lang='lat'>1.</span> <span class='ocrx_word' id='word_1_41' title='bbox 309 429 350 449; x_wconf 86' lang='lat' dir='ltr'>vs</span> <span class='ocrx_word' id='word_1_42' title='bbox 361 429 378 450; x_wconf 93' lang='lat' dir='ltr'>c</span> <span class='ocrx_word' id='word_1_43' title='bbox 389 434 398 452; x_wconf 78' lang='grc'>1</span> <span class='ocrx_word' id='word_1_44' title='bbox 409 430 431 450; x_wconf 83' lang='lat' dir='ltr'>N</span> <span class='ocrx_word' id='word_1_45' title='bbox 443 430 518 456; x_wconf 79' lang='lat' dir='ltr'>tvs,</span> <span class='ocrx_word' id='word_1_46' title='bbox 537 425 554 450; x_wconf 86' lang='lat' dir='ltr'>i.</span> <span class='ocrx_word' id='word_1_47' title='bbox 576 432 609 449; x_wconf 86' lang='lat' dir='ltr'>m.</span> <span class='ocrx_word' id='word_1_48' title='bbox 647 424 721 447; x_wconf 69' lang='lat' dir='ltr'>Mem.</span> <span class='ocrx_word' id='word_1_49' title='bbox 759 418 867 446; x_wconf 81' lang='lat' dir='ltr'>Phaedr.</span> <span class='ocrx_word' id='word_1_50' title='bbox 884 418 945 444; x_wconf 81' lang='lat' dir='ltr'>Fab.</span> <span class='ocrx_word' id='word_1_51' title='bbox 959 426 990 451; x_wconf 84' lang='grc'>3,</span> <span class='ocrx_word' id='word_1_52' title='bbox 1005 422 1044 451; x_wconf 83' lang='grc'>18,</span> <span class='ocrx_word' id='word_1_53' title='bbox 1057 425 1081 445; x_wconf 89' lang='lat'>2.</span> <span class='ocrx_word' id='word_1_54' title='bbox 1136 417 1193 444; x_wconf 81' lang='lat' dir='ltr'>Seu.</span> <span class='ocrx_word' id='word_1_55' title='bbox 1209 418 1253 452; x_wconf 82' lang='lat' dir='ltr'>Ep.</span> <span class='ocrx_word' id='word_1_56' title='bbox 1267 419 1302 453; x_wconf 86' lang='lat'>76</span> 
     </span>
     <span class='ocr_line' id='line_1_7' title="bbox 243 455 967 495; baseline -0.006 -11"><span class='ocrx_word' id='word_1_57' title='bbox 243 460 269 484; x_wconf 84' lang='lat' dir='ltr'>in</span> <span class='ocrx_word' id='word_1_58' title='bbox 283 460 358 485; x_wconf 63' lang='lat' dir='ltr'>MSS.</span> <span class='ocrx_word' id='word_1_59' title='bbox 372 467 411 495; x_wconf 79' lang='lat' dir='ltr'>ap.</span> <span class='ocrx_word' id='word_1_60' title='bbox 428 462 517 485; x_wconf 69' lang='lat' dir='ltr'>Duum.</span> <span class='ocrx_word' id='word_1_61' title='bbox 529 461 559 485; x_wconf 77' lang='lat' dir='ltr'>de</span> <span class='ocrx_word' id='word_1_62' title='bbox 572 456 646 491; x_wconf 68' lang='lat' dir='ltr'>cattlJ.¹</span> <span class='ocrx_word' id='word_1_63' title='bbox 658 456 736 490; x_wconf 74' lang='lat' dir='ltr'>amlſj.</span> <span class='ocrx_word' id='word_1_64' title='bbox 751 456 780 481; x_wconf 84' lang='lat' dir='ltr'>R.</span> <span class='ocrx_word' id='word_1_65' title='bbox 795 455 857 481; x_wconf 91' lang='lat' dir='ltr'>L.L.</span> <span class='ocrx_word' id='word_1_66' title='bbox 876 461 902 489; x_wconf 83' lang='lat' dir='ltr'>p.</span> <span class='ocrx_word' id='word_1_67' title='bbox 917 456 967 480; x_wconf 70' lang='lat'>126.</span> 
     </span>
    </p>

    <p class='ocr_par' dir='ltr' id='par_1_4' title="bbox 279 491 828 527">
     <span class='ocr_line' id='line_1_8' title="bbox 279 491 828 527; baseline -0.007 -7"><span class='ocrx_word' id='word_1_68' title='bbox 279 501 296 520; x_wconf 82' lang='lat'>1.</span> <span class='ocrx_word' id='word_1_69' title='bbox 306 502 325 520; x_wconf 85' lang='lat' dir='ltr'>v</span> <span class='ocrx_word' id='word_1_70' title='bbox 335 500 372 521; x_wconf 85' lang='lat' dir='ltr'>sc</span> <span class='ocrx_word' id='word_1_71' title='bbox 383 502 390 521; x_wconf 91' lang='lat'>1</span> <span class='ocrx_word' id='word_1_72' title='bbox 401 501 451 522; x_wconf 75' lang='lat' dir='ltr'>NV</span> <span class='ocrx_word' id='word_1_73' title='bbox 461 501 474 520; x_wconf 91' lang='lat' dir='ltr'>s</span> <span class='ocrx_word' id='word_1_74' title='bbox 488 514 496 527; x_wconf 82' lang='lat'><em>‚</em></span> <span class='ocrx_word' id='word_1_75' title='bbox 524 492 596 524; x_wconf 61' lang='grc' dir='ltr'><em>ἀηδῶν</em></span> <span class='ocrx_word' id='word_1_76' title='bbox 616 492 694 518; x_wconf 78' lang='lat' dir='ltr'>Gloff.</span> <span class='ocrx_word' id='word_1_77' title='bbox 710 492 766 517; x_wconf 86' lang='lat' dir='ltr'>Lat.</span> <span class='ocrx_word' id='word_1_78' title='bbox 780 491 828 517; x_wconf 90' lang='lat' dir='ltr'>Gr.</span> 
     </span>
    </p>

    <p class='ocr_par' dir='ltr' id='par_1_5' title="bbox 242 523 1303 637">
     <span class='ocr_line' id='line_1_9' title="bbox 279 523 1302 561; baseline -0.009 -3"><span class='ocrx_word' id='word_1_79' title='bbox 279 533 543 561; x_wconf 67' lang='lat' dir='ltr'>LvsciNio‘LA,</span> <span class='ocrx_word' id='word_1_80' title='bbox 563 537 600 554; x_wconf 91' lang='lat' dir='ltr'>ae.</span> <span class='ocrx_word' id='word_1_81' title='bbox 628 527 647 553; x_wconf 89' lang='lat' dir='ltr'>f.</span> <span class='ocrx_word' id='word_1_82' title='bbox 687 527 788 553; x_wconf 87' lang='lat' dir='ltr'>Dimin.</span> <span class='ocrx_word' id='word_1_83' title='bbox 826 526 960 560; x_wconf 71' lang='grc' dir='ltr'>[ἀηδόνιον]</span> <span class='ocrx_word' id='word_1_84' title='bbox 998 525 1078 552; x_wconf 87' lang='lat' dir='ltr'>Plaut.</span> <span class='ocrx_word' id='word_1_85' title='bbox 1093 523 1184 550; x_wconf 86' lang='lat' dir='ltr'>Bacch.</span> <span class='ocrx_word' id='word_1_86' title='bbox 1198 531 1222 556; x_wconf 88' lang='grc'>1,</span> <span class='ocrx_word' id='word_1_87' title='bbox 1241 531 1267 556; x_wconf 86' lang='grc'>1,</span> <span class='ocrx_word' id='word_1_88' title='bbox 1288 532 1302 557; x_wconf 77' lang='lat'>4</span> 
     </span>
     <span class='ocr_line' id='line_1_10' title="bbox 243 559 1303 602; baseline -0.008 -8"><span class='ocrx_word' id='word_1_89' title='bbox 243 567 289 593; x_wconf 84' lang='lat' dir='ltr'>Pol</span> <span class='ocrx_word' id='word_1_90' title='bbox 303 576 352 602; x_wconf 83' lang='lat' dir='ltr'>ego</span> <span class='ocrx_word' id='word_1_91' title='bbox 365 575 470 601; x_wconf 87' lang='lat' dir='ltr'>quoque</span> <span class='ocrx_word' id='word_1_92' title='bbox 483 570 572 590; x_wconf 85' lang='lat' dir='ltr'>metuo</span> <span class='ocrx_word' id='word_1_93' title='bbox 581 583 590 596; x_wconf 88' lang='lat'>,</span> <span class='ocrx_word' id='word_1_94' title='bbox 610 562 764 589; x_wconf 77' lang='lat' dir='ltr'>lusciniolae</span> <span class='ocrx_word' id='word_1_95' title='bbox 776 570 809 588; x_wconf 87' lang='lat' dir='ltr'>ne</span> <span class='ocrx_word' id='word_1_96' title='bbox 823 562 913 588; x_wconf 83' lang='lat' dir='ltr'>defuat</span> <span class='ocrx_word' id='word_1_97' title='bbox 932 562 1029 589; x_wconf 84' lang='lat' dir='ltr'>cantio.</span> <span class='ocrx_word' id='word_1_98' title='bbox 1088 560 1203 586; x_wconf 65' lang='lat' dir='ltr'>Prouerb.</span> <span class='ocrx_word' id='word_1_99' title='bbox 1216 560 1246 585; x_wconf 84' lang='lat' dir='ltr'>de</span> <span class='ocrx_word' id='word_1_100' title='bbox 1258 559 1303 593; x_wconf 81' lang='lat' dir='ltr'>iis,</span> 
     </span>
     <span class='ocr_line' id='line_1_11' title="bbox 242 598 947 637; baseline -0.007 -9"><span class='ocrx_word' id='word_1_101' title='bbox 242 612 304 637; x_wconf 80' lang='lat' dir='ltr'>quae</span> <span class='ocrx_word' id='word_1_102' title='bbox 317 603 432 628; x_wconf 69' lang='lat' dir='ltr'>miraculo</span> <span class='ocrx_word' id='word_1_103' title='bbox 449 599 609 634; x_wconf 51' lang='lat' dir='ltr'>affinia-siant.</span> <span class='ocrx_word' id='word_1_104' title='bbox 651 598 725 632; x_wconf 75' lang='lat' dir='ltr'>Confi</span> <span class='ocrx_word' id='word_1_105' title='bbox 742 605 759 624; x_wconf 93' lang='lat' dir='ltr'>L</span> <span class='ocrx_word' id='word_1_106' title='bbox 768 604 789 624; x_wconf 92' lang='lat' dir='ltr'>V</span> <span class='ocrx_word' id='word_1_107' title='bbox 799 604 838 624; x_wconf 85' lang='lat' dir='ltr'>SC</span> <span class='ocrx_word' id='word_1_108' title='bbox 847 606 855 625; x_wconf 88' lang='lat'>1</span> <span class='ocrx_word' id='word_1_109' title='bbox 864 604 883 624; x_wconf 92' lang='grc' dir='ltr'>Ο</span> <span class='ocrx_word' id='word_1_110' title='bbox 893 604 909 623; x_wconf 90' lang='lat' dir='ltr'>L</span> <span class='ocrx_word' id='word_1_111' title='bbox 917 604 947 624; x_wconf 84' lang='grc' dir='ltr'>Α.</span> 
     </span>
    </p>

    <p class='ocr_par' dir='ltr' id='par_1_6' title="bbox 240 630 1306 771">
     <span class='ocr_line' id='line_1_12' title="bbox 279 630 1306 669; baseline -0.007 -6"><span class='ocrx_word' id='word_1_112' title='bbox 279 642 477 664; x_wconf 76' lang='lat' dir='ltr'>LVSCioLA</span> <span class='ocrx_word' id='word_1_113' title='bbox 492 655 500 668; x_wconf 64' lang='lat'><em>2</em></span> <span class='ocrx_word' id='word_1_114' title='bbox 519 643 556 661; x_wconf 91' lang='lat' dir='ltr'>ac.</span> <span class='ocrx_word' id='word_1_115' title='bbox 585 635 605 660; x_wconf 81' lang='lat' dir='ltr'>t&#39;.</span> <span class='ocrx_word' id='word_1_116' title='bbox 643 634 779 667; x_wconf 81' lang='lat' dir='ltr'>Lusciola,</span> <span class='ocrx_word' id='word_1_117' title='bbox 800 633 872 669; x_wconf 91' lang='lat' dir='ltr'>quod</span> <span class='ocrx_word' id='word_1_118' title='bbox 892 632 1011 660; x_wconf 65' lang='lat' dir='ltr'>luftuose</span> <span class='ocrx_word' id='word_1_119' title='bbox 1029 639 1121 657; x_wconf 90' lang='lat' dir='ltr'>canere</span> <span class='ocrx_word' id='word_1_120' title='bbox 1139 630 1306 657; x_wconf 80' lang='lat' dir='ltr'>existimatur</span> 
     </span>
     <span class='ocr_line' id='line_1_13' title="bbox 243 666 1304 705; baseline -0.008 -5"><span class='ocrx_word' id='word_1_121' title='bbox 243 675 329 700; x_wconf 89' lang='lat' dir='ltr'>Varro</span> <span class='ocrx_word' id='word_1_122' title='bbox 343 674 371 699; x_wconf 91' lang='lat' dir='ltr'>L.</span> <span class='ocrx_word' id='word_1_123' title='bbox 387 673 414 698; x_wconf 89' lang='lat' dir='ltr'>L.</span> <span class='ocrx_word' id='word_1_124' title='bbox 427 680 445 704; x_wconf 92' lang='lat'>4</span> <span class='ocrx_word' id='word_1_125' title='bbox 454 692 462 704; x_wconf 92' lang='lat'>,</span> <span class='ocrx_word' id='word_1_126' title='bbox 479 679 510 698; x_wconf 86' lang='lat'>11.</span> <span class='ocrx_word' id='word_1_127' title='bbox 539 669 589 705; x_wconf 77' lang='lat' dir='ltr'>sed</span> <span class='ocrx_word' id='word_1_128' title='bbox 599 670 757 705; x_wconf 78' lang='lat' dir='ltr'>etymologiae</span> <span class='ocrx_word' id='word_1_129' title='bbox 769 671 835 695; x_wconf 77' lang='lat' dir='ltr'>ratio</span> <span class='ocrx_word' id='word_1_130' title='bbox 846 669 938 704; x_wconf 79' lang='lat' dir='ltr'><em>suadet</em></span> <span class='ocrx_word' id='word_1_131' title='bbox 947 689 955 701; x_wconf 89' lang='lat'>,</span> <span class='ocrx_word' id='word_1_132' title='bbox 975 675 1005 693; x_wconf 79' lang='lat' dir='ltr'>vt</span> <span class='ocrx_word' id='word_1_133' title='bbox 1018 669 1119 702; x_wconf 65' lang='lat' dir='ltr'>legatur</span> <span class='ocrx_word' id='word_1_134' title='bbox 1133 667 1240 693; x_wconf 85' lang='lat' dir='ltr'>luscinia</span> <span class='ocrx_word' id='word_1_135' title='bbox 1251 688 1259 700; x_wconf 91' lang='lat'>,</span> <span class='ocrx_word' id='word_1_136' title='bbox 1278 666 1304 702; x_wconf 81' lang='lat' dir='ltr'>s.</span> 
     </span>
     <span class='ocr_line' id='line_1_14' title="bbox 240 702 1305 744; baseline -0.008 -9"><span class='ocrx_word' id='word_1_137' title='bbox 240 710 320 744; x_wconf 80' lang='lat' dir='ltr'>potius</span> <span class='ocrx_word' id='word_1_138' title='bbox 334 708 478 735; x_wconf 77' lang='lat' dir='ltr'>lusciniola.</span> <span class='ocrx_word' id='word_1_139' title='bbox 541 708 628 733; x_wconf 80' lang='lat' dir='ltr'>Verum</span> <span class='ocrx_word' id='word_1_140' title='bbox 642 712 770 741; x_wconf 77' lang='lat' dir='ltr'>compara,</span> <span class='ocrx_word' id='word_1_141' title='bbox 788 714 850 740; x_wconf 81' lang='lat' dir='ltr'>quae</span> <span class='ocrx_word' id='word_1_142' title='bbox 862 708 893 731; x_wconf 80' lang='lat' dir='ltr'>a&#39;e</span> <span class='ocrx_word' id='word_1_143' title='bbox 905 704 1047 740; x_wconf 78' lang='lat' dir='ltr'>quantitate</span> <span class='ocrx_word' id='word_1_144' title='bbox 1053 702 1180 738; x_wconf 70' lang='lat' dir='ltr'>secundae</span> <span class='ocrx_word' id='word_1_145' title='bbox 1194 702 1305 737; x_wconf 76' lang='lat' dir='ltr'>Syllnbae</span> 
     </span>
     <span class='ocr_line' id='line_1_15' title="bbox 243 743 625 771; baseline -0.003 -1"><span class='ocrx_word' id='word_1_146' title='bbox 243 747 269 770; x_wconf 78' lang='lat' dir='ltr'>in</span> <span class='ocrx_word' id='word_1_147' title='bbox 289 752 305 771; x_wconf 85' lang='lat' dir='ltr'>L</span> <span class='ocrx_word' id='word_1_148' title='bbox 316 751 333 770; x_wconf 93' lang='lat' dir='ltr'>V</span> <span class='ocrx_word' id='word_1_149' title='bbox 344 749 380 769; x_wconf 76' lang='lat' dir='ltr'>SC</span> <span class='ocrx_word' id='word_1_150' title='bbox 392 751 399 768; x_wconf 90' lang='grc'>1</span> <span class='ocrx_word' id='word_1_151' title='bbox 411 750 432 768; x_wconf 84' lang='grc' dir='ltr'>Ν</span> <span class='ocrx_word' id='word_1_152' title='bbox 443 749 481 768; x_wconf 85' lang='grc' dir='ltr'>ΙΛ</span> <span class='ocrx_word' id='word_1_153' title='bbox 507 743 625 769; x_wconf 79' lang='lat' dir='ltr'>diximus.</span> 
     </span>
    </p>

    <p class='ocr_par' dir='ltr' id='par_1_7' title="bbox 238 773 1304 1127">
     <span class='ocr_line' id='line_1_16' title="bbox 279 773 1303 813; baseline -0.005 -8"><span class='ocrx_word' id='word_1_154' title='bbox 279 780 505 811; x_wconf 71' lang='lat' dir='ltr'>LVSCIOSVS,</span> <span class='ocrx_word' id='word_1_155' title='bbox 526 778 598 813; x_wconf 79' lang='lat' dir='ltr'>quiet</span> <span class='ocrx_word' id='word_1_156' title='bbox 613 777 835 810; x_wconf 76' lang='lat' dir='ltr'>Lvsci‘riosvs,</span> <span class='ocrx_word' id='word_1_157' title='bbox 856 785 881 810; x_wconf 82' lang='lat' dir='ltr'>a,</span> <span class='ocrx_word' id='word_1_158' title='bbox 900 784 954 802; x_wconf 90' lang='lat' dir='ltr'>um.</span> <span class='ocrx_word' id='word_1_159' title='bbox 973 774 1033 801; x_wconf 87' lang='lat' dir='ltr'>Adi.</span> <span class='ocrx_word' id='word_1_160' title='bbox 1054 773 1153 809; x_wconf 54' lang='lat' dir='ltr'>[adada</span> <span class='ocrx_word' id='word_1_161' title='bbox 1164 775 1303 809; x_wconf 62' lang='grc' dir='ltr'>νυκῖάλωφ]</span> 
     </span>
     <span class='ocr_line' id='line_1_17' title="bbox 243 809 1304 849; baseline -0.007 -7"><span class='ocrx_word' id='word_1_162' title='bbox 243 814 353 842; x_wconf 76' lang='lat' dir='ltr'>Lusciofi</span> <span class='ocrx_word' id='word_1_163' title='bbox 361 814 436 849; x_wconf 72' lang='lat' dir='ltr'>sunt,</span> <span class='ocrx_word' id='word_1_164' title='bbox 463 822 493 840; x_wconf 72' lang='lat' dir='ltr'>&#39;vt</span> <span class='ocrx_word' id='word_1_165' title='bbox 510 814 612 849; x_wconf 84' lang='lat' dir='ltr'>quidam</span> <span class='ocrx_word' id='word_1_166' title='bbox 631 813 791 849; x_wconf 75' lang='lat' dir='ltr'>existimant,</span> <span class='ocrx_word' id='word_1_167' title='bbox 811 823 877 847; x_wconf 81' lang='lat' dir='ltr'>quos.</span> <span class='ocrx_word' id='word_1_168' title='bbox 890 811 982 837; x_wconf 78' lang='lat' dir='ltr'>Graeci</span> <span class='ocrx_word' id='word_1_169' title='bbox 1001 811 1146 845; x_wconf 68' lang='lat' dir='ltr'>Nyllilopas</span> <span class='ocrx_word' id='word_1_170' title='bbox 1162 809 1304 846; x_wconf 80' lang='lat' dir='ltr'>appellant,</span> 
     </span>
     <span class='ocr_line' id='line_1_18' title="bbox 241 846 1304 885; baseline -0.005 -9"><span class='ocrx_word' id='word_1_171' title='bbox 241 853 283 885; x_wconf 84' lang='lat' dir='ltr'>qui</span> <span class='ocrx_word' id='word_1_172' title='bbox 297 858 319 876; x_wconf 80' lang='lat' dir='ltr'>et</span> <span class='ocrx_word' id='word_1_173' title='bbox 333 859 402 875; x_wconf 82' lang='lat' dir='ltr'>mane</span> <span class='ocrx_word' id='word_1_174' title='bbox 419 857 443 876; x_wconf 87' lang='lat' dir='ltr'>et</span> <span class='ocrx_word' id='word_1_175' title='bbox 462 850 559 885; x_wconf 67' lang='lat' dir='ltr'>&#39;vespert&#39;</span> <span class='ocrx_word' id='word_1_176' title='bbox 578 850 682 875; x_wconf 72' lang='lat' dir='ltr'>exiliter</span> <span class='ocrx_word' id='word_1_177' title='bbox 701 851 831 875; x_wconf 80' lang='lat' dir='ltr'><em>admodum</em></span> <span class='ocrx_word' id='word_1_178' title='bbox 850 849 955 879; x_wconf 65' lang='lat' dir='ltr'>vident,</span> <span class='ocrx_word' id='word_1_179' title='bbox 979 856 1023 872; x_wconf 76' lang='lat' dir='ltr'>nec</span> <span class='ocrx_word' id='word_1_180' title='bbox 1036 847 1099 880; x_wconf 75' lang='lat' dir='ltr'>fere</span> <span class='ocrx_word' id='word_1_181' title='bbox 1117 846 1168 879; x_wconf 83' lang='lat' dir='ltr'>nt&#39;fi</span> <span class='ocrx_word' id='word_1_182' title='bbox 1183 848 1304 873; x_wconf 76' lang='lat' dir='ltr'>interdiu.</span> 
     </span>
     <span class='ocr_line' id='line_1_19' title="bbox 242 881 1303 919; baseline -0.006 -6"><span class='ocrx_word' id='word_1_183' title='bbox 242 886 346 913; x_wconf 85' lang='lat' dir='ltr'>Nonius</span> <span class='ocrx_word' id='word_1_184' title='bbox 360 892 390 919; x_wconf 86' lang='lat'>2,</span> <span class='ocrx_word' id='word_1_185' title='bbox 407 893 447 919; x_wconf 79' lang='lat'>512</span> <span class='ocrx_word' id='word_1_186' title='bbox 478 885 594 912; x_wconf 76' lang='lat' dir='ltr'>Lusciofi</span> <span class='ocrx_word' id='word_1_187' title='bbox 612 884 644 911; x_wconf 89' lang='lat' dir='ltr'>ad</span> <span class='ocrx_word' id='word_1_188' title='bbox 664 885 798 911; x_wconf 89' lang='lat' dir='ltr'>lucernam</span> <span class='ocrx_word' id='word_1_189' title='bbox 818 893 872 910; x_wconf 89' lang='lat' dir='ltr'>non</span> <span class='ocrx_word' id='word_1_190' title='bbox 890 882 1000 909; x_wconf 88' lang='lat' dir='ltr'>vident:</span> <span class='ocrx_word' id='word_1_191' title='bbox 1039 888 1065 909; x_wconf 89' lang='lat' dir='ltr'>et</span> <span class='ocrx_word' id='word_1_192' title='bbox 1084 890 1193 916; x_wconf 82' lang='lat' dir='ltr'>myopes</span> <span class='ocrx_word' id='word_1_193' title='bbox 1215 881 1303 908; x_wconf 86' lang='lat' dir='ltr'>minus</span> 
     </span>
     <span class='ocr_line' id='line_1_20' title="bbox 240 917 1304 954; baseline -0.006 -6"><span class='ocrx_word' id='word_1_194' title='bbox 240 922 357 948; x_wconf 83' lang='lat' dir='ltr'>videntes</span> <span class='ocrx_word' id='word_1_195' title='bbox 376 928 505 949; x_wconf 86' lang='lat' dir='ltr'>vocantur</span> <span class='ocrx_word' id='word_1_196' title='bbox 522 930 536 947; x_wconf 89' lang='lat' dir='ltr'>a</span> <span class='ocrx_word' id='word_1_197' title='bbox 556 921 670 947; x_wconf 85' lang='lat' dir='ltr'>Graecis.</span> <span class='ocrx_word' id='word_1_198' title='bbox 734 920 843 954; x_wconf 83' lang='lat' dir='ltr'>Vesperi</span> <span class='ocrx_word' id='word_1_199' title='bbox 868 927 923 945; x_wconf 90' lang='lat' dir='ltr'>non</span> <span class='ocrx_word' id='word_1_200' title='bbox 944 917 1053 951; x_wconf 86' lang='lat' dir='ltr'>videre,</span> <span class='ocrx_word' id='word_1_201' title='bbox 1082 926 1149 952; x_wconf 87' lang='lat' dir='ltr'>quos</span> <span class='ocrx_word' id='word_1_202' title='bbox 1171 917 1304 952; x_wconf 86' lang='lat' dir='ltr'>appellant</span> 
     </span>
     <span class='ocr_line' id='line_1_21' title="bbox 240 956 709 992; baseline 0 -9"><span class='ocrx_word' id='word_1_203' title='bbox 240 957 375 983; x_wconf 87' lang='lat' dir='ltr'>Lusciosos</span> <span class='ocrx_word' id='word_1_204' title='bbox 396 958 483 984; x_wconf 91' lang='lat' dir='ltr'>Varro</span> <span class='ocrx_word' id='word_1_205' title='bbox 504 964 543 992; x_wconf 84' lang='lat' dir='ltr'>ap.</span> <span class='ocrx_word' id='word_1_206' title='bbox 564 957 636 983; x_wconf 69' lang='lat' dir='ltr'>Non.</span> <span class='ocrx_word' id='word_1_207' title='bbox 656 956 673 983; x_wconf 90' lang='lat' dir='ltr'>l.</span> <span class='ocrx_word' id='word_1_208' title='bbox 688 965 709 983; x_wconf 90' lang='lat' dir='ltr'>c.</span> 
     </span>
     <span class='ocr_line' id='line_1_22' title="bbox 238 989 1302 1027; baseline -0.006 -7"><span class='ocrx_word' id='word_1_209' title='bbox 238 993 444 1027; x_wconf 76' lang='lat' dir='ltr'>gallinaceorum</span> <span class='ocrx_word' id='word_1_210' title='bbox 459 993 582 1020; x_wconf 72' lang='lat' dir='ltr'>duntaxat</span> <span class='ocrx_word' id='word_1_211' title='bbox 597 993 708 1019; x_wconf 90' lang='lat' dir='ltr'>rubrum</span> <span class='ocrx_word' id='word_1_212' title='bbox 723 991 837 1019; x_wconf 84' lang='lat' dir='ltr'>lusciosis</span> <span class='ocrx_word' id='word_1_213' title='bbox 857 990 1018 1017; x_wconf 75' lang='lat' dir='ltr'>illinendum</span> <span class='ocrx_word' id='word_1_214' title='bbox 1035 989 1190 1016; x_wconf 83' lang='lat' dir='ltr'>monstrant.</span> <span class='ocrx_word' id='word_1_215' title='bbox 1228 989 1302 1023; x_wconf 81' lang='lat' dir='ltr'>Conf.</span> 
     </span>
     <span class='ocr_line' id='line_1_23' title="bbox 239 1024 1303 1064; baseline -0.004 -9"><span class='ocrx_word' id='word_1_216' title='bbox 239 1028 275 1056; x_wconf 85' lang='lat' dir='ltr'>Id.</span> <span class='ocrx_word' id='word_1_217' title='bbox 289 1036 336 1061; x_wconf 81' lang='lat'>23,</span> <span class='ocrx_word' id='word_1_218' title='bbox 352 1037 378 1064; x_wconf 84' lang='lat'>7.</span> <span class='ocrx_word' id='word_1_219' title='bbox 396 1036 420 1054; x_wconf 82' lang='lat' dir='ltr'>et</span> <span class='ocrx_word' id='word_1_220' title='bbox 433 1035 473 1062; x_wconf 85' lang='lat'>28,</span> <span class='ocrx_word' id='word_1_221' title='bbox 487 1038 523 1056; x_wconf 87' lang='grc' dir='ltr'>ιο.</span> <span class='ocrx_word' id='word_1_222' title='bbox 587 1029 668 1054; x_wconf 76' lang='lat' dir='ltr'>Plane.</span> <span class='ocrx_word' id='word_1_223' title='bbox 683 1028 742 1054; x_wconf 83' lang='lat' dir='ltr'>Mil.</span> <span class='ocrx_word' id='word_1_224' title='bbox 763 1035 788 1061; x_wconf 86' lang='lat'>2,</span> <span class='ocrx_word' id='word_1_225' title='bbox 807 1036 835 1061; x_wconf 78' lang='lat'>3,</span> <span class='ocrx_word' id='word_1_226' title='bbox 850 1035 880 1060; x_wconf 77' lang='lat'>52</span> <span class='ocrx_word' id='word_1_227' title='bbox 901 1034 916 1053; x_wconf 77' lang='lat' dir='ltr'>r</span> <span class='ocrx_word' id='word_1_228' title='bbox 928 1033 985 1053; x_wconf 79' lang='lat' dir='ltr'>AL.</span> <span class='ocrx_word' id='word_1_229' title='bbox 1006 1025 1146 1057; x_wconf 85' lang='lat' dir='ltr'>Verbero,</span> <span class='ocrx_word' id='word_1_230' title='bbox 1166 1024 1261 1059; x_wconf 82' lang='lat' dir='ltr'>edepol</span> <span class='ocrx_word' id='word_1_231' title='bbox 1275 1031 1303 1052; x_wconf 86' lang='lat' dir='ltr'>tu</span> 
     </span>
     <span class='ocr_line' id='line_1_24' title="bbox 238 1059 1303 1098; baseline -0.004 -7"><span class='ocrx_word' id='word_1_232' title='bbox 238 1064 345 1098; x_wconf 85' lang='lat' dir='ltr'>quidem</span> <span class='ocrx_word' id='word_1_233' title='bbox 363 1071 466 1097; x_wconf 86' lang='lat' dir='ltr'>caecus,</span> <span class='ocrx_word' id='word_1_234' title='bbox 492 1073 546 1091; x_wconf 89' lang='lat' dir='ltr'>non</span> <span class='ocrx_word' id='word_1_235' title='bbox 560 1065 692 1092; x_wconf 78' lang='lat' dir='ltr'>lusciosus.</span> <span class='ocrx_word' id='word_1_236' title='bbox 734 1064 806 1098; x_wconf 77' lang='lat' dir='ltr'>Confi</span> <span class='ocrx_word' id='word_1_237' title='bbox 829 1063 905 1090; x_wconf 83' lang='lat' dir='ltr'>Taub.</span> <span class='ocrx_word' id='word_1_238' title='bbox 920 1064 955 1089; x_wconf 81' lang='lat' dir='ltr'>atl</span> <span class='ocrx_word' id='word_1_239' title='bbox 973 1064 997 1089; x_wconf 81' lang='lat' dir='ltr'>h.</span> <span class='ocrx_word' id='word_1_240' title='bbox 1012 1063 1031 1089; x_wconf 92' lang='lat' dir='ltr'>l.</span> <span class='ocrx_word' id='word_1_241' title='bbox 1075 1064 1145 1088; x_wconf 79' lang='lat' dir='ltr'>Add.</span> <span class='ocrx_word' id='word_1_242' title='bbox 1164 1062 1181 1088; x_wconf 93' lang='lat' dir='ltr'>l.</span> <span class='ocrx_word' id='word_1_243' title='bbox 1197 1069 1225 1087; x_wconf 76' lang='grc' dir='ltr'>ιο</span> <span class='ocrx_word' id='word_1_244' title='bbox 1246 1059 1269 1098; x_wconf 82' lang='lat'><em>§</em></span> <span class='ocrx_word' id='word_1_245' title='bbox 1284 1069 1303 1095; x_wconf 85' lang='lat'>4</span> 
     </span>
     <span class='ocr_line' id='line_1_25' title="bbox 239 1099 593 1127; baseline 0 -1"><span class='ocrx_word' id='word_1_246' title='bbox 239 1099 270 1127; x_wconf 89' lang='lat' dir='ltr'>D.</span> <span class='ocrx_word' id='word_1_247' title='bbox 291 1100 322 1126; x_wconf 90' lang='lat' dir='ltr'>de</span> <span class='ocrx_word' id='word_1_248' title='bbox 335 1101 411 1127; x_wconf 88' lang='lat' dir='ltr'>aedil.</span> <span class='ocrx_word' id='word_1_249' title='bbox 425 1100 465 1127; x_wconf 84' lang='lat' dir='ltr'>ed.</span> <span class='ocrx_word' id='word_1_250' title='bbox 479 1106 504 1127; x_wconf 86' lang='lat' dir='ltr'>et</span> <span class='ocrx_word' id='word_1_251' title='bbox 518 1100 593 1126; x_wconf 86' lang='lat' dir='ltr'>redh.</span> 
     </span>
    </p>

    <p class='ocr_par' dir='ltr' id='par_1_8' title="bbox 237 1136 1303 1421">
     <span class='ocr_line' id='line_1_26' title="bbox 273 1136 605 1169; baseline 0.003 -7"><span class='ocrx_word' id='word_1_252' title='bbox 273 1142 480 1169; x_wconf 78' lang='lat' dir='ltr'>LVSC1T10,</span> <span class='ocrx_word' id='word_1_253' title='bbox 499 1136 568 1163; x_wconf 83' lang='lat' dir='ltr'>onis.</span> <span class='ocrx_word' id='word_1_254' title='bbox 588 1136 605 1163; x_wconf 72' lang='lat' dir='ltr'>t&#39;.</span> 
     </span>
     <span class='ocr_line' id='line_1_27' title="bbox 239 1168 1303 1206; baseline -0.004 -7"><span class='ocrx_word' id='word_1_255' title='bbox 239 1172 343 1206; x_wconf 84' lang='lat' dir='ltr'>Festus,</span> <span class='ocrx_word' id='word_1_256' title='bbox 365 1172 481 1199; x_wconf 88' lang='lat' dir='ltr'>Luscitio</span> <span class='ocrx_word' id='word_1_257' title='bbox 494 1172 590 1199; x_wconf 73' lang='lat' dir='ltr'>vitium</span> <span class='ocrx_word' id='word_1_258' title='bbox 604 1173 761 1205; x_wconf 85' lang='lat' dir='ltr'>oculorum,</span> <span class='ocrx_word' id='word_1_259' title='bbox 782 1171 854 1206; x_wconf 82' lang='lat' dir='ltr'>quod</span> <span class='ocrx_word' id='word_1_260' title='bbox 864 1170 959 1197; x_wconf 89' lang='lat' dir='ltr'>clarius</span> <span class='ocrx_word' id='word_1_261' title='bbox 967 1170 1070 1205; x_wconf 87' lang='lat' dir='ltr'>vesperi</span> <span class='ocrx_word' id='word_1_262' title='bbox 1089 1178 1168 1204; x_wconf 86' lang='lat' dir='ltr'>quam</span> <span class='ocrx_word' id='word_1_263' title='bbox 1189 1168 1303 1195; x_wconf 82' lang='lat' dir='ltr'>meridie</span> 
     </span>
     <span class='ocr_line' id='line_1_28' title="bbox 238 1205 1302 1242; baseline -0.004 -7"><span class='ocrx_word' id='word_1_264' title='bbox 238 1210 330 1235; x_wconf 84' lang='lat' dir='ltr'>cernit.</span> <span class='ocrx_word' id='word_1_265' title='bbox 369 1208 440 1242; x_wconf 71' lang='lat' dir='ltr'>Confi</span> <span class='ocrx_word' id='word_1_266' title='bbox 457 1215 480 1234; x_wconf 85' lang='lat' dir='ltr'>N</span> <span class='ocrx_word' id='word_1_267' title='bbox 489 1215 510 1234; x_wconf 86' lang='lat' dir='ltr'>v</span> <span class='ocrx_word' id='word_1_268' title='bbox 519 1215 531 1234; x_wconf 87' lang='lat' dir='ltr'>S</span> <span class='ocrx_word' id='word_1_269' title='bbox 542 1214 559 1235; x_wconf 88' lang='lat' dir='ltr'>C</span> <span class='ocrx_word' id='word_1_270' title='bbox 572 1214 659 1235; x_wconf 80' lang='lat' dir='ltr'>1T10</span> <span class='ocrx_word' id='word_1_271' title='bbox 668 1213 709 1234; x_wconf 81' lang='lat' dir='ltr'>SV</span> <span class='ocrx_word' id='word_1_272' title='bbox 719 1214 741 1234; x_wconf 85' lang='lat' dir='ltr'>S.</span> <span class='ocrx_word' id='word_1_273' title='bbox 804 1207 911 1242; x_wconf 87' lang='lat' dir='ltr'>leian.</span> <span class='ocrx_word' id='word_1_274' title='bbox 924 1207 952 1232; x_wconf 88' lang='lat' dir='ltr'>in</span> <span class='ocrx_word' id='word_1_275' title='bbox 966 1207 982 1233; x_wconf 91' lang='lat' dir='ltr'>l.</span> <span class='ocrx_word' id='word_1_276' title='bbox 998 1207 1072 1234; x_wconf 86' lang='lat' dir='ltr'>Idem</span> <span class='ocrx_word' id='word_1_277' title='bbox 1079 1205 1159 1233; x_wconf 83' lang='lat' dir='ltr'>filius.</span> <span class='ocrx_word' id='word_1_278' title='bbox 1181 1206 1204 1238; x_wconf 88' lang='lat'>§.</span> <span class='ocrx_word' id='word_1_279' title='bbox 1224 1206 1302 1232; x_wconf 84' lang='lat' dir='ltr'><strong>Item.</strong></span> 
     </span>
     <span class='ocr_line' id='line_1_29' title="bbox 239 1241 1303 1278; baseline -0.003 -8"><span class='ocrx_word' id='word_1_280' title='bbox 239 1244 269 1270; x_wconf 93' lang='lat' dir='ltr'>D.</span> <span class='ocrx_word' id='word_1_281' title='bbox 284 1244 315 1270; x_wconf 91' lang='lat' dir='ltr'>de</span> <span class='ocrx_word' id='word_1_282' title='bbox 330 1244 415 1271; x_wconf 88' lang='lat' dir='ltr'>Aedil.</span> <span class='ocrx_word' id='word_1_283' title='bbox 429 1243 534 1276; x_wconf 60' lang='lat' dir='ltr'>edicio,</span> <span class='ocrx_word' id='word_1_284' title='bbox 555 1243 626 1270; x_wconf 83' lang='lat' dir='ltr'>Idem</span> <span class='ocrx_word' id='word_1_285' title='bbox 636 1265 644 1277; x_wconf 95' lang='lat'>,</span> <span class='ocrx_word' id='word_1_286' title='bbox 665 1244 711 1270; x_wconf 92' lang='lat' dir='ltr'>vbi</span> <span class='ocrx_word' id='word_1_287' title='bbox 730 1243 814 1270; x_wconf 89' lang='lat' dir='ltr'>homo</span> <span class='ocrx_word' id='word_1_288' title='bbox 828 1252 914 1278; x_wconf 84' lang='lat' dir='ltr'>neque</span> <span class='ocrx_word' id='word_1_289' title='bbox 929 1242 1061 1269; x_wconf 90' lang='lat' dir='ltr'>matutino</span> <span class='ocrx_word' id='word_1_290' title='bbox 1076 1248 1197 1276; x_wconf 88' lang='lat' dir='ltr'>tempore</span> <span class='ocrx_word' id='word_1_291' title='bbox 1211 1241 1303 1274; x_wconf 83' lang='lat' dir='ltr'>videt,</span> 
     </span>
     <span class='ocr_line' id='line_1_30' title="bbox 237 1277 1303 1315; baseline -0.003 -9"><span class='ocrx_word' id='word_1_292' title='bbox 237 1289 321 1315; x_wconf 86' lang='lat' dir='ltr'>neque</span> <span class='ocrx_word' id='word_1_293' title='bbox 335 1281 498 1315; x_wconf 83' lang='lat' dir='ltr'>vespertino:</span> <span class='ocrx_word' id='word_1_294' title='bbox 537 1279 609 1314; x_wconf 85' lang='lat' dir='ltr'>quod</span> <span class='ocrx_word' id='word_1_295' title='bbox 627 1288 708 1314; x_wconf 78' lang='lat' dir='ltr'>genus</span> <span class='ocrx_word' id='word_1_296' title='bbox 733 1279 827 1305; x_wconf 82' lang='lat' dir='ltr'>Graeci</span> <span class='ocrx_word' id='word_1_297' title='bbox 847 1281 992 1308; x_wconf 72' lang='grc' dir='ltr'><strong><em>»υκ7άλωπας</em></strong></span> <span class='ocrx_word' id='word_1_298' title='bbox 1012 1284 1117 1304; x_wconf 81' lang='lat' dir='ltr'>vocant.</span> <span class='ocrx_word' id='word_1_299' title='bbox 1175 1277 1303 1304; x_wconf 77' lang='lat' dir='ltr'>Luscitio-</span> 
     </span>
     <span class='ocr_line' id='line_1_31' title="bbox 237 1313 1146 1351; baseline -0.002 -9"><span class='ocrx_word' id='word_1_300' title='bbox 237 1325 297 1342; x_wconf 87' lang='lat' dir='ltr'>nem</span> <span class='ocrx_word' id='word_1_301' title='bbox 311 1316 419 1350; x_wconf 86' lang='lat' dir='ltr'>quidam</span> <span class='ocrx_word' id='word_1_302' title='bbox 434 1321 539 1351; x_wconf 81' lang='lat' dir='ltr'>putant:</span> <span class='ocrx_word' id='word_1_303' title='bbox 578 1315 624 1341; x_wconf 91' lang='lat' dir='ltr'>vbi</span> <span class='ocrx_word' id='word_1_304' title='bbox 637 1315 720 1341; x_wconf 89' lang='lat' dir='ltr'>homo</span> <span class='ocrx_word' id='word_1_305' title='bbox 733 1315 833 1341; x_wconf 89' lang='lat' dir='ltr'>lumine</span> <span class='ocrx_word' id='word_1_306' title='bbox 846 1313 969 1341; x_wconf 87' lang='lat' dir='ltr'>adhibito</span> <span class='ocrx_word' id='word_1_307' title='bbox 982 1313 1051 1340; x_wconf 87' lang='lat' dir='ltr'>nihil</span> <span class='ocrx_word' id='word_1_308' title='bbox 1065 1313 1146 1340; x_wconf 86' lang='lat' dir='ltr'>videt.</span> 
     </span>
     <span class='ocr_line' id='line_1_32' title="bbox 238 1349 1302 1386; baseline -0.003 -9"><span class='ocrx_word' id='word_1_309' title='bbox 238 1352 438 1385; x_wconf 69' lang='lat' dir='ltr'>Nuscitionem,</span> <span class='ocrx_word' id='word_1_310' title='bbox 459 1351 559 1386; x_wconf 73' lang='lat' dir='ltr'>quidam</span> <span class='ocrx_word' id='word_1_311' title='bbox 579 1351 770 1377; x_wconf 84' lang='lat' dir='ltr'>Eluscationein</span> <span class='ocrx_word' id='word_1_312' title='bbox 790 1351 829 1376; x_wconf 85' lang='lat' dir='ltr'>hic</span> <span class='ocrx_word' id='word_1_313' title='bbox 849 1352 943 1385; x_wconf 80' lang='lat' dir='ltr'>legunt.</span> <span class='ocrx_word' id='word_1_314' title='bbox 1001 1351 1070 1376; x_wconf 78' lang='lat' dir='ltr'>Hine</span> <span class='ocrx_word' id='word_1_315' title='bbox 1082 1349 1235 1382; x_wconf 65' lang='lat' dir='ltr'>Lusciostas,</span> <span class='ocrx_word' id='word_1_316' title='bbox 1256 1349 1302 1384; x_wconf 86' lang='lat' dir='ltr'>qui</span> 
     </span>
     <span class='ocr_line' id='line_1_33' title="bbox 237 1386 1303 1421; baseline -0.002 -7"><span class='ocrx_word' id='word_1_317' title='bbox 237 1395 260 1414; x_wconf 78' lang='lat' dir='ltr'>et</span> <span class='ocrx_word' id='word_1_318' title='bbox 273 1388 431 1415; x_wconf 86' lang='lat' dir='ltr'>Luscitiosus</span> <span class='ocrx_word' id='word_1_319' title='bbox 445 1396 468 1414; x_wconf 84' lang='lat' dir='ltr'>et</span> <span class='ocrx_word' id='word_1_320' title='bbox 482 1387 647 1414; x_wconf 88' lang='lat' dir='ltr'>Nuscitiosus</span> <span class='ocrx_word' id='word_1_321' title='bbox 655 1408 663 1420; x_wconf 84' lang='lat'>,</span> <span class='ocrx_word' id='word_1_322' title='bbox 691 1394 720 1413; x_wconf 74' lang='lat' dir='ltr'>vt</span> <span class='ocrx_word' id='word_1_323' title='bbox 737 1387 775 1413; x_wconf 79' lang='lat' dir='ltr'>ait</span> <span class='ocrx_word' id='word_1_324' title='bbox 795 1387 923 1421; x_wconf 78' lang='lat' dir='ltr'>Budaeus,</span> <span class='ocrx_word' id='word_1_325' title='bbox 947 1386 1002 1412; x_wconf 76' lang='lat' dir='ltr'>vid.</span> <span class='ocrx_word' id='word_1_326' title='bbox 1019 1391 1042 1411; x_wconf 89' lang='lat' dir='ltr'>N</span> <span class='ocrx_word' id='word_1_327' title='bbox 1052 1392 1073 1411; x_wconf 91' lang='lat' dir='ltr'>V</span> <span class='ocrx_word' id='word_1_328' title='bbox 1081 1393 1094 1412; x_wconf 89' lang='lat' dir='ltr'>s</span> <span class='ocrx_word' id='word_1_329' title='bbox 1102 1391 1119 1412; x_wconf 84' lang='lat' dir='ltr'>C</span> <span class='ocrx_word' id='word_1_330' title='bbox 1129 1393 1138 1411; x_wconf 89' lang='grc'>1</span> <span class='ocrx_word' id='word_1_331' title='bbox 1147 1392 1169 1411; x_wconf 88' lang='grc' dir='ltr'>Τ</span> <span class='ocrx_word' id='word_1_332' title='bbox 1178 1393 1187 1411; x_wconf 88' lang='grc'>1</span> <span class='ocrx_word' id='word_1_333' title='bbox 1197 1392 1216 1411; x_wconf 93' lang='lat' dir='ltr'>o</span> <span class='ocrx_word' id='word_1_334' title='bbox 1225 1391 1238 1411; x_wconf 78' lang='lat' dir='ltr'>s</span> <span class='ocrx_word' id='word_1_335' title='bbox 1248 1391 1269 1410; x_wconf 91' lang='lat' dir='ltr'>v</span> <span class='ocrx_word' id='word_1_336' title='bbox 1279 1391 1303 1412; x_wconf 86' lang='lat' dir='ltr'>s.</span> 
     </span>
    </p>

    <p class='ocr_par' dir='ltr' id='par_1_9' title="bbox 234 1421 1303 1850">
     <span class='ocr_line' id='line_1_34' title="bbox 276 1421 1303 1459; baseline -0.003 -9"><span class='ocrx_word' id='word_1_337' title='bbox 276 1430 292 1449; x_wconf 86' lang='lat' dir='ltr'>L</span> <span class='ocrx_word' id='word_1_338' title='bbox 304 1428 324 1449; x_wconf 78' lang='lat' dir='ltr'>V</span> <span class='ocrx_word' id='word_1_339' title='bbox 334 1430 346 1450; x_wconf 90' lang='lat' dir='ltr'>S</span> <span class='ocrx_word' id='word_1_340' title='bbox 356 1429 372 1450; x_wconf 90' lang='lat' dir='ltr'>C</span> <span class='ocrx_word' id='word_1_341' title='bbox 382 1431 402 1449; x_wconf 93' lang='lat' dir='ltr'>V</span> <span class='ocrx_word' id='word_1_342' title='bbox 412 1430 424 1450; x_wconf 88' lang='lat' dir='ltr'>S</span> <span class='ocrx_word' id='word_1_343' title='bbox 433 1445 441 1457; x_wconf 87' lang='lat'>,</span> <span class='ocrx_word' id='word_1_344' title='bbox 461 1424 478 1450; x_wconf 89' lang='lat' dir='ltr'>i.</span> <span class='ocrx_word' id='word_1_345' title='bbox 503 1433 538 1450; x_wconf 87' lang='lat' dir='ltr'>m.</span> <span class='ocrx_word' id='word_1_346' title='bbox 571 1423 782 1458; x_wconf 63' lang='grc' dir='ltr'>[ἑτερόφθαλμος]</span> <span class='ocrx_word' id='word_1_347' title='bbox 819 1422 873 1459; x_wconf 76' lang='lat' dir='ltr'>Qi</span> <span class='ocrx_word' id='word_1_348' title='bbox 880 1423 959 1447; x_wconf 80' lang='lat' dir='ltr'>altero</span> <span class='ocrx_word' id='word_1_349' title='bbox 967 1428 1052 1455; x_wconf 71' lang='lat' dir='ltr'>captus</span> <span class='ocrx_word' id='word_1_350' title='bbox 1061 1421 1095 1456; x_wconf 80' lang='lat' dir='ltr'>est</span> <span class='ocrx_word' id='word_1_351' title='bbox 1101 1422 1176 1447; x_wconf 79' lang='lat' dir='ltr'>ocule.</span> <span class='ocrx_word' id='word_1_352' title='bbox 1213 1422 1303 1447; x_wconf 75' lang='lat' dir='ltr'>Varro</span> 
     </span>
     <span class='ocr_line' id='line_1_35' title="bbox 237 1455 1303 1495; baseline -0.004 -10"><span class='ocrx_word' id='word_1_353' title='bbox 237 1459 268 1486; x_wconf 89' lang='lat' dir='ltr'>de</span> <span class='ocrx_word' id='word_1_354' title='bbox 281 1460 309 1486; x_wconf 91' lang='lat' dir='ltr'>L.</span> <span class='ocrx_word' id='word_1_355' title='bbox 324 1460 352 1487; x_wconf 94' lang='lat' dir='ltr'>L.</span> <span class='ocrx_word' id='word_1_356' title='bbox 367 1465 390 1492; x_wconf 83' lang='lat'>8,</span> <span class='ocrx_word' id='word_1_357' title='bbox 402 1469 434 1493; x_wconf 83' lang='lat'>43</span> <span class='ocrx_word' id='word_1_358' title='bbox 453 1470 476 1495; x_wconf 85' lang='lat' dir='ltr'>p.</span> <span class='ocrx_word' id='word_1_359' title='bbox 493 1469 535 1492; x_wconf 76' lang='lat'>¹15·</span> <span class='ocrx_word' id='word_1_360' title='bbox 550 1468 615 1486; x_wconf 73' lang='lat' dir='ltr'>extr.</span> <span class='ocrx_word' id='word_1_361' title='bbox 653 1461 718 1486; x_wconf 83' lang='lat' dir='ltr'>Item</span> <span class='ocrx_word' id='word_1_362' title='bbox 733 1458 839 1491; x_wconf 88' lang='lat' dir='ltr'>dicunt,</span> <span class='ocrx_word' id='word_1_363' title='bbox 860 1467 919 1484; x_wconf 85' lang='lat' dir='ltr'>cum</span> <span class='ocrx_word' id='word_1_364' title='bbox 935 1457 965 1483; x_wconf 83' lang='lat' dir='ltr'>sit</span> <span class='ocrx_word' id='word_1_365' title='bbox 976 1456 1060 1483; x_wconf 84' lang='lat' dir='ltr'>simile</span> <span class='ocrx_word' id='word_1_366' title='bbox 1074 1455 1182 1485; x_wconf 80' lang='lat' dir='ltr'>stultus,</span> <span class='ocrx_word' id='word_1_367' title='bbox 1202 1456 1303 1485; x_wconf 83' lang='lat' dir='ltr'>luscus;</span> 
     </span>
     <span class='ocr_line' id='line_1_36' title="bbox 235 1491 1302 1531; baseline -0.005 -9"><span class='ocrx_word' id='word_1_368' title='bbox 235 1501 261 1521; x_wconf 89' lang='lat' dir='ltr'>et</span> <span class='ocrx_word' id='word_1_369' title='bbox 269 1495 370 1522; x_wconf 84' lang='lat' dir='ltr'>dicatur</span> <span class='ocrx_word' id='word_1_370' title='bbox 383 1496 490 1529; x_wconf 81' lang='lat' dir='ltr'>stultus,</span> <span class='ocrx_word' id='word_1_371' title='bbox 510 1496 625 1531; x_wconf 81' lang='lat' dir='ltr'>stultior,</span> <span class='ocrx_word' id='word_1_372' title='bbox 646 1494 820 1524; x_wconf 76' lang='lat' dir='ltr'>stultiffimus3</span> <span class='ocrx_word' id='word_1_373' title='bbox 857 1493 973 1520; x_wconf 82' lang='lat' dir='ltr'>uondici</span> <span class='ocrx_word' id='word_1_374' title='bbox 988 1493 1082 1524; x_wconf 88' lang='lat' dir='ltr'>luscus,</span> <span class='ocrx_word' id='word_1_375' title='bbox 1094 1492 1202 1524; x_wconf 82' lang='lat' dir='ltr'>luscior,</span> <span class='ocrx_word' id='word_1_376' title='bbox 1217 1491 1302 1518; x_wconf 88' lang='lat' dir='ltr'>luscis-</span> 
     </span>
     <span class='ocr_line' id='line_1_37' title="bbox 236 1526 1301 1565; baseline -0.005 -8"><span class='ocrx_word' id='word_1_377' title='bbox 236 1530 321 1557; x_wconf 72' lang='lat' dir='ltr'>simus.</span> <span class='ocrx_word' id='word_1_378' title='bbox 377 1532 417 1558; x_wconf 84' lang='lat' dir='ltr'>Sic</span> <span class='ocrx_word' id='word_1_379' title='bbox 438 1532 465 1557; x_wconf 90' lang='lat' dir='ltr'>in</span> <span class='ocrx_word' id='word_1_380' title='bbox 486 1532 536 1558; x_wconf 87' lang='lat' dir='ltr'>hoe</span> <span class='ocrx_word' id='word_1_381' title='bbox 555 1540 652 1565; x_wconf 83' lang='lat' dir='ltr'>genere</span> <span class='ocrx_word' id='word_1_382' title='bbox 666 1531 758 1556; x_wconf 90' lang='lat' dir='ltr'>multa.</span> <span class='ocrx_word' id='word_1_383' title='bbox 813 1529 854 1556; x_wconf 82' lang='lat' dir='ltr'>Ad</span> <span class='ocrx_word' id='word_1_384' title='bbox 869 1538 936 1564; x_wconf 91' lang='lat' dir='ltr'>quae</span> <span class='ocrx_word' id='word_1_385' title='bbox 948 1529 1025 1562; x_wconf 89' lang='lat' dir='ltr'>dico,</span> <span class='ocrx_word' id='word_1_386' title='bbox 1045 1528 1112 1554; x_wconf 88' lang='lat' dir='ltr'>adeo</span> <span class='ocrx_word' id='word_1_387' title='bbox 1131 1527 1207 1561; x_wconf 83' lang='lat' dir='ltr'>sieri,</span> <span class='ocrx_word' id='word_1_388' title='bbox 1227 1526 1301 1562; x_wconf 88' lang='lat' dir='ltr'>quod</span> 
     </span>
     <span class='ocr_line' id='line_1_38' title="bbox 235 1564 1302 1601; baseline -0.002 -9"><span class='ocrx_word' id='word_1_389' title='bbox 235 1573 326 1593; x_wconf 88' lang='lat' dir='ltr'>natura</span> <span class='ocrx_word' id='word_1_390' title='bbox 340 1575 419 1593; x_wconf 85' lang='lat' dir='ltr'>nemo</span> <span class='ocrx_word' id='word_1_391' title='bbox 434 1567 505 1593; x_wconf 80' lang='lat' dir='ltr'>lusco</span> <span class='ocrx_word' id='word_1_392' title='bbox 519 1567 602 1601; x_wconf 85' lang='lat' dir='ltr'>magis</span> <span class='ocrx_word' id='word_1_393' title='bbox 615 1566 644 1592; x_wconf 83' lang='lat' dir='ltr'>sit</span> <span class='ocrx_word' id='word_1_394' title='bbox 659 1566 757 1598; x_wconf 89' lang='lat' dir='ltr'>luscus,</span> <span class='ocrx_word' id='word_1_395' title='bbox 778 1567 838 1591; x_wconf 84' lang='lat' dir='ltr'>cum</span> <span class='ocrx_word' id='word_1_396' title='bbox 851 1565 956 1592; x_wconf 82' lang='lat' dir='ltr'>stultior</span> <span class='ocrx_word' id='word_1_397' title='bbox 968 1564 1027 1591; x_wconf 87' lang='lat' dir='ltr'>fieri</span> <span class='ocrx_word' id='word_1_398' title='bbox 1043 1564 1175 1590; x_wconf 85' lang='lat' dir='ltr'>videatur.</span> <span class='ocrx_word' id='word_1_399' title='bbox 1233 1564 1302 1590; x_wconf 84' lang='lat' dir='ltr'>Pers.</span> 
     </span>
     <span class='ocr_line' id='line_1_39' title="bbox 235 1600 1302 1637; baseline -0.002 -9"><span class='ocrx_word' id='word_1_400' title='bbox 235 1611 254 1635; x_wconf 87' lang='lat'>1,</span> <span class='ocrx_word' id='word_1_401' title='bbox 269 1608 310 1633; x_wconf 79' lang='lat'>128</span> <span class='ocrx_word' id='word_1_402' title='bbox 346 1617 392 1622; x_wconf 83' lang='lat'>·--</span> <span class='ocrx_word' id='word_1_403' title='bbox 412 1603 458 1637; x_wconf 91' lang='lat' dir='ltr'>qui</span> <span class='ocrx_word' id='word_1_404' title='bbox 473 1601 546 1637; x_wconf 79' lang='lat' dir='ltr'>pellit</span> <span class='ocrx_word' id='word_1_405' title='bbox 560 1602 647 1628; x_wconf 84' lang='lat' dir='ltr'>dicere</span> <span class='ocrx_word' id='word_1_406' title='bbox 663 1602 738 1628; x_wconf 86' lang='lat' dir='ltr'>lusce.</span> <span class='ocrx_word' id='word_1_407' title='bbox 812 1601 869 1628; x_wconf 89' lang='lat' dir='ltr'>Cic.</span> <span class='ocrx_word' id='word_1_408' title='bbox 882 1601 914 1627; x_wconf 89' lang='lat' dir='ltr'>de</span> <span class='ocrx_word' id='word_1_409' title='bbox 927 1602 1003 1627; x_wconf 86' lang='lat' dir='ltr'>Orat.</span> <span class='ocrx_word' id='word_1_410' title='bbox 1018 1608 1049 1633; x_wconf 88' lang='lat'>2,</span> <span class='ocrx_word' id='word_1_411' title='bbox 1066 1603 1115 1633; x_wconf 77' lang='lat'>246</span> <span class='ocrx_word' id='word_1_412' title='bbox 1136 1609 1157 1627; x_wconf 92' lang='lat' dir='ltr'>c.</span> <span class='ocrx_word' id='word_1_413' title='bbox 1171 1602 1206 1626; x_wconf 89' lang='lat'>60</span> <span class='ocrx_word' id='word_1_414' title='bbox 1231 1600 1302 1626; x_wconf 84' lang='lat' dir='ltr'>Coe-</span> 
     </span>
     <span class='ocr_line' id='line_1_40' title="bbox 235 1635 1301 1673; baseline -0.002 -9"><span class='ocrx_word' id='word_1_415' title='bbox 235 1638 320 1671; x_wconf 85' lang='lat' dir='ltr'>nabo,</span> <span class='ocrx_word' id='word_1_416' title='bbox 341 1639 445 1672; x_wconf 88' lang='lat' dir='ltr'>inquit,</span> <span class='ocrx_word' id='word_1_417' title='bbox 465 1638 533 1673; x_wconf 89' lang='lat' dir='ltr'>apud</span> <span class='ocrx_word' id='word_1_418' title='bbox 548 1644 573 1664; x_wconf 92' lang='lat' dir='ltr'>te</span> <span class='ocrx_word' id='word_1_419' title='bbox 587 1637 649 1665; x_wconf 86' lang='lat' dir='ltr'>huic</span> <span class='ocrx_word' id='word_1_420' title='bbox 663 1638 734 1664; x_wconf 84' lang='lat' dir='ltr'>lusco</span> <span class='ocrx_word' id='word_1_421' title='bbox 753 1637 881 1663; x_wconf 71' lang='lat' dir='ltr'>samiliari</span> <span class='ocrx_word' id='word_1_422' title='bbox 895 1646 956 1664; x_wconf 84' lang='lat' dir='ltr'>ineo</span> <span class='ocrx_word' id='word_1_423' title='bbox 973 1637 1003 1663; x_wconf 90' lang='lat' dir='ltr'>C.</span> <span class='ocrx_word' id='word_1_424' title='bbox 1019 1636 1124 1663; x_wconf 86' lang='lat' dir='ltr'>Sextio:</span> <span class='ocrx_word' id='word_1_425' title='bbox 1161 1636 1209 1662; x_wconf 87' lang='lat' dir='ltr'>vni</span> <span class='ocrx_word' id='word_1_426' title='bbox 1228 1635 1301 1662; x_wconf 89' lang='lat' dir='ltr'>enim</span> 
     </span>
     <span class='ocr_line' id='line_1_41' title="bbox 234 1673 424 1700; baseline 0 0"><span class='ocrx_word' id='word_1_427' title='bbox 234 1674 323 1700; x_wconf 86' lang='lat' dir='ltr'>locum</span> <span class='ocrx_word' id='word_1_428' title='bbox 336 1673 424 1700; x_wconf 82' lang='lat' dir='ltr'>video.</span> 
     </span>
     <span class='ocr_line' id='line_1_42' title="bbox 235 1707 1072 1744; baseline -0.002 -8"><span class='ocrx_word' id='word_1_429' title='bbox 235 1715 340 1736; x_wconf 88' lang='lat' dir='ltr'>mento:</span> <span class='ocrx_word' id='word_1_430' title='bbox 379 1710 461 1736; x_wconf 88' lang='lat' dir='ltr'>Tunc</span> <span class='ocrx_word' id='word_1_431' title='bbox 475 1709 559 1741; x_wconf 81' lang='lat' dir='ltr'>furit,</span> <span class='ocrx_word' id='word_1_432' title='bbox 578 1716 656 1744; x_wconf 87' lang='lat' dir='ltr'>atque</span> <span class='ocrx_word' id='word_1_433' title='bbox 674 1709 753 1735; x_wconf 90' lang='lat' dir='ltr'>oculo</span> <span class='ocrx_word' id='word_1_434' title='bbox 766 1709 849 1735; x_wconf 87' lang='lat' dir='ltr'>luscus</span> <span class='ocrx_word' id='word_1_435' title='bbox 863 1715 978 1744; x_wconf 86' lang='lat' dir='ltr'>vtroque</span> <span class='ocrx_word' id='word_1_436' title='bbox 991 1707 1072 1735; x_wconf 90' lang='lat' dir='ltr'>videt.</span> 
     </span>
     <span class='ocr_line' id='line_1_43' title="bbox 235 1744 1015 1780; baseline -0.001 -9"><span class='ocrx_word' id='word_1_437' title='bbox 235 1754 273 1778; x_wconf 89' lang='lat'>10,</span> <span class='ocrx_word' id='word_1_438' title='bbox 290 1749 328 1778; x_wconf 78' lang='lat'>¹58</span> <span class='ocrx_word' id='word_1_439' title='bbox 355 1746 445 1778; x_wconf 74' lang='lat' dir='ltr'>Quum</span> <span class='ocrx_word' id='word_1_440' title='bbox 461 1745 555 1771; x_wconf 86' lang='lat' dir='ltr'>Getula</span> <span class='ocrx_word' id='word_1_441' title='bbox 569 1744 661 1771; x_wconf 87' lang='lat' dir='ltr'>ducem</span> <span class='ocrx_word' id='word_1_442' title='bbox 674 1751 793 1780; x_wconf 83' lang='lat' dir='ltr'>portaret</span> <span class='ocrx_word' id='word_1_443' title='bbox 807 1745 894 1771; x_wconf 79' lang='lat' dir='ltr'>bellua</span> <span class='ocrx_word' id='word_1_444' title='bbox 907 1745 1015 1771; x_wconf 91' lang='lat' dir='ltr'>luscum.</span> 
     </span>
     <span class='ocr_line' id='line_1_44' title="bbox 234 1780 1063 1816; baseline 0.001 -10"><span class='ocrx_word' id='word_1_445' title='bbox 234 1782 319 1807; x_wconf 80' lang='lat' dir='ltr'>halem.</span> <span class='ocrx_word' id='word_1_446' title='bbox 383 1781 485 1816; x_wconf 85' lang='lat' dir='ltr'>Lippo,</span> <span class='ocrx_word' id='word_1_447' title='bbox 510 1789 565 1807; x_wconf 90' lang='lat' dir='ltr'>non</span> <span class='ocrx_word' id='word_1_448' title='bbox 585 1781 655 1807; x_wconf 85' lang='lat' dir='ltr'>lusco</span> <span class='ocrx_word' id='word_1_449' title='bbox 676 1781 785 1813; x_wconf 87' lang='lat' dir='ltr'>collyria</span> <span class='ocrx_word' id='word_1_450' title='bbox 806 1781 882 1816; x_wconf 81' lang='lat' dir='ltr'>nigra</span> <span class='ocrx_word' id='word_1_451' title='bbox 900 1780 1063 1809; x_wconf 83' lang='lat' dir='ltr'>Medenmr:</span> 
     </span>
     <span class='ocr_line' id='line_1_45' title="bbox 234 1816 1024 1850; baseline -0.001 -7"><span class='ocrx_word' id='word_1_452' title='bbox 234 1817 333 1850; x_wconf 87' lang='lat' dir='ltr'>luscus,</span> <span class='ocrx_word' id='word_1_453' title='bbox 354 1826 408 1844; x_wconf 87' lang='lat' dir='ltr'>non</span> <span class='ocrx_word' id='word_1_454' title='bbox 422 1816 468 1843; x_wconf 81' lang='lat' dir='ltr'>nisi</span> <span class='ocrx_word' id='word_1_455' title='bbox 483 1817 566 1843; x_wconf 88' lang='lat' dir='ltr'>luscus</span> <span class='ocrx_word' id='word_1_456' title='bbox 580 1817 632 1843; x_wconf 85' lang='lat' dir='ltr'>erit</span> <span class='ocrx_word' id='word_1_457' title='bbox 646 1817 742 1843; x_wconf 80' lang='lat' dir='ltr'>Alanus</span> <span class='ocrx_word' id='word_1_458' title='bbox 758 1816 845 1843; x_wconf 86' lang='lat' dir='ltr'>Parab.</span> <span class='ocrx_word' id='word_1_459' title='bbox 861 1816 925 1843; x_wconf 70' lang='lat' dir='ltr'>clall&#39;.</span> <span class='ocrx_word' id='word_1_460' title='bbox 940 1826 968 1850; x_wconf 86' lang='lat'>3,</span> <span class='ocrx_word' id='word_1_461' title='bbox 989 1825 1024 1843; x_wconf 80' lang='lat' dir='ltr'>iz.</span> 
     </span>
    </p>
   </div>
   <div class='ocr_carea' id='block_1_3' title="bbox 1091 1708 1303 1816">
    <p class='ocr_par' dir='ltr' id='par_1_10' title="bbox 1091 1708 1303 1816">
     <span class='ocr_line' id='line_1_46' title="bbox 1145 1708 1303 1735; baseline -0.006 -1"><span class='ocrx_word' id='word_1_462' title='bbox 1145 1710 1237 1735; x_wconf 84' lang='lat' dir='ltr'>quen.</span> <span class='ocrx_word' id='word_1_463' title='bbox 1252 1708 1303 1734; x_wconf 87' lang='lat' dir='ltr'>Sat.</span> 
     </span>
     <span class='ocr_line' id='line_1_47' title="bbox 1091 1743 1303 1779; baseline -0.014 -9"><span class='ocrx_word' id='word_1_464' title='bbox 1091 1743 1303 1779; x_wconf 66' lang='lat' dir='ltr'>Intelligitdnni.</span> 
     </span>
     <span class='ocr_line' id='line_1_48' title="bbox 1102 1779 1302 1816; baseline 0 -10"><span class='ocrx_word' id='word_1_465' title='bbox 1102 1781 1149 1816; x_wconf 90' lang='lat' dir='ltr'>qui</span> <span class='ocrx_word' id='word_1_466' title='bbox 1168 1780 1247 1807; x_wconf 87' lang='lat' dir='ltr'>semel</span> <span class='ocrx_word' id='word_1_467' title='bbox 1265 1779 1302 1806; x_wconf 89' lang='lat' dir='ltr'>est</span> 
     </span>
    </p>
   </div>
   <div class='ocr_carea' id='block_1_4' title="bbox 1323 595 1941 630">
    <p class='ocr_par' dir='ltr' id='par_1_11' title="bbox 1323 595 1941 630">
     <span class='ocr_line' id='line_1_49' title="bbox 1323 595 1941 630; baseline 0.006 -8"><span class='ocrx_word' id='word_1_468' title='bbox 1323 603 1352 623; x_wconf 83' lang='lat'>10</span> <span class='ocrx_word' id='word_1_469' title='bbox 1368 595 1449 622; x_wconf 85' lang='lat' dir='ltr'>strum</span> <span class='ocrx_word' id='word_1_470' title='bbox 1463 596 1601 630; x_wconf 80' lang='lat' dir='ltr'>condidit,</span> <span class='ocrx_word' id='word_1_471' title='bbox 1621 603 1647 623; x_wconf 89' lang='lat' dir='ltr'>et</span> <span class='ocrx_word' id='word_1_472' title='bbox 1660 603 1765 628; x_wconf 85' lang='lat' dir='ltr'>taurum</span> <span class='ocrx_word' id='word_1_473' title='bbox 1780 600 1941 628; x_wconf 78' lang='lat' dir='ltr'>immolauit.</span> 
     </span>
    </p>
   </div>
   <div class='ocr_carea' id='block_1_5' title="bbox 1322 777 2112 811">
    <p class='ocr_par' dir='ltr' id='par_1_12' title="bbox 1322 777 2112 811">
     <span class='ocr_line' id='line_1_50' title="bbox 1322 777 2112 811; baseline 0.004 -10"><span class='ocrx_word' id='word_1_474' title='bbox 1322 781 1347 808; x_wconf 75' lang='lat'>15·</span> <span class='ocrx_word' id='word_1_475' title='bbox 1366 783 1411 808; x_wconf 80' lang='lat'>35,</span> <span class='ocrx_word' id='word_1_476' title='bbox 1427 784 1452 808; x_wconf 90' lang='lat'>9.</span> <span class='ocrx_word' id='word_1_477' title='bbox 1464 782 1506 811; x_wconf 85' lang='lat' dir='ltr'>pr.</span> <span class='ocrx_word' id='word_1_478' title='bbox 1538 777 1667 803; x_wconf 78' lang='lat' dir='ltr'>Censores</span> <span class='ocrx_word' id='word_1_479' title='bbox 1681 782 1755 803; x_wconf 78' lang='lat' dir='ltr'>erant</span> <span class='ocrx_word' id='word_1_480' title='bbox 1773 777 1865 811; x_wconf 86' lang='lat' dir='ltr'>priore</span> <span class='ocrx_word' id='word_1_481' title='bbox 1878 785 1947 805; x_wconf 88' lang='lat' dir='ltr'>anno</span> <span class='ocrx_word' id='word_1_482' title='bbox 1960 780 2040 806; x_wconf 85' lang='lat' dir='ltr'>creati</span> <span class='ocrx_word' id='word_1_483' title='bbox 2055 780 2112 805; x_wconf 86' lang='lat' dir='ltr'>Sex.</span> 
     </span>
    </p>
   </div>
   <div class='ocr_carea' id='block_1_6' title="bbox 783 953 1624 988">
    <p class='ocr_par' dir='ltr' id='par_1_13' title="bbox 783 953 1624 988">
     <span class='ocr_line' id='line_1_51' title="bbox 783 953 1624 988; baseline 0 -6"><span class='ocrx_word' id='word_1_484' title='bbox 783 956 849 982; x_wconf 87' lang='lat' dir='ltr'>Plin.</span> <span class='ocrx_word' id='word_1_485' title='bbox 865 964 915 988; x_wconf 86' lang='lat'>29,</span> <span class='ocrx_word' id='word_1_486' title='bbox 935 957 952 981; x_wconf 89' lang='lat'><strong>6</strong></span> <span class='ocrx_word' id='word_1_487' title='bbox 972 955 988 981; x_wconf 93' lang='lat' dir='ltr'>s.</span> <span class='ocrx_word' id='word_1_488' title='bbox 1005 959 1034 986; x_wconf 83' lang='lat'>38</span> <span class='ocrx_word' id='word_1_489' title='bbox 1068 953 1174 980; x_wconf 89' lang='lat' dir='ltr'>Fimum</span> <span class='ocrx_word' id='word_1_490' title='bbox 1195 961 1303 988; x_wconf 90' lang='lat' dir='ltr'>quoque</span> <span class='ocrx_word' id='word_1_491' title='bbox 1319 959 1354 979; x_wconf 85' lang='lat'>20</span> <span class='ocrx_word' id='word_1_492' title='bbox 1366 953 1474 979; x_wconf 82' lang='lat' dir='ltr'>humius</span> <span class='ocrx_word' id='word_1_493' title='bbox 1495 955 1624 983; x_wconf 76' lang='lat' dir='ltr'>condidit.</span> 
     </span>
    </p>
   </div>
   <div class='ocr_carea' id='block_1_7' title="bbox 648 1132 1446 1171">
    <p class='ocr_par' dir='ltr' id='par_1_14' title="bbox 648 1132 1446 1171">
     <span class='ocr_line' id='line_1_52' title="bbox 648 1132 1446 1171; baseline -0.001 -10"><span class='ocrx_word' id='word_1_494' title='bbox 648 1136 740 1162; x_wconf 81' lang='lat' dir='ltr'>Vitium</span> <span class='ocrx_word' id='word_1_495' title='bbox 753 1135 838 1171; x_wconf 58' lang='lat' dir='ltr'>visus,</span> <span class='ocrx_word' id='word_1_496' title='bbox 858 1136 925 1169; x_wconf 85' lang='lat' dir='ltr'>quod</span> <span class='ocrx_word' id='word_1_497' title='bbox 929 1133 1022 1160; x_wconf 80' lang='lat' dir='ltr'>Graeci</span> <span class='ocrx_word' id='word_1_498' title='bbox 1037 1134 1193 1161; x_wconf 66' lang='grc' dir='ltr'>νωιΊαΛωπιάν</span> <span class='ocrx_word' id='word_1_499' title='bbox 1205 1132 1302 1160; x_wconf 71' lang='lat' dir='ltr'>dicunt.</span> <span class='ocrx_word' id='word_1_500' title='bbox 1320 1140 1351 1167; x_wconf 79' lang='lat'>25</span> <span class='ocrx_word' id='word_1_501' title='bbox 1362 1133 1446 1170; x_wconf 77' lang='lat' dir='ltr'>potest.</span> 
     </span>
    </p>
   </div>
   <div class='ocr_carea' id='block_1_8' title="bbox 1352 1242 1729 1278">
    <p class='ocr_par' dir='ltr' id='par_1_15' title="bbox 1352 1242 1729 1278">
     <span class='ocr_line' id='line_1_53' title="bbox 1352 1242 1729 1278; baseline 0.005 -10"><span class='ocrx_word' id='word_1_502' title='bbox 1352 1254 1354 1258; x_wconf 84' lang='lat'><em>·</em></span> <span class='ocrx_word' id='word_1_503' title='bbox 1366 1244 1488 1270; x_wconf 86' lang='lat' dir='ltr'>censores</span> <span class='ocrx_word' id='word_1_504' title='bbox 1501 1242 1729 1278; x_wconf 88' lang='lat' dir='ltr'>persoluebantur.</span> 
     </span>
    </p>
   </div>
   <div class='ocr_carea' id='block_1_9' title="bbox 1786 172 2424 250">
    <p class='ocr_par' dir='ltr' id='par_1_16' title="bbox 1786 172 2424 250">
     <span class='ocr_line' id='line_1_54' title="bbox 1786 172 2424 250; baseline -0.005 -22"><span class='ocrx_word' id='word_1_505' title='bbox 1786 185 1997 228; x_wconf 87' lang='lat' dir='ltr'>LVS</span> <span class='ocrx_word' id='word_1_506' title='bbox 2353 172 2424 250; x_wconf 68' lang='grc' dir='ltr'>148Ι</span> 
     </span>
    </p>
   </div>
   <div class='ocr_carea' id='block_1_10' title="bbox 1366 272 2429 419">
    <p class='ocr_par' dir='ltr' id='par_1_17' title="bbox 1366 272 2429 419">
     <span class='ocr_line' id='line_1_55' title="bbox 1367 272 2428 314; baseline 0 -13"><span class='ocrx_word' id='word_1_507' title='bbox 1367 284 1457 303; x_wconf 85' lang='lat' dir='ltr'>annum</span> <span class='ocrx_word' id='word_1_508' title='bbox 1480 282 1532 304; x_wconf 85' lang='lat' dir='ltr'>CC.</span> <span class='ocrx_word' id='word_1_509' title='bbox 1604 277 1720 305; x_wconf 85' lang='lat' dir='ltr'>Nondum</span> <span class='ocrx_word' id='word_1_510' title='bbox 1741 277 1822 313; x_wconf 77' lang='lat' dir='ltr'>igitur</span> <span class='ocrx_word' id='word_1_511' title='bbox 1842 282 1934 304; x_wconf 76' lang='lat' dir='ltr'>certum</span> <span class='ocrx_word' id='word_1_512' title='bbox 1954 286 1982 303; x_wconf 79' lang='lat' dir='ltr'>ea</span> <span class='ocrx_word' id='word_1_513' title='bbox 1999 272 2137 314; x_wconf 59' lang='lat' dir='ltr'>temiiestate</span> <span class='ocrx_word' id='word_1_514' title='bbox 2156 274 2319 303; x_wconf 71' lang='lat' dir='ltr'>interuallum.</span> <span class='ocrx_word' id='word_1_515' title='bbox 2356 274 2428 302; x_wconf 71' lang='lat' dir='ltr'>Add.</span> 
     </span>
     <span class='ocr_line' id='line_1_56' title="bbox 1367 310 2428 349; baseline 0.001 -13"><span class='ocrx_word' id='word_1_516' title='bbox 1367 317 1422 336; x_wconf 79' lang='lat' dir='ltr'>mox</span> <span class='ocrx_word' id='word_1_517' title='bbox 1434 313 1540 340; x_wconf 76' lang='lat' dir='ltr'>dicenda</span> <span class='ocrx_word' id='word_1_518' title='bbox 1561 322 1586 340; x_wconf 89' lang='lat' dir='ltr'>n.</span> <span class='ocrx_word' id='word_1_519' title='bbox 1601 323 1628 347; x_wconf 78' lang='lat'>4.</span> <span class='ocrx_word' id='word_1_520' title='bbox 1684 316 1733 340; x_wconf 80' lang='lat' dir='ltr'>Sed</span> <span class='ocrx_word' id='word_1_521' title='bbox 1745 324 1787 340; x_wconf 64' lang='grc' dir='ltr'>ηπ</span> <span class='ocrx_word' id='word_1_522' title='bbox 1795 313 1890 349; x_wconf 78' lang='lat' dir='ltr'>semper</span> <span class='ocrx_word' id='word_1_523' title='bbox 1903 314 1980 340; x_wconf 86' lang='lat' dir='ltr'>censu</span> <span class='ocrx_word' id='word_1_524' title='bbox 1992 313 2052 340; x_wconf 66' lang='lat' dir='ltr'>aeto</span> <span class='ocrx_word' id='word_1_525' title='bbox 2067 313 2176 341; x_wconf 87' lang='lat' dir='ltr'>lustrum</span> <span class='ocrx_word' id='word_1_526' title='bbox 2190 312 2265 338; x_wconf 77' lang='lat' dir='ltr'>etiam</span> <span class='ocrx_word' id='word_1_527' title='bbox 2279 310 2428 338; x_wconf 89' lang='lat' dir='ltr'>conditum.</span> 
     </span>
     <span class='ocr_line' id='line_1_57' title="bbox 1366 346 2428 385; baseline -0.007 -6"><span class='ocrx_word' id='word_1_528' title='bbox 1366 353 1392 384; x_wconf 57' lang='grc' dir='ltr'>ὐς</span> <span class='ocrx_word' id='word_1_529' title='bbox 1404 355 1433 379; x_wconf 74' lang='lat' dir='ltr'>g·</span> <span class='ocrx_word' id='word_1_530' title='bbox 1453 347 1511 375; x_wconf 76' lang='lat' dir='ltr'>l-iu·</span> <span class='ocrx_word' id='word_1_531' title='bbox 1524 359 1536 382; x_wconf 86' lang='grc'>3</span> <span class='ocrx_word' id='word_1_532' title='bbox 1546 370 1554 382; x_wconf 89' lang='grc'>,</span> <span class='ocrx_word' id='word_1_533' title='bbox 1569 358 1610 377; x_wconf 82' lang='lat'>22.</span> <span class='ocrx_word' id='word_1_534' title='bbox 1624 357 1666 385; x_wconf 78' lang='lat' dir='ltr'>pr.</span> <span class='ocrx_word' id='word_1_535' title='bbox 1704 350 1802 376; x_wconf 84' lang='lat' dir='ltr'>Census</span> <span class='ocrx_word' id='word_1_536' title='bbox 1815 349 1888 375; x_wconf 68' lang='lat' dir='ltr'>aGms</span> <span class='ocrx_word' id='word_1_537' title='bbox 1908 357 1941 375; x_wconf 86' lang='lat' dir='ltr'>eo</span> <span class='ocrx_word' id='word_1_538' title='bbox 1956 357 2041 375; x_wconf 88' lang='lat' dir='ltr'>anno:</span> <span class='ocrx_word' id='word_1_539' title='bbox 2078 349 2189 376; x_wconf 82' lang='lat' dir='ltr'>lustrum</span> <span class='ocrx_word' id='word_1_540' title='bbox 2204 354 2313 383; x_wconf 87' lang='lat' dir='ltr'>propter</span> <span class='ocrx_word' id='word_1_541' title='bbox 2330 346 2428 381; x_wconf 81' lang='lat' dir='ltr'>capito-</span> 
     </span>
     <span class='ocr_line' id='line_1_58' title="bbox 1366 380 2429 419; baseline -0.004 -8"><span class='ocrx_word' id='word_1_542' title='bbox 1366 380 1434 406; x_wconf 76' lang='lat' dir='ltr'>hum</span> <span class='ocrx_word' id='word_1_543' title='bbox 1447 390 1548 416; x_wconf 76' lang='lat' dir='ltr'>captum</span> <span class='ocrx_word' id='word_1_544' title='bbox 1557 405 1564 419; x_wconf 87' lang='lat'>,</span> <span class='ocrx_word' id='word_1_545' title='bbox 1586 385 1719 412; x_wconf 87' lang='lat' dir='ltr'>consulem</span> <span class='ocrx_word' id='word_1_546' title='bbox 1732 386 1848 412; x_wconf 85' lang='lat' dir='ltr'>occisum</span> <span class='ocrx_word' id='word_1_547' title='bbox 1857 405 1864 418; x_wconf 86' lang='lat'>‚</span> <span class='ocrx_word' id='word_1_548' title='bbox 1881 384 1961 411; x_wconf 87' lang='lat' dir='ltr'>condi</span> <span class='ocrx_word' id='word_1_549' title='bbox 1973 383 2127 419; x_wconf 81' lang='lat' dir='ltr'>religiosum</span> <span class='ocrx_word' id='word_1_550' title='bbox 2141 385 2202 412; x_wconf 90' lang='lat' dir='ltr'>fuit.</span> <span class='ocrx_word' id='word_1_551' title='bbox 2259 384 2300 409; x_wconf 78' lang='lat' dir='ltr'>Sic</span> <span class='ocrx_word' id='word_1_552' title='bbox 2312 382 2371 409; x_wconf 89' lang='lat' dir='ltr'>Liu.</span> <span class='ocrx_word' id='word_1_553' title='bbox 2382 390 2429 416; x_wconf 88' lang='lat'>24,</span> 
     </span>
    </p>
   </div>
   <div class='ocr_carea' id='block_1_11' title="bbox 1329 418 2429 456">
    <p class='ocr_par' dir='ltr' id='par_1_18' title="bbox 1329 418 2429 456">
     <span class='ocr_line' id='line_1_59' title="bbox 1329 418 2429 456; baseline -0.004 -8"><span class='ocrx_word' id='word_1_554' title='bbox 1329 427 1342 453; x_wconf 74' lang='grc'><em>5</em></span> <span class='ocrx_word' id='word_1_555' title='bbox 1366 425 1407 448; x_wconf 81' lang='lat'>43-</span> <span class='ocrx_word' id='word_1_556' title='bbox 1423 423 1463 450; x_wconf 83' lang='lat' dir='ltr'>pr.</span> <span class='ocrx_word' id='word_1_557' title='bbox 1500 419 1542 446; x_wconf 76' lang='lat' dir='ltr'>Ne</span> <span class='ocrx_word' id='word_1_558' title='bbox 1566 422 1676 448; x_wconf 86' lang='lat' dir='ltr'>lustrum</span> <span class='ocrx_word' id='word_1_559' title='bbox 1701 421 1856 456; x_wconf 86' lang='lat' dir='ltr'>perficerent</span> <span class='ocrx_word' id='word_1_560' title='bbox 1877 422 2012 453; x_wconf 69' lang='lat' dir='ltr'>censoreS,</span> <span class='ocrx_word' id='word_1_561' title='bbox 2041 429 2113 455; x_wconf 69' lang='lat' dir='ltr'>mors</span> <span class='ocrx_word' id='word_1_562' title='bbox 2131 419 2272 456; x_wconf 86' lang='lat' dir='ltr'>prohibuit</span> <span class='ocrx_word' id='word_1_563' title='bbox 2297 419 2323 445; x_wconf 85' lang='grc' dir='ltr'>Ρ.</span> <span class='ocrx_word' id='word_1_564' title='bbox 2343 418 2429 445; x_wconf 87' lang='lat' dir='ltr'>Furii.</span> 
     </span>
    </p>
   </div>
   <div class='ocr_carea' id='block_1_12' title="bbox 1366 452 2432 740">
    <p class='ocr_par' dir='ltr' id='par_1_19' title="bbox 1366 452 2432 740">
     <span class='ocr_line' id='line_1_60' title="bbox 1371 452 2428 491; baseline 0.001 -12"><span class='ocrx_word' id='word_1_565' title='bbox 1371 452 1623 484; x_wconf 50' lang='lat' dir='ltr'>itionum-lustrum</span> <span class='ocrx_word' id='word_1_566' title='bbox 1636 457 1773 484; x_wconf 87' lang='lat' dir='ltr'>conditum</span> <span class='ocrx_word' id='word_1_567' title='bbox 1789 456 1942 483; x_wconf 84' lang='lat' dir='ltr'>censoribus</span> <span class='ocrx_word' id='word_1_568' title='bbox 1950 457 2064 491; x_wconf 86' lang='lat' dir='ltr'>plurium</span> <span class='ocrx_word' id='word_1_569' title='bbox 2084 465 2198 489; x_wconf 84' lang='lat' dir='ltr'>numero,</span> <span class='ocrx_word' id='word_1_570' title='bbox 2222 463 2251 482; x_wconf 85' lang='lat' dir='ltr'>vt</span> <span class='ocrx_word' id='word_1_571' title='bbox 2272 455 2346 481; x_wconf 79' lang='lat' dir='ltr'>etiam</span> <span class='ocrx_word' id='word_1_572' title='bbox 2365 453 2428 480; x_wconf 88' lang='lat' dir='ltr'>Liu.</span> 
     </span>
     <span class='ocr_line' id='line_1_61' title="bbox 1366 488 2429 530; baseline -0.005 -10"><span class='ocrx_word' id='word_1_573' title='bbox 1366 496 1420 530; x_wconf 60' lang='lat'>⁴30⁷</span> <span class='ocrx_word' id='word_1_574' title='bbox 1440 490 1473 520; x_wconf 80' lang='lat'>46</span> <span class='ocrx_word' id='word_1_575' title='bbox 1493 488 1619 528; x_wconf 34' lang='lat' dir='ltr'>,Lustrum</span> <span class='ocrx_word' id='word_1_576' title='bbox 1638 493 1772 520; x_wconf 82' lang='lat' dir='ltr'>condatis:</span> <span class='ocrx_word' id='word_1_577' title='bbox 1810 500 1890 519; x_wconf 82' lang='lat' dir='ltr'>tamen</span> <span class='ocrx_word' id='word_1_578' title='bbox 1911 494 1941 518; x_wconf 84' lang='lat' dir='ltr'>ab</span> <span class='ocrx_word' id='word_1_579' title='bbox 1961 501 2010 518; x_wconf 81' lang='lat' dir='ltr'>vno</span> <span class='ocrx_word' id='word_1_580' title='bbox 2027 491 2129 527; x_wconf 81' lang='lat' dir='ltr'>proprie</span> <span class='ocrx_word' id='word_1_581' title='bbox 2148 491 2210 517; x_wconf 73' lang='lat' dir='ltr'>illust</span> <span class='ocrx_word' id='word_1_582' title='bbox 2223 491 2323 526; x_wconf 65' lang='lat' dir='ltr'>fat‘lum</span> <span class='ocrx_word' id='word_1_583' title='bbox 2341 491 2429 515; x_wconf 73' lang='lat' dir='ltr'>docent</span> 
     </span>
     <span class='ocr_line' id='line_1_62' title="bbox 1366 524 2430 565; baseline -0.004 -10"><span class='ocrx_word' id='word_1_584' title='bbox 1366 524 1442 564; x_wconf 59' lang='lat' dir='ltr'>ssas,</span> <span class='ocrx_word' id='word_1_585' title='bbox 1467 524 1522 551; x_wconf 68' lang='lat' dir='ltr'>Cle·</span> <span class='ocrx_word' id='word_1_586' title='bbox 1538 524 1569 565; x_wconf 55' lang='lat' dir='ltr'>d?</span> <span class='ocrx_word' id='word_1_587' title='bbox 1589 527 1662 556; x_wconf 84' lang='lat' dir='ltr'>Orat.</span> <span class='ocrx_word' id='word_1_588' title='bbox 1678 538 1711 563; x_wconf 84' lang='lat'>2,</span> <span class='ocrx_word' id='word_1_589' title='bbox 1731 533 1777 560; x_wconf 67' lang='lat'>268</span> <span class='ocrx_word' id='word_1_590' title='bbox 1805 529 1892 555; x_wconf 82' lang='lat' dir='ltr'>Asello</span> <span class='ocrx_word' id='word_1_591' title='bbox 1911 528 2051 554; x_wconf 84' lang='lat' dir='ltr'>Africanus</span> <span class='ocrx_word' id='word_1_592' title='bbox 2071 526 2212 553; x_wconf 88' lang='lat' dir='ltr'>obiicienti</span> <span class='ocrx_word' id='word_1_593' title='bbox 2230 526 2341 554; x_wconf 84' lang='lat' dir='ltr'>lustrum</span> <span class='ocrx_word' id='word_1_594' title='bbox 2361 524 2430 551; x_wconf 84' lang='lat' dir='ltr'>illud</span> 
     </span>
     <span class='ocr_line' id='line_1_63' title="bbox 1367 559 2431 598; baseline -0.004 -7"><span class='ocrx_word' id='word_1_595' title='bbox 1367 559 1477 593; x_wconf 64' lang='lat' dir='ltr'>lufellxa</span> <span class='ocrx_word' id='word_1_596' title='bbox 1500 560 1582 594; x_wconf 61' lang='grc' dir='ltr'><strong>ΝΟΜ,</strong></span> <span class='ocrx_word' id='word_1_597' title='bbox 1603 561 1708 598; x_wconf 79' lang='lat' dir='ltr'>i¹¹quit‚</span> <span class='ocrx_word' id='word_1_598' title='bbox 1727 565 1838 592; x_wconf 82' lang='lat' dir='ltr'>mirari:</span> <span class='ocrx_word' id='word_1_599' title='bbox 1876 564 1898 590; x_wconf 89' lang='lat' dir='ltr'>is</span> <span class='ocrx_word' id='word_1_600' title='bbox 1907 564 1989 597; x_wconf 87' lang='lat' dir='ltr'>enim,</span> <span class='ocrx_word' id='word_1_601' title='bbox 2003 564 2082 598; x_wconf 85' lang='lat' dir='ltr'>quite</span> <span class='ocrx_word' id='word_1_602' title='bbox 2096 572 2128 590; x_wconf 81' lang='lat' dir='ltr'>ex</span> <span class='ocrx_word' id='word_1_603' title='bbox 2140 562 2248 589; x_wconf 88' lang='lat' dir='ltr'>aerariis</span> <span class='ocrx_word' id='word_1_604' title='bbox 2261 561 2370 594; x_wconf 83' lang='lat' dir='ltr'>exemit,</span> <span class='ocrx_word' id='word_1_605' title='bbox 2390 561 2431 587; x_wconf 89' lang='lat' dir='ltr'>lu-</span> 
     </span>
     <span class='ocr_line' id='line_1_64' title="bbox 1999 596 2430 633; baseline -0.007 -8"><span class='ocrx_word' id='word_1_606' title='bbox 1999 600 2094 625; x_wconf 85' lang='lat' dir='ltr'>Sortiri</span> <span class='ocrx_word' id='word_1_607' title='bbox 2114 605 2195 624; x_wconf 79' lang='lat' dir='ltr'>autem</span> <span class='ocrx_word' id='word_1_608' title='bbox 2212 598 2324 633; x_wconf 78' lang='lat' dir='ltr'>solebant</span> <span class='ocrx_word' id='word_1_609' title='bbox 2344 596 2430 632; x_wconf 84' lang='lat' dir='ltr'>Censo-</span> 
     </span>
     <span class='ocr_line' id='line_1_65' title="bbox 1369 632 2432 671; baseline 0.002 -15"><span class='ocrx_word' id='word_1_610' title='bbox 1369 641 1424 671; x_wconf 52' lang='lat' dir='ltr'>res)</span> <span class='ocrx_word' id='word_1_611' title='bbox 1445 640 1503 657; x_wconf 61' lang='lat' dir='ltr'>‘riter</span> <span class='ocrx_word' id='word_1_612' title='bbox 1522 632 1625 668; x_wconf 79' lang='lat' dir='ltr'>lustrum</span> <span class='ocrx_word' id='word_1_613' title='bbox 1644 635 1763 661; x_wconf 78' lang='lat' dir='ltr'>conderet.</span> <span class='ocrx_word' id='word_1_614' title='bbox 1835 637 1895 663; x_wconf 90' lang='lat' dir='ltr'>Liu.</span> <span class='ocrx_word' id='word_1_615' title='bbox 1912 644 1961 669; x_wconf 84' lang='lat'>29,</span> <span class='ocrx_word' id='word_1_616' title='bbox 1985 642 2017 670; x_wconf 84' lang='grc'>37</span> <span class='ocrx_word' id='word_1_617' title='bbox 2049 634 2174 662; x_wconf 83' lang='lat' dir='ltr'>Lustrum</span> <span class='ocrx_word' id='word_1_618' title='bbox 2195 633 2311 660; x_wconf 87' lang='lat' dir='ltr'>condunt</span> <span class='ocrx_word' id='word_1_619' title='bbox 2331 633 2432 666; x_wconf 85' lang='lat' dir='ltr'>serius,</span> 
     </span>
     <span class='ocr_line' id='line_1_66' title="bbox 1369 668 2430 707; baseline 0.001 -14"><span class='ocrx_word' id='word_1_620' title='bbox 1369 676 1431 701; x_wconf 80' lang='lat' dir='ltr'>quia</span> <span class='ocrx_word' id='word_1_621' title='bbox 1451 676 1497 707; x_wconf 78' lang='lat' dir='ltr'>per</span> <span class='ocrx_word' id='word_1_622' title='bbox 1516 668 1667 703; x_wconf 84' lang='lat' dir='ltr'>prouincias</span> <span class='ocrx_word' id='word_1_623' title='bbox 1687 668 1841 699; x_wconf 84' lang='lat' dir='ltr'>dimiserunt</span> <span class='ocrx_word' id='word_1_624' title='bbox 1858 673 2003 705; x_wconf 80' lang='lat' dir='ltr'>Censores,</span> <span class='ocrx_word' id='word_1_625' title='bbox 2029 677 2057 697; x_wconf 82' lang='lat' dir='ltr'>vt</span> <span class='ocrx_word' id='word_1_626' title='bbox 2077 670 2177 697; x_wconf 87' lang='lat' dir='ltr'>ciuium</span> <span class='ocrx_word' id='word_1_627' title='bbox 2197 670 2381 695; x_wconf 86' lang='lat' dir='ltr'>Romanorum</span> <span class='ocrx_word' id='word_1_628' title='bbox 2400 668 2430 694; x_wconf 88' lang='lat' dir='ltr'>in</span> 
     </span>
     <span class='ocr_line' id='line_1_67' title="bbox 1367 703 2430 740; baseline 0.001 -11"><span class='ocrx_word' id='word_1_629' title='bbox 1367 703 1527 730; x_wconf 83' lang='lat' dir='ltr'>exercitibus</span> <span class='ocrx_word' id='word_1_630' title='bbox 1542 711 1653 739; x_wconf 87' lang='lat' dir='ltr'>quantus</span> <span class='ocrx_word' id='word_1_631' title='bbox 1667 704 1767 740; x_wconf 89' lang='lat' dir='ltr'>vbique</span> <span class='ocrx_word' id='word_1_632' title='bbox 1779 707 1838 733; x_wconf 87' lang='lat' dir='ltr'>esset</span> <span class='ocrx_word' id='word_1_633' title='bbox 1857 709 2006 735; x_wconf 78' lang='lat' dir='ltr'>referretur</span> <span class='ocrx_word' id='word_1_634' title='bbox 2024 714 2160 733; x_wconf 75' lang='lat' dir='ltr'>numerus,</span> <span class='ocrx_word' id='word_1_635' title='bbox 2216 705 2299 732; x_wconf 82' lang='lat' dir='ltr'>Censa</span> <span class='ocrx_word' id='word_1_636' title='bbox 2317 713 2376 730; x_wconf 87' lang='lat' dir='ltr'>cum</span> <span class='ocrx_word' id='word_1_637' title='bbox 2396 704 2430 730; x_wconf 89' lang='lat' dir='ltr'>iis</span> 
     </span>
    </p>
   </div>
   <div class='ocr_carea' id='block_1_13' title="bbox 1364 738 2464 1312">
    <p class='ocr_par' dir='ltr' id='par_1_20' title="bbox 1364 738 2464 1312">
     <span class='ocr_line' id='line_1_68' title="bbox 1369 738 2431 773; baseline 0 -8"><span class='ocrx_word' id='word_1_638' title='bbox 1369 744 1386 765; x_wconf 93' lang='lat' dir='ltr'>C</span> <span class='ocrx_word' id='word_1_639' title='bbox 1397 745 1413 766; x_wconf 91' lang='lat' dir='ltr'>C</span> <span class='ocrx_word' id='word_1_640' title='bbox 1422 746 1441 765; x_wconf 83' lang='lat' dir='ltr'>x</span> <span class='ocrx_word' id='word_1_641' title='bbox 1450 746 1470 766; x_wconf 91' lang='lat' dir='ltr'>V</span> <span class='ocrx_word' id='word_1_642' title='bbox 1487 740 1572 766; x_wconf 88' lang='lat' dir='ltr'>millia</span> <span class='ocrx_word' id='word_1_643' title='bbox 1587 740 1739 767; x_wconf 88' lang='lat' dir='ltr'>hominum.</span> <span class='ocrx_word' id='word_1_644' title='bbox 1773 741 1892 769; x_wconf 78' lang='lat' dir='ltr'>condidit</span> <span class='ocrx_word' id='word_1_645' title='bbox 1903 744 2014 770; x_wconf 80' lang='lat' dir='ltr'>lustrum</span> <span class='ocrx_word' id='word_1_646' title='bbox 2027 744 2058 770; x_wconf 93' lang='lat' dir='ltr'>C.</span> <span class='ocrx_word' id='word_1_647' title='bbox 2072 741 2199 768; x_wconf 87' lang='lat' dir='ltr'>Claudius</span> <span class='ocrx_word' id='word_1_648' title='bbox 2214 741 2300 767; x_wconf 86' lang='lat' dir='ltr'>Nero.</span> <span class='ocrx_word' id='word_1_649' title='bbox 2340 765 2344 773; x_wconf 74' lang='lat'>.</span> <span class='ocrx_word' id='word_1_650' title='bbox 2356 738 2431 766; x_wconf 87' lang='lat' dir='ltr'>Idem</span> 
     </span>
     <span class='ocr_line' id='line_1_69' title="bbox 2170 777 2432 809; baseline -0.011 -5"><span class='ocrx_word' id='word_1_651' title='bbox 2170 777 2260 804; x_wconf 86' lang='lat' dir='ltr'>Aelius</span> <span class='ocrx_word' id='word_1_652' title='bbox 2278 777 2385 809; x_wconf 76' lang='lat' dir='ltr'>Paetus,</span> <span class='ocrx_word' id='word_1_653' title='bbox 2406 779 2432 801; x_wconf 86' lang='lat' dir='ltr'>ct</span> 
     </span>
     <span class='ocr_line' id='line_1_70' title="bbox 1367 811 2433 847; baseline 0.001 -10"><span class='ocrx_word' id='word_1_654' title='bbox 1367 811 1398 837; x_wconf 91' lang='lat' dir='ltr'>C.</span> <span class='ocrx_word' id='word_1_655' title='bbox 1419 811 1562 838; x_wconf 82' lang='lat' dir='ltr'>Cornelius</span> <span class='ocrx_word' id='word_1_656' title='bbox 1583 811 1725 847; x_wconf 78' lang='lat' dir='ltr'>Cethegus.</span> <span class='ocrx_word' id='word_1_657' title='bbox 1790 812 1933 839; x_wconf 88' lang='lat' dir='ltr'>Cornelius</span> <span class='ocrx_word' id='word_1_658' title='bbox 1954 815 2063 842; x_wconf 82' lang='lat' dir='ltr'>lustrum</span> <span class='ocrx_word' id='word_1_659' title='bbox 2083 812 2212 841; x_wconf 85' lang='lat' dir='ltr'>condidit.</span> <span class='ocrx_word' id='word_1_660' title='bbox 2277 813 2305 838; x_wconf 80' lang='lat' dir='ltr'>Et</span> <span class='ocrx_word' id='word_1_661' title='bbox 2325 816 2369 845; x_wconf 78' lang='lat'>38,</span> <span class='ocrx_word' id='word_1_662' title='bbox 2391 813 2433 843; x_wconf 81' lang='lat'>36.</span> 
     </span>
     <span class='ocr_line' id='line_1_71' title="bbox 1367 845 2433 886; baseline 0.004 -13"><span class='ocrx_word' id='word_1_663' title='bbox 1367 854 1433 873; x_wconf 83' lang='lat' dir='ltr'>extr.</span> <span class='ocrx_word' id='word_1_664' title='bbox 1471 848 1509 874; x_wconf 88' lang='lat' dir='ltr'>M.</span> <span class='ocrx_word' id='word_1_665' title='bbox 1528 847 1654 875; x_wconf 78' lang='lat' dir='ltr'>Claudius</span> <span class='ocrx_word' id='word_1_666' title='bbox 1676 849 1817 875; x_wconf 84' lang='lat' dir='ltr'>Marcellus</span> <span class='ocrx_word' id='word_1_667' title='bbox 1832 848 1950 882; x_wconf 85' lang='lat' dir='ltr'>Censor,</span> <span class='ocrx_word' id='word_1_668' title='bbox 1969 850 2038 877; x_wconf 84' lang='lat' dir='ltr'>sorte</span> <span class='ocrx_word' id='word_1_669' title='bbox 2050 852 2171 886; x_wconf 82' lang='lat' dir='ltr'>superato</span> <span class='ocrx_word' id='word_1_670' title='bbox 2190 849 2230 877; x_wconf 82' lang='lat' dir='ltr'>T.</span> <span class='ocrx_word' id='word_1_671' title='bbox 2242 848 2375 882; x_wconf 76' lang='lat' dir='ltr'>Qlintio,</span> <span class='ocrx_word' id='word_1_672' title='bbox 2393 845 2433 873; x_wconf 51' lang='lat' dir='ltr'>11¹ss</span> 
     </span>
     <span class='ocr_line' id='line_1_72' title="bbox 1367 882 2430 920; baseline 0 -12"><span class='ocrx_word' id='word_1_673' title='bbox 1367 883 1450 908; x_wconf 84' lang='lat' dir='ltr'>strum</span> <span class='ocrx_word' id='word_1_674' title='bbox 1463 882 1593 910; x_wconf 81' lang='lat' dir='ltr'>condidit.</span> <span class='ocrx_word' id='word_1_675' title='bbox 1651 885 1744 920; x_wconf 68' lang='lat' dir='ltr'>Rmsus</span> <span class='ocrx_word' id='word_1_676' title='bbox 1756 893 1807 918; x_wconf 85' lang='lat'>42,</span> <span class='ocrx_word' id='word_1_677' title='bbox 1828 893 1865 910; x_wconf 89' lang='lat'>10.</span> <span class='ocrx_word' id='word_1_678' title='bbox 1881 891 1922 919; x_wconf 84' lang='lat' dir='ltr'>pr.</span> <span class='ocrx_word' id='word_1_679' title='bbox 1955 884 1994 910; x_wconf 85' lang='lat' dir='ltr'>Eo</span> <span class='ocrx_word' id='word_1_680' title='bbox 2011 893 2080 912; x_wconf 88' lang='lat' dir='ltr'>anno</span> <span class='ocrx_word' id='word_1_681' title='bbox 2098 886 2210 913; x_wconf 87' lang='lat' dir='ltr'>lustrum</span> <span class='ocrx_word' id='word_1_682' title='bbox 2229 883 2367 910; x_wconf 88' lang='lat' dir='ltr'>conditum</span> <span class='ocrx_word' id='word_1_683' title='bbox 2385 882 2430 909; x_wconf 84' lang='lat' dir='ltr'>est.</span> 
     </span>
     <span class='ocr_line' id='line_1_73' title="bbox 1366 918 2433 954; baseline 0.001 -11"><span class='ocrx_word' id='word_1_684' title='bbox 1366 919 1496 944; x_wconf 82' lang='lat' dir='ltr'>Censores</span> <span class='ocrx_word' id='word_1_685' title='bbox 1510 925 1600 952; x_wconf 77' lang='lat' dir='ltr'>erant,</span> <span class='ocrx_word' id='word_1_686' title='bbox 1625 920 1663 954; x_wconf 74' lang='lat' dir='ltr'>Q</span> <span class='ocrx_word' id='word_1_687' title='bbox 1681 921 1790 947; x_wconf 78' lang='lat' dir='ltr'>Fuluius</span> <span class='ocrx_word' id='word_1_688' title='bbox 1809 920 1932 954; x_wconf 81' lang='lat' dir='ltr'>Flaccus,</span> <span class='ocrx_word' id='word_1_689' title='bbox 1958 920 1989 946; x_wconf 88' lang='lat' dir='ltr'>L.</span> <span class='ocrx_word' id='word_1_690' title='bbox 2008 920 2172 948; x_wconf 81' lang='lat' dir='ltr'>Posthurnius</span> <span class='ocrx_word' id='word_1_691' title='bbox 2187 920 2307 948; x_wconf 83' lang='lat' dir='ltr'>Albinus.</span> <span class='ocrx_word' id='word_1_692' title='bbox 2363 918 2433 945; x_wconf 85' lang='lat' dir='ltr'>Pof&#39;t-</span> 
     </span>
     <span class='ocr_line' id='line_1_74' title="bbox 1688 953 2433 991; baseline -0.004 -9"><span class='ocrx_word' id='word_1_693' title='bbox 1688 958 1816 982; x_wconf 75' lang='lat' dir='ltr'>Caeterum</span> <span class='ocrx_word' id='word_1_694' title='bbox 1832 955 1881 991; x_wconf 84' lang='lat' dir='ltr'>ipso</span> <span class='ocrx_word' id='word_1_695' title='bbox 1899 957 1941 982; x_wconf 80' lang='lat' dir='ltr'>hoc</span> <span class='ocrx_word' id='word_1_696' title='bbox 1958 955 2040 982; x_wconf 89' lang='lat' dir='ltr'>lustro</span> <span class='ocrx_word' id='word_1_697' title='bbox 2053 956 2178 990; x_wconf 82' lang='lat' dir='ltr'>condito,</span> <span class='ocrx_word' id='word_1_698' title='bbox 2202 966 2256 982; x_wconf 87' lang='lat' dir='ltr'>cum</span> <span class='ocrx_word' id='word_1_699' title='bbox 2269 953 2433 990; x_wconf 73' lang='lat' dir='ltr'>consummari</span> 
     </span>
     <span class='ocr_line' id='line_1_75' title="bbox 1364 989 2434 1026; baseline 0.005 -12"><span class='ocrx_word' id='word_1_700' title='bbox 1364 991 1458 1015; x_wconf 81' lang='lat' dir='ltr'>demum</span> <span class='ocrx_word' id='word_1_701' title='bbox 1470 990 1552 1026; x_wconf 82' lang='lat' dir='ltr'>census</span> <span class='ocrx_word' id='word_1_702' title='bbox 1565 997 1588 1016; x_wconf 83' lang='lat' dir='ltr'>et</span> <span class='ocrx_word' id='word_1_703' title='bbox 1601 991 1695 1026; x_wconf 79' lang='lat' dir='ltr'>absolui</span> <span class='ocrx_word' id='word_1_704' title='bbox 1706 993 1853 1022; x_wconf 71' lang='lat' dir='ltr'>videretur,</span> <span class='ocrx_word' id='word_1_705' title='bbox 1871 993 1930 1018; x_wconf 83' lang='lat' dir='ltr'>hinc</span> <span class='ocrx_word' id='word_1_706' title='bbox 1941 992 1998 1018; x_wconf 86' lang='lat' dir='ltr'>Cic.</span> <span class='ocrx_word' id='word_1_707' title='bbox 2014 991 2046 1018; x_wconf 88' lang='lat' dir='ltr'>de</span> <span class='ocrx_word' id='word_1_708' title='bbox 2060 992 2135 1018; x_wconf 82' lang='lat' dir='ltr'>Orat.</span> <span class='ocrx_word' id='word_1_709' title='bbox 2148 1000 2174 1025; x_wconf 85' lang='grc' dir='ltr'>ι,</span> <span class='ocrx_word' id='word_1_710' title='bbox 2186 999 2226 1025; x_wconf 82' lang='grc'>183</span> <span class='ocrx_word' id='word_1_711' title='bbox 2247 1001 2268 1018; x_wconf 85' lang='lat' dir='ltr'>c.</span> <span class='ocrx_word' id='word_1_712' title='bbox 2281 1000 2318 1024; x_wconf 70' lang='lat'>40</span> <span class='ocrx_word' id='word_1_713' title='bbox 2346 989 2434 1022; x_wconf 61' lang='lat' dir='ltr'>Qffle·</span> 
     </span>
     <span class='ocr_line' id='line_1_76' title="bbox 1366 1025 2434 1061; baseline 0 -10"><span class='ocrx_word' id='word_1_714' title='bbox 1366 1025 1446 1058; x_wconf 88' lang='lat' dir='ltr'>ritur,</span> <span class='ocrx_word' id='word_1_715' title='bbox 1468 1025 1490 1051; x_wconf 89' lang='lat' dir='ltr'>is</span> <span class='ocrx_word' id='word_1_716' title='bbox 1499 1046 1507 1059; x_wconf 90' lang='lat'>,</span> <span class='ocrx_word' id='word_1_717' title='bbox 1528 1025 1575 1061; x_wconf 90' lang='lat' dir='ltr'>qui</span> <span class='ocrx_word' id='word_1_718' title='bbox 1590 1026 1696 1054; x_wconf 87' lang='lat' dir='ltr'>domini</span> <span class='ocrx_word' id='word_1_719' title='bbox 1709 1029 1846 1056; x_wconf 88' lang='lat' dir='ltr'>voluntate</span> <span class='ocrx_word' id='word_1_720' title='bbox 1859 1028 1948 1054; x_wconf 78' lang='lat' dir='ltr'>census</span> <span class='ocrx_word' id='word_1_721' title='bbox 1956 1027 1984 1054; x_wconf 82' lang='lat' dir='ltr'>sit</span> <span class='ocrx_word' id='word_1_722' title='bbox 1993 1048 2002 1061; x_wconf 95' lang='lat'>,</span> <span class='ocrx_word' id='word_1_723' title='bbox 2022 1027 2202 1060; x_wconf 82' lang='lat' dir='ltr'>continuone,</span> <span class='ocrx_word' id='word_1_724' title='bbox 2213 1036 2251 1056; x_wconf 72' lang='lat' dir='ltr'>,an</span> <span class='ocrx_word' id='word_1_725' title='bbox 2263 1026 2309 1054; x_wconf 82' lang='lat' dir='ltr'>vbi</span> <span class='ocrx_word' id='word_1_726' title='bbox 2323 1026 2434 1053; x_wconf 79' lang='lat' dir='ltr'>lustrum</span> 
     </span>
     <span class='ocr_line' id='line_1_77' title="bbox 1366 1061 2437 1096; baseline 0.001 -9"><span class='ocrx_word' id='word_1_727' title='bbox 1366 1061 1522 1096; x_wconf 86' lang='lat' dir='ltr'>conditum,</span> <span class='ocrx_word' id='word_1_728' title='bbox 1549 1062 1619 1089; x_wconf 83' lang='lat' dir='ltr'>liber</span> <span class='ocrx_word' id='word_1_729' title='bbox 1637 1062 1685 1089; x_wconf 71' lang='lat' dir='ltr'>sit?</span> <span class='ocrx_word' id='word_1_730' title='bbox 1741 1066 1775 1090; x_wconf 83' lang='lat' dir='ltr'>It.</span> <span class='ocrx_word' id='word_1_731' title='bbox 1796 1064 1851 1091; x_wconf 85' lang='lat' dir='ltr'>Cic.</span> <span class='ocrx_word' id='word_1_732' title='bbox 1868 1064 1921 1090; x_wconf 89' lang='lat' dir='ltr'>Att.</span> <span class='ocrx_word' id='word_1_733' title='bbox 1938 1072 1964 1096; x_wconf 88' lang='grc'>1,</span> <span class='ocrx_word' id='word_1_734' title='bbox 1983 1069 2007 1094; x_wconf 78' lang='lat'>18</span> <span class='ocrx_word' id='word_1_735' title='bbox 2033 1063 2078 1090; x_wconf 84' lang='lat' dir='ltr'>fin.</span> <span class='ocrx_word' id='word_1_736' title='bbox 2115 1062 2168 1090; x_wconf 85' lang='lat' dir='ltr'>Sub</span> <span class='ocrx_word' id='word_1_737' title='bbox 2186 1062 2297 1090; x_wconf 85' lang='lat' dir='ltr'>lustrum</span> <span class='ocrx_word' id='word_1_738' title='bbox 2317 1061 2437 1094; x_wconf 85' lang='lat' dir='ltr'>censeri,</span> 
     </span>
     <span class='ocr_line' id='line_1_78' title="bbox 1366 1098 2437 1134; baseline -0.003 -10"><span class='ocrx_word' id='word_1_739' title='bbox 1366 1099 1488 1132; x_wconf 82' lang='lat' dir='ltr'>germani</span> <span class='ocrx_word' id='word_1_740' title='bbox 1500 1099 1657 1125; x_wconf 82' lang='lat' dir='ltr'>mercatoris</span> <span class='ocrx_word' id='word_1_741' title='bbox 1670 1098 1722 1132; x_wconf 85' lang='lat' dir='ltr'>est,</span> <span class='ocrx_word' id='word_1_742' title='bbox 1741 1099 1759 1124; x_wconf 85' lang='lat' dir='ltr'>i.</span> <span class='ocrx_word' id='word_1_743' title='bbox 1774 1107 1822 1124; x_wconf 84' lang='lat' dir='ltr'>non</span> <span class='ocrx_word' id='word_1_744' title='bbox 1831 1099 1920 1134; x_wconf 85' lang='lat' dir='ltr'>prius,</span> <span class='ocrx_word' id='word_1_745' title='bbox 1941 1109 2012 1134; x_wconf 86' lang='lat' dir='ltr'>quam</span> <span class='ocrx_word' id='word_1_746' title='bbox 2025 1109 2078 1125; x_wconf 80' lang='lat' dir='ltr'>cum</span> <span class='ocrx_word' id='word_1_747' title='bbox 2092 1099 2142 1125; x_wconf 82' lang='lat' dir='ltr'>iam</span> <span class='ocrx_word' id='word_1_748' title='bbox 2155 1098 2261 1133; x_wconf 74' lang='lat' dir='ltr'>differri</span> <span class='ocrx_word' id='word_1_749' title='bbox 2271 1098 2366 1124; x_wconf 73' lang='lat' dir='ltr'>diunius</span> <span class='ocrx_word' id='word_1_750' title='bbox 2386 1105 2437 1123; x_wconf 82' lang='lat' dir='ltr'>non</span> 
     </span>
     <span class='ocr_line' id='line_1_79' title="bbox 1505 1132 2437 1170; baseline -0.001 -10"><span class='ocrx_word' id='word_1_751' title='bbox 1505 1136 1597 1170; x_wconf 81' lang='lat' dir='ltr'>Nempe</span> <span class='ocrx_word' id='word_1_752' title='bbox 1609 1135 1729 1160; x_wconf 77' lang='lat' dir='ltr'>tributum</span> <span class='ocrx_word' id='word_1_753' title='bbox 1735 1135 1814 1168; x_wconf 83' lang='lat' dir='ltr'>fimul</span> <span class='ocrx_word' id='word_1_754' title='bbox 1827 1144 1858 1160; x_wconf 81' lang='lat' dir='ltr'>ex</span> <span class='ocrx_word' id='word_1_755' title='bbox 1872 1134 1941 1170; x_wconf 84' lang='lat' dir='ltr'>censu</span> <span class='ocrx_word' id='word_1_756' title='bbox 1955 1135 2090 1169; x_wconf 85' lang='lat' dir='ltr'>confertur.</span> <span class='ocrx_word' id='word_1_757' title='bbox 2164 1135 2252 1160; x_wconf 88' lang='lat' dir='ltr'>Varro</span> <span class='ocrx_word' id='word_1_758' title='bbox 2273 1132 2305 1159; x_wconf 84' lang='lat' dir='ltr'>de</span> <span class='ocrx_word' id='word_1_759' title='bbox 2317 1133 2347 1159; x_wconf 91' lang='lat' dir='ltr'>L.</span> <span class='ocrx_word' id='word_1_760' title='bbox 2359 1133 2390 1160; x_wconf 91' lang='lat' dir='ltr'>L.</span> <span class='ocrx_word' id='word_1_761' title='bbox 2411 1140 2437 1165; x_wconf 86' lang='lat'>5,</span> 
     </span>
     <span class='ocr_line' id='line_1_80' title="bbox 1583 1168 2441 1205; baseline -0.003 -8"><span class='ocrx_word' id='word_1_762' title='bbox 1583 1170 1707 1198; x_wconf 78' lang='lat' dir='ltr'>Lustrmn</span> <span class='ocrx_word' id='word_1_763' title='bbox 1720 1171 1890 1197; x_wconf 83' lang='lat' dir='ltr'>nominatum</span> <span class='ocrx_word' id='word_1_764' title='bbox 1903 1176 2005 1205; x_wconf 86' lang='lat' dir='ltr'>tempus</span> <span class='ocrx_word' id='word_1_765' title='bbox 2018 1170 2215 1205; x_wconf 84' lang='lat' dir='ltr'>&#39;quinquennale</span> <span class='ocrx_word' id='word_1_766' title='bbox 2228 1178 2241 1195; x_wconf 92' lang='lat' dir='ltr'>a</span> <span class='ocrx_word' id='word_1_767' title='bbox 2255 1168 2365 1201; x_wconf 87' lang='lat' dir='ltr'>luendo,</span> <span class='ocrx_word' id='word_1_768' title='bbox 2383 1168 2441 1202; x_wconf 64' lang='lat' dir='ltr'>hoe.</span> 
     </span>
     <span class='ocr_line' id='line_1_81' title="bbox 1603 1204 2439 1242; baseline -0.005 -9"><span class='ocrx_word' id='word_1_769' title='bbox 1603 1207 1676 1242; x_wconf 91' lang='lat' dir='ltr'>quod</span> <span class='ocrx_word' id='word_1_770' title='bbox 1692 1206 1789 1242; x_wconf 88' lang='lat' dir='ltr'>quinto</span> <span class='ocrx_word' id='word_1_771' title='bbox 1802 1215 1909 1242; x_wconf 88' lang='lat' dir='ltr'>quoque</span> <span class='ocrx_word' id='word_1_772' title='bbox 1921 1214 1992 1232; x_wconf 86' lang='lat' dir='ltr'>anno</span> <span class='ocrx_word' id='word_1_773' title='bbox 2005 1206 2146 1240; x_wconf 70' lang='lat' dir='ltr'>ve8figalia</span> <span class='ocrx_word' id='word_1_774' title='bbox 2159 1212 2186 1232; x_wconf 89' lang='lat' dir='ltr'>et</span> <span class='ocrx_word' id='word_1_775' title='bbox 2198 1206 2269 1233; x_wconf 83' lang='lat' dir='ltr'>vltro</span> <span class='ocrx_word' id='word_1_776' title='bbox 2277 1204 2377 1231; x_wconf 86' lang='lat' dir='ltr'>tributa</span> <span class='ocrx_word' id='word_1_777' title='bbox 2389 1211 2439 1238; x_wconf 77' lang='lat' dir='ltr'>pet</span> 
     </span>
     <span class='ocr_line' id='line_1_82' title="bbox 1805 1238 2464 1277; baseline -0.006 -8"><span class='ocrx_word' id='word_1_778' title='bbox 1805 1243 1862 1269; x_wconf 86' lang='lat' dir='ltr'>Cic.</span> <span class='ocrx_word' id='word_1_779' title='bbox 1876 1244 1930 1269; x_wconf 87' lang='lat' dir='ltr'>Att.</span> <span class='ocrx_word' id='word_1_780' title='bbox 1944 1244 1977 1275; x_wconf 90' lang='lat'>6,</span> <span class='ocrx_word' id='word_1_781' title='bbox 1996 1250 2013 1268; x_wconf 81' lang='lat'>2</span> <span class='ocrx_word' id='word_1_782' title='bbox 2044 1241 2168 1274; x_wconf 67' lang='lat' dir='ltr'>Qlaefiui</span> <span class='ocrx_word' id='word_1_783' title='bbox 2188 1241 2243 1277; x_wconf 79' lang='lat' dir='ltr'>ipse</span> <span class='ocrx_word' id='word_1_784' title='bbox 2263 1241 2296 1267; x_wconf 90' lang='lat' dir='ltr'>de</span> <span class='ocrx_word' id='word_1_785' title='bbox 2313 1241 2363 1275; x_wconf 87' lang='lat' dir='ltr'>iis,</span> <span class='ocrx_word' id='word_1_786' title='bbox 2389 1238 2439 1274; x_wconf 76' lang='lat' dir='ltr'>qui</span> <span class='ocrx_word' id='word_1_787' title='bbox 2458 1261 2464 1262; x_wconf 55' lang='lat'>.</span> 
     </span>
     <span class='ocr_line' id='line_1_83' title="bbox 2158 1276 2438 1312; baseline -0.011 -8"><span class='ocrx_word' id='word_1_788' title='bbox 2158 1278 2255 1312; x_wconf 84' lang='lat' dir='ltr'>Aperte</span> <span class='ocrx_word' id='word_1_789' title='bbox 2275 1276 2438 1303; x_wconf 81' lang='lat' dir='ltr'>fatebantur.</span> 
     </span>
    </p>
   </div>
   <div class='ocr_carea' id='block_1_14' title="bbox 1366 1173 1563 1234">
    <p class='ocr_par' dir='ltr' id='par_1_21' title="bbox 1366 1173 1563 1234">
     <span class='ocr_line' id='line_1_84' title="bbox 1366 1173 1563 1234; baseline 0.01 -2"><span class='ocrx_word' id='word_1_790' title='bbox 1366 1173 1548 1233; x_wconf 42' lang='lat' dir='ltr'>gstpsoigerijdo</span> <span class='ocrx_word' id='word_1_791' title='bbox 1558 1217 1563 1234; x_wconf 76' lang='grc' dir='ltr'>ε</span> 
     </span>
    </p>
   </div>
   <div class='ocr_carea' id='block_1_15' title="bbox 1366 1279 2096 1314">
    <p class='ocr_par' dir='ltr' id='par_1_22' title="bbox 1366 1279 2096 1314">
     <span class='ocr_line' id='line_1_85' title="bbox 1366 1279 2096 1314; baseline 0 -10"><span class='ocrx_word' id='word_1_792' title='bbox 1366 1279 1442 1304; x_wconf 86' lang='lat' dir='ltr'>annis</span> <span class='ocrx_word' id='word_1_793' title='bbox 1467 1279 1557 1305; x_wconf 87' lang='lat' dir='ltr'>decem</span> <span class='ocrx_word' id='word_1_794' title='bbox 1585 1279 1716 1314; x_wconf 84' lang='lat' dir='ltr'>proximis</span> <span class='ocrx_word' id='word_1_795' title='bbox 1749 1279 1930 1313; x_wconf 79' lang='lat' dir='ltr'>magistratum</span> <span class='ocrx_word' id='word_1_796' title='bbox 1961 1279 2096 1313; x_wconf 81' lang='lat' dir='ltr'>gesserant.</span> 
     </span>
    </p>
   </div>
   <div class='ocr_carea' id='block_1_16' title="bbox 1189 1312 2440 1350">
    <p class='ocr_par' dir='ltr' id='par_1_23' title="bbox 1189 1312 2440 1350">
     <span class='ocr_line' id='line_1_86' title="bbox 1189 1312 2440 1350; baseline -0.001 -12"><span class='ocrx_word' id='word_1_797' title='bbox 1189 1314 1303 1350; x_wconf 78' lang='lat' dir='ltr'>Qidam</span> <span class='ocrx_word' id='word_1_798' title='bbox 1318 1315 1459 1349; x_wconf 83' lang='lat' dir='ltr'>301taque</span> <span class='ocrx_word' id='word_1_799' title='bbox 1478 1314 1530 1341; x_wconf 84' lang='lat' dir='ltr'>sine</span> <span class='ocrx_word' id='word_1_800' title='bbox 1550 1316 1602 1342; x_wconf 89' lang='lat' dir='ltr'>vlla</span> <span class='ocrx_word' id='word_1_801' title='bbox 1621 1315 1773 1349; x_wconf 82' lang='lat' dir='ltr'>ignominia</span> <span class='ocrx_word' id='word_1_802' title='bbox 1793 1315 1844 1341; x_wconf 80' lang='lat' dir='ltr'>suis</span> <span class='ocrx_word' id='word_1_803' title='bbox 1869 1314 1987 1341; x_wconf 85' lang='lat' dir='ltr'>humeris</span> <span class='ocrx_word' id='word_1_804' title='bbox 2006 1314 2129 1349; x_wconf 80' lang='lat' dir='ltr'>pecunias</span> <span class='ocrx_word' id='word_1_805' title='bbox 2149 1313 2256 1348; x_wconf 84' lang='lat' dir='ltr'>populis</span> <span class='ocrx_word' id='word_1_806' title='bbox 2278 1312 2440 1343; x_wconf 69' lang='lat' dir='ltr'>retulerunt.</span> 
     </span>
    </p>
   </div>
   <div class='ocr_carea' id='block_1_17' title="bbox 1366 1346 2438 1493">
    <p class='ocr_par' dir='ltr' id='par_1_24' title="bbox 1366 1346 2438 1493">
     <span class='ocr_line' id='line_1_87' title="bbox 1366 1346 2438 1385; baseline -0.004 -9"><span class='ocrx_word' id='word_1_807' title='bbox 1366 1351 1463 1385; x_wconf 88' lang='lat' dir='ltr'>Populi</span> <span class='ocrx_word' id='word_1_808' title='bbox 1481 1357 1570 1377; x_wconf 87' lang='lat' dir='ltr'>autem</span> <span class='ocrx_word' id='word_1_809' title='bbox 1591 1350 1667 1376; x_wconf 90' lang='lat' dir='ltr'>nullo</span> <span class='ocrx_word' id='word_1_810' title='bbox 1686 1351 1787 1384; x_wconf 75' lang='lat' dir='ltr'>gemitu</span> <span class='ocrx_word' id='word_1_811' title='bbox 1806 1350 1969 1385; x_wconf 87' lang='lat' dir='ltr'>publicanis,</span> <span class='ocrx_word' id='word_1_812' title='bbox 2001 1349 2099 1385; x_wconf 85' lang='lat' dir='ltr'>quibus</span> <span class='ocrx_word' id='word_1_813' title='bbox 2119 1349 2170 1376; x_wconf 90' lang='lat' dir='ltr'>hoc</span> <span class='ocrx_word' id='word_1_814' title='bbox 2190 1350 2247 1385; x_wconf 88' lang='lat' dir='ltr'>ipso</span> <span class='ocrx_word' id='word_1_815' title='bbox 2265 1347 2348 1375; x_wconf 82' lang='lat' dir='ltr'>lustro</span> <span class='ocrx_word' id='word_1_816' title='bbox 2366 1346 2438 1374; x_wconf 81' lang='lat' dir='ltr'>nihil</span> 
     </span>
     <span class='ocr_line' id='line_1_88' title="bbox 1366 1383 2438 1421; baseline -0.003 -9"><span class='ocrx_word' id='word_1_817' title='bbox 1366 1386 1518 1420; x_wconf 85' lang='lat' dir='ltr'>soluerant,</span> <span class='ocrx_word' id='word_1_818' title='bbox 1543 1387 1622 1413; x_wconf 85' lang='lat' dir='ltr'>etiam</span> <span class='ocrx_word' id='word_1_819' title='bbox 1643 1386 1789 1421; x_wconf 80' lang='lat' dir='ltr'>superioris</span> <span class='ocrx_word' id='word_1_820' title='bbox 1809 1386 1883 1412; x_wconf 81' lang='lat' dir='ltr'>lustri</span> <span class='ocrx_word' id='word_1_821' title='bbox 1903 1387 2067 1421; x_wconf 80' lang='lat' dir='ltr'>(pecunias)</span> <span class='ocrx_word' id='word_1_822' title='bbox 2087 1385 2242 1414; x_wconf 87' lang='lat' dir='ltr'>retulerunt.</span> <span class='ocrx_word' id='word_1_823' title='bbox 2304 1384 2345 1410; x_wconf 82' lang='lat' dir='ltr'>Sic</span> <span class='ocrx_word' id='word_1_824' title='bbox 2369 1383 2438 1409; x_wconf 79' lang='lat' dir='ltr'>Plin.</span> 
     </span>
     <span class='ocr_line' id='line_1_89' title="bbox 1367 1419 2438 1457; baseline -0.004 -9"><span class='ocrx_word' id='word_1_825' title='bbox 1367 1422 1446 1456; x_wconf 77' lang='lat' dir='ltr'>Epist.</span> <span class='ocrx_word' id='word_1_826' title='bbox 1460 1432 1488 1456; x_wconf 85' lang='lat'>9,</span> <span class='ocrx_word' id='word_1_827' title='bbox 1507 1429 1538 1457; x_wconf 84' lang='lat'>37</span> <span class='ocrx_word' id='word_1_828' title='bbox 1571 1423 1643 1450; x_wconf 85' lang='lat' dir='ltr'>Nam</span> <span class='ocrx_word' id='word_1_829' title='bbox 1662 1423 1754 1457; x_wconf 87' lang='lat' dir='ltr'>priore</span> <span class='ocrx_word' id='word_1_830' title='bbox 1775 1422 1874 1456; x_wconf 87' lang='lat' dir='ltr'>lustro,</span> <span class='ocrx_word' id='word_1_831' title='bbox 1895 1430 2055 1457; x_wconf 88' lang='lat' dir='ltr'>quamquam</span> <span class='ocrx_word' id='word_1_832' title='bbox 2069 1422 2125 1457; x_wconf 81' lang='lat' dir='ltr'>post</span> <span class='ocrx_word' id='word_1_833' title='bbox 2139 1429 2244 1456; x_wconf 82' lang='lat' dir='ltr'>magnas</span> <span class='ocrx_word' id='word_1_834' title='bbox 2257 1419 2438 1452; x_wconf 83' lang='lat' dir='ltr'>remiffiones,</span> 
     </span>
     <span class='ocr_line' id='line_1_90' title="bbox 1366 1454 2438 1493; baseline -0.004 -9"><span class='ocrx_word' id='word_1_835' title='bbox 1366 1458 1470 1493; x_wconf 81' lang='lat' dir='ltr'>reliqua</span> <span class='ocrx_word' id='word_1_836' title='bbox 1483 1464 1634 1486; x_wconf 82' lang='lat' dir='ltr'>creuerunt.</span> <span class='ocrx_word' id='word_1_837' title='bbox 1689 1459 1790 1484; x_wconf 72' lang='lat' dir='ltr'>Indicas</span> <span class='ocrx_word' id='word_1_838' title='bbox 1804 1459 1870 1483; x_wconf 77' lang='lat' dir='ltr'>alias</span> <span class='ocrx_word' id='word_1_839' title='bbox 1882 1459 1957 1484; x_wconf 77' lang='lat' dir='ltr'>etiam</span> <span class='ocrx_word' id='word_1_840' title='bbox 1970 1459 2101 1484; x_wconf 78' lang='lat' dir='ltr'>locationes</span> <span class='ocrx_word' id='word_1_841' title='bbox 2115 1458 2142 1483; x_wconf 86' lang='lat' dir='ltr'>in</span> <span class='ocrx_word' id='word_1_842' title='bbox 2157 1457 2337 1492; x_wconf 71' lang='lat' dir='ltr'>lttstrafhHas.</span> <span class='ocrx_word' id='word_1_843' title='bbox 2395 1454 2438 1480; x_wconf 81' lang='lat' dir='ltr'>Sic</span> 
     </span>
    </p>
   </div>
   <div class='ocr_carea' id='block_1_18' title="bbox 1321 1491 2438 1529">
    <p class='ocr_par' dir='ltr' id='par_1_25' title="bbox 1321 1491 2438 1529">
     <span class='ocr_line' id='line_1_91' title="bbox 1321 1491 2438 1529; baseline -0.003 -10"><span class='ocrx_word' id='word_1_844' title='bbox 1321 1497 1349 1523; x_wconf 75' lang='lat'>33</span> <span class='ocrx_word' id='word_1_845' title='bbox 1366 1493 1473 1528; x_wconf 85' lang='lat' dir='ltr'>leian.</span> <span class='ocrx_word' id='word_1_846' title='bbox 1487 1494 1505 1520; x_wconf 92' lang='grc' dir='ltr'>Ι.</span> <span class='ocrx_word' id='word_1_847' title='bbox 1532 1494 1558 1520; x_wconf 86' lang='lat' dir='ltr'>Si</span> <span class='ocrx_word' id='word_1_848' title='bbox 1578 1495 1637 1529; x_wconf 89' lang='lat' dir='ltr'>quis</span> <span class='ocrx_word' id='word_1_849' title='bbox 1657 1503 1704 1520; x_wconf 91' lang='lat' dir='ltr'>nec</span> <span class='ocrx_word' id='word_1_850' title='bbox 1717 1495 1819 1521; x_wconf 84' lang='lat' dir='ltr'>causam</span> <span class='ocrx_word' id='word_1_851' title='bbox 1840 1493 1873 1520; x_wconf 83' lang='lat' dir='ltr'>D.</span> <span class='ocrx_word' id='word_1_852' title='bbox 1889 1493 1921 1520; x_wconf 90' lang='lat' dir='ltr'>de</span> <span class='ocrx_word' id='word_1_853' title='bbox 1934 1493 2012 1521; x_wconf 85' lang='lat' dir='ltr'>rebus</span> <span class='ocrx_word' id='word_1_854' title='bbox 2027 1493 2149 1527; x_wconf 85' lang='lat' dir='ltr'>creditis,</span> <span class='ocrx_word' id='word_1_855' title='bbox 2175 1494 2246 1520; x_wconf 90' lang='lat' dir='ltr'>Nam</span> <span class='ocrx_word' id='word_1_856' title='bbox 2261 1491 2307 1519; x_wconf 83' lang='lat' dir='ltr'>etsi</span> <span class='ocrx_word' id='word_1_857' title='bbox 2325 1491 2438 1518; x_wconf 72' lang='lat' dir='ltr'>colonu!</span> 
     </span>
    </p>
   </div>
   <div class='ocr_carea' id='block_1_19' title="bbox 1365 1525 2442 1673">
    <p class='ocr_par' dir='ltr' id='par_1_26' title="bbox 1365 1525 2442 1565">
     <span class='ocr_line' id='line_1_92' title="bbox 1365 1525 2442 1565; baseline -0.004 -10"><span class='ocrx_word' id='word_1_858' title='bbox 1365 1529 1424 1562; x_wconf 89' lang='lat' dir='ltr'>post</span> <span class='ocrx_word' id='word_1_859' title='bbox 1437 1529 1548 1556; x_wconf 86' lang='lat' dir='ltr'>lustrum</span> <span class='ocrx_word' id='word_1_860' title='bbox 1564 1530 1727 1565; x_wconf 88' lang='lat' dir='ltr'>completum</span> <span class='ocrx_word' id='word_1_861' title='bbox 1741 1529 1846 1556; x_wconf 57' lang='lat' dir='ltr'>fruetus</span> <span class='ocrx_word' id='word_1_862' title='bbox 1864 1530 2028 1565; x_wconf 83' lang='lat' dir='ltr'>perceperit,</span> <span class='ocrx_word' id='word_1_863' title='bbox 2050 1530 2155 1557; x_wconf 79' lang='lat' dir='ltr'>conditi</span> <span class='ocrx_word' id='word_1_864' title='bbox 2164 1538 2211 1557; x_wconf 88' lang='lat' dir='ltr'>eos</span> <span class='ocrx_word' id='word_1_865' title='bbox 2223 1528 2332 1555; x_wconf 83' lang='lat' dir='ltr'>constat.</span> <span class='ocrx_word' id='word_1_866' title='bbox 2390 1525 2442 1551; x_wconf 80' lang='lat' dir='ltr'>Sed</span> 
     </span>
    </p>

    <p class='ocr_par' dir='ltr' id='par_1_27' title="bbox 1365 1561 2440 1673">
     <span class='ocr_line' id='line_1_93' title="bbox 1408 1561 2438 1601; baseline -0.004 -10"><span class='ocrx_word' id='word_1_867' title='bbox 1408 1574 1428 1598; x_wconf 83' lang='lat'>4</span> <span class='ocrx_word' id='word_1_868' title='bbox 1465 1568 1504 1591; x_wconf 79' lang='lat' dir='ltr'>De</span> <span class='ocrx_word' id='word_1_869' title='bbox 1511 1565 1661 1599; x_wconf 74' lang='lat' dir='ltr'>inm-uallis,</span> <span class='ocrx_word' id='word_1_870' title='bbox 1674 1566 1761 1601; x_wconf 80' lang='lat' dir='ltr'>quibus</span> <span class='ocrx_word' id='word_1_871' title='bbox 1769 1565 1893 1594; x_wconf 79' lang='lat' dir='ltr'>Lustrum</span> <span class='ocrx_word' id='word_1_872' title='bbox 1901 1566 2070 1600; x_wconf 83' lang='lat' dir='ltr'>conderetur,</span> <span class='ocrx_word' id='word_1_873' title='bbox 2078 1567 2129 1592; x_wconf 86' lang='lat' dir='ltr'>iam</span> <span class='ocrx_word' id='word_1_874' title='bbox 2136 1566 2276 1592; x_wconf 75' lang='lat' dir='ltr'>dicendum.</span> <span class='ocrx_word' id='word_1_875' title='bbox 2296 1561 2438 1590; x_wconf 77' lang='lat' dir='ltr'>Censorin.</span> 
     </span>
     <span class='ocr_line' id='line_1_94' title="bbox 1366 1601 2440 1637; baseline -0.004 -9"><span class='ocrx_word' id='word_1_876' title='bbox 1366 1615 1375 1629; x_wconf 74' lang='grc'>1</span> <span class='ocrx_word' id='word_1_877' title='bbox 1385 1610 1399 1628; x_wconf 93' lang='lat' dir='ltr'>e</span> <span class='ocrx_word' id='word_1_878' title='bbox 1412 1601 1463 1628; x_wconf 90' lang='lat' dir='ltr'>Die</span> <span class='ocrx_word' id='word_1_879' title='bbox 1476 1608 1527 1628; x_wconf 90' lang='lat' dir='ltr'>nat.</span> <span class='ocrx_word' id='word_1_880' title='bbox 1542 1606 1576 1633; x_wconf 84' lang='lat'>¹8·</span> <span class='ocrx_word' id='word_1_881' title='bbox 1591 1610 1658 1628; x_wconf 79' lang='lat' dir='ltr'>extr.</span> <span class='ocrx_word' id='word_1_882' title='bbox 1695 1612 1748 1628; x_wconf 85' lang='lat' dir='ltr'>cum</span> <span class='ocrx_word' id='word_1_883' title='bbox 1761 1602 1864 1637; x_wconf 69' lang='lat' dir='ltr'>dixiffit</span> <span class='ocrx_word' id='word_1_884' title='bbox 1879 1603 1909 1628; x_wconf 82' lang='lat' dir='ltr'>de</span> <span class='ocrx_word' id='word_1_885' title='bbox 1924 1602 2082 1637; x_wconf 81' lang='lat' dir='ltr'>Olympiade</span> <span class='ocrx_word' id='word_1_886' title='bbox 2092 1622 2101 1635; x_wconf 93' lang='lat'><strong>‚</strong></span> <span class='ocrx_word' id='word_1_887' title='bbox 2125 1607 2286 1637; x_wconf 85' lang='lat' dir='ltr'>quaternum</span> <span class='ocrx_word' id='word_1_888' title='bbox 2304 1603 2440 1625; x_wconf 82' lang='lat' dir='ltr'>annorum</span> 
     </span>
     <span class='ocr_line' id='line_1_95' title="bbox 1365 1634 2439 1673; baseline -0.005 -8"><span class='ocrx_word' id='word_1_889' title='bbox 1365 1637 1497 1672; x_wconf 82' lang='lat' dir='ltr'>circuitu,</span> <span class='ocrx_word' id='word_1_890' title='bbox 1519 1639 1608 1672; x_wconf 76' lang='lat' dir='ltr'>addit,</span> <span class='ocrx_word' id='word_1_891' title='bbox 1635 1637 1711 1665; x_wconf 72' lang='lat' dir='ltr'>Idem&#39;</span> <span class='ocrx_word' id='word_1_892' title='bbox 1723 1644 1825 1673; x_wconf 85' lang='lat' dir='ltr'>tempus</span> <span class='ocrx_word' id='word_1_893' title='bbox 1838 1638 1901 1667; x_wconf 79' lang='lat' dir='ltr'>armi</span> <span class='ocrx_word' id='word_1_894' title='bbox 1914 1638 2004 1673; x_wconf 86' lang='lat' dir='ltr'>magui</span> <span class='ocrx_word' id='word_1_895' title='bbox 2012 1637 2137 1665; x_wconf 84' lang='lat' dir='ltr'>Romanis</span> <span class='ocrx_word' id='word_1_896' title='bbox 2150 1636 2213 1670; x_wconf 76' lang='lat' dir='ltr'>fuit,</span> <span class='ocrx_word' id='word_1_897' title='bbox 2233 1635 2306 1671; x_wconf 87' lang='lat' dir='ltr'>quod</span> <span class='ocrx_word' id='word_1_898' title='bbox 2313 1634 2439 1662; x_wconf 81' lang='lat' dir='ltr'>Lustrum</span> 
     </span>
    </p>
   </div>
   <div class='ocr_carea' id='block_1_20' title="bbox 494 1671 2439 1710">
    <p class='ocr_par' dir='ltr' id='par_1_28' title="bbox 494 1671 2439 1710">
     <span class='ocr_line' id='line_1_96' title="bbox 494 1671 2439 1710; baseline -0.005 -6"><span class='ocrx_word' id='word_1_899' title='bbox 494 1673 610 1700; x_wconf 86' lang='lat' dir='ltr'>Martial.</span> <span class='ocrx_word' id='word_1_900' title='bbox 624 1679 647 1706; x_wconf 82' lang='lat'>8,</span> <span class='ocrx_word' id='word_1_901' title='bbox 667 1682 695 1706; x_wconf 77' lang='lat'>53</span> <span class='ocrx_word' id='word_1_902' title='bbox 728 1673 805 1699; x_wconf 68' lang='lat' dir='ltr'>Hunc</span> <span class='ocrx_word' id='word_1_903' title='bbox 823 1678 851 1699; x_wconf 72' lang='lat' dir='ltr'>tu</span> <span class='ocrx_word' id='word_1_904' title='bbox 871 1673 1014 1699; x_wconf 89' lang='lat' dir='ltr'>conuiuam</span> <span class='ocrx_word' id='word_1_905' title='bbox 1033 1679 1123 1699; x_wconf 86' lang='lat' dir='ltr'>cautus</span> <span class='ocrx_word' id='word_1_906' title='bbox 1143 1673 1229 1699; x_wconf 62' lang='lat' dir='ltr'>Vitare</span> <span class='ocrx_word' id='word_1_907' title='bbox 1249 1680 1302 1698; x_wconf 71' lang='lat' dir='ltr'>me·</span> <span class='ocrx_word' id='word_1_908' title='bbox 1317 1679 1355 1706; x_wconf 89' lang='lat'>40</span> <span class='ocrx_word' id='word_1_909' title='bbox 1365 1673 1547 1710; x_wconf 85' lang='lat' dir='ltr'>appellabant;</span> <span class='ocrx_word' id='word_1_910' title='bbox 1585 1674 1622 1700; x_wconf 89' lang='lat' dir='ltr'>ita</span> <span class='ocrx_word' id='word_1_911' title='bbox 1636 1674 1744 1708; x_wconf 88' lang='lat' dir='ltr'>quidem</span> <span class='ocrx_word' id='word_1_912' title='bbox 1758 1683 1771 1700; x_wconf 91' lang='lat' dir='ltr'>a</span> <span class='ocrx_word' id='word_1_913' title='bbox 1785 1674 1879 1701; x_wconf 81' lang='lat' dir='ltr'>Seruio</span> <span class='ocrx_word' id='word_1_914' title='bbox 1893 1673 1993 1701; x_wconf 86' lang='lat' dir='ltr'>Tullio</span> <span class='ocrx_word' id='word_1_915' title='bbox 2008 1674 2176 1706; x_wconf 85' lang='lat' dir='ltr'>institutum,</span> <span class='ocrx_word' id='word_1_916' title='bbox 2195 1678 2241 1706; x_wconf 83' lang='lat' dir='ltr'>vt,</span> <span class='ocrx_word' id='word_1_917' title='bbox 2260 1671 2357 1707; x_wconf 82' lang='lat' dir='ltr'>quinto</span> <span class='ocrx_word' id='word_1_918' title='bbox 2371 1677 2439 1704; x_wconf 89' lang='lat' dir='ltr'>quo-</span> 
     </span>
    </p>
   </div>
   <div class='ocr_carea' id='block_1_21' title="bbox 1366 1706 2440 1853">
    <p class='ocr_par' dir='ltr' id='par_1_29' title="bbox 1366 1706 2440 1853">
     <span class='ocr_line' id='line_1_97' title="bbox 1367 1706 2439 1746; baseline -0.006 -9"><span class='ocrx_word' id='word_1_919' title='bbox 1367 1720 1419 1746; x_wconf 89' lang='lat' dir='ltr'>que</span> <span class='ocrx_word' id='word_1_920' title='bbox 1437 1718 1508 1736; x_wconf 87' lang='lat' dir='ltr'>auno</span> <span class='ocrx_word' id='word_1_921' title='bbox 1529 1710 1606 1736; x_wconf 88' lang='lat' dir='ltr'>censu</span> <span class='ocrx_word' id='word_1_922' title='bbox 1625 1710 1727 1737; x_wconf 83' lang='lat' dir='ltr'>ciuium</span> <span class='ocrx_word' id='word_1_923' title='bbox 1748 1710 1858 1743; x_wconf 87' lang='lat' dir='ltr'>habito,</span> <span class='ocrx_word' id='word_1_924' title='bbox 1884 1709 1996 1737; x_wconf 86' lang='lat' dir='ltr'>lustrum</span> <span class='ocrx_word' id='word_1_925' title='bbox 2018 1710 2193 1737; x_wconf 76' lang='lat' dir='ltr'>conderetur:</span> <span class='ocrx_word' id='word_1_926' title='bbox 2231 1708 2274 1735; x_wconf 89' lang='lat' dir='ltr'>sed</span> <span class='ocrx_word' id='word_1_927' title='bbox 2293 1716 2348 1734; x_wconf 88' lang='lat' dir='ltr'>non</span> <span class='ocrx_word' id='word_1_928' title='bbox 2367 1706 2405 1732; x_wconf 80' lang='lat' dir='ltr'>ita</span> <span class='ocrx_word' id='word_1_929' title='bbox 2423 1712 2439 1731; x_wconf 83' lang='lat' dir='ltr'>a</span> 
     </span>
     <span class='ocr_line' id='line_1_98' title="bbox 1366 1741 2440 1782; baseline -0.007 -8"><span class='ocrx_word' id='word_1_930' title='bbox 1366 1746 1478 1782; x_wconf 88' lang='lat' dir='ltr'>posteris</span> <span class='ocrx_word' id='word_1_931' title='bbox 1491 1747 1635 1772; x_wconf 89' lang='lat' dir='ltr'>seruatum.</span> <span class='ocrx_word' id='word_1_932' title='bbox 1691 1746 1761 1773; x_wconf 89' lang='lat' dir='ltr'>Nam</span> <span class='ocrx_word' id='word_1_933' title='bbox 1779 1755 1839 1773; x_wconf 89' lang='lat' dir='ltr'>cum</span> <span class='ocrx_word' id='word_1_934' title='bbox 1856 1746 1928 1773; x_wconf 89' lang='lat' dir='ltr'>inter</span> <span class='ocrx_word' id='word_1_935' title='bbox 1940 1746 2058 1780; x_wconf 86' lang='lat' dir='ltr'>primum</span> <span class='ocrx_word' id='word_1_936' title='bbox 2077 1754 2091 1772; x_wconf 87' lang='lat' dir='ltr'>a</span> <span class='ocrx_word' id='word_1_937' title='bbox 2110 1745 2206 1772; x_wconf 87' lang='lat' dir='ltr'>Seruio</span> <span class='ocrx_word' id='word_1_938' title='bbox 2223 1752 2286 1779; x_wconf 84' lang='lat' dir='ltr'>rege</span> <span class='ocrx_word' id='word_1_939' title='bbox 2299 1741 2440 1772; x_wconf 78' lang='lat' dir='ltr'>conditum</span> 
     </span>
     <span class='ocr_line' id='line_1_99' title="bbox 1366 1780 2439 1817; baseline -0.006 -8"><span class='ocrx_word' id='word_1_940' title='bbox 1366 1783 1478 1810; x_wconf 84' lang='lat' dir='ltr'>lustrum</span> <span class='ocrx_word' id='word_1_941' title='bbox 1493 1788 1518 1808; x_wconf 85' lang='lat' dir='ltr'>et</span> <span class='ocrx_word' id='word_1_942' title='bbox 1533 1781 1570 1815; x_wconf 88' lang='lat' dir='ltr'>id,</span> <span class='ocrx_word' id='word_1_943' title='bbox 1583 1781 1656 1817; x_wconf 81' lang='lat' dir='ltr'>quod</span> <span class='ocrx_word' id='word_1_944' title='bbox 1668 1782 1701 1808; x_wconf 90' lang='lat' dir='ltr'>ab</span> <span class='ocrx_word' id='word_1_945' title='bbox 1714 1784 1879 1817; x_wconf 76' lang='lat' dir='ltr'>Imperatore</span> <span class='ocrx_word' id='word_1_946' title='bbox 1894 1781 2049 1817; x_wconf 84' lang='lat' dir='ltr'>Vespasiano</span> <span class='ocrx_word' id='word_1_947' title='bbox 2068 1782 2093 1808; x_wconf 94' lang='lat' dir='ltr'>V</span> <span class='ocrx_word' id='word_1_948' title='bbox 2106 1787 2131 1808; x_wconf 88' lang='lat' dir='ltr'>et</span> <span class='ocrx_word' id='word_1_949' title='bbox 2150 1781 2260 1807; x_wconf 84' lang='lat' dir='ltr'>Caesare</span> <span class='ocrx_word' id='word_1_950' title='bbox 2280 1780 2319 1806; x_wconf 90' lang='lat'>111</span> <span class='ocrx_word' id='word_1_951' title='bbox 2337 1783 2439 1804; x_wconf 77' lang='lat' dir='ltr'>Coss.</span> 
     </span>
     <span class='ocr_line' id='line_1_100' title="bbox 1366 1814 2440 1853; baseline -0.007 -8"><span class='ocrx_word' id='word_1_952' title='bbox 1366 1819 1471 1845; x_wconf 68' lang='lat' dir='ltr'>saecum</span> <span class='ocrx_word' id='word_1_953' title='bbox 1494 1817 1546 1851; x_wconf 84' lang='lat' dir='ltr'>est,</span> <span class='ocrx_word' id='word_1_954' title='bbox 1572 1819 1635 1845; x_wconf 89' lang='lat' dir='ltr'>anni</span> <span class='ocrx_word' id='word_1_955' title='bbox 1662 1818 1836 1844; x_wconf 88' lang='lat' dir='ltr'>interfuerint</span> <span class='ocrx_word' id='word_1_956' title='bbox 1855 1818 1945 1853; x_wconf 88' lang='lat' dir='ltr'>paullo</span> <span class='ocrx_word' id='word_1_957' title='bbox 1964 1818 2053 1845; x_wconf 87' lang='lat' dir='ltr'>minus</span> <span class='ocrx_word' id='word_1_958' title='bbox 2080 1817 2207 1844; x_wconf 81' lang='lat' dir='ltr'>sexcentis</span> <span class='ocrx_word' id='word_1_959' title='bbox 2227 1814 2440 1850; x_wconf 85' lang='lat' dir='ltr'>quinquaginta,</span> 
     </span>
    </p>
   </div>
   <div class='ocr_carea' id='block_1_22' title="bbox 270 1849 2445 1895">
    <p class='ocr_par' dir='ltr' id='par_1_30' title="bbox 270 1849 2445 1895">
     <span class='ocr_line' id='line_1_101' title="bbox 270 1849 2445 1895; baseline -0.002 -16"><span class='ocrx_word' id='word_1_960' title='bbox 270 1860 337 1880; x_wconf 88' lang='lat' dir='ltr'>Lvs</span> <span class='ocrx_word' id='word_1_961' title='bbox 347 1859 363 1879; x_wconf 90' lang='lat' dir='ltr'>C</span> <span class='ocrx_word' id='word_1_962' title='bbox 373 1860 392 1879; x_wconf 84' lang='lat' dir='ltr'>A</span> <span class='ocrx_word' id='word_1_963' title='bbox 408 1873 417 1886; x_wconf 85' lang='lat'>‚</span> <span class='ocrx_word' id='word_1_964' title='bbox 436 1862 474 1879; x_wconf 81' lang='lat' dir='ltr'>ae.</span> <span class='ocrx_word' id='word_1_965' title='bbox 503 1853 522 1879; x_wconf 86' lang='lat' dir='ltr'>f.</span> <span class='ocrx_word' id='word_1_966' title='bbox 561 1853 769 1887; x_wconf 64' lang='lat' dir='ltr'>[r‘rsqeoeozmos]</span> <span class='ocrx_word' id='word_1_967' title='bbox 807 1853 923 1879; x_wconf 85' lang='lat' dir='ltr'>Martial.</span> <span class='ocrx_word' id='word_1_968' title='bbox 938 1863 963 1885; x_wconf 90' lang='grc' dir='ltr'>ι,</span> <span class='ocrx_word' id='word_1_969' title='bbox 984 1860 1022 1887; x_wconf 84' lang='grc'>171</span> <span class='ocrx_word' id='word_1_970' title='bbox 1058 1852 1145 1879; x_wconf 90' lang='lat' dir='ltr'>Oculo</span> <span class='ocrx_word' id='word_1_971' title='bbox 1159 1852 1302 1888; x_wconf 21' lang='lat' dir='ltr'>&gt;Philaenis</span> <span class='ocrx_word' id='word_1_972' title='bbox 1317 1859 1351 1885; x_wconf 76' lang='lat'>45</span> <span class='ocrx_word' id='word_1_973' title='bbox 1366 1854 1446 1881; x_wconf 86' lang='lat' dir='ltr'>lustra</span> <span class='ocrx_word' id='word_1_974' title='bbox 1460 1860 1548 1881; x_wconf 79' lang='lat' dir='ltr'>tamen</span> <span class='ocrx_word' id='word_1_975' title='bbox 1563 1863 1610 1889; x_wconf 84' lang='lat' dir='ltr'>per</span> <span class='ocrx_word' id='word_1_976' title='bbox 1623 1863 1653 1881; x_wconf 86' lang='lat' dir='ltr'>ea</span> <span class='ocrx_word' id='word_1_977' title='bbox 1665 1860 1786 1895; x_wconf 74' lang='lat' dir='ltr'>tempora</span> <span class='ocrx_word' id='word_1_978' title='bbox 1802 1863 1855 1881; x_wconf 89' lang='lat' dir='ltr'>non</span> <span class='ocrx_word' id='word_1_979' title='bbox 1871 1854 1962 1889; x_wconf 88' lang='lat' dir='ltr'>plura,</span> <span class='ocrx_word' id='word_1_980' title='bbox 1981 1862 2061 1889; x_wconf 85' lang='lat' dir='ltr'>quam</span> <span class='ocrx_word' id='word_1_981' title='bbox 2074 1853 2238 1888; x_wconf 83' lang='lat' dir='ltr'>septuaginta</span> <span class='ocrx_word' id='word_1_982' title='bbox 2250 1851 2369 1886; x_wconf 77' lang='lat' dir='ltr'>quinque</span> <span class='ocrx_word' id='word_1_983' title='bbox 2380 1849 2445 1875; x_wconf 75' lang='lat' dir='ltr'>sunt-</span> 
     </span>
    </p>
   </div>
   <div class='ocr_carea' id='block_1_23' title="bbox 582 1887 1173 1924">
    <p class='ocr_par' dir='ltr' id='par_1_31' title="bbox 582 1887 1173 1924">
     <span class='ocr_line' id='line_1_102' title="bbox 582 1887 1173 1924; baseline 0 -9"><span class='ocrx_word' id='word_1_984' title='bbox 582 1890 645 1921; x_wconf 80' lang='lat' dir='ltr'>Qo</span> <span class='ocrx_word' id='word_1_985' title='bbox 662 1888 707 1915; x_wconf 81' lang='lat' dir='ltr'>fiat</span> <span class='ocrx_word' id='word_1_986' title='bbox 721 1887 788 1915; x_wconf 82' lang='lat' dir='ltr'>istud</span> <span class='ocrx_word' id='word_1_987' title='bbox 802 1889 906 1924; x_wconf 88' lang='lat' dir='ltr'>quaeris</span> <span class='ocrx_word' id='word_1_988' title='bbox 920 1887 1021 1915; x_wconf 68' lang='lat' dir='ltr'>modo?</span> <span class='ocrx_word' id='word_1_989' title='bbox 1047 1888 1116 1914; x_wconf 77' lang='lat' dir='ltr'>lusca</span> <span class='ocrx_word' id='word_1_990' title='bbox 1128 1888 1173 1915; x_wconf 85' lang='lat' dir='ltr'>est.</span> 
     </span>
    </p>
   </div>
   <div class='ocr_carea' id='block_1_24' title="bbox 233 1923 1302 2029">
    <p class='ocr_par' dir='ltr' id='par_1_32' title="bbox 233 1923 1302 2029">
     <span class='ocr_line' id='line_1_103' title="bbox 269 1923 1302 1959; baseline -0.003 -7"><span class='ocrx_word' id='word_1_991' title='bbox 269 1931 364 1952; x_wconf 77' lang='lat' dir='ltr'>LVSC</span> <span class='ocrx_word' id='word_1_992' title='bbox 377 1934 384 1952; x_wconf 91' lang='lat'>1</span> <span class='ocrx_word' id='word_1_993' title='bbox 396 1933 417 1952; x_wconf 85' lang='lat' dir='ltr'>N</span> <span class='ocrx_word' id='word_1_994' title='bbox 428 1932 448 1951; x_wconf 90' lang='lat' dir='ltr'>V</span> <span class='ocrx_word' id='word_1_995' title='bbox 459 1932 488 1958; x_wconf 91' lang='lat' dir='ltr'>S,</span> <span class='ocrx_word' id='word_1_996' title='bbox 510 1934 542 1958; x_wconf 86' lang='lat' dir='ltr'>a,</span> <span class='ocrx_word' id='word_1_997' title='bbox 563 1934 618 1952; x_wconf 88' lang='lat' dir='ltr'>um.</span> <span class='ocrx_word' id='word_1_998' title='bbox 661 1925 727 1952; x_wconf 88' lang='lat' dir='ltr'>Plin.</span> <span class='ocrx_word' id='word_1_999' title='bbox 742 1929 772 1957; x_wconf 86' lang='lat'>8,</span> <span class='ocrx_word' id='word_1_1000' title='bbox 789 1932 821 1959; x_wconf 84' lang='grc'>37</span> <span class='ocrx_word' id='word_1_1001' title='bbox 842 1924 897 1957; x_wconf 71' lang='lat' dir='ltr'>Qui</span> <span class='ocrx_word' id='word_1_1002' title='bbox 914 1924 998 1950; x_wconf 88' lang='lat' dir='ltr'>altero</span> <span class='ocrx_word' id='word_1_1003' title='bbox 1018 1924 1120 1950; x_wconf 89' lang='lat' dir='ltr'>lumine</span> <span class='ocrx_word' id='word_1_1004' title='bbox 1136 1923 1199 1950; x_wconf 92' lang='lat' dir='ltr'>orbi</span> <span class='ocrx_word' id='word_1_1005' title='bbox 1217 1924 1302 1949; x_wconf 83' lang='lat' dir='ltr'>nasce-</span> 
     </span>
     <span class='ocr_line' id='line_1_104' title="bbox 233 1958 1302 1995; baseline -0.002 -9"><span class='ocrx_word' id='word_1_1006' title='bbox 233 1967 340 1993; x_wconf 88' lang='lat' dir='ltr'>rentur,</span> <span class='ocrx_word' id='word_1_1007' title='bbox 361 1961 477 1987; x_wconf 84' lang='lat' dir='ltr'>Coclites</span> <span class='ocrx_word' id='word_1_1008' title='bbox 495 1961 673 1987; x_wconf 83' lang='lat' dir='ltr'>vocabantur:</span> <span class='ocrx_word' id='word_1_1009' title='bbox 708 1961 755 1995; x_wconf 86' lang='lat' dir='ltr'>qui</span> <span class='ocrx_word' id='word_1_1010' title='bbox 775 1960 864 1995; x_wconf 87' lang='lat' dir='ltr'>paruis</span> <span class='ocrx_word' id='word_1_1011' title='bbox 878 1960 1015 1995; x_wconf 83' lang='lat' dir='ltr'>Vtrisque,</span> <span class='ocrx_word' id='word_1_1012' title='bbox 1036 1960 1158 1989; x_wconf 80' lang='lat' dir='ltr'>Ocellae3</span> <span class='ocrx_word' id='word_1_1013' title='bbox 1195 1958 1302 1985; x_wconf 80' lang='lat' dir='ltr'>Luscini</span> 
     </span>
     <span class='ocr_line' id='line_1_105' title="bbox 233 1995 1264 2029; baseline -0.001 -7"><span class='ocrx_word' id='word_1_1014' title='bbox 233 1996 348 2022; x_wconf 87' lang='lat' dir='ltr'>iniuriae</span> <span class='ocrx_word' id='word_1_1015' title='bbox 362 1996 522 2029; x_wconf 83' lang='lat' dir='ltr'>cognomina</span> <span class='ocrx_word' id='word_1_1016' title='bbox 537 1995 697 2020; x_wconf 79' lang='lat' dir='ltr'>habueruut.</span> <span class='ocrx_word' id='word_1_1017' title='bbox 753 1998 889 2028; x_wconf 75' lang='lat' dir='ltr'>Cognomen</span> <span class='ocrx_word' id='word_1_1018' title='bbox 901 1996 961 2028; x_wconf 85' lang='lat' dir='ltr'>fuit</span> <span class='ocrx_word' id='word_1_1019' title='bbox 975 1995 1146 2021; x_wconf 77' lang='lat' dir='ltr'>Fabriciorum</span> <span class='ocrx_word' id='word_1_1020' title='bbox 1167 1996 1264 2021; x_wconf 84' lang='lat' dir='ltr'>Romae.</span> 
     </span>
    </p>
   </div>
   <div class='ocr_carea' id='block_1_25' title="bbox 232 2030 1305 2171">
    <p class='ocr_par' dir='ltr' id='par_1_33' title="bbox 269 2030 649 2063">
     <span class='ocr_line' id='line_1_106' title="bbox 269 2030 649 2063; baseline -0.011 -5"><span class='ocrx_word' id='word_1_1021' title='bbox 269 2037 387 2059; x_wconf 77' lang='lat' dir='ltr'>Lvsm</span> <span class='ocrx_word' id='word_1_1022' title='bbox 403 2051 411 2063; x_wconf 89' lang='lat'>,</span> <span class='ocrx_word' id='word_1_1023' title='bbox 449 2030 504 2056; x_wconf 77' lang='lat' dir='ltr'>vid.</span> <span class='ocrx_word' id='word_1_1024' title='bbox 534 2035 649 2055; x_wconf 67' lang='lat' dir='ltr'>rvoo.</span> 
     </span>
    </p>

    <p class='ocr_par' dir='ltr' id='par_1_34' title="bbox 232 2061 1305 2171">
     <span class='ocr_line' id='line_1_107' title="bbox 270 2061 1303 2098; baseline -0.009 -5"><span class='ocrx_word' id='word_1_1025' title='bbox 270 2074 286 2093; x_wconf 79' lang='lat'>1.</span> <span class='ocrx_word' id='word_1_1026' title='bbox 296 2068 316 2093; x_wconf 55' lang='lat' dir='ltr'>&lt;f</span> <span class='ocrx_word' id='word_1_1027' title='bbox 325 2073 337 2093; x_wconf 87' lang='lat' dir='ltr'>S</span> <span class='ocrx_word' id='word_1_1028' title='bbox 347 2069 361 2093; x_wconf 82' lang='grc' dir='ltr'><em>ἰ</em></span> <span class='ocrx_word' id='word_1_1029' title='bbox 370 2073 391 2093; x_wconf 90' lang='grc' dir='ltr'>Τ</span> <span class='ocrx_word' id='word_1_1030' title='bbox 400 2073 421 2092; x_wconf 79' lang='grc' dir='ltr'>Α</span> <span class='ocrx_word' id='word_1_1031' title='bbox 431 2072 455 2092; x_wconf 84' lang='lat' dir='ltr'>N</span> <span class='ocrx_word' id='word_1_1032' title='bbox 464 2073 473 2091; x_wconf 96' lang='lat'>1</span> <span class='ocrx_word' id='word_1_1033' title='bbox 482 2072 503 2092; x_wconf 83' lang='lat' dir='ltr'>A</span> <span class='ocrx_word' id='word_1_1034' title='bbox 518 2085 526 2098; x_wconf 91' lang='lat'>,</span> <span class='ocrx_word' id='word_1_1035' title='bbox 552 2074 591 2091; x_wconf 83' lang='lat' dir='ltr'>ac.</span> <span class='ocrx_word' id='word_1_1036' title='bbox 620 2064 639 2090; x_wconf 90' lang='lat' dir='ltr'>f.</span> <span class='ocrx_word' id='word_1_1037' title='bbox 676 2063 688 2098; x_wconf 91' lang='lat'>[</span> <span class='ocrx_word' id='word_1_1038' title='bbox 701 2066 833 2090; x_wconf 66' lang='grc' dir='ltr'><strong><em>Λεσιταυίκ</em></strong></span> <span class='ocrx_word' id='word_1_1039' title='bbox 846 2063 859 2097; x_wconf 93' lang='grc'>]</span> <span class='ocrx_word' id='word_1_1040' title='bbox 904 2063 969 2088; x_wconf 85' lang='lat' dir='ltr'>Pars</span> <span class='ocrx_word' id='word_1_1041' title='bbox 993 2061 1124 2086; x_wconf 72' lang='lat' dir='ltr'>vlterioris</span> <span class='ocrx_word' id='word_1_1042' title='bbox 1146 2061 1303 2095; x_wconf 79' lang='lat' dir='ltr'>Hispaniae,</span> 
     </span>
     <span class='ocr_line' id='line_1_108' title="bbox 232 2097 1305 2137; baseline -0.008 -8"><span class='ocrx_word' id='word_1_1043' title='bbox 232 2112 303 2137; x_wconf 83' lang='lat' dir='ltr'>quam</span> <span class='ocrx_word' id='word_1_1044' title='bbox 318 2111 382 2128; x_wconf 80' lang='lat' dir='ltr'>nunc</span> <span class='ocrx_word' id='word_1_1045' title='bbox 396 2101 577 2137; x_wconf 79' lang='lat' dir='ltr'>Portugalliam</span> <span class='ocrx_word' id='word_1_1046' title='bbox 590 2099 723 2136; x_wconf 84' lang='lat' dir='ltr'>appellant.</span> <span class='ocrx_word' id='word_1_1047' title='bbox 784 2099 877 2124; x_wconf 73' lang='lat' dir='ltr'>Scrioit</span> <span class='ocrx_word' id='word_1_1048' title='bbox 892 2098 957 2125; x_wconf 89' lang='lat' dir='ltr'>Plin.</span> <span class='ocrx_word' id='word_1_1049' title='bbox 972 2105 984 2129; x_wconf 84' lang='lat'>3</span> <span class='ocrx_word' id='word_1_1050' title='bbox 996 2117 1003 2130; x_wconf 95' lang='lat'>,</span> <span class='ocrx_word' id='word_1_1051' title='bbox 1019 2105 1029 2123; x_wconf 84' lang='lat'>1</span> <span class='ocrx_word' id='word_1_1052' title='bbox 1050 2097 1068 2123; x_wconf 85' lang='lat' dir='ltr'>s.</span> <span class='ocrx_word' id='word_1_1053' title='bbox 1082 2104 1095 2129; x_wconf 86' lang='lat'>3</span> <span class='ocrx_word' id='word_1_1054' title='bbox 1116 2105 1149 2123; x_wconf 87' lang='lat' dir='ltr'>ex</span> <span class='ocrx_word' id='word_1_1055' title='bbox 1162 2097 1305 2134; x_wconf 73' lang='lat' dir='ltr'>Varrone,</span> 
     </span>
     <span class='ocr_line' id='line_1_109' title="bbox 233 2131 1305 2171; baseline -0.007 -6"><span class='ocrx_word' id='word_1_1056' title='bbox 233 2140 330 2166; x_wconf 79' lang='lat' dir='ltr'>Lusum</span> <span class='ocrx_word' id='word_1_1057' title='bbox 357 2137 448 2164; x_wconf 80' lang='lat' dir='ltr'>Liberi</span> <span class='ocrx_word' id='word_1_1058' title='bbox 473 2137 555 2171; x_wconf 84' lang='lat' dir='ltr'>patris</span> <span class='ocrx_word' id='word_1_1059' title='bbox 567 2157 576 2169; x_wconf 94' lang='lat'>‚</span> <span class='ocrx_word' id='word_1_1060' title='bbox 608 2142 654 2162; x_wconf 90' lang='lat' dir='ltr'>aut</span> <span class='ocrx_word' id='word_1_1061' title='bbox 681 2136 774 2167; x_wconf 85' lang='lat' dir='ltr'>Lysam</span> <span class='ocrx_word' id='word_1_1062' title='bbox 797 2143 858 2161; x_wconf 86' lang='lat' dir='ltr'>cum</span> <span class='ocrx_word' id='word_1_1063' title='bbox 877 2143 910 2161; x_wconf 91' lang='lat' dir='ltr'>eo</span> <span class='ocrx_word' id='word_1_1064' title='bbox 939 2132 1110 2160; x_wconf 85' lang='lat' dir='ltr'>bacchantem</span> <span class='ocrx_word' id='word_1_1065' title='bbox 1135 2140 1235 2158; x_wconf 89' lang='lat' dir='ltr'>nomen</span> <span class='ocrx_word' id='word_1_1066' title='bbox 1261 2131 1305 2157; x_wconf 83' lang='lat' dir='ltr'>de-</span> 
     </span>
    </p>
   </div>
   <div class='ocr_carea' id='block_1_26' title="bbox 232 2172 469 2200">
    <p class='ocr_par' dir='ltr' id='par_1_35' title="bbox 232 2172 469 2200">
     <span class='ocr_line' id='line_1_110' title="bbox 232 2172 469 2200; baseline -0.008 0"><span class='ocrx_word' id='word_1_1067' title='bbox 232 2175 294 2200; x_wconf 82' lang='lat' dir='ltr'>disse</span> <span class='ocrx_word' id='word_1_1068' title='bbox 314 2172 469 2200; x_wconf 74' lang='lat' dir='ltr'>Lusitaniae.</span> 
     </span>
    </p>
   </div>
   <div class='ocr_carea' id='block_1_27' title="bbox 233 1889 544 1925">
    <p class='ocr_par' dir='ltr' id='par_1_36' title="bbox 233 1889 544 1925">
     <span class='ocr_line' id='line_1_111' title="bbox 233 1889 544 1925; baseline 0.003 -10"><span class='ocrx_word' id='word_1_1069' title='bbox 233 1889 333 1925; x_wconf 84' lang='lat' dir='ltr'>semper</span> <span class='ocrx_word' id='word_1_1070' title='bbox 345 1890 430 1916; x_wconf 83' lang='lat' dir='ltr'>altero</span> <span class='ocrx_word' id='word_1_1071' title='bbox 443 1890 544 1924; x_wconf 82' lang='lat' dir='ltr'>plorat:</span> 
     </span>
    </p>
   </div>
   <div class='ocr_carea' id='block_1_28' title="bbox 1359 1884 2470 2031">
    <p class='ocr_par' dir='ltr' id='par_1_37' title="bbox 1359 1884 2470 2031">
     <span class='ocr_line' id='line_1_112' title="bbox 1366 1884 2470 1925; baseline -0.003 -9"><span class='ocrx_word' id='word_1_1072' title='bbox 1366 1890 1452 1917; x_wconf 64' lang='lat' dir='ltr'>faeta:</span> <span class='ocrx_word' id='word_1_1073' title='bbox 1491 1895 1517 1916; x_wconf 84' lang='lat' dir='ltr'>et</span> <span class='ocrx_word' id='word_1_1074' title='bbox 1537 1889 1625 1925; x_wconf 80' lang='lat' dir='ltr'>postea</span> <span class='ocrx_word' id='word_1_1075' title='bbox 1644 1890 1720 1925; x_wconf 88' lang='lat' dir='ltr'>plane</span> <span class='ocrx_word' id='word_1_1076' title='bbox 1733 1890 1801 1923; x_wconf 23' lang='lat' dir='ltr'>,neri</span> <span class='ocrx_word' id='word_1_1077' title='bbox 1822 1890 1962 1917; x_wconf 81' lang='lat' dir='ltr'>desierunt.</span> <span class='ocrx_word' id='word_1_1078' title='bbox 2027 1890 2086 1915; x_wconf 88' lang='lat' dir='ltr'>Cum</span> <span class='ocrx_word' id='word_1_1079' title='bbox 2113 1896 2205 1915; x_wconf 80' lang='lat' dir='ltr'>certum</span> <span class='ocrx_word' id='word_1_1080' title='bbox 2223 1888 2262 1921; x_wconf 79' lang='lat' dir='ltr'>fit</span> <span class='ocrx_word' id='word_1_1081' title='bbox 2280 1884 2442 1925; x_wconf 46' lang='lat' dir='ltr'>Olympiada</span> <span class='ocrx_word' id='word_1_1082' title='bbox 2464 1906 2470 1913; x_wconf 89' lang='lat'>.</span> 
     </span>
     <span class='ocr_line' id='line_1_113' title="bbox 1360 1924 2439 1960; baseline -0.003 -10"><span class='ocrx_word' id='word_1_1083' title='bbox 1360 1925 1441 1960; x_wconf 44' lang='grc' dir='ltr'>βαι-’ΛΕ</span> <span class='ocrx_word' id='word_1_1084' title='bbox 1453 1934 1575 1950; x_wconf 82' lang='lat' dir='ltr'>annorum</span> <span class='ocrx_word' id='word_1_1085' title='bbox 1590 1931 1704 1958; x_wconf 81' lang='lat' dir='ltr'>quatuor,</span> <span class='ocrx_word' id='word_1_1086' title='bbox 1723 1926 1813 1951; x_wconf 83' lang='lat' dir='ltr'>mirum</span> <span class='ocrx_word' id='word_1_1087' title='bbox 1826 1925 1868 1960; x_wconf 81' lang='lat' dir='ltr'>est,</span> <span class='ocrx_word' id='word_1_1088' title='bbox 1877 1925 1945 1951; x_wconf 82' lang='lat' dir='ltr'>illam</span> <span class='ocrx_word' id='word_1_1089' title='bbox 1958 1925 2113 1960; x_wconf 81' lang='lat' dir='ltr'>aCensort‘no</span> <span class='ocrx_word' id='word_1_1090' title='bbox 2126 1934 2178 1951; x_wconf 88' lang='lat' dir='ltr'>cum</span> <span class='ocrx_word' id='word_1_1091' title='bbox 2192 1924 2275 1951; x_wconf 83' lang='lat' dir='ltr'>lustro</span> <span class='ocrx_word' id='word_1_1092' title='bbox 2287 1928 2439 1957; x_wconf 71' lang='lat' dir='ltr'>comparari.</span> 
     </span>
     <span class='ocr_line' id='line_1_114' title="bbox 1367 1956 2439 1996; baseline -0.004 -10"><span class='ocrx_word' id='word_1_1093' title='bbox 1367 1962 1418 1986; x_wconf 76' lang='lat' dir='ltr'>Sea</span> <span class='ocrx_word' id='word_1_1094' title='bbox 1429 1967 1512 1996; x_wconf 75' lang='lat' dir='ltr'>nempe</span> <span class='ocrx_word' id='word_1_1095' title='bbox 1526 1962 1555 1985; x_wconf 76' lang='lat' dir='ltr'>tle</span> <span class='ocrx_word' id='word_1_1096' title='bbox 1568 1960 1728 1994; x_wconf 81' lang='lat' dir='ltr'>Olympiade</span> <span class='ocrx_word' id='word_1_1097' title='bbox 1742 1969 1789 1985; x_wconf 80' lang='lat' dir='ltr'>non</span> <span class='ocrx_word' id='word_1_1098' title='bbox 1802 1961 2067 1995; x_wconf 49' lang='lat' dir='ltr'>minusfi&#39;tn‘luabantx</span> <span class='ocrx_word' id='word_1_1099' title='bbox 2080 1968 2110 1986; x_wconf 80' lang='lat' dir='ltr'>vt</span> <span class='ocrx_word' id='word_1_1100' title='bbox 2123 1961 2158 1985; x_wconf 78' lang='lat' dir='ltr'>ibi</span> <span class='ocrx_word' id='word_1_1101' title='bbox 2165 1960 2328 1996; x_wconf 75' lang='lat' dir='ltr'>ostendimus,</span> <span class='ocrx_word' id='word_1_1102' title='bbox 2348 1956 2439 1984; x_wconf 60' lang='lat' dir='ltr'>Latine·</span> 
     </span>
     <span class='ocr_line' id='line_1_115' title="bbox 1359 1995 2440 2031; baseline -0.004 -9"><span class='ocrx_word' id='word_1_1103' title='bbox 1359 1995 1513 2031; x_wconf 72' lang='lat' dir='ltr'>scriptores,</span> <span class='ocrx_word' id='word_1_1104' title='bbox 1540 2005 1593 2022; x_wconf 87' lang='lat' dir='ltr'>cum</span> <span class='ocrx_word' id='word_1_1105' title='bbox 1613 2005 1660 2021; x_wconf 87' lang='lat' dir='ltr'>non</span> <span class='ocrx_word' id='word_1_1106' title='bbox 1674 1995 1740 2031; x_wconf 82' lang='lat' dir='ltr'>satis</span> <span class='ocrx_word' id='word_1_1107' title='bbox 1759 1997 1935 2029; x_wconf 72' lang='lat' dir='ltr'>attenderent,</span> <span class='ocrx_word' id='word_1_1108' title='bbox 1967 1996 2042 2022; x_wconf 81' lang='lat' dir='ltr'>aliud</span> <span class='ocrx_word' id='word_1_1109' title='bbox 2058 1996 2104 2030; x_wconf 85' lang='lat' dir='ltr'>effe</span> <span class='ocrx_word' id='word_1_1110' title='bbox 2124 1996 2222 2029; x_wconf 87' lang='lat' dir='ltr'>quinto</span> <span class='ocrx_word' id='word_1_1111' title='bbox 2240 2002 2349 2029; x_wconf 84' lang='lat' dir='ltr'>quoque</span> <span class='ocrx_word' id='word_1_1112' title='bbox 2368 1999 2440 2025; x_wconf 85' lang='lat' dir='ltr'>anno</span> 
     </span>
    </p>
   </div>
   <div class='ocr_carea' id='block_1_29' title="bbox 1317 2029 2442 2066">
    <p class='ocr_par' dir='ltr' id='par_1_38' title="bbox 1317 2029 2442 2066">
     <span class='ocr_line' id='line_1_116' title="bbox 1317 2029 2442 2066; baseline -0.003 -10"><span class='ocrx_word' id='word_1_1113' title='bbox 1317 2036 1351 2061; x_wconf 82' lang='lat'>50</span> <span class='ocrx_word' id='word_1_1114' title='bbox 1368 2033 1469 2056; x_wconf 81' lang='lat' dir='ltr'>ineunte</span> <span class='ocrx_word' id='word_1_1115' title='bbox 1483 2032 1619 2064; x_wconf 73' lang='lat' dir='ltr'>celebrari,</span> <span class='ocrx_word' id='word_1_1116' title='bbox 1646 2032 1665 2058; x_wconf 85' lang='grc' dir='ltr'>ί.</span> <span class='ocrx_word' id='word_1_1117' title='bbox 1679 2038 1784 2065; x_wconf 83' lang='lat' dir='ltr'>quatuor</span> <span class='ocrx_word' id='word_1_1118' title='bbox 1798 2031 1952 2064; x_wconf 62' lang='lat' dir='ltr'>interimis,</span> <span class='ocrx_word' id='word_1_1119' title='bbox 1981 2031 2056 2057; x_wconf 80' lang='lat' dir='ltr'>aliud</span> <span class='ocrx_word' id='word_1_1120' title='bbox 2072 2031 2192 2066; x_wconf 85' lang='lat' dir='ltr'>quinque</span> <span class='ocrx_word' id='word_1_1121' title='bbox 2211 2038 2295 2056; x_wconf 81' lang='lat' dir='ltr'>annos</span> <span class='ocrx_word' id='word_1_1122' title='bbox 2314 2029 2442 2062; x_wconf 77' lang='lat' dir='ltr'>completos</span> 
     </span>
    </p>
   </div>
   <div class='ocr_carea' id='block_1_30' title="bbox 1367 2063 2442 2206">
    <p class='ocr_par' dir='ltr' id='par_1_39' title="bbox 1367 2063 2442 2206">
     <span class='ocr_line' id='line_1_117' title="bbox 1367 2063 2441 2102; baseline 0.002 -15"><span class='ocrx_word' id='word_1_1123' title='bbox 1367 2066 1507 2102; x_wconf 62' lang='lat' dir='ltr'>confluere,</span> <span class='ocrx_word' id='word_1_1124' title='bbox 1527 2067 1570 2090; x_wconf 52' lang='lat' dir='ltr'>vt!</span> <span class='ocrx_word' id='word_1_1125' title='bbox 1582 2066 1640 2098; x_wconf 86' lang='lat' dir='ltr'>post</span> <span class='ocrx_word' id='word_1_1126' title='bbox 1653 2067 1777 2100; x_wconf 81' lang='lat' dir='ltr'>quintum</span> <span class='ocrx_word' id='word_1_1127' title='bbox 1795 2075 1895 2093; x_wconf 81' lang='lat' dir='ltr'>annum</span> <span class='ocrx_word' id='word_1_1128' title='bbox 1911 2067 2049 2102; x_wconf 82' lang='lat' dir='ltr'>absolutum</span> <span class='ocrx_word' id='word_1_1129' title='bbox 2063 2067 2197 2093; x_wconf 76' lang='lat' dir='ltr'>celebrari;</span> <span class='ocrx_word' id='word_1_1130' title='bbox 2233 2064 2297 2091; x_wconf 77' lang='lat' dir='ltr'>illud</span> <span class='ocrx_word' id='word_1_1131' title='bbox 2307 2064 2335 2090; x_wconf 82' lang='lat' dir='ltr'>in</span> <span class='ocrx_word' id='word_1_1132' title='bbox 2349 2063 2441 2095; x_wconf 84' lang='lat' dir='ltr'>Olym—</span> 
     </span>
     <span class='ocr_line' id='line_1_118' title="bbox 1367 2095 2442 2136; baseline 0 -13"><span class='ocrx_word' id='word_1_1133' title='bbox 1367 2097 1592 2135; x_wconf 21' lang='lat' dir='ltr'>pradawconttent‘t,</span> <span class='ocrx_word' id='word_1_1134' title='bbox 1618 2101 1660 2124; x_wconf 75' lang='lat' dir='ltr'>boc</span> <span class='ocrx_word' id='word_1_1135' title='bbox 1680 2101 1707 2124; x_wconf 83' lang='lat' dir='ltr'>in</span> <span class='ocrx_word' id='word_1_1136' title='bbox 1727 2101 1856 2133; x_wconf 88' lang='lat' dir='ltr'>lustrum,</span> <span class='ocrx_word' id='word_1_1137' title='bbox 1881 2105 1946 2135; x_wconf 78' lang='lat' dir='ltr'>quod</span> <span class='ocrx_word' id='word_1_1138' title='bbox 1964 2103 2071 2136; x_wconf 83' lang='lat' dir='ltr'>quinque</span> <span class='ocrx_word' id='word_1_1139' title='bbox 2090 2111 2212 2128; x_wconf 84' lang='lat' dir='ltr'>annorum</span> <span class='ocrx_word' id='word_1_1140' title='bbox 2229 2102 2359 2134; x_wconf 79' lang='lat' dir='ltr'>plenorum</span> <span class='ocrx_word' id='word_1_1141' title='bbox 2379 2095 2442 2132; x_wconf 68' lang='lat' dir='ltr'>effi,</span> 
     </span>
     <span class='ocr_line' id='line_1_119' title="bbox 1367 2132 2440 2171; baseline 0 -13"><span class='ocrx_word' id='word_1_1142' title='bbox 1367 2132 1482 2159; x_wconf 68' lang='lat' dir='ltr'>dubitari</span> <span class='ocrx_word' id='word_1_1143' title='bbox 1495 2135 1544 2158; x_wconf 85' lang='lat' dir='ltr'>no&#39;n</span> <span class='ocrx_word' id='word_1_1144' title='bbox 1552 2133 1646 2169; x_wconf 76' lang='lat' dir='ltr'>potest:</span> <span class='ocrx_word' id='word_1_1145' title='bbox 1682 2136 1749 2168; x_wconf 86' lang='lat' dir='ltr'>quod</span> <span class='ocrx_word' id='word_1_1146' title='bbox 1760 2136 1899 2161; x_wconf 70' lang='lat' dir='ltr'>luculenter</span> <span class='ocrx_word' id='word_1_1147' title='bbox 1912 2135 2015 2171; x_wconf 70' lang='lat' dir='ltr'>ostendit</span> <span class='ocrx_word' id='word_1_1148' title='bbox 2028 2135 2074 2171; x_wconf 86' lang='lat' dir='ltr'>Ios.</span> <span class='ocrx_word' id='word_1_1149' title='bbox 2089 2136 2195 2170; x_wconf 84' lang='lat' dir='ltr'>Castalio</span> <span class='ocrx_word' id='word_1_1150' title='bbox 2217 2133 2272 2169; x_wconf 76' lang='lat' dir='ltr'>Uos.</span> <span class='ocrx_word' id='word_1_1151' title='bbox 2287 2142 2314 2166; x_wconf 90' lang='lat'>1,</span> <span class='ocrx_word' id='word_1_1152' title='bbox 2330 2140 2360 2158; x_wconf 78' lang='grc' dir='ltr'>ιο</span> <span class='ocrx_word' id='word_1_1153' title='bbox 2389 2140 2440 2158; x_wconf 82' lang='lat' dir='ltr'>tum</span> 
     </span>
     <span class='ocr_line' id='line_1_120' title="bbox 1367 2168 2440 2206; baseline 0.001 -12"><span class='ocrx_word' id='word_1_1154' title='bbox 1367 2169 1486 2203; x_wconf 69' lang='lat' dir='ltr'>aliunde,</span> <span class='ocrx_word' id='word_1_1155' title='bbox 1507 2175 1560 2194; x_wconf 82' lang='lat' dir='ltr'>tum</span> <span class='ocrx_word' id='word_1_1156' title='bbox 1570 2169 1718 2204; x_wconf 78' lang='lat' dir='ltr'>praesertim</span> <span class='ocrx_word' id='word_1_1157' title='bbox 1730 2179 1761 2195; x_wconf 87' lang='lat' dir='ltr'>ex</span> <span class='ocrx_word' id='word_1_1158' title='bbox 1775 2170 1854 2197; x_wconf 85' lang='lat' dir='ltr'>Fastis</span> <span class='ocrx_word' id='word_1_1159' title='bbox 1870 2171 2030 2205; x_wconf 88' lang='lat' dir='ltr'>Capitolinis</span> <span class='ocrx_word' id='word_1_1160' title='bbox 2040 2191 2048 2203; x_wconf 90' lang='lat'>,</span> <span class='ocrx_word' id='word_1_1161' title='bbox 2068 2179 2126 2206; x_wconf 85' lang='lat' dir='ltr'>quos</span> <span class='ocrx_word' id='word_1_1162' title='bbox 2139 2171 2236 2198; x_wconf 78' lang='lat' dir='ltr'>exhibet</span> <span class='ocrx_word' id='word_1_1163' title='bbox 2248 2169 2322 2195; x_wconf 80' lang='lat' dir='ltr'>etiam</span> <span class='ocrx_word' id='word_1_1164' title='bbox 2337 2168 2440 2195; x_wconf 81' lang='lat' dir='ltr'>Gruter.</span> 
     </span>
    </p>
   </div>
   <div class='ocr_carea' id='block_1_31' title="bbox 234 2204 2452 4068">
    <p class='ocr_par' dir='ltr' id='par_1_40' title="bbox 234 2204 2452 4068">
     <span class='ocr_line' id='line_1_121' title="bbox 270 2204 2439 2244; baseline -0.003 -8"><span class='ocrx_word' id='word_1_1165' title='bbox 270 2217 287 2237; x_wconf 82' lang='grc'>1,</span> <span class='ocrx_word' id='word_1_1166' title='bbox 298 2216 318 2236; x_wconf 85' lang='lat' dir='ltr'>V</span> <span class='ocrx_word' id='word_1_1167' title='bbox 330 2214 362 2235; x_wconf 79' lang='lat' dir='ltr'>sl</span> <span class='ocrx_word' id='word_1_1168' title='bbox 376 2215 397 2234; x_wconf 80' lang='lat' dir='ltr'>&#39;r</span> <span class='ocrx_word' id='word_1_1169' title='bbox 407 2215 428 2234; x_wconf 85' lang='grc' dir='ltr'>Α</span> <span class='ocrx_word' id='word_1_1170' title='bbox 438 2214 460 2233; x_wconf 83' lang='lat' dir='ltr'><strong>N</strong></span> <span class='ocrx_word' id='word_1_1171' title='bbox 472 2213 515 2233; x_wconf 84' lang='lat' dir='ltr'>VS</span> <span class='ocrx_word' id='word_1_1172' title='bbox 525 2227 533 2240; x_wconf 88' lang='lat'>,</span> <span class='ocrx_word' id='word_1_1173' title='bbox 553 2215 566 2232; x_wconf 92' lang='lat' dir='ltr'>a</span> <span class='ocrx_word' id='word_1_1174' title='bbox 576 2226 584 2239; x_wconf 98' lang='lat'>,</span> <span class='ocrx_word' id='word_1_1175' title='bbox 603 2214 658 2231; x_wconf 91' lang='lat' dir='ltr'>um.</span> <span class='ocrx_word' id='word_1_1176' title='bbox 695 2204 755 2231; x_wconf 83' lang='lat' dir='ltr'>Adi.</span> <span class='ocrx_word' id='word_1_1177' title='bbox 793 2204 864 2230; x_wconf 88' lang='lat' dir='ltr'>Tela</span> <span class='ocrx_word' id='word_1_1178' title='bbox 877 2204 997 2244; x_wconf 77' lang='lat' dir='ltr'>Lusitana</span> <span class='ocrx_word' id='word_1_1179' title='bbox 1009 2204 1098 2231; x_wconf 81' lang='lat' dir='ltr'>Valet.</span> <span class='ocrx_word' id='word_1_1180' title='bbox 1113 2204 1185 2230; x_wconf 83' lang='lat' dir='ltr'>Max.</span> <span class='ocrx_word' id='word_1_1181' title='bbox 1200 2213 1214 2237; x_wconf 90' lang='lat'>9</span> <span class='ocrx_word' id='word_1_1182' title='bbox 1224 2224 1232 2237; x_wconf 89' lang='lat'><em>‚</em></span> <span class='ocrx_word' id='word_1_1183' title='bbox 1246 2212 1266 2236; x_wconf 82' lang='lat'>1,</span> <span class='ocrx_word' id='word_1_1184' title='bbox 1281 2211 1304 2236; x_wconf 66' lang='lat'>§.⁴</span> <span class='ocrx_word' id='word_1_1185' title='bbox 1322 2209 1351 2236; x_wconf 75' lang='lat'>55·</span> <span class='ocrx_word' id='word_1_1186' title='bbox 1364 2211 1392 2239; x_wconf 90' lang='lat' dir='ltr'>p.</span> <span class='ocrx_word' id='word_1_1187' title='bbox 1407 2212 1456 2236; x_wconf 78' lang='lat'>295.</span> <span class='ocrx_word' id='word_1_1188' title='bbox 1481 2204 1525 2229; x_wconf 77' lang='lat' dir='ltr'>vbi</span> <span class='ocrx_word' id='word_1_1189' title='bbox 1541 2205 1673 2238; x_wconf 77' lang='lat' dir='ltr'>aliquoties</span> <span class='ocrx_word' id='word_1_1190' title='bbox 1688 2204 1740 2239; x_wconf 71' lang='lat' dir='ltr'>ptst</span> <span class='ocrx_word' id='word_1_1191' title='bbox 1759 2206 1838 2239; x_wconf 79' lang='lat' dir='ltr'>quina</span> <span class='ocrx_word' id='word_1_1192' title='bbox 1856 2207 1989 2242; x_wconf 83' lang='lat' dir='ltr'>Consulum</span> <span class='ocrx_word' id='word_1_1193' title='bbox 2005 2207 2084 2242; x_wconf 85' lang='lat' dir='ltr'>paria</span> <span class='ocrx_word' id='word_1_1194' title='bbox 2099 2213 2227 2243; x_wconf 81' lang='lat' dir='ltr'>ponuntur</span> <span class='ocrx_word' id='word_1_1195' title='bbox 2247 2204 2369 2239; x_wconf 75' lang='lat' dir='ltr'>censores,</span> <span class='ocrx_word' id='word_1_1196' title='bbox 2393 2204 2439 2239; x_wconf 79' lang='lat' dir='ltr'>qui</span> 
     </span>
     <span class='ocr_line' id='line_1_122' title="bbox 236 2238 2440 2278; baseline -0.006 0"><span class='ocrx_word' id='word_1_1197' title='bbox 236 2245 280 2272; x_wconf 67' lang='lat' dir='ltr'>Sil·</span> <span class='ocrx_word' id='word_1_1198' title='bbox 295 2253 319 2278; x_wconf 63' lang='grc' dir='ltr'>ὅ,</span> <span class='ocrx_word' id='word_1_1199' title='bbox 333 2251 371 2277; x_wconf 79' lang='lat'>335</span> <span class='ocrx_word' id='word_1_1200' title='bbox 393 2244 516 2277; x_wconf 67' lang='lat' dir='ltr'>Namque</span> <span class='ocrx_word' id='word_1_1201' title='bbox 529 2251 575 2277; x_wconf 88' lang='lat' dir='ltr'>per</span> <span class='ocrx_word' id='word_1_1202' title='bbox 582 2241 717 2273; x_wconf 84' lang='lat' dir='ltr'>aduersos,</span> <span class='ocrx_word' id='word_1_1203' title='bbox 732 2247 782 2274; x_wconf 88' lang='lat' dir='ltr'>qua</span> <span class='ocrx_word' id='word_1_1204' title='bbox 795 2238 916 2265; x_wconf 87' lang='lat' dir='ltr'>Lusitana</span> <span class='ocrx_word' id='word_1_1205' title='bbox 930 2239 1015 2266; x_wconf 83' lang='lat' dir='ltr'>ciebat</span> <span class='ocrx_word' id='word_1_1206' title='bbox 1028 2240 1128 2274; x_wconf 82' lang='lat' dir='ltr'>Pugnas</span> <span class='ocrx_word' id='word_1_1207' title='bbox 1136 2240 1194 2266; x_wconf 83' lang='lat' dir='ltr'>dira</span> <span class='ocrx_word' id='word_1_1208' title='bbox 1202 2247 1304 2266; x_wconf 79' lang='lat' dir='ltr'>manus.</span> <span class='ocrx_word' id='word_1_1209' title='bbox 1369 2241 1400 2267; x_wconf 89' lang='lat' dir='ltr'>L.</span> <span class='ocrx_word' id='word_1_1210' title='bbox 1415 2240 1443 2266; x_wconf 88' lang='lat' dir='ltr'>F.</span> <span class='ocrx_word' id='word_1_1211' title='bbox 1461 2241 1504 2266; x_wconf 80' lang='lat' dir='ltr'>hoc</span> <span class='ocrx_word' id='word_1_1212' title='bbox 1515 2239 1548 2276; x_wconf 78' lang='lat' dir='ltr'>est</span> <span class='ocrx_word' id='word_1_1213' title='bbox 1562 2238 1685 2266; x_wconf 83' lang='lat' dir='ltr'>Lustrum</span> <span class='ocrx_word' id='word_1_1214' title='bbox 1697 2239 1794 2267; x_wconf 85' lang='lat' dir='ltr'>fecere.</span> <span class='ocrx_word' id='word_1_1215' title='bbox 1853 2242 1939 2267; x_wconf 83' lang='lat' dir='ltr'>Vtitur</span> <span class='ocrx_word' id='word_1_1216' title='bbox 1957 2242 2033 2268; x_wconf 81' lang='lat' dir='ltr'>etiam</span> <span class='ocrx_word' id='word_1_1217' title='bbox 2046 2243 2088 2268; x_wconf 82' lang='lat' dir='ltr'>boc</span> <span class='ocrx_word' id='word_1_1218' title='bbox 2101 2248 2248 2277; x_wconf 78' lang='lat' dir='ltr'>argumento</span> <span class='ocrx_word' id='word_1_1219' title='bbox 2260 2239 2391 2266; x_wconf 65' lang='lat' dir='ltr'>Hardui&#39;n.</span> <span class='ocrx_word' id='word_1_1220' title='bbox 2403 2240 2440 2265; x_wconf 68' lang='lat' dir='ltr'>ad</span> 
     </span>
     <span class='ocr_line' id='line_1_123' title="bbox 271 2273 2439 2313; baseline -0.002 -6"><span class='ocrx_word' id='word_1_1221' title='bbox 271 2289 287 2307; x_wconf 87' lang='grc'>1,</span> <span class='ocrx_word' id='word_1_1222' title='bbox 297 2288 317 2306; x_wconf 85' lang='lat' dir='ltr'>v</span> <span class='ocrx_word' id='word_1_1223' title='bbox 327 2287 339 2306; x_wconf 83' lang='lat' dir='ltr'>s</span> <span class='ocrx_word' id='word_1_1224' title='bbox 350 2286 358 2305; x_wconf 89' lang='lat'>1</span> <span class='ocrx_word' id='word_1_1225' title='bbox 371 2286 393 2306; x_wconf 88' lang='grc' dir='ltr'>Τ</span> <span class='ocrx_word' id='word_1_1226' title='bbox 402 2286 422 2306; x_wconf 90' lang='grc' dir='ltr'><strong>Ο</strong></span> <span class='ocrx_word' id='word_1_1227' title='bbox 431 2299 439 2311; x_wconf 87' lang='grc'>,</span> <span class='ocrx_word' id='word_1_1228' title='bbox 466 2285 483 2304; x_wconf 81' lang='lat'>1.</span> <span class='ocrx_word' id='word_1_1229' title='bbox 492 2284 514 2304; x_wconf 90' lang='lat' dir='ltr'>V</span> <span class='ocrx_word' id='word_1_1230' title='bbox 523 2285 536 2304; x_wconf 74' lang='lat' dir='ltr'>s</span> <span class='ocrx_word' id='word_1_1231' title='bbox 545 2284 564 2304; x_wconf 92' lang='lat'><em>0</em></span> <span class='ocrx_word' id='word_1_1232' title='bbox 573 2284 592 2304; x_wconf 80' lang='lat' dir='ltr'>R</span> <span class='ocrx_word' id='word_1_1233' title='bbox 602 2298 610 2310; x_wconf 91' lang='lat'>,</span> <span class='ocrx_word' id='word_1_1234' title='bbox 647 2277 702 2304; x_wconf 80' lang='lat' dir='ltr'>vid.</span> <span class='ocrx_word' id='word_1_1235' title='bbox 724 2283 741 2302; x_wconf 87' lang='lat'>1.</span> <span class='ocrx_word' id='word_1_1236' title='bbox 751 2283 771 2302; x_wconf 92' lang='lat' dir='ltr'>V</span> <span class='ocrx_word' id='word_1_1237' title='bbox 786 2281 806 2301; x_wconf 84' lang='lat' dir='ltr'>D</span> <span class='ocrx_word' id='word_1_1238' title='bbox 818 2281 846 2303; x_wconf 93' lang='grc' dir='ltr'>Ο.</span> <span class='ocrx_word' id='word_1_1239' title='bbox 1368 2277 1435 2303; x_wconf 84' lang='lat' dir='ltr'>Plin.</span> <span class='ocrx_word' id='word_1_1240' title='bbox 1445 2284 1476 2309; x_wconf 84' lang='lat'>2,</span> <span class='ocrx_word' id='word_1_1241' title='bbox 1489 2283 1530 2310; x_wconf 78' lang='lat'>47.</span> <span class='ocrx_word' id='word_1_1242' title='bbox 1551 2285 1589 2302; x_wconf 80' lang='lat' dir='ltr'>no.</span> <span class='ocrx_word' id='word_1_1243' title='bbox 1604 2276 1662 2303; x_wconf 81' lang='lat' dir='ltr'>mai.</span> <span class='ocrx_word' id='word_1_1244' title='bbox 1676 2285 1717 2309; x_wconf 80' lang='lat'>47.</span> <span class='ocrx_word' id='word_1_1245' title='bbox 1777 2278 1869 2303; x_wconf 74' lang='lat' dir='ltr'>Contra</span> <span class='ocrx_word' id='word_1_1246' title='bbox 1881 2286 1910 2303; x_wconf 82' lang='lat' dir='ltr'>ea</span> <span class='ocrx_word' id='word_1_1247' title='bbox 1922 2278 1987 2303; x_wconf 74' lang='lat' dir='ltr'>Scal.</span> <span class='ocrx_word' id='word_1_1248' title='bbox 2000 2277 2095 2313; x_wconf 79' lang='lat' dir='ltr'>Aufhn.</span> <span class='ocrx_word' id='word_1_1249' title='bbox 2109 2278 2186 2304; x_wconf 64' lang='lat' dir='ltr'>Lem.</span> <span class='ocrx_word' id='word_1_1250' title='bbox 2199 2286 2228 2310; x_wconf 75' lang='lat'>2,</span> <span class='ocrx_word' id='word_1_1251' title='bbox 2242 2286 2275 2309; x_wconf 81' lang='lat'>²3·</span> <span class='ocrx_word' id='word_1_1252' title='bbox 2290 2283 2356 2302; x_wconf 80' lang='lat' dir='ltr'>extr.</span> <span class='ocrx_word' id='word_1_1253' title='bbox 2387 2273 2439 2308; x_wconf 65' lang='lat' dir='ltr'>fibi</span> 
     </span>
     <span class='ocr_line' id='line_1_124' title="bbox 269 2309 2440 2349; baseline -0.004 -6"><span class='ocrx_word' id='word_1_1254' title='bbox 269 2324 286 2343; x_wconf 80' lang='lat'>1.</span> <span class='ocrx_word' id='word_1_1255' title='bbox 296 2324 316 2343; x_wconf 93' lang='lat' dir='ltr'>v</span> <span class='ocrx_word' id='word_1_1256' title='bbox 326 2323 339 2342; x_wconf 87' lang='lat' dir='ltr'>S</span> <span class='ocrx_word' id='word_1_1257' title='bbox 349 2322 369 2341; x_wconf 87' lang='lat' dir='ltr'>T</span> <span class='ocrx_word' id='word_1_1258' title='bbox 381 2322 397 2341; x_wconf 75' lang='lat' dir='ltr'>R</span> <span class='ocrx_word' id='word_1_1259' title='bbox 409 2317 432 2341; x_wconf 69' lang='lat' dir='ltr'>A*</span> <span class='ocrx_word' id='word_1_1260' title='bbox 440 2321 461 2341; x_wconf 90' lang='lat' dir='ltr'>G</span> <span class='ocrx_word' id='word_1_1261' title='bbox 470 2321 489 2341; x_wconf 92' lang='lat'>0</span> <span class='ocrx_word' id='word_1_1262' title='bbox 497 2335 506 2348; x_wconf 86' lang='lat'>,</span> <span class='ocrx_word' id='word_1_1263' title='bbox 524 2313 585 2340; x_wconf 78' lang='lat' dir='ltr'>inis.</span> <span class='ocrx_word' id='word_1_1264' title='bbox 605 2313 625 2340; x_wconf 87' lang='lat' dir='ltr'>f.</span> <span class='ocrx_word' id='word_1_1265' title='bbox 661 2313 737 2339; x_wconf 82' lang='lat' dir='ltr'>herba</span> <span class='ocrx_word' id='word_1_1266' title='bbox 747 2310 899 2338; x_wconf 82' lang='lat' dir='ltr'>Verbenaca</span> <span class='ocrx_word' id='word_1_1267' title='bbox 907 2331 916 2343; x_wconf 90' lang='lat'>,</span> <span class='ocrx_word' id='word_1_1268' title='bbox 937 2310 964 2336; x_wconf 82' lang='lat' dir='ltr'>in</span> <span class='ocrx_word' id='word_1_1269' title='bbox 978 2309 1104 2346; x_wconf 62' lang='lat' dir='ltr'>lustrando</span> <span class='ocrx_word' id='word_1_1270' title='bbox 1118 2311 1177 2337; x_wconf 84' lang='lat' dir='ltr'>olim</span> <span class='ocrx_word' id='word_1_1271' title='bbox 1191 2310 1306 2336; x_wconf 82' lang='lat' dir='ltr'>adhibita</span> <span class='ocrx_word' id='word_1_1272' title='bbox 1369 2311 1478 2346; x_wconf 75' lang='lat' dir='ltr'>constare</span> <span class='ocrx_word' id='word_1_1273' title='bbox 1490 2313 1543 2341; x_wconf 77' lang='lat' dir='ltr'>ait,</span> <span class='ocrx_word' id='word_1_1274' title='bbox 1562 2311 1667 2338; x_wconf 88' lang='lat' dir='ltr'>lustrale</span> <span class='ocrx_word' id='word_1_1275' title='bbox 1680 2321 1774 2339; x_wconf 91' lang='lat' dir='ltr'>aurum</span> <span class='ocrx_word' id='word_1_1276' title='bbox 1788 2320 1878 2347; x_wconf 78' lang='lat' dir='ltr'>quarto</span> <span class='ocrx_word' id='word_1_1277' title='bbox 1891 2321 1985 2348; x_wconf 82' lang='lat' dir='ltr'>quoque</span> <span class='ocrx_word' id='word_1_1278' title='bbox 1997 2323 2062 2340; x_wconf 85' lang='lat' dir='ltr'>anno</span> <span class='ocrx_word' id='word_1_1279' title='bbox 2070 2313 2148 2348; x_wconf 81' lang='lat' dir='ltr'>pendi</span> <span class='ocrx_word' id='word_1_1280' title='bbox 2153 2313 2257 2349; x_wconf 84' lang='lat' dir='ltr'>solitum</span> <span class='ocrx_word' id='word_1_1281' title='bbox 2270 2322 2278 2337; x_wconf 83' lang='lat'>.·</span> <span class='ocrx_word' id='word_1_1282' title='bbox 2314 2312 2380 2346; x_wconf 84' lang='lat' dir='ltr'>quod</span> <span class='ocrx_word' id='word_1_1283' title='bbox 2390 2309 2440 2336; x_wconf 82' lang='lat' dir='ltr'>ali.</span> 
     </span>
     <span class='ocr_line' id='line_1_125' title="bbox 234 2345 2447 2388; baseline -0.003 -9"><span class='ocrx_word' id='word_1_1284' title='bbox 234 2353 310 2388; x_wconf 77' lang='lat' dir='ltr'>Apul.</span> <span class='ocrx_word' id='word_1_1285' title='bbox 324 2352 355 2378; x_wconf 88' lang='lat' dir='ltr'>de</span> <span class='ocrx_word' id='word_1_1286' title='bbox 368 2351 453 2378; x_wconf 84' lang='lat' dir='ltr'>Herb.</span> <span class='ocrx_word' id='word_1_1287' title='bbox 474 2359 495 2377; x_wconf 92' lang='lat' dir='ltr'>c.</span> <span class='ocrx_word' id='word_1_1288' title='bbox 509 2358 531 2383; x_wconf 88' lang='grc'>3.</span> <span class='ocrx_word' id='word_1_1289' title='bbox 1200 2381 1205 2386; x_wconf 43' lang='grc'><strong>’</strong></span> <span class='ocrx_word' id='word_1_1290' title='bbox 1369 2346 1443 2381; x_wconf 79' lang='lat' dir='ltr'>terse</span> <span class='ocrx_word' id='word_1_1291' title='bbox 1456 2347 1559 2385; x_wconf 59' lang='lat' dir='ltr'>halqer‘e,</span> <span class='ocrx_word' id='word_1_1292' title='bbox 1581 2353 1606 2372; x_wconf 82' lang='lat' dir='ltr'>et</span> <span class='ocrx_word' id='word_1_1293' title='bbox 1623 2346 1692 2373; x_wconf 87' lang='lat' dir='ltr'>illius</span> <span class='ocrx_word' id='word_1_1294' title='bbox 1710 2348 1769 2373; x_wconf 82' lang='lat' dir='ltr'>auri</span> <span class='ocrx_word' id='word_1_1295' title='bbox 1776 2348 1915 2382; x_wconf 75' lang='lat' dir='ltr'>pensionem</span> <span class='ocrx_word' id='word_1_1296' title='bbox 1934 2358 1987 2375; x_wconf 85' lang='lat' dir='ltr'>cum</span> <span class='ocrx_word' id='word_1_1297' title='bbox 2007 2349 2268 2384; x_wconf 84' lang='lat' dir='ltr'>quinquennalibus,</span> <span class='ocrx_word' id='word_1_1298' title='bbox 2293 2345 2447 2375; x_wconf 86' lang='lat' dir='ltr'>decennali--</span> 
     </span>
     <span class='ocr_line' id='line_1_126' title="bbox 273 2380 2441 2420; baseline -0.003 -6"><span class='ocrx_word' id='word_1_1299' title='bbox 273 2395 289 2414; x_wconf 83' lang='lat' dir='ltr'>L</span> <span class='ocrx_word' id='word_1_1300' title='bbox 300 2395 320 2414; x_wconf 91' lang='lat' dir='ltr'>v</span> <span class='ocrx_word' id='word_1_1301' title='bbox 331 2394 343 2414; x_wconf 86' lang='lat' dir='ltr'>s</span> <span class='ocrx_word' id='word_1_1302' title='bbox 354 2393 376 2414; x_wconf 89' lang='lat' dir='ltr'>T</span> <span class='ocrx_word' id='word_1_1303' title='bbox 389 2394 407 2414; x_wconf 83' lang='lat' dir='ltr'>R</span> <span class='ocrx_word' id='word_1_1304' title='bbox 419 2394 437 2413; x_wconf 85' lang='lat' dir='ltr'>v</span> <span class='ocrx_word' id='word_1_1305' title='bbox 447 2393 472 2413; x_wconf 86' lang='lat' dir='ltr'>M</span> <span class='ocrx_word' id='word_1_1306' title='bbox 488 2407 495 2419; x_wconf 93' lang='lat'>,</span> <span class='ocrx_word' id='word_1_1307' title='bbox 521 2386 540 2412; x_wconf 90' lang='lat' dir='ltr'>i.</span> <span class='ocrx_word' id='word_1_1308' title='bbox 573 2394 599 2412; x_wconf 92' lang='lat' dir='ltr'>n.</span> <span class='ocrx_word' id='word_1_1309' title='bbox 996 2382 1124 2409; x_wconf 83' lang='lat' dir='ltr'>Ferarum</span> <span class='ocrx_word' id='word_1_1310' title='bbox 1144 2380 1304 2408; x_wconf 80' lang='lat' dir='ltr'>habitacula.</span> <span class='ocrx_word' id='word_1_1311' title='bbox 1319 2383 1354 2409; x_wconf 85' lang='lat'>60</span> <span class='ocrx_word' id='word_1_1312' title='bbox 1368 2382 1417 2409; x_wconf 83' lang='lat' dir='ltr'>bus</span> <span class='ocrx_word' id='word_1_1313' title='bbox 1426 2402 1434 2414; x_wconf 93' lang='lat'>,</span> <span class='ocrx_word' id='word_1_1314' title='bbox 1454 2381 1707 2416; x_wconf 80' lang='lat' dir='ltr'>quindecennalibus</span> <span class='ocrx_word' id='word_1_1315' title='bbox 1720 2383 1790 2409; x_wconf 82' lang='lat' dir='ltr'>votis</span> <span class='ocrx_word' id='word_1_1316' title='bbox 1804 2384 1956 2410; x_wconf 62' lang='lat' dir='ltr'>conluntflam</span> <span class='ocrx_word' id='word_1_1317' title='bbox 1963 2385 2054 2419; x_wconf 71' lang='lat' dir='ltr'>fuzffe,</span> <span class='ocrx_word' id='word_1_1318' title='bbox 2074 2385 2181 2420; x_wconf 81' lang='lat' dir='ltr'>ostendit</span> <span class='ocrx_word' id='word_1_1319' title='bbox 2192 2389 2287 2411; x_wconf 83' lang='lat' dir='ltr'>Anton.</span> <span class='ocrx_word' id='word_1_1320' title='bbox 2302 2383 2370 2418; x_wconf 86' lang='lat' dir='ltr'>Pagi</span> <span class='ocrx_word' id='word_1_1321' title='bbox 2381 2380 2441 2418; x_wconf 62' lang='lat' dir='ltr'>diff:</span> 
     </span>
     <span class='ocr_line' id='line_1_127' title="bbox 235 2419 2440 2457; baseline -0.003 -6"><span class='ocrx_word' id='word_1_1322' title='bbox 235 2425 339 2457; x_wconf 80' lang='lat' dir='ltr'>Festus,</span> <span class='ocrx_word' id='word_1_1323' title='bbox 365 2423 457 2450; x_wconf 87' lang='lat' dir='ltr'>Lustra</span> <span class='ocrx_word' id='word_1_1324' title='bbox 476 2420 621 2457; x_wconf 82' lang='lat' dir='ltr'>significant</span> <span class='ocrx_word' id='word_1_1325' title='bbox 642 2422 746 2447; x_wconf 85' lang='lat' dir='ltr'>lacunas</span> <span class='ocrx_word' id='word_1_1326' title='bbox 1368 2420 1453 2453; x_wconf 80' lang='lat' dir='ltr'>hypat.</span> <span class='ocrx_word' id='word_1_1327' title='bbox 1474 2426 1507 2451; x_wconf 85' lang='lat'>2,</span> <span class='ocrx_word' id='word_1_1328' title='bbox 1526 2426 1562 2451; x_wconf 87' lang='lat'>4,</span> <span class='ocrx_word' id='word_1_1329' title='bbox 1580 2421 1606 2444; x_wconf 83' lang='lat'>6.</span> <span class='ocrx_word' id='word_1_1330' title='bbox 1677 2420 1805 2444; x_wconf 78' lang='lat' dir='ltr'>Caeterum</span> <span class='ocrx_word' id='word_1_1331' title='bbox 1826 2419 2027 2454; x_wconf 87' lang='lat' dir='ltr'>quinquennale</span> <span class='ocrx_word' id='word_1_1332' title='bbox 2053 2420 2165 2447; x_wconf 86' lang='lat' dir='ltr'>lustrum</span> <span class='ocrx_word' id='word_1_1333' title='bbox 2189 2423 2326 2457; x_wconf 80' lang='lat' dir='ltr'>loquuntur</span> <span class='ocrx_word' id='word_1_1334' title='bbox 2348 2419 2440 2445; x_wconf 81' lang='lat' dir='ltr'>onmia.</span> 
     </span>
     <span class='ocr_line' id='line_1_128' title="bbox 236 2453 2440 2493; baseline -0.003 -6"><span class='ocrx_word' id='word_1_1335' title='bbox 236 2461 293 2487; x_wconf 90' lang='lat' dir='ltr'>sunt</span> <span class='ocrx_word' id='word_1_1336' title='bbox 307 2460 334 2486; x_wconf 90' lang='lat' dir='ltr'>in</span> <span class='ocrx_word' id='word_1_1337' title='bbox 347 2459 417 2486; x_wconf 85' lang='lat' dir='ltr'>siluis</span> <span class='ocrx_word' id='word_1_1338' title='bbox 434 2466 561 2493; x_wconf 85' lang='lat' dir='ltr'>aprorum</span> <span class='ocrx_word' id='word_1_1339' title='bbox 576 2456 684 2484; x_wconf 85' lang='lat' dir='ltr'>cubilia.</span> <span class='ocrx_word' id='word_1_1340' title='bbox 743 2455 843 2481; x_wconf 85' lang='lat' dir='ltr'>Similia</span> <span class='ocrx_word' id='word_1_1341' title='bbox 859 2455 933 2482; x_wconf 88' lang='lat' dir='ltr'>Non.</span> <span class='ocrx_word' id='word_1_1342' title='bbox 947 2463 983 2487; x_wconf 88' lang='lat'>4,</span> <span class='ocrx_word' id='word_1_1343' title='bbox 1003 2461 1062 2488; x_wconf 84' lang='lat'>272.</span> <span class='ocrx_word' id='word_1_1344' title='bbox 1369 2455 1520 2480; x_wconf 86' lang='lat' dir='ltr'>Varronem</span> <span class='ocrx_word' id='word_1_1345' title='bbox 1537 2454 1588 2480; x_wconf 87' lang='lat' dir='ltr'>iam</span> <span class='ocrx_word' id='word_1_1346' title='bbox 1601 2453 1743 2480; x_wconf 71' lang='lat' dir='ltr'>audiuimus</span> <span class='ocrx_word' id='word_1_1347' title='bbox 1754 2456 1784 2480; x_wconf 84' lang='lat' dir='ltr'>de</span> <span class='ocrx_word' id='word_1_1348' title='bbox 1797 2454 1827 2481; x_wconf 87' lang='lat' dir='ltr'>L.</span> <span class='ocrx_word' id='word_1_1349' title='bbox 1840 2453 1915 2488; x_wconf 53' lang='lat' dir='ltr'>L.‘5‚</span> <span class='ocrx_word' id='word_1_1350' title='bbox 1928 2463 1944 2481; x_wconf 77' lang='lat'>2.</span> <span class='ocrx_word' id='word_1_1351' title='bbox 1965 2457 2042 2490; x_wconf 87' lang='lat' dir='ltr'>p.46.</span> <span class='ocrx_word' id='word_1_1352' title='bbox 2053 2461 2097 2490; x_wconf 84' lang='lat' dir='ltr'>pr.</span> <span class='ocrx_word' id='word_1_1353' title='bbox 2134 2456 2258 2482; x_wconf 81' lang='lat' dir='ltr'>Lustrum</span> <span class='ocrx_word' id='word_1_1354' title='bbox 2270 2455 2440 2482; x_wconf 80' lang='lat' dir='ltr'>nominatum</span> 
     </span>
     <span class='ocr_line' id='line_1_129' title="bbox 237 2486 2440 2529; baseline -0.003 -7"><span class='ocrx_word' id='word_1_1355' title='bbox 237 2505 268 2528; x_wconf 76' lang='lat' dir='ltr'>z,</span> <span class='ocrx_word' id='word_1_1356' title='bbox 281 2505 298 2529; x_wconf 87' lang='lat'>4</span> <span class='ocrx_word' id='word_1_1357' title='bbox 309 2515 316 2529; x_wconf 90' lang='lat'>,</span> <span class='ocrx_word' id='word_1_1358' title='bbox 329 2500 342 2526; x_wconf 81' lang='lat'>8</span> <span class='ocrx_word' id='word_1_1359' title='bbox 375 2495 483 2527; x_wconf 87' lang='lat' dir='ltr'>Lustra,</span> <span class='ocrx_word' id='word_1_1360' title='bbox 506 2494 534 2520; x_wconf 93' lang='lat' dir='ltr'>in</span> <span class='ocrx_word' id='word_1_1361' title='bbox 549 2493 647 2528; x_wconf 83' lang='lat' dir='ltr'>quibus</span> <span class='ocrx_word' id='word_1_1362' title='bbox 665 2492 823 2519; x_wconf 84' lang='lat' dir='ltr'>volutantur</span> <span class='ocrx_word' id='word_1_1363' title='bbox 846 2492 911 2517; x_wconf 87' lang='lat' dir='ltr'>sues.</span> <span class='ocrx_word' id='word_1_1364' title='bbox 988 2490 1064 2524; x_wconf 85' lang='lat' dir='ltr'>Virg.</span> <span class='ocrx_word' id='word_1_1365' title='bbox 1085 2489 1184 2523; x_wconf 86' lang='lat' dir='ltr'>Georg.</span> <span class='ocrx_word' id='word_1_1366' title='bbox 1204 2497 1236 2521; x_wconf 81' lang='lat'>2,</span> <span class='ocrx_word' id='word_1_1367' title='bbox 1255 2495 1306 2523; x_wconf 82' lang='lat'>471</span> <span class='ocrx_word' id='word_1_1368' title='bbox 1369 2495 1472 2524; x_wconf 78' lang='lat' dir='ltr'>tempus</span> <span class='ocrx_word' id='word_1_1369' title='bbox 1489 2486 1688 2525; x_wconf 70' lang='lat' dir='ltr'>quinquennale</span> <span class='ocrx_word' id='word_1_1370' title='bbox 1701 2497 1747 2516; x_wconf 80' lang='lat' dir='ltr'>etc.</span> <span class='ocrx_word' id='word_1_1371' title='bbox 1804 2490 1899 2518; x_wconf 87' lang='lat' dir='ltr'>Ascon.</span> <span class='ocrx_word' id='word_1_1372' title='bbox 1911 2490 2059 2518; x_wconf 79' lang='lat' dir='ltr'>Pcdian.1&#39;n</span> <span class='ocrx_word' id='word_1_1373' title='bbox 2073 2492 2238 2524; x_wconf 80' lang='lat' dir='ltr'>Verr.1,104</span> <span class='ocrx_word' id='word_1_1374' title='bbox 2258 2500 2279 2517; x_wconf 90' lang='lat' dir='ltr'>c.</span> <span class='ocrx_word' id='word_1_1375' title='bbox 2287 2499 2318 2523; x_wconf 84' lang='lat'>41</span> <span class='ocrx_word' id='word_1_1376' title='bbox 2341 2490 2440 2525; x_wconf 85' lang='lat' dir='ltr'>Neque</span> 
     </span>
     <span class='ocr_line' id='line_1_130' title="bbox 237 2524 2442 2562; baseline -0.003 -4"><span class='ocrx_word' id='word_1_1377' title='bbox 237 2532 301 2558; x_wconf 75' lang='lat' dir='ltr'>Non</span> <span class='ocrx_word' id='word_1_1378' title='bbox 322 2532 413 2558; x_wconf 90' lang='lat' dir='ltr'>absunt</span> <span class='ocrx_word' id='word_1_1379' title='bbox 432 2531 486 2557; x_wconf 87' lang='lat' dir='ltr'>illis</span> <span class='ocrx_word' id='word_1_1380' title='bbox 507 2530 584 2556; x_wconf 84' lang='lat' dir='ltr'>saltus</span> <span class='ocrx_word' id='word_1_1381' title='bbox 603 2538 632 2555; x_wconf 91' lang='lat' dir='ltr'>ac</span> <span class='ocrx_word' id='word_1_1382' title='bbox 651 2529 731 2555; x_wconf 85' lang='lat' dir='ltr'>lustra</span> <span class='ocrx_word' id='word_1_1383' title='bbox 750 2528 878 2554; x_wconf 85' lang='lat' dir='ltr'>ferarum.</span> <span class='ocrx_word' id='word_1_1384' title='bbox 959 2526 1066 2553; x_wconf 82' lang='lat' dir='ltr'>Deserta</span> <span class='ocrx_word' id='word_1_1385' title='bbox 1086 2525 1205 2552; x_wconf 84' lang='lat' dir='ltr'>ferarum</span> <span class='ocrx_word' id='word_1_1386' title='bbox 1224 2524 1305 2551; x_wconf 79' lang='lat' dir='ltr'>lustra</span> <span class='ocrx_word' id='word_1_1387' title='bbox 1368 2526 1459 2553; x_wconf 83' lang='lat' dir='ltr'>census</span> <span class='ocrx_word' id='word_1_1388' title='bbox 1473 2526 1550 2558; x_wconf 78' lang='lat' dir='ltr'>essct,</span> <span class='ocrx_word' id='word_1_1389' title='bbox 1569 2527 1592 2552; x_wconf 77' lang='lat' dir='ltr'>h.</span> <span class='ocrx_word' id='word_1_1390' title='bbox 1606 2535 1626 2552; x_wconf 84' lang='lat' dir='ltr'>e.</span> <span class='ocrx_word' id='word_1_1391' title='bbox 1647 2535 1733 2561; x_wconf 88' lang='lat' dir='ltr'>neque</span> <span class='ocrx_word' id='word_1_1392' title='bbox 1747 2527 1836 2553; x_wconf 89' lang='lat' dir='ltr'>census</span> <span class='ocrx_word' id='word_1_1393' title='bbox 1848 2526 1906 2553; x_wconf 87' lang='lat' dir='ltr'>eius</span> <span class='ocrx_word' id='word_1_1394' title='bbox 1917 2526 1945 2553; x_wconf 92' lang='lat' dir='ltr'>in</span> <span class='ocrx_word' id='word_1_1395' title='bbox 1960 2527 2175 2562; x_wconf 78' lang='lat' dir='ltr'>quinquennium</span> <span class='ocrx_word' id='word_1_1396' title='bbox 2189 2525 2256 2553; x_wconf 86' lang='lat' dir='ltr'>illud</span> <span class='ocrx_word' id='word_1_1397' title='bbox 2268 2526 2328 2553; x_wconf 80' lang='lat' dir='ltr'>esset</span> <span class='ocrx_word' id='word_1_1398' title='bbox 2343 2525 2442 2558; x_wconf 56' lang='grc' dir='ltr'>ἐξέλυε,</span> 
     </span>
     <span class='ocr_line' id='line_1_131' title="bbox 238 2561 2452 2602; baseline -0.004 -8"><span class='ocrx_word' id='word_1_1399' title='bbox 238 2567 312 2602; x_wconf 85' lang='lat' dir='ltr'>Virg.</span> <span class='ocrx_word' id='word_1_1400' title='bbox 326 2568 388 2593; x_wconf 80' lang='lat' dir='ltr'>Aen.</span> <span class='ocrx_word' id='word_1_1401' title='bbox 404 2576 425 2599; x_wconf 79' lang='lat'>3,</span> <span class='ocrx_word' id='word_1_1402' title='bbox 446 2569 509 2600; x_wconf 78' lang='lat'>647.</span> <span class='ocrx_word' id='word_1_1403' title='bbox 585 2565 669 2591; x_wconf 84' lang='lat' dir='ltr'>Deuia</span> <span class='ocrx_word' id='word_1_1404' title='bbox 696 2563 778 2591; x_wconf 88' lang='lat' dir='ltr'>Ouid.</span> <span class='ocrx_word' id='word_1_1405' title='bbox 792 2564 858 2590; x_wconf 83' lang='lat' dir='ltr'>Met.</span> <span class='ocrx_word' id='word_1_1406' title='bbox 872 2572 900 2597; x_wconf 84' lang='lat'>3,</span> <span class='ocrx_word' id='word_1_1407' title='bbox 915 2565 972 2596; x_wconf 82' lang='lat'>146.</span> <span class='ocrx_word' id='word_1_1408' title='bbox 1047 2562 1122 2589; x_wconf 80' lang='lat' dir='ltr'>Inuia</span> <span class='ocrx_word' id='word_1_1409' title='bbox 1148 2561 1224 2595; x_wconf 82' lang='lat' dir='ltr'>Virg.</span> <span class='ocrx_word' id='word_1_1410' title='bbox 1238 2562 1303 2586; x_wconf 83' lang='lat' dir='ltr'>Aen.</span> <span class='ocrx_word' id='word_1_1411' title='bbox 1321 2561 1353 2594; x_wconf 74' lang='grc' dir='ltr'>ὅς</span> <span class='ocrx_word' id='word_1_1412' title='bbox 1370 2570 1487 2596; x_wconf 89' lang='lat' dir='ltr'>quorum</span> <span class='ocrx_word' id='word_1_1413' title='bbox 1501 2571 1633 2588; x_wconf 87' lang='lat' dir='ltr'>annorum</span> <span class='ocrx_word' id='word_1_1414' title='bbox 1647 2562 1731 2597; x_wconf 84' lang='lat' dir='ltr'>spatio</span> <span class='ocrx_word' id='word_1_1415' title='bbox 1745 2561 1886 2589; x_wconf 85' lang='lat' dir='ltr'>instaurari</span> <span class='ocrx_word' id='word_1_1416' title='bbox 1899 2564 1988 2589; x_wconf 83' lang='lat' dir='ltr'>census</span> <span class='ocrx_word' id='word_1_1417' title='bbox 2001 2563 2066 2589; x_wconf 87' lang='lat' dir='ltr'>solet</span> <span class='ocrx_word' id='word_1_1418' title='bbox 2078 2562 2148 2599; x_wconf 89' lang='lat' dir='ltr'>apud</span> <span class='ocrx_word' id='word_1_1419' title='bbox 2161 2563 2298 2595; x_wconf 85' lang='lat' dir='ltr'>censores,</span> <span class='ocrx_word' id='word_1_1420' title='bbox 2321 2569 2452 2596; x_wconf 90' lang='lat' dir='ltr'>quorum-</span> 
     </span>
     <span class='ocr_line' id='line_1_132' title="bbox 237 2595 2441 2636; baseline -0.003 -7"><span class='ocrx_word' id='word_1_1421' title='bbox 237 2612 271 2636; x_wconf 83' lang='lat'>4,</span> <span class='ocrx_word' id='word_1_1422' title='bbox 291 2611 335 2636; x_wconf 82' lang='lat'>151.</span> <span class='ocrx_word' id='word_1_1423' title='bbox 408 2602 521 2628; x_wconf 86' lang='lat' dir='ltr'>Tetrica</span> <span class='ocrx_word' id='word_1_1424' title='bbox 547 2601 608 2628; x_wconf 83' lang='lat' dir='ltr'>Stat.</span> <span class='ocrx_word' id='word_1_1425' title='bbox 623 2600 715 2627; x_wconf 85' lang='lat' dir='ltr'>Theb.</span> <span class='ocrx_word' id='word_1_1426' title='bbox 730 2609 764 2633; x_wconf 90' lang='lat'>9,</span> <span class='ocrx_word' id='word_1_1427' title='bbox 785 2602 838 2632; x_wconf 75' lang='lat'>615.</span> <span class='ocrx_word' id='word_1_1428' title='bbox 997 2596 1018 2636; x_wconf 58' lang='lat' dir='ltr'><strong>ff</strong></span> <span class='ocrx_word' id='word_1_1429' title='bbox 1039 2605 1055 2624; x_wconf 86' lang='lat'>2</span> <span class='ocrx_word' id='word_1_1430' title='bbox 1092 2598 1181 2632; x_wconf 76' lang='lat' dir='ltr'>Pergit</span> <span class='ocrx_word' id='word_1_1431' title='bbox 1200 2596 1305 2629; x_wconf 77' lang='lat' dir='ltr'>Festus,</span> <span class='ocrx_word' id='word_1_1432' title='bbox 1368 2597 1564 2624; x_wconf 86' lang='lat' dir='ltr'>administratio</span> <span class='ocrx_word' id='word_1_1433' title='bbox 1583 2607 1631 2633; x_wconf 86' lang='lat' dir='ltr'>per</span> <span class='ocrx_word' id='word_1_1434' title='bbox 1651 2597 1764 2624; x_wconf 86' lang='lat' dir='ltr'>lustrum</span> <span class='ocrx_word' id='word_1_1435' title='bbox 1777 2619 1786 2631; x_wconf 92' lang='lat'>,</span> <span class='ocrx_word' id='word_1_1436' title='bbox 1818 2600 1842 2625; x_wconf 83' lang='lat' dir='ltr'>b.</span> <span class='ocrx_word' id='word_1_1437' title='bbox 1861 2607 1881 2625; x_wconf 82' lang='lat' dir='ltr'>e.</span> <span class='ocrx_word' id='word_1_1438' title='bbox 1902 2599 2117 2634; x_wconf 87' lang='lat' dir='ltr'>quinquennium</span> <span class='ocrx_word' id='word_1_1439' title='bbox 2138 2598 2299 2626; x_wconf 86' lang='lat' dir='ltr'>extenditur.</span> <span class='ocrx_word' id='word_1_1440' title='bbox 2362 2595 2441 2623; x_wconf 77' lang='lat' dir='ltr'>Nihil</span> 
     </span>
     <span class='ocr_line' id='line_1_133' title="bbox 238 2632 2439 2673; baseline -0.003 -8"><span class='ocrx_word' id='word_1_1441' title='bbox 238 2640 259 2665; x_wconf 81' lang='grc' dir='ltr'>Α</span> <span class='ocrx_word' id='word_1_1442' title='bbox 273 2648 323 2673; x_wconf 93' lang='lat' dir='ltr'>qua</span> <span class='ocrx_word' id='word_1_1443' title='bbox 335 2638 506 2665; x_wconf 75' lang='lat' dir='ltr'>similitudine</span> <span class='ocrx_word' id='word_1_1444' title='bbox 521 2638 552 2671; x_wconf 87' lang='lat' dir='ltr'>ii,</span> <span class='ocrx_word' id='word_1_1445' title='bbox 573 2638 620 2672; x_wconf 89' lang='lat' dir='ltr'>qui</span> <span class='ocrx_word' id='word_1_1446' title='bbox 635 2637 662 2663; x_wconf 94' lang='lat' dir='ltr'>in</span> <span class='ocrx_word' id='word_1_1447' title='bbox 678 2637 743 2663; x_wconf 85' lang='lat' dir='ltr'>locis</span> <span class='ocrx_word' id='word_1_1448' title='bbox 757 2635 854 2662; x_wconf 80' lang='lat' dir='ltr'>abditis</span> <span class='ocrx_word' id='word_1_1449' title='bbox 869 2640 895 2662; x_wconf 88' lang='lat' dir='ltr'>et</span> <span class='ocrx_word' id='word_1_1450' title='bbox 914 2634 1027 2662; x_wconf 85' lang='lat' dir='ltr'>sordidis</span> <span class='ocrx_word' id='word_1_1451' title='bbox 1048 2634 1136 2661; x_wconf 81' lang='lat' dir='ltr'>ventri</span> <span class='ocrx_word' id='word_1_1452' title='bbox 1151 2639 1176 2660; x_wconf 89' lang='lat' dir='ltr'>et</span> <span class='ocrx_word' id='word_1_1453' title='bbox 1190 2633 1304 2660; x_wconf 76' lang='lat' dir='ltr'>desidiae</span> <span class='ocrx_word' id='word_1_1454' title='bbox 1364 2634 1443 2670; x_wconf 76' lang='lat' dir='ltr'>potest</span> <span class='ocrx_word' id='word_1_1455' title='bbox 1457 2634 1559 2661; x_wconf 85' lang='lat' dir='ltr'>clarius.</span> <span class='ocrx_word' id='word_1_1456' title='bbox 1623 2634 1676 2670; x_wconf 77' lang='lat' dir='ltr'>lpse</span> <span class='ocrx_word' id='word_1_1457' title='bbox 1691 2634 1748 2661; x_wconf 88' lang='lat' dir='ltr'>Cic.</span> <span class='ocrx_word' id='word_1_1458' title='bbox 1763 2634 1795 2661; x_wconf 88' lang='lat' dir='ltr'>de</span> <span class='ocrx_word' id='word_1_1459' title='bbox 1808 2635 1890 2670; x_wconf 81' lang='lat' dir='ltr'>Legg.</span> <span class='ocrx_word' id='word_1_1460' title='bbox 1903 2643 1915 2667; x_wconf 82' lang='lat'><em>3</em></span> <span class='ocrx_word' id='word_1_1461' title='bbox 1933 2643 1954 2662; x_wconf 89' lang='lat' dir='ltr'>c.</span> <span class='ocrx_word' id='word_1_1462' title='bbox 1967 2643 1980 2667; x_wconf 75' lang='grc'>3</span> <span class='ocrx_word' id='word_1_1463' title='bbox 2006 2636 2036 2661; x_wconf 80' lang='lat' dir='ltr'>de</span> <span class='ocrx_word' id='word_1_1464' title='bbox 2053 2634 2234 2667; x_wconf 81' lang='lat' dir='ltr'>Censoribns,</span> <span class='ocrx_word' id='word_1_1465' title='bbox 2254 2632 2439 2668; x_wconf 83' lang='lat' dir='ltr'>Magistratum</span> 
     </span>
     <span class='ocr_line' id='line_1_134' title="bbox 238 2667 2440 2709; baseline -0.004 -8"><span class='ocrx_word' id='word_1_1466' title='bbox 238 2682 345 2709; x_wconf 84' lang='lat' dir='ltr'>operam</span> <span class='ocrx_word' id='word_1_1467' title='bbox 359 2675 437 2707; x_wconf 82' lang='lat' dir='ltr'>dant,</span> <span class='ocrx_word' id='word_1_1468' title='bbox 463 2673 588 2700; x_wconf 88' lang='lat' dir='ltr'>dicuntur</span> <span class='ocrx_word' id='word_1_1469' title='bbox 607 2673 635 2699; x_wconf 91' lang='lat' dir='ltr'>in</span> <span class='ocrx_word' id='word_1_1470' title='bbox 655 2672 743 2700; x_wconf 86' lang='lat' dir='ltr'>lustris</span> <span class='ocrx_word' id='word_1_1471' title='bbox 764 2672 846 2699; x_wconf 85' lang='lat' dir='ltr'>vitam</span> <span class='ocrx_word' id='word_1_1472' title='bbox 866 2680 953 2706; x_wconf 82' lang='lat' dir='ltr'>agere.</span> <span class='ocrx_word' id='word_1_1473' title='bbox 1016 2673 1078 2697; x_wconf 83' lang='lat' dir='ltr'>Sunt</span> <span class='ocrx_word' id='word_1_1474' title='bbox 1098 2671 1180 2705; x_wconf 72' lang='lat' dir='ltr'>Igitur</span> <span class='ocrx_word' id='word_1_1475' title='bbox 1194 2670 1304 2701; x_wconf 83' lang='lat' dir='ltr'>Lustra,</span> <span class='ocrx_word' id='word_1_1476' title='bbox 1369 2670 1584 2705; x_wconf 85' lang='lat' dir='ltr'>quinquennium</span> <span class='ocrx_word' id='word_1_1477' title='bbox 1598 2669 1721 2697; x_wconf 88' lang='lat' dir='ltr'>habento.</span> <span class='ocrx_word' id='word_1_1478' title='bbox 1779 2672 1846 2697; x_wconf 79' lang='lat' dir='ltr'>HInc</span> <span class='ocrx_word' id='word_1_1479' title='bbox 1858 2669 2021 2698; x_wconf 79' lang='lat' dir='ltr'>Censoribus</span> <span class='ocrx_word' id='word_1_1480' title='bbox 2034 2670 2061 2696; x_wconf 83' lang='lat' dir='ltr'>in</span> <span class='ocrx_word' id='word_1_1481' title='bbox 2076 2671 2137 2696; x_wconf 78' lang='lat' dir='ltr'>vrbe</span> <span class='ocrx_word' id='word_1_1482' title='bbox 2157 2671 2305 2706; x_wconf 81' lang='lat' dir='ltr'>respondent</span> <span class='ocrx_word' id='word_1_1483' title='bbox 2325 2667 2440 2695; x_wconf 78' lang='lat' dir='ltr'>Colonia.</span> 
     </span>
     <span class='ocr_line' id='line_1_135' title="bbox 238 2704 2440 2745; baseline -0.003 -8"><span class='ocrx_word' id='word_1_1484' title='bbox 238 2710 348 2745; x_wconf 80' lang='lat' dir='ltr'>Popinae</span> <span class='ocrx_word' id='word_1_1485' title='bbox 360 2717 383 2735; x_wconf 79' lang='lat' dir='ltr'>ct</span> <span class='ocrx_word' id='word_1_1486' title='bbox 396 2711 545 2744; x_wconf 77' lang='lat' dir='ltr'>lupanaria,</span> <span class='ocrx_word' id='word_1_1487' title='bbox 565 2719 595 2735; x_wconf 80' lang='lat' dir='ltr'>ac</span> <span class='ocrx_word' id='word_1_1488' title='bbox 608 2710 765 2735; x_wconf 79' lang='lat' dir='ltr'>meretricum</span> <span class='ocrx_word' id='word_1_1489' title='bbox 779 2708 940 2734; x_wconf 63' lang='lat' dir='ltr'>diuet-titula.</span> <span class='ocrx_word' id='word_1_1490' title='bbox 1003 2707 1110 2735; x_wconf 85' lang='lat' dir='ltr'>Seruius</span> <span class='ocrx_word' id='word_1_1491' title='bbox 1120 2727 1128 2738; x_wconf 87' lang='lat'><strong>‚</strong></span> <span class='ocrx_word' id='word_1_1492' title='bbox 1145 2705 1176 2732; x_wconf 83' lang='lat' dir='ltr'>ad</span> <span class='ocrx_word' id='word_1_1493' title='bbox 1194 2707 1259 2732; x_wconf 84' lang='lat' dir='ltr'>Aen.</span> <span class='ocrx_word' id='word_1_1494' title='bbox 1274 2713 1303 2738; x_wconf 85' lang='lat'>3,</span> <span class='ocrx_word' id='word_1_1495' title='bbox 1352 2714 1354 2718; x_wconf 92' lang='grc'><em>·</em></span> <span class='ocrx_word' id='word_1_1496' title='bbox 1369 2715 1424 2731; x_wconf 85' lang='lat' dir='ltr'>rum</span> <span class='ocrx_word' id='word_1_1497' title='bbox 1438 2713 1461 2731; x_wconf 76' lang='lat' dir='ltr'>et</span> <span class='ocrx_word' id='word_1_1498' title='bbox 1474 2706 1672 2740; x_wconf 83' lang='lat' dir='ltr'>Municipiorum</span> <span class='ocrx_word' id='word_1_1499' title='bbox 1685 2706 1903 2741; x_wconf 81' lang='lat' dir='ltr'>quinquennales.</span> <span class='ocrx_word' id='word_1_1500' title='bbox 1975 2706 2045 2733; x_wconf 90' lang='lat' dir='ltr'>Tac.</span> <span class='ocrx_word' id='word_1_1501' title='bbox 2060 2707 2108 2733; x_wconf 85' lang='lat' dir='ltr'>An.</span> <span class='ocrx_word' id='word_1_1502' title='bbox 2124 2708 2166 2740; x_wconf 87' lang='grc'>16,</span> <span class='ocrx_word' id='word_1_1503' title='bbox 2182 2714 2198 2732; x_wconf 82' lang='lat'>2</span> <span class='ocrx_word' id='word_1_1504' title='bbox 2223 2706 2260 2732; x_wconf 84' lang='lat' dir='ltr'>Ac</span> <span class='ocrx_word' id='word_1_1505' title='bbox 2274 2705 2347 2732; x_wconf 87' lang='lat' dir='ltr'>forte</span> <span class='ocrx_word' id='word_1_1506' title='bbox 2361 2704 2440 2740; x_wconf 85' lang='lat' dir='ltr'>quin-</span> 
     </span>
     <span class='ocr_line' id='line_1_136' title="bbox 239 2739 2439 2780; baseline -0.003 -8"><span class='ocrx_word' id='word_1_1507' title='bbox 239 2748 293 2780; x_wconf 86' lang='lat'>647</span> <span class='ocrx_word' id='word_1_1508' title='bbox 321 2745 559 2780; x_wconf 81' lang='lat' dir='ltr'>Lupanarialustra</span> <span class='ocrx_word' id='word_1_1509' title='bbox 579 2744 708 2779; x_wconf 86' lang='lat' dir='ltr'>dicimus,</span> <span class='ocrx_word' id='word_1_1510' title='bbox 728 2744 775 2770; x_wconf 78' lang='lat' dir='ltr'>vbi</span> <span class='ocrx_word' id='word_1_1511' title='bbox 789 2743 907 2771; x_wconf 85' lang='lat' dir='ltr'>habitant</span> <span class='ocrx_word' id='word_1_1512' title='bbox 926 2744 1018 2779; x_wconf 85' lang='lat' dir='ltr'>lupae,</span> <span class='ocrx_word' id='word_1_1513' title='bbox 1039 2742 1067 2769; x_wconf 91' lang='lat' dir='ltr'>id</span> <span class='ocrx_word' id='word_1_1514' title='bbox 1088 2742 1121 2768; x_wconf 84' lang='lat' dir='ltr'>est</span> <span class='ocrx_word' id='word_1_1515' title='bbox 1136 2742 1304 2769; x_wconf 79' lang='lat' dir='ltr'>meretrices:</span> <span class='ocrx_word' id='word_1_1516' title='bbox 1318 2745 1354 2774; x_wconf 88' lang='lat'>70</span> <span class='ocrx_word' id='word_1_1517' title='bbox 1367 2741 1498 2776; x_wconf 88' lang='lat' dir='ltr'>quennale</span> <span class='ocrx_word' id='word_1_1518' title='bbox 1523 2741 1657 2768; x_wconf 84' lang='lat' dir='ltr'>ludicrum</span> <span class='ocrx_word' id='word_1_1519' title='bbox 1683 2742 1796 2768; x_wconf 88' lang='lat' dir='ltr'>secundo</span> <span class='ocrx_word' id='word_1_1520' title='bbox 1821 2742 1904 2769; x_wconf 84' lang='lat' dir='ltr'>lustro</span> <span class='ocrx_word' id='word_1_1521' title='bbox 1929 2742 2119 2769; x_wconf 87' lang='lat' dir='ltr'>celebrabatur.</span> <span class='ocrx_word' id='word_1_1522' title='bbox 2173 2744 2213 2769; x_wconf 86' lang='lat' dir='ltr'>De</span> <span class='ocrx_word' id='word_1_1523' title='bbox 2232 2741 2316 2768; x_wconf 60' lang='lat' dir='ltr'>Poetis</span> <span class='ocrx_word' id='word_1_1524' title='bbox 2335 2749 2383 2767; x_wconf 80' lang='lat' dir='ltr'>non</span> <span class='ocrx_word' id='word_1_1525' title='bbox 2402 2739 2439 2776; x_wconf 62' lang='lat' dir='ltr'>*est</span> 
     </span>
     <span class='ocr_line' id='line_1_137' title="bbox 239 2775 2438 2814; baseline -0.003 -6"><span class='ocrx_word' id='word_1_1526' title='bbox 239 2781 324 2808; x_wconf 66' lang='lat' dir='ltr'>dietae</span> <span class='ocrx_word' id='word_1_1527' title='bbox 338 2781 369 2808; x_wconf 88' lang='lat' dir='ltr'>ab</span> <span class='ocrx_word' id='word_1_1528' title='bbox 383 2780 575 2814; x_wconf 89' lang='lat' dir='ltr'>obscoenitate,</span> <span class='ocrx_word' id='word_1_1529' title='bbox 595 2787 621 2808; x_wconf 90' lang='lat' dir='ltr'>et</span> <span class='ocrx_word' id='word_1_1530' title='bbox 633 2781 726 2808; x_wconf 86' lang='lat' dir='ltr'>odoris</span> <span class='ocrx_word' id='word_1_1531' title='bbox 739 2779 918 2807; x_wconf 82' lang='lat' dir='ltr'>similitudine.</span> <span class='ocrx_word' id='word_1_1532' title='bbox 955 2782 1023 2806; x_wconf 68' lang='lat' dir='ltr'>Adit.</span> <span class='ocrx_word' id='word_1_1533' title='bbox 1040 2778 1127 2805; x_wconf 85' lang='lat' dir='ltr'>Schol.</span> <span class='ocrx_word' id='word_1_1534' title='bbox 1143 2778 1238 2804; x_wconf 87' lang='lat' dir='ltr'>Horat.</span> <span class='ocrx_word' id='word_1_1535' title='bbox 1252 2778 1303 2804; x_wconf 82' lang='lat' dir='ltr'>Sat.</span> <span class='ocrx_word' id='word_1_1536' title='bbox 1367 2777 1478 2804; x_wconf 71' lang='lat' dir='ltr'>dubium.</span> <span class='ocrx_word' id='word_1_1537' title='bbox 1534 2777 1603 2804; x_wconf 88' lang='lat' dir='ltr'>Hor.</span> <span class='ocrx_word' id='word_1_1538' title='bbox 1618 2778 1707 2804; x_wconf 65' lang='lat' dir='ltr'>Carmj</span> <span class='ocrx_word' id='word_1_1539' title='bbox 1723 2785 1748 2810; x_wconf 85' lang='lat'>2,</span> <span class='ocrx_word' id='word_1_1540' title='bbox 1761 2786 1787 2811; x_wconf 86' lang='lat'>4.</span> <span class='ocrx_word' id='word_1_1541' title='bbox 1800 2785 1866 2805; x_wconf 81' lang='lat' dir='ltr'>extr.</span> <span class='ocrx_word' id='word_1_1542' title='bbox 1904 2779 2135 2814; x_wconf 78' lang='lat' dir='ltr'>quadragenarium</span> <span class='ocrx_word' id='word_1_1543' title='bbox 2142 2778 2173 2814; x_wconf 89' lang='lat' dir='ltr'>se</span> <span class='ocrx_word' id='word_1_1544' title='bbox 2185 2777 2264 2810; x_wconf 78' lang='lat' dir='ltr'>dicit,</span> <span class='ocrx_word' id='word_1_1545' title='bbox 2284 2776 2358 2803; x_wconf 86' lang='lat' dir='ltr'>cuius</span> <span class='ocrx_word' id='word_1_1546' title='bbox 2365 2775 2438 2803; x_wconf 61' lang='lat' dir='ltr'>odia-</span> 
     </span>
     <span class='ocr_line' id='line_1_138' title="bbox 239 2812 2437 2850; baseline -0.003 -6"><span class='ocrx_word' id='word_1_1547' title='bbox 239 2827 265 2850; x_wconf 85' lang='lat'>1,</span> <span class='ocrx_word' id='word_1_1548' title='bbox 278 2819 309 2850; x_wconf 87' lang='lat'>6,</span> <span class='ocrx_word' id='word_1_1549' title='bbox 322 2820 362 2848; x_wconf 66' lang='grc'>68.</span> <span class='ocrx_word' id='word_1_1550' title='bbox 436 2818 517 2844; x_wconf 84' lang='lat' dir='ltr'>Plaut.</span> <span class='ocrx_word' id='word_1_1551' title='bbox 531 2817 599 2844; x_wconf 78' lang='lat' dir='ltr'>Asin.</span> <span class='ocrx_word' id='word_1_1552' title='bbox 620 2826 648 2850; x_wconf 80' lang='grc' dir='ltr'>ς,</span> <span class='ocrx_word' id='word_1_1553' title='bbox 667 2825 699 2850; x_wconf 85' lang='lat'>2,</span> <span class='ocrx_word' id='word_1_1554' title='bbox 720 2822 753 2850; x_wconf 79' lang='lat'>84</span> <span class='ocrx_word' id='word_1_1555' title='bbox 780 2816 827 2842; x_wconf 88' lang='lat' dir='ltr'>Te</span> <span class='ocrx_word' id='word_1_1556' title='bbox 840 2816 962 2842; x_wconf 89' lang='lat' dir='ltr'>cuculum</span> <span class='ocrx_word' id='word_1_1557' title='bbox 982 2824 1050 2842; x_wconf 88' lang='lat' dir='ltr'>vxor</span> <span class='ocrx_word' id='word_1_1558' title='bbox 1069 2823 1100 2841; x_wconf 87' lang='lat' dir='ltr'>ex</span> <span class='ocrx_word' id='word_1_1559' title='bbox 1119 2814 1207 2840; x_wconf 79' lang='lat' dir='ltr'>lustris</span> <span class='ocrx_word' id='word_1_1560' title='bbox 1226 2814 1303 2848; x_wconf 85' lang='lat' dir='ltr'>rapit.</span> <span class='ocrx_word' id='word_1_1561' title='bbox 1367 2822 1431 2839; x_wconf 87' lang='lat' dir='ltr'>vum</span> <span class='ocrx_word' id='word_1_1562' title='bbox 1444 2812 1587 2847; x_wconf 76' lang='lat' dir='ltr'>trepidauit</span> <span class='ocrx_word' id='word_1_1563' title='bbox 1599 2819 1666 2840; x_wconf 85' lang='lat' dir='ltr'>aetas</span> <span class='ocrx_word' id='word_1_1564' title='bbox 1680 2814 1802 2841; x_wconf 88' lang='lat' dir='ltr'>claudere</span> <span class='ocrx_word' id='word_1_1565' title='bbox 1819 2814 1946 2841; x_wconf 77' lang='lat' dir='ltr'>lustrum:</span> <span class='ocrx_word' id='word_1_1566' title='bbox 1984 2823 2007 2841; x_wconf 82' lang='lat' dir='ltr'>et</span> <span class='ocrx_word' id='word_1_1567' title='bbox 2027 2816 2116 2842; x_wconf 85' lang='lat' dir='ltr'>Carm.</span> <span class='ocrx_word' id='word_1_1568' title='bbox 2129 2823 2158 2848; x_wconf 85' lang='lat'>4,</span> <span class='ocrx_word' id='word_1_1569' title='bbox 2172 2822 2192 2847; x_wconf 82' lang='grc'>1,</span> <span class='ocrx_word' id='word_1_1570' title='bbox 2205 2815 2222 2840; x_wconf 89' lang='grc'><em>6</em></span> <span class='ocrx_word' id='word_1_1571' title='bbox 2247 2813 2437 2848; x_wconf 77' lang='lat' dir='ltr'>quinquagma-</span> 
     </span>
     <span class='ocr_line' id='line_1_139' title="bbox 240 2847 2436 2888; baseline -0.003 -8"><span class='ocrx_word' id='word_1_1572' title='bbox 240 2853 295 2879; x_wconf 86' lang='lat' dir='ltr'>Cic.</span> <span class='ocrx_word' id='word_1_1573' title='bbox 310 2853 404 2888; x_wconf 84' lang='lat' dir='ltr'>Philip.</span> <span class='ocrx_word' id='word_1_1574' title='bbox 419 2861 444 2885; x_wconf 78' lang='lat'>2,</span> <span class='ocrx_word' id='word_1_1575' title='bbox 455 2855 472 2879; x_wconf 79' lang='lat'>6</span> <span class='ocrx_word' id='word_1_1576' title='bbox 491 2863 531 2886; x_wconf 84' lang='lat' dir='ltr'>c.3</span> <span class='ocrx_word' id='word_1_1577' title='bbox 553 2854 643 2886; x_wconf 85' lang='lat' dir='ltr'>Qium</span> <span class='ocrx_word' id='word_1_1578' title='bbox 657 2862 749 2879; x_wconf 78' lang='lat' dir='ltr'>omnes</span> <span class='ocrx_word' id='word_1_1579' title='bbox 763 2851 928 2887; x_wconf 85' lang='lat' dir='ltr'>impuritates</span> <span class='ocrx_word' id='word_1_1580' title='bbox 942 2851 1036 2887; x_wconf 86' lang='lat' dir='ltr'>pudica</span> <span class='ocrx_word' id='word_1_1581' title='bbox 1049 2851 1077 2878; x_wconf 91' lang='lat' dir='ltr'>in</span> <span class='ocrx_word' id='word_1_1582' title='bbox 1092 2850 1174 2877; x_wconf 89' lang='lat' dir='ltr'>domo</span> <span class='ocrx_word' id='word_1_1583' title='bbox 1182 2849 1305 2885; x_wconf 87' lang='lat' dir='ltr'>quotidie</span> <span class='ocrx_word' id='word_1_1584' title='bbox 1367 2849 1449 2883; x_wconf 84' lang='lat' dir='ltr'>rium,</span> <span class='ocrx_word' id='word_1_1585' title='bbox 1470 2850 1539 2875; x_wconf 90' lang='lat' dir='ltr'>circa</span> <span class='ocrx_word' id='word_1_1586' title='bbox 1553 2848 1632 2876; x_wconf 85' lang='lat' dir='ltr'>lustra</span> <span class='ocrx_word' id='word_1_1587' title='bbox 1646 2849 1736 2876; x_wconf 87' lang='lat' dir='ltr'>decem</span> <span class='ocrx_word' id='word_1_1588' title='bbox 1748 2858 1792 2877; x_wconf 82' lang='lat' dir='ltr'>etc.</span> <span class='ocrx_word' id='word_1_1589' title='bbox 1866 2851 1945 2878; x_wconf 85' lang='lat' dir='ltr'>Mart.</span> <span class='ocrx_word' id='word_1_1590' title='bbox 1962 2859 2000 2884; x_wconf 84' lang='lat'>10,</span> <span class='ocrx_word' id='word_1_1591' title='bbox 2013 2856 2041 2884; x_wconf 80' lang='lat'>38</span> <span class='ocrx_word' id='word_1_1592' title='bbox 2067 2849 2229 2884; x_wconf 80' lang='lat' dir='ltr'>Qlindecim</span> <span class='ocrx_word' id='word_1_1593' title='bbox 2242 2857 2325 2875; x_wconf 82' lang='lat' dir='ltr'>annos</span> <span class='ocrx_word' id='word_1_1594' title='bbox 2344 2847 2436 2884; x_wconf 62' lang='lat' dir='ltr'>diserte</span> 
     </span>
     <span class='ocr_line' id='line_1_140' title="bbox 239 2884 2436 2924; baseline -0.002 -9"><span class='ocrx_word' id='word_1_1595' title='bbox 239 2889 397 2924; x_wconf 76' lang='lat' dir='ltr'>susciperes,</span> <span class='ocrx_word' id='word_1_1596' title='bbox 424 2891 489 2916; x_wconf 83' lang='lat' dir='ltr'>vino</span> <span class='ocrx_word' id='word_1_1597' title='bbox 508 2889 647 2924; x_wconf 82' lang='lat' dir='ltr'>lustrisque</span> <span class='ocrx_word' id='word_1_1598' title='bbox 667 2888 813 2916; x_wconf 62' lang='lat' dir='ltr'>confeetus.</span> <span class='ocrx_word' id='word_1_1599' title='bbox 886 2888 959 2915; x_wconf 88' lang='lat' dir='ltr'>Idem</span> <span class='ocrx_word' id='word_1_1600' title='bbox 978 2897 1027 2923; x_wconf 88' lang='lat' dir='ltr'>pro</span> <span class='ocrx_word' id='word_1_1601' title='bbox 1047 2887 1118 2913; x_wconf 90' lang='lat' dir='ltr'>Cael.</span> <span class='ocrx_word' id='word_1_1602' title='bbox 1134 2893 1164 2920; x_wconf 78' lang='lat'>57</span> <span class='ocrx_word' id='word_1_1603' title='bbox 1198 2888 1229 2913; x_wconf 92' lang='lat' dir='ltr'>Iu</span> <span class='ocrx_word' id='word_1_1604' title='bbox 1251 2892 1302 2920; x_wconf 87' lang='lat' dir='ltr'>qua</span> <span class='ocrx_word' id='word_1_1605' title='bbox 1367 2884 1453 2912; x_wconf 86' lang='lat' dir='ltr'>tribus</span> <span class='ocrx_word' id='word_1_1606' title='bbox 1468 2885 1555 2912; x_wconf 83' lang='lat' dir='ltr'>lustris</span> <span class='ocrx_word' id='word_1_1607' title='bbox 1567 2893 1665 2920; x_wconf 67' lang='lat' dir='ltr'>aequat.</span> <span class='ocrx_word' id='word_1_1608' title='bbox 1705 2886 1856 2914; x_wconf 66' lang='lat' dir='ltr'>Claudian.</span> <span class='ocrx_word' id='word_1_1609' title='bbox 1871 2887 1933 2914; x_wconf 83' lang='lat' dir='ltr'>sext.</span> <span class='ocrx_word' id='word_1_1610' title='bbox 1947 2887 2027 2914; x_wconf 92' lang='lat' dir='ltr'>Cons.</span> <span class='ocrx_word' id='word_1_1611' title='bbox 2037 2887 2109 2914; x_wconf 86' lang='lat' dir='ltr'>Hon.</span> <span class='ocrx_word' id='word_1_1612' title='bbox 2120 2894 2160 2920; x_wconf 87' lang='grc'>391</span> <span class='ocrx_word' id='word_1_1613' title='bbox 2181 2885 2357 2912; x_wconf 84' lang='lat' dir='ltr'>Circumflexa</span> <span class='ocrx_word' id='word_1_1614' title='bbox 2365 2884 2436 2919; x_wconf 82' lang='lat' dir='ltr'>rapit</span> 
     </span>
     <span class='ocr_line' id='line_1_141' title="bbox 239 2921 2435 2958; baseline -0.002 -8"><span class='ocrx_word' id='word_1_1615' title='bbox 239 2924 335 2958; x_wconf 86' lang='lat' dir='ltr'>lustra,</span> <span class='ocrx_word' id='word_1_1616' title='bbox 357 2924 497 2957; x_wconf 79' lang='lat' dir='ltr'>libidines,</span> <span class='ocrx_word' id='word_1_1617' title='bbox 517 2932 562 2951; x_wconf 75' lang='lat' dir='ltr'>etc.</span> <span class='ocrx_word' id='word_1_1618' title='bbox 616 2925 734 2951; x_wconf 71' lang='lat' dir='ltr'>A.l.t.1d.</span> <span class='ocrx_word' id='word_1_1619' title='bbox 749 2925 776 2951; x_wconf 89' lang='lat' dir='ltr'>in</span> <span class='ocrx_word' id='word_1_1620' title='bbox 788 2925 848 2952; x_wconf 79' lang='lat' dir='ltr'>Sen.</span> <span class='ocrx_word' id='word_1_1621' title='bbox 859 2933 880 2951; x_wconf 85' lang='lat' dir='ltr'>c.</span> <span class='ocrx_word' id='word_1_1622' title='bbox 888 2926 914 2951; x_wconf 88' lang='lat'>6.</span> <span class='ocrx_word' id='word_1_1623' title='bbox 971 2924 1042 2950; x_wconf 87' lang='lat' dir='ltr'>Mala</span> <span class='ocrx_word' id='word_1_1624' title='bbox 1065 2922 1134 2949; x_wconf 85' lang='lat' dir='ltr'>Hor.</span> <span class='ocrx_word' id='word_1_1625' title='bbox 1149 2923 1230 2948; x_wconf 85' lang='lat' dir='ltr'>Serm.</span> <span class='ocrx_word' id='word_1_1626' title='bbox 1243 2930 1262 2954; x_wconf 92' lang='lat'>1,</span> <span class='ocrx_word' id='word_1_1627' title='bbox 1276 2923 1303 2953; x_wconf 80' lang='lat'>6,</span> <span class='ocrx_word' id='word_1_1628' title='bbox 1321 2926 1354 2954; x_wconf 75' lang='lat'>75</span> <span class='ocrx_word' id='word_1_1629' title='bbox 1367 2927 1491 2948; x_wconf 89' lang='lat' dir='ltr'>centenus</span> <span class='ocrx_word' id='word_1_1630' title='bbox 1506 2922 1603 2948; x_wconf 86' lang='lat' dir='ltr'>saecula</span> <span class='ocrx_word' id='word_1_1631' title='bbox 1617 2922 1725 2955; x_wconf 84' lang='lat' dir='ltr'>consul,</span> <span class='ocrx_word' id='word_1_1632' title='bbox 1746 2923 1796 2949; x_wconf 81' lang='lat' dir='ltr'>His</span> <span class='ocrx_word' id='word_1_1633' title='bbox 1809 2923 1900 2957; x_wconf 85' lang='lat' dir='ltr'>annis,</span> <span class='ocrx_word' id='word_1_1634' title='bbox 1920 2923 1968 2958; x_wconf 89' lang='lat' dir='ltr'>qui</span> <span class='ocrx_word' id='word_1_1635' title='bbox 1982 2923 2060 2950; x_wconf 87' lang='lat' dir='ltr'>lustra</span> <span class='ocrx_word' id='word_1_1636' title='bbox 2074 2922 2143 2949; x_wconf 85' lang='lat' dir='ltr'>mihi</span> <span class='ocrx_word' id='word_1_1637' title='bbox 2156 2921 2197 2949; x_wconf 89' lang='lat' dir='ltr'>bis</span> <span class='ocrx_word' id='word_1_1638' title='bbox 2211 2921 2278 2948; x_wconf 87' lang='lat' dir='ltr'>dena</span> <span class='ocrx_word' id='word_1_1639' title='bbox 2291 2921 2435 2947; x_wconf 85' lang='lat' dir='ltr'>recensent.</span> 
     </span>
     <span class='ocr_line' id='line_1_142' title="bbox 241 2956 2435 2994; baseline -0.002 -8"><span class='ocrx_word' id='word_1_1640' title='bbox 241 2963 284 2993; x_wconf 88' lang='lat'>69.</span> <span class='ocrx_word' id='word_1_1641' title='bbox 340 2963 428 2988; x_wconf 81' lang='lat' dir='ltr'>Iacere</span> <span class='ocrx_word' id='word_1_1642' title='bbox 447 2961 475 2986; x_wconf 90' lang='lat' dir='ltr'>in</span> <span class='ocrx_word' id='word_1_1643' title='bbox 493 2960 596 2994; x_wconf 84' lang='lat' dir='ltr'>lustris,</span> <span class='ocrx_word' id='word_1_1644' title='bbox 626 2961 681 2987; x_wconf 81' lang='lat' dir='ltr'>vid.</span> <span class='ocrx_word' id='word_1_1645' title='bbox 703 2967 830 2987; x_wconf 83' lang='lat' dir='ltr'>iACEo.</span> <span class='ocrx_word' id='word_1_1646' title='bbox 905 2961 1009 2987; x_wconf 89' lang='lat' dir='ltr'>Lucret.</span> <span class='ocrx_word' id='word_1_1647' title='bbox 1030 2968 1064 2992; x_wconf 86' lang='lat'>4,</span> <span class='ocrx_word' id='word_1_1648' title='bbox 1082 2967 1137 2991; x_wconf 78' lang='lat'><em>¹¹30</em></span> <span class='ocrx_word' id='word_1_1649' title='bbox 1170 2957 1303 2984; x_wconf 81' lang='lat' dir='ltr'>Desidiose</span> <span class='ocrx_word' id='word_1_1650' title='bbox 1367 2958 1465 2984; x_wconf 88' lang='lat' dir='ltr'>Auson.</span> <span class='ocrx_word' id='word_1_1651' title='bbox 1488 2957 1555 2992; x_wconf 78' lang='lat' dir='ltr'>Epir.</span> <span class='ocrx_word' id='word_1_1652' title='bbox 1583 2958 1667 2985; x_wconf 85' lang='lat' dir='ltr'>Hero.</span> <span class='ocrx_word' id='word_1_1653' title='bbox 1688 2967 1713 2991; x_wconf 83' lang='grc'>31</span> <span class='ocrx_word' id='word_1_1654' title='bbox 1745 2959 1852 2986; x_wconf 88' lang='lat' dir='ltr'>Aniciae</span> <span class='ocrx_word' id='word_1_1655' title='bbox 1875 2959 2013 2986; x_wconf 83' lang='lat' dir='ltr'>sedecenni</span> <span class='ocrx_word' id='word_1_1656' title='bbox 2038 2965 2200 2986; x_wconf 86' lang='lat' dir='ltr'>matronae:</span> <span class='ocrx_word' id='word_1_1657' title='bbox 2238 2956 2337 2983; x_wconf 88' lang='lat' dir='ltr'>Omnia</span> <span class='ocrx_word' id='word_1_1658' title='bbox 2367 2964 2435 2991; x_wconf 88' lang='lat' dir='ltr'>quae</span> 
     </span>
     <span class='ocr_line' id='line_1_143' title="bbox 240 2991 2435 3031; baseline -0.002 -9"><span class='ocrx_word' id='word_1_1659' title='bbox 240 3005 317 3030; x_wconf 82' lang='lat' dir='ltr'>agere</span> <span class='ocrx_word' id='word_1_1660' title='bbox 337 3003 465 3029; x_wconf 81' lang='lat' dir='ltr'>aetatem,</span> <span class='ocrx_word' id='word_1_1661' title='bbox 490 2996 630 3031; x_wconf 84' lang='lat' dir='ltr'>lustrisque</span> <span class='ocrx_word' id='word_1_1662' title='bbox 650 2996 748 3023; x_wconf 86' lang='lat' dir='ltr'>Perire.</span> <span class='ocrx_word' id='word_1_1663' title='bbox 827 2996 936 3023; x_wconf 87' lang='lat' dir='ltr'>Studere</span> <span class='ocrx_word' id='word_1_1664' title='bbox 956 2996 1042 3023; x_wconf 78' lang='lat' dir='ltr'>lustris</span> <span class='ocrx_word' id='word_1_1665' title='bbox 1064 2994 1146 3022; x_wconf 87' lang='lat' dir='ltr'>Plaut.</span> <span class='ocrx_word' id='word_1_1666' title='bbox 1165 2995 1206 3020; x_wconf 83' lang='grc' dir='ltr'>ΑΓ.</span> <span class='ocrx_word' id='word_1_1667' title='bbox 1227 3003 1255 3027; x_wconf 77' lang='grc' dir='ltr'>ς,</span> <span class='ocrx_word' id='word_1_1668' title='bbox 1274 3001 1305 3026; x_wconf 83' lang='lat'>2,</span> <span class='ocrx_word' id='word_1_1669' title='bbox 1367 2993 1450 3028; x_wconf 81' lang='lat' dir='ltr'>longo</span> <span class='ocrx_word' id='word_1_1670' title='bbox 1474 2993 1543 3020; x_wconf 86' lang='lat' dir='ltr'>vitae</span> <span class='ocrx_word' id='word_1_1671' title='bbox 1560 2994 1705 3029; x_wconf 89' lang='lat' dir='ltr'>cupiuntur</span> <span class='ocrx_word' id='word_1_1672' title='bbox 1726 2994 1754 3021; x_wconf 89' lang='lat' dir='ltr'>in</span> <span class='ocrx_word' id='word_1_1673' title='bbox 1773 3004 1840 3022; x_wconf 88' lang='lat' dir='ltr'>aeuo</span> <span class='ocrx_word' id='word_1_1674' title='bbox 1859 2997 1926 3024; x_wconf 80' lang='lat' dir='ltr'>Ante</span> <span class='ocrx_word' id='word_1_1675' title='bbox 1944 3001 2038 3031; x_wconf 86' lang='lat' dir='ltr'>quater</span> <span class='ocrx_word' id='word_1_1676' title='bbox 2056 2995 2164 3030; x_wconf 81' lang='lat' dir='ltr'>plenum</span> <span class='ocrx_word' id='word_1_1677' title='bbox 2183 2991 2322 3020; x_wconf 85' lang='lat' dir='ltr'>consumsit</span> <span class='ocrx_word' id='word_1_1678' title='bbox 2341 2991 2435 3019; x_wconf 82' lang='lat' dir='ltr'>Anicia</span> 
     </span>
     <span class='ocr_line' id='line_1_144' title="bbox 243 3027 2435 3067; baseline -0.003 -8"><span class='ocrx_word' id='word_1_1679' title='bbox 243 3040 277 3064; x_wconf 70' lang='grc'>17.</span> <span class='ocrx_word' id='word_1_1680' title='bbox 334 3035 403 3059; x_wconf 61' lang='grc' dir='ltr'>ΑΜ.</span> <span class='ocrx_word' id='word_1_1681' title='bbox 423 3032 459 3059; x_wconf 93' lang='lat' dir='ltr'>Id.</span> <span class='ocrx_word' id='word_1_1682' title='bbox 472 3032 528 3058; x_wconf 89' lang='lat' dir='ltr'>Cas.</span> <span class='ocrx_word' id='word_1_1683' title='bbox 545 3040 575 3065; x_wconf 86' lang='lat'>2,</span> <span class='ocrx_word' id='word_1_1684' title='bbox 589 3041 618 3064; x_wconf 74' lang='lat'>3,</span> <span class='ocrx_word' id='word_1_1685' title='bbox 632 3034 673 3058; x_wconf 87' lang='lat'>26.</span> <span class='ocrx_word' id='word_1_1686' title='bbox 699 3040 723 3058; x_wconf 78' lang='lat' dir='ltr'>et</span> <span class='ocrx_word' id='word_1_1687' title='bbox 742 3033 822 3058; x_wconf 89' lang='lat' dir='ltr'>Curc.</span> <span class='ocrx_word' id='word_1_1688' title='bbox 842 3041 876 3065; x_wconf 89' lang='lat'>4,</span> <span class='ocrx_word' id='word_1_1689' title='bbox 896 3040 925 3065; x_wconf 82' lang='lat'>2,</span> <span class='ocrx_word' id='word_1_1690' title='bbox 940 3041 980 3060; x_wconf 66' lang='lat'>22,</span> <span class='ocrx_word' id='word_1_1691' title='bbox 1002 3040 1025 3057; x_wconf 81' lang='lat' dir='ltr'>et</span> <span class='ocrx_word' id='word_1_1692' title='bbox 1044 3029 1137 3058; x_wconf 85' lang='lat' dir='ltr'>Bacch.</span> <span class='ocrx_word' id='word_1_1693' title='bbox 1155 3038 1190 3063; x_wconf 92' lang='lat'>4,</span> <span class='ocrx_word' id='word_1_1694' title='bbox 1209 3039 1245 3063; x_wconf 83' lang='lat'>4,</span> <span class='ocrx_word' id='word_1_1695' title='bbox 1268 3037 1304 3062; x_wconf 83' lang='grc'>91.</span> <span class='ocrx_word' id='word_1_1696' title='bbox 1367 3029 1488 3056; x_wconf 85' lang='lat' dir='ltr'>lustrum.</span> <span class='ocrx_word' id='word_1_1697' title='bbox 1550 3031 1703 3066; x_wconf 34' lang='lat' dir='ltr'>b&#39;aegoknilyil</span> <span class='ocrx_word' id='word_1_1698' title='bbox 1720 3030 1816 3058; x_wconf 91' lang='lat' dir='ltr'>Lustro</span> <span class='ocrx_word' id='word_1_1699' title='bbox 1834 3032 1936 3058; x_wconf 79' lang='lat' dir='ltr'>detrahi</span> <span class='ocrx_word' id='word_1_1700' title='bbox 1954 3032 2086 3067; x_wconf 74' lang='lat' dir='ltr'>patiamur</span> <span class='ocrx_word' id='word_1_1701' title='bbox 2106 3040 2147 3065; x_wconf 81' lang='lat' dir='ltr'>eo,</span> <span class='ocrx_word' id='word_1_1702' title='bbox 2178 3031 2244 3065; x_wconf 77' lang='lat' dir='ltr'>quod</span> <span class='ocrx_word' id='word_1_1703' title='bbox 2266 3027 2390 3055; x_wconf 88' lang='lat' dir='ltr'>Lustrum</span> <span class='ocrx_word' id='word_1_1704' title='bbox 2409 3034 2435 3054; x_wconf 72' lang='lat' dir='ltr'>et</span> 
     </span>
     <span class='ocr_line' id='line_1_145' title="bbox 243 3064 2436 3106; baseline -0.002 -12"><span class='ocrx_word' id='word_1_1705' title='bbox 243 3066 262 3106; x_wconf 51' lang='grc' dir='ltr'><strong>ᾖ</strong></span> <span class='ocrx_word' id='word_1_1706' title='bbox 285 3078 294 3100; x_wconf 80' lang='lat'>3</span> <span class='ocrx_word' id='word_1_1707' title='bbox 334 3072 419 3094; x_wconf 72' lang='lat' dir='ltr'>ltenao</span> <span class='ocrx_word' id='word_1_1708' title='bbox 439 3068 568 3094; x_wconf 81' lang='lat' dir='ltr'>audiamus</span> <span class='ocrx_word' id='word_1_1709' title='bbox 587 3068 706 3100; x_wconf 88' lang='lat' dir='ltr'>Festum,</span> <span class='ocrx_word' id='word_1_1710' title='bbox 733 3068 801 3094; x_wconf 88' lang='lat' dir='ltr'>Cum</span> <span class='ocrx_word' id='word_1_1711' title='bbox 820 3068 940 3094; x_wconf 86' lang='lat' dir='ltr'>eiusdem</span> <span class='ocrx_word' id='word_1_1712' title='bbox 959 3067 1083 3095; x_wconf 78' lang='lat' dir='ltr'>vocabuli</span> <span class='ocrx_word' id='word_1_1713' title='bbox 1104 3066 1189 3101; x_wconf 79' lang='lat' dir='ltr'>prima</span> <span class='ocrx_word' id='word_1_1714' title='bbox 1202 3065 1305 3098; x_wconf 79' lang='lat' dir='ltr'>Syllaba</span> <span class='ocrx_word' id='word_1_1715' title='bbox 1368 3065 1504 3100; x_wconf 88' lang='lat' dir='ltr'>Olympias</span> <span class='ocrx_word' id='word_1_1716' title='bbox 1518 3076 1533 3091; x_wconf 90' lang='lat' dir='ltr'>a</span> <span class='ocrx_word' id='word_1_1717' title='bbox 1545 3067 1630 3093; x_wconf 84' lang='lat' dir='ltr'>multis</span> <span class='ocrx_word' id='word_1_1718' title='bbox 1642 3068 1875 3101; x_wconf 67' lang='lat' dir='ltr'>eodemfiqnificatu</span> <span class='ocrx_word' id='word_1_1719' title='bbox 1888 3068 2051 3103; x_wconf 67' lang='lat' dir='ltr'>usurpantur.</span> <span class='ocrx_word' id='word_1_1720' title='bbox 2107 3066 2189 3094; x_wconf 90' lang='lat' dir='ltr'>Ouid.</span> <span class='ocrx_word' id='word_1_1721' title='bbox 2202 3074 2234 3092; x_wconf 82' lang='lat' dir='ltr'>ex</span> <span class='ocrx_word' id='word_1_1722' title='bbox 2247 3065 2322 3092; x_wconf 85' lang='lat' dir='ltr'>Pont.</span> <span class='ocrx_word' id='word_1_1723' title='bbox 2335 3072 2364 3096; x_wconf 84' lang='lat'>4,</span> <span class='ocrx_word' id='word_1_1724' title='bbox 2376 3065 2403 3097; x_wconf 85' lang='lat'>6,</span> <span class='ocrx_word' id='word_1_1725' title='bbox 2417 3064 2436 3090; x_wconf 88' lang='lat'><em>6</em></span> 
     </span>
     <span class='ocr_line' id='line_1_146' title="bbox 244 3097 2435 3139; baseline -0.002 -9"><span class='ocrx_word' id='word_1_1726' title='bbox 244 3103 399 3137; x_wconf 86' lang='lat' dir='ltr'>producitur</span> <span class='ocrx_word' id='word_1_1727' title='bbox 425 3105 474 3138; x_wconf 79' lang='lat' dir='ltr'>[vt</span> <span class='ocrx_word' id='word_1_1728' title='bbox 487 3104 524 3136; x_wconf 84' lang='lat' dir='ltr'>fit</span> <span class='ocrx_word' id='word_1_1729' title='bbox 536 3105 636 3137; x_wconf 57' lang='lat' dir='ltr'>aia-902,</span> <span class='ocrx_word' id='word_1_1730' title='bbox 655 3113 708 3130; x_wconf 79' lang='lat' dir='ltr'>cum</span> <span class='ocrx_word' id='word_1_1731' title='bbox 719 3104 789 3139; x_wconf 81' lang='lat' dir='ltr'>prius</span> <span class='ocrx_word' id='word_1_1732' title='bbox 803 3103 863 3129; x_wconf 80' lang='lat' dir='ltr'>illud</span> <span class='ocrx_word' id='word_1_1733' title='bbox 875 3105 1069 3138; x_wconf 75' lang='lat' dir='ltr'>pronuntiarint</span> <span class='ocrx_word' id='word_1_1734' title='bbox 1082 3103 1181 3138; x_wconf 61' lang='lat' dir='ltr'>mis-gon]</span> <span class='ocrx_word' id='word_1_1735' title='bbox 1209 3102 1305 3137; x_wconf 79' lang='lat' dir='ltr'>signifi·</span> <span class='ocrx_word' id='word_1_1736' title='bbox 1322 3105 1354 3132; x_wconf 85' lang='lat'>80</span> <span class='ocrx_word' id='word_1_1737' title='bbox 1368 3103 1398 3129; x_wconf 91' lang='lat' dir='ltr'>In</span> <span class='ocrx_word' id='word_1_1738' title='bbox 1413 3101 1515 3133; x_wconf 86' lang='lat' dir='ltr'>Scythia</span> <span class='ocrx_word' id='word_1_1739' title='bbox 1529 3102 1607 3129; x_wconf 87' lang='lat' dir='ltr'>nobis</span> <span class='ocrx_word' id='word_1_1740' title='bbox 1620 3097 1800 3138; x_wconf 60' lang='lat' dir='ltr'>quinquennis</span> <span class='ocrx_word' id='word_1_1741' title='bbox 1812 3104 1942 3138; x_wconf 88' lang='lat' dir='ltr'>olympias</span> <span class='ocrx_word' id='word_1_1742' title='bbox 1957 3103 2014 3131; x_wconf 61' lang='lat' dir='ltr'>afta</span> <span class='ocrx_word' id='word_1_1743' title='bbox 2028 3103 2081 3135; x_wconf 86' lang='lat' dir='ltr'>est,</span> <span class='ocrx_word' id='word_1_1744' title='bbox 2098 3105 2152 3130; x_wconf 85' lang='lat' dir='ltr'>Iam</span> <span class='ocrx_word' id='word_1_1745' title='bbox 2168 3107 2270 3136; x_wconf 86' lang='lat' dir='ltr'>tempus</span> <span class='ocrx_word' id='word_1_1746' title='bbox 2282 3099 2435 3126; x_wconf 77' lang='lat' dir='ltr'>lustritran-</span> 
     </span>
     <span class='ocr_line' id='line_1_147' title="bbox 244 3135 2434 3175; baseline -0.002 -9"><span class='ocrx_word' id='word_1_1747' title='bbox 244 3147 281 3166; x_wconf 80' lang='lat' dir='ltr'>cat</span> <span class='ocrx_word' id='word_1_1748' title='bbox 301 3149 369 3166; x_wconf 88' lang='lat' dir='ltr'>nunc</span> <span class='ocrx_word' id='word_1_1749' title='bbox 388 3146 489 3174; x_wconf 86' lang='lat' dir='ltr'>tempus</span> <span class='ocrx_word' id='word_1_1750' title='bbox 510 3139 724 3175; x_wconf 87' lang='lat' dir='ltr'>quinquennale,</span> <span class='ocrx_word' id='word_1_1751' title='bbox 750 3148 818 3165; x_wconf 86' lang='lat' dir='ltr'>nunc</span> <span class='ocrx_word' id='word_1_1752' title='bbox 837 3139 929 3173; x_wconf 87' lang='lat' dir='ltr'>populi</span> <span class='ocrx_word' id='word_1_1753' title='bbox 950 3139 1140 3166; x_wconf 85' lang='lat' dir='ltr'>lustrationem.</span> <span class='ocrx_word' id='word_1_1754' title='bbox 1197 3140 1237 3165; x_wconf 75' lang='lat' dir='ltr'>Ab</span> <span class='ocrx_word' id='word_1_1755' title='bbox 1263 3140 1305 3164; x_wconf 80' lang='lat' dir='ltr'>hot:</span> <span class='ocrx_word' id='word_1_1756' title='bbox 1367 3137 1437 3164; x_wconf 79' lang='lat' dir='ltr'>sitin</span> <span class='ocrx_word' id='word_1_1757' title='bbox 1452 3138 1570 3165; x_wconf 86' lang='lat' dir='ltr'>alterius.</span> <span class='ocrx_word' id='word_1_1758' title='bbox 1645 3139 1759 3166; x_wconf 85' lang='lat' dir='ltr'>Martial.</span> <span class='ocrx_word' id='word_1_1759' title='bbox 1773 3149 1806 3173; x_wconf 91' lang='lat'>4,</span> <span class='ocrx_word' id='word_1_1760' title='bbox 1828 3147 1856 3173; x_wconf 77' lang='lat'>45</span> <span class='ocrx_word' id='word_1_1761' title='bbox 1883 3141 1920 3166; x_wconf 91' lang='lat' dir='ltr'>Vt</span> <span class='ocrx_word' id='word_1_1762' title='bbox 1932 3140 1978 3175; x_wconf 82' lang='lat' dir='ltr'>qui</span> <span class='ocrx_word' id='word_1_1763' title='bbox 1993 3139 2078 3173; x_wconf 85' lang='lat' dir='ltr'>prima</span> <span class='ocrx_word' id='word_1_1764' title='bbox 2093 3146 2166 3164; x_wconf 86' lang='lat' dir='ltr'>nouo</span> <span class='ocrx_word' id='word_1_1765' title='bbox 2185 3136 2266 3172; x_wconf 84' lang='lat' dir='ltr'>signat</span> <span class='ocrx_word' id='word_1_1766' title='bbox 2285 3135 2434 3170; x_wconf 87' lang='lat' dir='ltr'>quinquen-</span> 
     </span>
     <span class='ocr_line' id='line_1_148' title="bbox 245 3171 2434 3211; baseline -0.001 -12"><span class='ocrx_word' id='word_1_1767' title='bbox 245 3176 416 3210; x_wconf 73' lang='lat' dir='ltr'>incipiemlum.</span> <span class='ocrx_word' id='word_1_1768' title='bbox 477 3176 514 3211; x_wconf 64' lang='grc' dir='ltr'>ΕΙ]</span> <span class='ocrx_word' id='word_1_1769' title='bbox 533 3176 613 3211; x_wconf 79' lang='lat' dir='ltr'>igitur</span> <span class='ocrx_word' id='word_1_1770' title='bbox 630 3176 752 3202; x_wconf 88' lang='lat' dir='ltr'>Lustrum</span> <span class='ocrx_word' id='word_1_1771' title='bbox 768 3175 921 3210; x_wconf 71' lang='lat' dir='ltr'>sacrificium</span> <span class='ocrx_word' id='word_1_1772' title='bbox 938 3176 1128 3210; x_wconf 64' lang='lat' dir='ltr'>ptagittornmt,</span> <span class='ocrx_word' id='word_1_1773' title='bbox 1148 3175 1173 3211; x_wconf 84' lang='lat' dir='ltr'>s.</span> <span class='ocrx_word' id='word_1_1774' title='bbox 1193 3175 1306 3210; x_wconf 56' lang='lat' dir='ltr'>‹expiam—⁴</span> <span class='ocrx_word' id='word_1_1775' title='bbox 1367 3175 1410 3200; x_wconf 83' lang='lat' dir='ltr'>nia</span> <span class='ocrx_word' id='word_1_1776' title='bbox 1431 3174 1528 3209; x_wconf 83' lang='lat' dir='ltr'>lustro,</span> <span class='ocrx_word' id='word_1_1777' title='bbox 1554 3175 1664 3210; x_wconf 89' lang='lat' dir='ltr'>Impleat</span> <span class='ocrx_word' id='word_1_1778' title='bbox 1681 3175 1833 3203; x_wconf 87' lang='lat' dir='ltr'>innumeras</span> <span class='ocrx_word' id='word_1_1779' title='bbox 1852 3176 1953 3203; x_wconf 89' lang='lat' dir='ltr'>Burrus</span> <span class='ocrx_word' id='word_1_1780' title='bbox 1970 3173 2142 3209; x_wconf 82' lang='lat' dir='ltr'>olympiadas.</span> <span class='ocrx_word' id='word_1_1781' title='bbox 2215 3173 2313 3199; x_wconf 85' lang='lat' dir='ltr'>Auson.</span> <span class='ocrx_word' id='word_1_1782' title='bbox 2332 3171 2364 3198; x_wconf 86' lang='lat' dir='ltr'>de</span> <span class='ocrx_word' id='word_1_1783' title='bbox 2385 3171 2434 3198; x_wconf 80' lang='lat' dir='ltr'>suo</span> 
     </span>
     <span class='ocr_line' id='line_1_149' title="bbox 246 3207 2434 3250; baseline -0.002 -12"><span class='ocrx_word' id='word_1_1784' title='bbox 246 3210 308 3250; x_wconf 69' lang='lat' dir='ltr'>rium</span> <span class='ocrx_word' id='word_1_1785' title='bbox 322 3231 329 3243; x_wconf 87' lang='lat'><em>‚</em></span> <span class='ocrx_word' id='word_1_1786' title='bbox 360 3221 405 3246; x_wconf 80' lang='lat' dir='ltr'>quo</span> <span class='ocrx_word' id='word_1_1787' title='bbox 425 3212 567 3244; x_wconf 70' lang='lat' dir='ltr'>luet-entur,</span> <span class='ocrx_word' id='word_1_1788' title='bbox 599 3212 761 3238; x_wconf 74' lang='lat' dir='ltr'>ablueremur</span> <span class='ocrx_word' id='word_1_1789' title='bbox 782 3211 935 3245; x_wconf 62' lang='lat' dir='ltr'>impuritate:</span> <span class='ocrx_word' id='word_1_1790' title='bbox 961 3220 976 3236; x_wconf 81' lang='lat' dir='ltr'>a</span> <span class='ocrx_word' id='word_1_1791' title='bbox 995 3210 1129 3245; x_wconf 74' lang='lat' dir='ltr'>sceleribus</span> <span class='ocrx_word' id='word_1_1792' title='bbox 1155 3211 1304 3237; x_wconf 60' lang='lat' dir='ltr'>conti-offae.</span> <span class='ocrx_word' id='word_1_1793' title='bbox 1366 3209 1502 3237; x_wconf 85' lang='lat' dir='ltr'>Fastorum</span> <span class='ocrx_word' id='word_1_1794' title='bbox 1517 3210 1575 3237; x_wconf 85' lang='lat' dir='ltr'>Lib.</span> <span class='ocrx_word' id='word_1_1795' title='bbox 1590 3211 1622 3237; x_wconf 84' lang='lat' dir='ltr'>ad</span> <span class='ocrx_word' id='word_1_1796' title='bbox 1636 3212 1790 3245; x_wconf 89' lang='lat' dir='ltr'>Proculum,</span> <span class='ocrx_word' id='word_1_1797' title='bbox 1811 3213 1899 3247; x_wconf 82' lang='lat' dir='ltr'>Epigr.</span> <span class='ocrx_word' id='word_1_1798' title='bbox 1913 3219 1954 3243; x_wconf 85' lang='lat'>141</span> <span class='ocrx_word' id='word_1_1799' title='bbox 1975 3210 2041 3236; x_wconf 84' lang='lat' dir='ltr'>Fors</span> <span class='ocrx_word' id='word_1_1800' title='bbox 2054 3210 2123 3243; x_wconf 86' lang='lat' dir='ltr'>erit,</span> <span class='ocrx_word' id='word_1_1801' title='bbox 2141 3214 2170 3236; x_wconf 90' lang='lat' dir='ltr'>vt</span> <span class='ocrx_word' id='word_1_1802' title='bbox 2183 3208 2295 3235; x_wconf 85' lang='lat' dir='ltr'>lustrum</span> <span class='ocrx_word' id='word_1_1803' title='bbox 2310 3216 2393 3242; x_wconf 87' lang='lat' dir='ltr'>quum</span> <span class='ocrx_word' id='word_1_1804' title='bbox 2406 3207 2434 3233; x_wconf 82' lang='lat' dir='ltr'>se</span> 
     </span>
     <span class='ocr_line' id='line_1_150' title="bbox 245 3243 2432 3285; baseline -0.001 -11"><span class='ocrx_word' id='word_1_1805' title='bbox 245 3245 303 3285; x_wconf 66' lang='lat'>¹:¹¹}-</span> <span class='ocrx_word' id='word_1_1806' title='bbox 319 3255 367 3279; x_wconf 73' lang='lat'>43,</span> <span class='ocrx_word' id='word_1_1807' title='bbox 382 3256 409 3280; x_wconf 84' lang='lat'>41</span> <span class='ocrx_word' id='word_1_1808' title='bbox 437 3247 561 3273; x_wconf 62' lang='lat' dir='ltr'>Aemilius·</span> <span class='ocrx_word' id='word_1_1809' title='bbox 575 3247 690 3282; x_wconf 64' lang='lat' dir='ltr'>Paullus,</span> <span class='ocrx_word' id='word_1_1810' title='bbox 710 3246 836 3282; x_wconf 86' lang='lat' dir='ltr'>Delphis,</span> <span class='ocrx_word' id='word_1_1811' title='bbox 857 3246 954 3280; x_wconf 84' lang='lat' dir='ltr'>inquit,</span> <span class='ocrx_word' id='word_1_1812' title='bbox 975 3245 1095 3280; x_wconf 82' lang='lat' dir='ltr'>Apollini</span> <span class='ocrx_word' id='word_1_1813' title='bbox 1112 3255 1162 3281; x_wconf 88' lang='lat' dir='ltr'>pro</span> <span class='ocrx_word' id='word_1_1814' title='bbox 1176 3256 1219 3274; x_wconf 87' lang='lat' dir='ltr'>me</span> <span class='ocrx_word' id='word_1_1815' title='bbox 1232 3255 1305 3274; x_wconf 85' lang='lat' dir='ltr'>exer·</span> <span class='ocrx_word' id='word_1_1816' title='bbox 1367 3246 1542 3272; x_wconf 89' lang='lat' dir='ltr'>cumulauerit</span> <span class='ocrx_word' id='word_1_1817' title='bbox 1558 3247 1628 3278; x_wconf 79' lang='lat' dir='ltr'>istis,</span> <span class='ocrx_word' id='word_1_1818' title='bbox 1654 3248 1813 3276; x_wconf 63' lang='lat' dir='ltr'>ConfeSmi-&#39;n</span> <span class='ocrx_word' id='word_1_1819' title='bbox 1833 3248 1960 3275; x_wconf 86' lang='lat' dir='ltr'>Proculus</span> <span class='ocrx_word' id='word_1_1820' title='bbox 1979 3246 2059 3280; x_wconf 81' lang='lat' dir='ltr'>fignet</span> <span class='ocrx_word' id='word_1_1821' title='bbox 2078 3244 2267 3279; x_wconf 80' lang='lat' dir='ltr'>olympiadem.</span> <span class='ocrx_word' id='word_1_1822' title='bbox 2324 3243 2432 3270; x_wconf 68' lang='lat' dir='ltr'>Seruim</span> 
     </span>
     <span class='ocr_line' id='line_1_151' title="bbox 246 3280 2430 3319; baseline 0 -13"><span class='ocrx_word' id='word_1_1823' title='bbox 246 3280 392 3316; x_wconf 72' lang='lat' dir='ltr'>ritibusque</span> <span class='ocrx_word' id='word_1_1824' title='bbox 407 3289 431 3309; x_wconf 75' lang='lat' dir='ltr'>ct</span> <span class='ocrx_word' id='word_1_1825' title='bbox 444 3282 559 3310; x_wconf 79' lang='lat' dir='ltr'>classibus</span> <span class='ocrx_word' id='word_1_1826' title='bbox 574 3282 651 3309; x_wconf 86' lang='lat' dir='ltr'>lustra</span> <span class='ocrx_word' id='word_1_1827' title='bbox 665 3283 816 3309; x_wconf 84' lang='lat' dir='ltr'>sacrificaui.</span> <span class='ocrx_word' id='word_1_1828' title='bbox 874 3283 970 3309; x_wconf 87' lang='lat' dir='ltr'>Lucan.</span> <span class='ocrx_word' id='word_1_1829' title='bbox 986 3290 1012 3314; x_wconf 90' lang='lat'>1,</span> <span class='ocrx_word' id='word_1_1830' title='bbox 1037 3288 1086 3313; x_wconf 81' lang='lat'>592</span> <span class='ocrx_word' id='word_1_1831' title='bbox 1324 3288 1352 3317; x_wconf 74' lang='lat'>33</span> <span class='ocrx_word' id='word_1_1832' title='bbox 1368 3289 1485 3319; x_wconf 78' lang='lat' dir='ltr'>exponens</span> <span class='ocrx_word' id='word_1_1833' title='bbox 1499 3281 1561 3308; x_wconf 81' lang='lat' dir='ltr'>illud</span> <span class='ocrx_word' id='word_1_1834' title='bbox 1575 3284 1650 3318; x_wconf 81' lang='lat' dir='ltr'>Virg.</span> <span class='ocrx_word' id='word_1_1835' title='bbox 1664 3285 1728 3310; x_wconf 80' lang='lat' dir='ltr'>Aen.</span> <span class='ocrx_word' id='word_1_1836' title='bbox 1743 3293 1763 3317; x_wconf 87' lang='lat'>1,</span> <span class='ocrx_word' id='word_1_1837' title='bbox 1779 3289 1828 3318; x_wconf 77' lang='lat'>287</span> <span class='ocrx_word' id='word_1_1838' title='bbox 1864 3297 1910 3303; x_wconf 87' lang='lat'>——</span> <span class='ocrx_word' id='word_1_1839' title='bbox 1930 3282 2019 3308; x_wconf 84' lang='lat' dir='ltr'>veniet</span> <span class='ocrx_word' id='word_1_1840' title='bbox 2032 3280 2278 3308; x_wconf 81' lang='lat' dir='ltr'>lustrislabentibus</span> <span class='ocrx_word' id='word_1_1841' title='bbox 2291 3285 2369 3312; x_wconf 80' lang='lat' dir='ltr'>aetas,</span> <span class='ocrx_word' id='word_1_1842' title='bbox 2384 3285 2430 3303; x_wconf 73' lang='lat' dir='ltr'>etc.</span> 
     </span>
     <span class='ocr_line' id='line_1_152' title="bbox 401 3316 2429 3354; baseline -0.001 -10"><span class='ocrx_word' id='word_1_1843' title='bbox 401 3319 465 3345; x_wconf 82' lang='lat' dir='ltr'>Mox</span> <span class='ocrx_word' id='word_1_1844' title='bbox 486 3318 559 3345; x_wconf 81' lang='lat' dir='ltr'>iubet</span> <span class='ocrx_word' id='word_1_1845' title='bbox 579 3324 604 3345; x_wconf 83' lang='lat' dir='ltr'>et</span> <span class='ocrx_word' id='word_1_1846' title='bbox 624 3324 707 3345; x_wconf 88' lang='lat' dir='ltr'>totam</span> <span class='ocrx_word' id='word_1_1847' title='bbox 727 3318 830 3353; x_wconf 77' lang='lat' dir='ltr'>pauidis</span> <span class='ocrx_word' id='word_1_1848' title='bbox 850 3328 864 3344; x_wconf 88' lang='lat' dir='ltr'>a</span> <span class='ocrx_word' id='word_1_1849' title='bbox 883 3317 987 3345; x_wconf 79' lang='lat' dir='ltr'>ciuibus</span> <span class='ocrx_word' id='word_1_1850' title='bbox 1009 3316 1102 3344; x_wconf 86' lang='lat' dir='ltr'>vrbem</span> <span class='ocrx_word' id='word_1_1851' title='bbox 1147 3336 1153 3346; x_wconf 55' lang='lat' dir='ltr'><em>s</em></span> <span class='ocrx_word' id='word_1_1852' title='bbox 1369 3317 1484 3350; x_wconf 80' lang='lat' dir='ltr'>Lustris,</span> <span class='ocrx_word' id='word_1_1853' title='bbox 1510 3318 1615 3353; x_wconf 87' lang='lat' dir='ltr'>inquit,</span> <span class='ocrx_word' id='word_1_1854' title='bbox 1646 3320 1664 3346; x_wconf 89' lang='lat' dir='ltr'>i.</span> <span class='ocrx_word' id='word_1_1855' title='bbox 1683 3319 1871 3354; x_wconf 76' lang='lat' dir='ltr'>Qiiquenniis.</span> <span class='ocrx_word' id='word_1_1856' title='bbox 1938 3318 1969 3344; x_wconf 85' lang='lat' dir='ltr'>Et</span> <span class='ocrx_word' id='word_1_1857' title='bbox 1993 3317 2061 3344; x_wconf 86' lang='lat' dir='ltr'>bene</span> <span class='ocrx_word' id='word_1_1858' title='bbox 2079 3316 2277 3351; x_wconf 77' lang='lat' dir='ltr'>olympiadibus</span> <span class='ocrx_word' id='word_1_1859' title='bbox 2296 3318 2429 3347; x_wconf 72' lang='lat' dir='ltr'>computat</span> 
     </span>
     <span class='ocr_line' id='line_1_153' title="bbox 402 3350 2430 3390; baseline -0.001 -9"><span class='ocrx_word' id='word_1_1860' title='bbox 402 3353 523 3387; x_wconf 68' lang='lat' dir='ltr'>Ambivi,</span> <span class='ocrx_word' id='word_1_1861' title='bbox 544 3360 569 3381; x_wconf 82' lang='lat' dir='ltr'>et</span> <span class='ocrx_word' id='word_1_1862' title='bbox 591 3354 657 3381; x_wconf 85' lang='lat' dir='ltr'>festo</span> <span class='ocrx_word' id='word_1_1863' title='bbox 677 3362 816 3389; x_wconf 80' lang='lat' dir='ltr'>purgantes</span> <span class='ocrx_word' id='word_1_1864' title='bbox 836 3355 941 3381; x_wconf 85' lang='lat' dir='ltr'>moenia</span> <span class='ocrx_word' id='word_1_1865' title='bbox 964 3353 1045 3381; x_wconf 81' lang='lat' dir='ltr'>lustro</span> <span class='ocrx_word' id='word_1_1866' title='bbox 1368 3361 1500 3390; x_wconf 85' lang='lat' dir='ltr'>tempora:</span> <span class='ocrx_word' id='word_1_1867' title='bbox 1538 3355 1600 3388; x_wconf 86' lang='lat' dir='ltr'>quia</span> <span class='ocrx_word' id='word_1_1868' title='bbox 1615 3355 1732 3382; x_wconf 86' lang='lat' dir='ltr'>nondum</span> <span class='ocrx_word' id='word_1_1869' title='bbox 1752 3361 1826 3381; x_wconf 83' lang='lat' dir='ltr'>erant</span> <span class='ocrx_word' id='word_1_1870' title='bbox 1844 3354 1886 3382; x_wconf 78' lang='lat' dir='ltr'>vel</span> <span class='ocrx_word' id='word_1_1871' title='bbox 1907 3355 1992 3381; x_wconf 83' lang='lat' dir='ltr'>Roma</span> <span class='ocrx_word' id='word_1_1872' title='bbox 2005 3374 2013 3387; x_wconf 93' lang='lat'>,</span> <span class='ocrx_word' id='word_1_1873' title='bbox 2033 3353 2075 3380; x_wconf 85' lang='lat' dir='ltr'>vel</span> <span class='ocrx_word' id='word_1_1874' title='bbox 2095 3353 2232 3380; x_wconf 79' lang='lat' dir='ltr'>Consules.</span> <span class='ocrx_word' id='word_1_1875' title='bbox 2304 3350 2430 3377; x_wconf 79' lang='lat' dir='ltr'>Lustrum</span> 
     </span>
     <span class='ocr_line' id='line_1_154' title="bbox 404 3385 2430 3428; baseline -0.001 -14"><span class='ocrx_word' id='word_1_1876' title='bbox 404 3389 493 3428; x_wconf 65' lang='lat' dir='ltr'>Longa</span> <span class='ocrx_word' id='word_1_1877' title='bbox 512 3399 558 3424; x_wconf 75' lang='lat' dir='ltr'>per</span> <span class='ocrx_word' id='word_1_1878' title='bbox 577 3396 709 3417; x_wconf 84' lang='lat' dir='ltr'>extremos</span> <span class='ocrx_word' id='word_1_1879' title='bbox 730 3391 868 3424; x_wconf 76' lang='lat' dir='ltr'>pomoeria</span> <span class='ocrx_word' id='word_1_1880' title='bbox 886 3391 993 3425; x_wconf 82' lang='lat' dir='ltr'>cingere</span> <span class='ocrx_word' id='word_1_1881' title='bbox 1012 3389 1076 3415; x_wconf 77' lang='lat' dir='ltr'>fines</span> <span class='ocrx_word' id='word_1_1882' title='bbox 1368 3397 1457 3417; x_wconf 88' lang='lat' dir='ltr'>autem</span> <span class='ocrx_word' id='word_1_1883' title='bbox 1470 3389 1587 3424; x_wconf 66' lang='lat' dir='ltr'>dietum,</span> <span class='ocrx_word' id='word_1_1884' title='bbox 1615 3391 1686 3426; x_wconf 91' lang='lat' dir='ltr'>quod</span> <span class='ocrx_word' id='word_1_1885' title='bbox 1706 3390 1763 3425; x_wconf 81' lang='lat' dir='ltr'>post</span> <span class='ocrx_word' id='word_1_1886' title='bbox 1781 3390 1996 3427; x_wconf 87' lang='lat' dir='ltr'>quinquennium</span> <span class='ocrx_word' id='word_1_1887' title='bbox 2014 3398 2187 3425; x_wconf 85' lang='lat' dir='ltr'>vnaquaeque</span> <span class='ocrx_word' id='word_1_1888' title='bbox 2202 3388 2293 3415; x_wconf 81' lang='lat' dir='ltr'>ciuitas</span> <span class='ocrx_word' id='word_1_1889' title='bbox 2306 3385 2430 3413; x_wconf 70' lang='lat' dir='ltr'>lustraba-</span> 
     </span>
     <span class='ocr_line' id='line_1_155' title="bbox 404 3421 2429 3463; baseline -0.001 -14"><span class='ocrx_word' id='word_1_1890' title='bbox 404 3424 550 3451; x_wconf 67' lang='lat' dir='ltr'>Pontifices.</span> <span class='ocrx_word' id='word_1_1891' title='bbox 672 3428 748 3451; x_wconf 67' lang='lat' dir='ltr'>Sacra</span> <span class='ocrx_word' id='word_1_1892' title='bbox 761 3427 916 3451; x_wconf 62' lang='lat' dir='ltr'>amum-valia</span> <span class='ocrx_word' id='word_1_1893' title='bbox 929 3426 1055 3461; x_wconf 52' lang='lat' dir='ltr'>discribit.</span> <span class='ocrx_word' id='word_1_1894' title='bbox 1110 3424 1154 3449; x_wconf 72' lang='lat' dir='ltr'>Ad</span> <span class='ocrx_word' id='word_1_1895' title='bbox 1162 3424 1218 3449; x_wconf 80' lang='lat' dir='ltr'>haec</span> <span class='ocrx_word' id='word_1_1896' title='bbox 1230 3425 1305 3450; x_wconf 80' lang='lat' dir='ltr'>etiam</span> <span class='ocrx_word' id='word_1_1897' title='bbox 1369 3432 1420 3454; x_wconf 72' lang='lat' dir='ltr'>tur,</span> <span class='ocrx_word' id='word_1_1898' title='bbox 1477 3426 1523 3452; x_wconf 83' lang='lat' dir='ltr'>Cui</span> <span class='ocrx_word' id='word_1_1899' title='bbox 1529 3427 1586 3452; x_wconf 74' lang='lat' dir='ltr'>lmec</span> <span class='ocrx_word' id='word_1_1900' title='bbox 1595 3436 1641 3453; x_wconf 74' lang='lat' dir='ltr'>non</span> <span class='ocrx_word' id='word_1_1901' title='bbox 1651 3426 1786 3461; x_wconf 64' lang='lat' dir='ltr'>sufficiunt,</span> <span class='ocrx_word' id='word_1_1902' title='bbox 1806 3426 1846 3453; x_wconf 76' lang='lat' dir='ltr'>ille</span> <span class='ocrx_word' id='word_1_1903' title='bbox 1852 3428 1952 3463; x_wconf 69' lang='lat' dir='ltr'>cogitet,</span> <span class='ocrx_word' id='word_1_1904' title='bbox 2111 3424 2132 3463; x_wconf 55' lang='lat' dir='ltr'><strong>ff</strong></span> <span class='ocrx_word' id='word_1_1905' title='bbox 2155 3433 2168 3459; x_wconf 77' lang='grc' dir='ltr'><strong><em>ς</em></strong></span> <span class='ocrx_word' id='word_1_1906' title='bbox 2205 3423 2327 3451; x_wconf 81' lang='lat' dir='ltr'>Lustrum</span> <span class='ocrx_word' id='word_1_1907' title='bbox 2341 3421 2429 3447; x_wconf 75' lang='lat' dir='ltr'>videri</span> 
     </span>
     <span class='ocr_line' id='line_1_156' title="bbox 247 3459 2429 3499; baseline -0 -11"><span class='ocrx_word' id='word_1_1908' title='bbox 247 3459 327 3499; x_wconf 55' lang='lat' dir='ltr'>refert</span> <span class='ocrx_word' id='word_1_1909' title='bbox 348 3461 396 3485; x_wconf 75' lang='lat' dir='ltr'>lac.</span> <span class='ocrx_word' id='word_1_1910' title='bbox 414 3461 577 3493; x_wconf 65' lang='lat' dir='ltr'>Gulhrfrea&#39;us</span> <span class='ocrx_word' id='word_1_1911' title='bbox 595 3462 751 3488; x_wconf 84' lang='lat' dir='ltr'>Lustrorum</span> <span class='ocrx_word' id='word_1_1912' title='bbox 770 3461 910 3493; x_wconf 77' lang='lat' dir='ltr'>sacrificia,</span> <span class='ocrx_word' id='word_1_1913' title='bbox 936 3464 971 3487; x_wconf 54' lang='lat' dir='ltr'>all</span> <span class='ocrx_word' id='word_1_1914' title='bbox 987 3471 1048 3495; x_wconf 76' lang='lat' dir='ltr'>quae</span> <span class='ocrx_word' id='word_1_1915' title='bbox 1060 3459 1214 3487; x_wconf 84' lang='lat' dir='ltr'>celebranda</span> <span class='ocrx_word' id='word_1_1916' title='bbox 1234 3469 1304 3487; x_wconf 86' lang='lat' dir='ltr'>com-</span> <span class='ocrx_word' id='word_1_1917' title='bbox 1322 3472 1355 3497; x_wconf 84' lang='lat'>90</span> <span class='ocrx_word' id='word_1_1918' title='bbox 1369 3463 1494 3488; x_wconf 79' lang='lat' dir='ltr'>interdum</span> <span class='ocrx_word' id='word_1_1919' title='bbox 1503 3463 1847 3498; x_wconf 66' lang='lat' dir='ltr'>generalior-ifignificatione</span> <span class='ocrx_word' id='word_1_1920' title='bbox 1851 3470 1897 3498; x_wconf 88' lang='lat' dir='ltr'>pro</span> <span class='ocrx_word' id='word_1_1921' title='bbox 1904 3462 2004 3498; x_wconf 75' lang='lat' dir='ltr'>periodo</span> <span class='ocrx_word' id='word_1_1922' title='bbox 2013 3460 2224 3497; x_wconf 79' lang='lat' dir='ltr'>quacunquepom&#39;-</span> <span class='ocrx_word' id='word_1_1923' title='bbox 2278 3459 2429 3490; x_wconf 64' lang='lat' dir='ltr'>Proamffla,</span> 
     </span>
     <span class='ocr_line' id='line_1_157' title="bbox 248 3493 2427 3533; baseline -0.001 -12"><span class='ocrx_word' id='word_1_1924' title='bbox 248 3495 309 3529; x_wconf 77' lang='lat' dir='ltr'>pelh</span> <span class='ocrx_word' id='word_1_1925' title='bbox 326 3495 511 3522; x_wconf 70' lang='lat' dir='ltr'>Ecclcuauicos</span> <span class='ocrx_word' id='word_1_1926' title='bbox 530 3505 600 3523; x_wconf 74' lang='lat' dir='ltr'>vetat</span> <span class='ocrx_word' id='word_1_1927' title='bbox 612 3497 798 3524; x_wconf 80' lang='lat' dir='ltr'>Constantinus</span> <span class='ocrx_word' id='word_1_1928' title='bbox 814 3497 850 3523; x_wconf 89' lang='grc' dir='ltr'>Μ.</span> <span class='ocrx_word' id='word_1_1929' title='bbox 872 3497 888 3523; x_wconf 89' lang='lat' dir='ltr'>l.</span> <span class='ocrx_word' id='word_1_1930' title='bbox 904 3505 915 3529; x_wconf 76' lang='grc' dir='ltr'><em>ς</em></span> <span class='ocrx_word' id='word_1_1931' title='bbox 943 3498 972 3523; x_wconf 88' lang='lat' dir='ltr'>C.</span> <span class='ocrx_word' id='word_1_1932' title='bbox 986 3497 1097 3523; x_wconf 79' lang='lat' dir='ltr'>Theod.</span> <span class='ocrx_word' id='word_1_1933' title='bbox 1111 3496 1143 3523; x_wconf 89' lang='lat' dir='ltr'>de</span> <span class='ocrx_word' id='word_1_1934' title='bbox 1156 3496 1305 3531; x_wconf 81' lang='lat' dir='ltr'>Episcopis:</span> <span class='ocrx_word' id='word_1_1935' title='bbox 1364 3498 1394 3530; x_wconf 81' lang='lat' dir='ltr'>Ji</span> <span class='ocrx_word' id='word_1_1936' title='bbox 1404 3499 1516 3524; x_wconf 78' lang='lat' dir='ltr'>audimus</span> <span class='ocrx_word' id='word_1_1937' title='bbox 1529 3499 1681 3533; x_wconf 70' lang='lat' dir='ltr'>scaligerum</span> <span class='ocrx_word' id='word_1_1938' title='bbox 1695 3500 1729 3524; x_wconf 81' lang='lat' dir='ltr'>ad</span> <span class='ocrx_word' id='word_1_1939' title='bbox 1740 3499 1832 3525; x_wconf 88' lang='lat' dir='ltr'>Manil.</span> <span class='ocrx_word' id='word_1_1940' title='bbox 1846 3508 1869 3532; x_wconf 86' lang='grc'>3,</span> <span class='ocrx_word' id='word_1_1941' title='bbox 1882 3505 1928 3532; x_wconf 78' lang='lat'>380</span> <span class='ocrx_word' id='word_1_1942' title='bbox 1955 3498 2045 3525; x_wconf 89' lang='lat' dir='ltr'>Lustra</span> <span class='ocrx_word' id='word_1_1943' title='bbox 2060 3498 2150 3524; x_wconf 89' lang='lat' dir='ltr'>decem</span> <span class='ocrx_word' id='word_1_1944' title='bbox 2162 3494 2260 3523; x_wconf 86' lang='lat' dir='ltr'>tribuat</span> <span class='ocrx_word' id='word_1_1945' title='bbox 2273 3493 2350 3525; x_wconf 90' lang='lat' dir='ltr'>solis,</span> <span class='ocrx_word' id='word_1_1946' title='bbox 2366 3502 2427 3519; x_wconf 84' lang='lat' dir='ltr'>cum</span> 
     </span>
     <span class='ocr_line' id='line_1_158' title="bbox 247 3529 2427 3567; baseline 0 -12"><span class='ocrx_word' id='word_1_1947' title='bbox 247 3531 369 3564; x_wconf 79' lang='lat' dir='ltr'>itemque]</span> <span class='ocrx_word' id='word_1_1948' title='bbox 384 3531 449 3557; x_wconf 82' lang='lat' dir='ltr'>nstra</span> <span class='ocrx_word' id='word_1_1949' title='bbox 459 3533 529 3558; x_wconf 73' lang='lat' dir='ltr'>missa</span> <span class='ocrx_word' id='word_1_1950' title='bbox 538 3532 782 3560; x_wconf 79' lang='lat' dir='ltr'>suouetaurilibusa</span> <span class='ocrx_word' id='word_1_1951' title='bbox 791 3533 921 3566; x_wconf 75' lang='lat' dir='ltr'>fratribus</span> <span class='ocrx_word' id='word_1_1952' title='bbox 928 3533 1054 3558; x_wconf 65' lang='lat' dir='ltr'>annalibus</span> <span class='ocrx_word' id='word_1_1953' title='bbox 1068 3540 1106 3567; x_wconf 81' lang='lat' dir='ltr'>ap.</span> <span class='ocrx_word' id='word_1_1954' title='bbox 1117 3534 1216 3558; x_wconf 80' lang='lat' dir='ltr'>Gruter.</span> <span class='ocrx_word' id='word_1_1955' title='bbox 1227 3541 1250 3567; x_wconf 88' lang='lat' dir='ltr'>p.</span> <span class='ocrx_word' id='word_1_1956' title='bbox 1261 3541 1306 3559; x_wconf 78' lang='lat'>121.</span> <span class='ocrx_word' id='word_1_1957' title='bbox 1371 3533 1500 3561; x_wconf 79' lang='lat' dir='ltr'>mensibus</span> <span class='ocrx_word' id='word_1_1958' title='bbox 1514 3533 1590 3561; x_wconf 53' lang='lat' dir='ltr'>otto:</span> <span class='ocrx_word' id='word_1_1959' title='bbox 1629 3533 1719 3560; x_wconf 78' lang='lat' dir='ltr'>Lustra</span> <span class='ocrx_word' id='word_1_1960' title='bbox 1733 3534 1803 3567; x_wconf 79' lang='lat' dir='ltr'>solis,</span> <span class='ocrx_word' id='word_1_1961' title='bbox 1823 3536 1840 3561; x_wconf 91' lang='lat' dir='ltr'>i.</span> <span class='ocrx_word' id='word_1_1962' title='bbox 1855 3536 1980 3567; x_wconf 79' lang='lat' dir='ltr'>circuitus,</span> <span class='ocrx_word' id='word_1_1963' title='bbox 2000 3535 2084 3567; x_wconf 74' lang='lat' dir='ltr'>verbo,</span> <span class='ocrx_word' id='word_1_1964' title='bbox 2103 3540 2186 3560; x_wconf 81' lang='lat' dir='ltr'>annos.</span> <span class='ocrx_word' id='word_1_1965' title='bbox 2241 3531 2290 3555; x_wconf 77' lang='lat' dir='ltr'>Sca&#39;</span> <span class='ocrx_word' id='word_1_1966' title='bbox 2302 3529 2427 3556; x_wconf 76' lang='lat' dir='ltr'>Bentleius</span> 
     </span>
     <span class='ocr_line' id='line_1_159' title="bbox 249 3565 2427 3605; baseline 0 -15"><span class='ocrx_word' id='word_1_1967' title='bbox 249 3567 423 3605; x_wconf 30' lang='lat' dir='ltr'>llaec-palrlwa</span> <span class='ocrx_word' id='word_1_1968' title='bbox 442 3568 527 3594; x_wconf 88' lang='lat' dir='ltr'>lustra.</span> <span class='ocrx_word' id='word_1_1969' title='bbox 585 3571 622 3594; x_wconf 75' lang='lat' dir='ltr'>Dc</span> <span class='ocrx_word' id='word_1_1970' title='bbox 635 3570 742 3603; x_wconf 76' lang='lat' dir='ltr'>priuatis</span> <span class='ocrx_word' id='word_1_1971' title='bbox 757 3570 823 3595; x_wconf 87' lang='lat' dir='ltr'>Cato</span> <span class='ocrx_word' id='word_1_1972' title='bbox 838 3577 894 3602; x_wconf 82' lang='lat'>¹4¹,</span> <span class='ocrx_word' id='word_1_1973' title='bbox 914 3577 926 3600; x_wconf 80' lang='grc'>3</span> <span class='ocrx_word' id='word_1_1974' title='bbox 960 3569 1093 3594; x_wconf 82' lang='lat' dir='ltr'>Harumce</span> <span class='ocrx_word' id='word_1_1975' title='bbox 1113 3577 1202 3594; x_wconf 89' lang='lat' dir='ltr'>rerum</span> <span class='ocrx_word' id='word_1_1976' title='bbox 1222 3577 1304 3603; x_wconf 82' lang='lat' dir='ltr'>ergo,</span> <span class='ocrx_word' id='word_1_1977' title='bbox 1370 3570 1447 3604; x_wconf 72' lang='lat' dir='ltr'>legit,</span> <span class='ocrx_word' id='word_1_1978' title='bbox 1471 3569 1561 3597; x_wconf 89' lang='lat' dir='ltr'>Lustra</span> <span class='ocrx_word' id='word_1_1979' title='bbox 1575 3568 1629 3595; x_wconf 90' lang='lat' dir='ltr'>duo</span> <span class='ocrx_word' id='word_1_1980' title='bbox 1642 3569 1776 3604; x_wconf 86' lang='lat' dir='ltr'>tribuent,</span> <span class='ocrx_word' id='word_1_1981' title='bbox 1796 3570 1887 3597; x_wconf 85' lang='lat' dir='ltr'>solidis</span> <span class='ocrx_word' id='word_1_1982' title='bbox 1900 3580 1959 3597; x_wconf 89' lang='lat' dir='ltr'>cum</span> <span class='ocrx_word' id='word_1_1983' title='bbox 1970 3569 2100 3597; x_wconf 86' lang='lat' dir='ltr'>mensibus</span> <span class='ocrx_word' id='word_1_1984' title='bbox 2114 3566 2185 3594; x_wconf 71' lang='grc' dir='ltr'>οᾶο.</span> <span class='ocrx_word' id='word_1_1985' title='bbox 2242 3565 2324 3591; x_wconf 75' lang='lat' dir='ltr'>Etiam</span> <span class='ocrx_word' id='word_1_1986' title='bbox 2332 3565 2427 3592; x_wconf 88' lang='lat' dir='ltr'>Manil.</span> 
     </span>
     <span class='ocr_line' id='line_1_160' title="bbox 249 3601 2427 3642; baseline 0.003 -16"><span class='ocrx_word' id='word_1_1987' title='bbox 249 3601 342 3641; x_wconf 75' lang='lat' dir='ltr'>fundi,</span> <span class='ocrx_word' id='word_1_1988' title='bbox 363 3609 463 3642; x_wconf 71' lang='lat' dir='ltr'>terrae,</span> <span class='ocrx_word' id='word_1_1989' title='bbox 488 3605 597 3638; x_wconf 75' lang='lat' dir='ltr'>agrique</span> <span class='ocrx_word' id='word_1_1990' title='bbox 615 3604 668 3631; x_wconf 86' lang='lat' dir='ltr'>mei</span> <span class='ocrx_word' id='word_1_1991' title='bbox 690 3604 830 3636; x_wconf 76' lang='lat' dir='ltr'>lustrandi,</span> <span class='ocrx_word' id='word_1_1992' title='bbox 857 3604 983 3639; x_wconf 80' lang='lat' dir='ltr'>lustrique</span> <span class='ocrx_word' id='word_1_1993' title='bbox 997 3603 1110 3630; x_wconf 82' lang='lat' dir='ltr'>faciendi</span> <span class='ocrx_word' id='word_1_1994' title='bbox 1124 3613 1205 3638; x_wconf 82' lang='lat' dir='ltr'>ergo,</span> <span class='ocrx_word' id='word_1_1995' title='bbox 1231 3604 1304 3630; x_wconf 80' lang='lat' dir='ltr'>sicuti</span> <span class='ocrx_word' id='word_1_1996' title='bbox 1370 3613 1398 3637; x_wconf 87' lang='grc'>3,</span> <span class='ocrx_word' id='word_1_1997' title='bbox 1416 3613 1455 3637; x_wconf 78' lang='lat'>32¹</span> <span class='ocrx_word' id='word_1_1998' title='bbox 1486 3607 1586 3637; x_wconf 71' lang='lat' dir='ltr'>dederat</span> <span class='ocrx_word' id='word_1_1999' title='bbox 1600 3606 1712 3641; x_wconf 70' lang='lat' dir='ltr'>Scaliger</span> <span class='ocrx_word' id='word_1_2000' title='bbox 1731 3606 1761 3633; x_wconf 85' lang='lat' dir='ltr'>Et</span> <span class='ocrx_word' id='word_1_2001' title='bbox 1780 3606 1887 3641; x_wconf 86' lang='lat' dir='ltr'>paribus</span> <span class='ocrx_word' id='word_1_2002' title='bbox 1902 3607 1989 3642; x_wconf 88' lang='lat' dir='ltr'>spatiis</span> <span class='ocrx_word' id='word_1_2003' title='bbox 2007 3615 2055 3641; x_wconf 89' lang='lat' dir='ltr'>per</span> <span class='ocrx_word' id='word_1_2004' title='bbox 2071 3601 2165 3636; x_wconf 76' lang='lat' dir='ltr'>singula</span> <span class='ocrx_word' id='word_1_2005' title='bbox 2181 3601 2258 3628; x_wconf 67' lang='lat' dir='ltr'>lustra</span> <span class='ocrx_word' id='word_1_2006' title='bbox 2271 3601 2427 3635; x_wconf 62' lang='lat' dir='ltr'><strong>resurgunt,</strong></span> 
     </span>
     <span class='ocr_line' id='line_1_161' title="bbox 249 3635 2427 3678; baseline 0.001 -16"><span class='ocrx_word' id='word_1_2007' title='bbox 249 3638 320 3670; x_wconf 83' lang='lat' dir='ltr'>dixi,</span> <span class='ocrx_word' id='word_1_2008' title='bbox 340 3638 424 3663; x_wconf 58' lang='grc'>1113610</span> <span class='ocrx_word' id='word_1_2009' title='bbox 439 3639 505 3664; x_wconf 81' lang='lat' dir='ltr'>lusce</span> <span class='ocrx_word' id='word_1_2010' title='bbox 520 3639 738 3667; x_wconf 82' lang='lat' dir='ltr'>suouitaurilibus</span> <span class='ocrx_word' id='word_1_2011' title='bbox 758 3639 914 3666; x_wconf 66' lang='lat' dir='ltr'>lactentibus</span> <span class='ocrx_word' id='word_1_2012' title='bbox 928 3639 1098 3666; x_wconf 87' lang='lat' dir='ltr'>immolandis</span> <span class='ocrx_word' id='word_1_2013' title='bbox 1115 3639 1178 3666; x_wconf 83' lang='lat' dir='ltr'>esto.</span> <span class='ocrx_word' id='word_1_2014' title='bbox 1237 3640 1306 3665; x_wconf 77' lang='lat' dir='ltr'>Titu-</span> <span class='ocrx_word' id='word_1_2015' title='bbox 1324 3648 1354 3674; x_wconf 80' lang='lat'>93</span> <span class='ocrx_word' id='word_1_2016' title='bbox 1370 3640 1386 3666; x_wconf 84' lang='lat' dir='ltr'>i.</span> <span class='ocrx_word' id='word_1_2017' title='bbox 1408 3641 1555 3674; x_wconf 68' lang='lat' dir='ltr'>interualla,</span> <span class='ocrx_word' id='word_1_2018' title='bbox 1573 3642 1697 3676; x_wconf 55' lang='lat' dir='ltr'>pez-iollas:</span> <span class='ocrx_word' id='word_1_2019' title='bbox 1728 3642 1775 3677; x_wconf 80' lang='lat' dir='ltr'>sed</span> <span class='ocrx_word' id='word_1_2020' title='bbox 1788 3644 1869 3669; x_wconf 74' lang='lat' dir='ltr'>Bentl.</span> <span class='ocrx_word' id='word_1_2021' title='bbox 1883 3642 1995 3678; x_wconf 64' lang='lat' dir='ltr'>puneta,</span> <span class='ocrx_word' id='word_1_2022' title='bbox 2008 3637 2148 3676; x_wconf 52' lang='lat' dir='ltr'>sensu-fane</span> <span class='ocrx_word' id='word_1_2023' title='bbox 2162 3635 2343 3670; x_wconf 68' lang='lat' dir='ltr'>cwnmoa&#39;iffimv</span> <span class='ocrx_word' id='word_1_2024' title='bbox 2357 3645 2427 3662; x_wconf 73' lang='lat' dir='ltr'>vtro·</span> 
     </span>
     <span class='ocr_line' id='line_1_162' title="bbox 249 3672 2425 3714; baseline -0.001 -10"><span class='ocrx_word' id='word_1_2025' title='bbox 249 3673 288 3698; x_wconf 69' lang='lat'>1¹¹5</span> <span class='ocrx_word' id='word_1_2026' title='bbox 300 3672 333 3714; x_wconf 68' lang='lat' dir='ltr'>²1st</span> <span class='ocrx_word' id='word_1_2027' title='bbox 341 3693 357 3713; x_wconf 52' lang='lat'>9.</span> <span class='ocrx_word' id='word_1_2028' title='bbox 369 3675 467 3707; x_wconf 74' lang='lat' dir='ltr'>Agrum</span> <span class='ocrx_word' id='word_1_2029' title='bbox 483 3674 589 3701; x_wconf 82' lang='lat' dir='ltr'>lustrare</span> <span class='ocrx_word' id='word_1_2030' title='bbox 603 3676 633 3702; x_wconf 83' lang='lat' dir='ltr'>fic</span> <span class='ocrx_word' id='word_1_2031' title='bbox 648 3682 761 3711; x_wconf 86' lang='lat' dir='ltr'>oportet.</span> <span class='ocrx_word' id='word_1_2032' title='bbox 834 3676 937 3712; x_wconf 79' lang='lat' dir='ltr'>Proprie</span> <span class='ocrx_word' id='word_1_2033' title='bbox 948 3675 986 3701; x_wconf 82' lang='lat' dir='ltr'>ita</span> <span class='ocrx_word' id='word_1_2034' title='bbox 998 3677 1133 3700; x_wconf 70' lang='lat' dir='ltr'>vocabatur</span> <span class='ocrx_word' id='word_1_2035' title='bbox 1147 3678 1232 3701; x_wconf 61' lang='lat' dir='ltr'>Itomae</span> <span class='ocrx_word' id='word_1_2036' title='bbox 1245 3676 1307 3701; x_wconf 75' lang='lat' dir='ltr'>illua</span> <span class='ocrx_word' id='word_1_2037' title='bbox 1370 3685 1416 3710; x_wconf 82' lang='lat' dir='ltr'>que</span> <span class='ocrx_word' id='word_1_2038' title='bbox 1429 3679 1485 3704; x_wconf 70' lang='lat' dir='ltr'>loro.</span> <span class='ocrx_word' id='word_1_2039' title='bbox 1541 3679 1589 3703; x_wconf 81' lang='lat' dir='ltr'>Sed</span> <span class='ocrx_word' id='word_1_2040' title='bbox 1608 3677 1748 3710; x_wconf 73' lang='lat' dir='ltr'>destituitur</span> <span class='ocrx_word' id='word_1_2041' title='bbox 1764 3680 1794 3703; x_wconf 78' lang='lat' dir='ltr'>ab</span> <span class='ocrx_word' id='word_1_2042' title='bbox 1812 3679 1959 3704; x_wconf 54' lang='lat' dir='ltr'>(imvm-itate</span> <span class='ocrx_word' id='word_1_2043' title='bbox 1978 3678 2101 3704; x_wconf 77' lang='lat' dir='ltr'>librorum.</span> <span class='ocrx_word' id='word_1_2044' title='bbox 2156 3676 2281 3699; x_wconf 65' lang='lat' dir='ltr'>Caeterum</span> <span class='ocrx_word' id='word_1_2045' title='bbox 2302 3672 2425 3699; x_wconf 78' lang='lat' dir='ltr'>Lustrum</span> 
     </span>
     <span class='ocr_line' id='line_1_163' title="bbox 245 3707 2425 3749; baseline 0.001 -17"><span class='ocrx_word' id='word_1_2046' title='bbox 245 3708 396 3748; x_wconf 53' lang='lat' dir='ltr'>sass&#39;lfif&#39;sssss</span> <span class='ocrx_word' id='word_1_2047' title='bbox 406 3729 413 3741; x_wconf 90' lang='lat'>,</span> <span class='ocrx_word' id='word_1_2048' title='bbox 435 3719 479 3743; x_wconf 75' lang='lat' dir='ltr'>quo</span> <span class='ocrx_word' id='word_1_2049' title='bbox 493 3711 571 3744; x_wconf 70' lang='lat' dir='ltr'>finit-e</span> <span class='ocrx_word' id='word_1_2050' title='bbox 588 3712 681 3746; x_wconf 77' lang='lat' dir='ltr'>censum</span> <span class='ocrx_word' id='word_1_2051' title='bbox 695 3712 817 3746; x_wconf 69' lang='lat' dir='ltr'>fielelrant.</span> <span class='ocrx_word' id='word_1_2052' title='bbox 890 3711 949 3739; x_wconf 87' lang='lat' dir='ltr'>Liu.</span> <span class='ocrx_word' id='word_1_2053' title='bbox 966 3720 991 3744; x_wconf 87' lang='lat'>1,</span> <span class='ocrx_word' id='word_1_2054' title='bbox 1010 3720 1048 3744; x_wconf 88' lang='lat'>44</span> <span class='ocrx_word' id='word_1_2055' title='bbox 1079 3711 1164 3737; x_wconf 91' lang='lat' dir='ltr'>Censu</span> <span class='ocrx_word' id='word_1_2056' title='bbox 1184 3711 1305 3745; x_wconf 66' lang='lat' dir='ltr'>perfeeto</span> <span class='ocrx_word' id='word_1_2057' title='bbox 1367 3719 1412 3746; x_wconf 75' lang='lat' dir='ltr'>pro</span> <span class='ocrx_word' id='word_1_2058' title='bbox 1426 3713 1538 3747; x_wconf 87' lang='lat' dir='ltr'>periodo</span> <span class='ocrx_word' id='word_1_2059' title='bbox 1550 3707 1680 3748; x_wconf 48' lang='lat' dir='ltr'>poni-fluis</span> <span class='ocrx_word' id='word_1_2060' title='bbox 1693 3714 1785 3739; x_wconf 65' lang='lat' dir='ltr'>evincit</span> <span class='ocrx_word' id='word_1_2061' title='bbox 1799 3715 1864 3741; x_wconf 87' lang='lat' dir='ltr'>Plin.</span> <span class='ocrx_word' id='word_1_2062' title='bbox 1878 3723 1904 3747; x_wconf 83' lang='lat'>2,</span> <span class='ocrx_word' id='word_1_2063' title='bbox 1918 3722 1962 3749; x_wconf 78' lang='lat'>47,</span> <span class='ocrx_word' id='word_1_2064' title='bbox 1973 3717 2037 3738; x_wconf 77' lang='lat' dir='ltr'>extr.</span> <span class='ocrx_word' id='word_1_2065' title='bbox 2076 3708 2204 3735; x_wconf 86' lang='lat' dir='ltr'>Omnium</span> <span class='ocrx_word' id='word_1_2066' title='bbox 2220 3707 2308 3735; x_wconf 86' lang='lat' dir='ltr'>redire</span> <span class='ocrx_word' id='word_1_2067' title='bbox 2321 3707 2425 3735; x_wconf 79' lang='lat' dir='ltr'>easdem</span> 
     </span>
     <span class='ocr_line' id='line_1_164' title="bbox 250 3743 2425 3785; baseline 0.003 -16"><span class='ocrx_word' id='word_1_2068' title='bbox 250 3758 295 3763; x_wconf 98' lang='lat'>—</span> <span class='ocrx_word' id='word_1_2069' title='bbox 317 3743 415 3784; x_wconf 67' lang='lat' dir='ltr'>edixit,</span> <span class='ocrx_word' id='word_1_2070' title='bbox 442 3751 468 3770; x_wconf 86' lang='lat' dir='ltr'>vt</span> <span class='ocrx_word' id='word_1_2071' title='bbox 487 3754 578 3772; x_wconf 73' lang='lat' dir='ltr'>onines</span> <span class='ocrx_word' id='word_1_2072' title='bbox 598 3747 667 3773; x_wconf 81' lang='lat' dir='ltr'>ciues</span> <span class='ocrx_word' id='word_1_2073' title='bbox 688 3748 764 3773; x_wconf 81' lang='lat' dir='ltr'>Rom.</span> <span class='ocrx_word' id='word_1_2074' title='bbox 782 3748 883 3781; x_wconf 85' lang='lat' dir='ltr'>equites</span> <span class='ocrx_word' id='word_1_2075' title='bbox 903 3747 1001 3783; x_wconf 83' lang='lat' dir='ltr'>pedites</span> <span class='ocrx_word' id='word_1_2076' title='bbox 1022 3756 1054 3773; x_wconf 90' lang='lat' dir='ltr'>ue</span> <span class='ocrx_word' id='word_1_2077' title='bbox 1076 3747 1103 3772; x_wconf 89' lang='lat' dir='ltr'>in</span> <span class='ocrx_word' id='word_1_2078' title='bbox 1122 3748 1173 3773; x_wconf 83' lang='lat' dir='ltr'>suis</span> <span class='ocrx_word' id='word_1_2079' title='bbox 1193 3748 1305 3781; x_wconf 87' lang='lat' dir='ltr'>quisque</span> <span class='ocrx_word' id='word_1_2080' title='bbox 1368 3748 1437 3774; x_wconf 87' lang='lat' dir='ltr'>vices</span> <span class='ocrx_word' id='word_1_2081' title='bbox 1452 3748 1628 3784; x_wconf 83' lang='lat' dir='ltr'>quadriennio</span> <span class='ocrx_word' id='word_1_2082' title='bbox 1641 3749 1732 3775; x_wconf 61' lang='lat' dir='ltr'>exacto</span> <span class='ocrx_word' id='word_1_2083' title='bbox 1747 3750 1870 3777; x_wconf 80' lang='lat' dir='ltr'>Eudoxus</span> <span class='ocrx_word' id='word_1_2084' title='bbox 1889 3753 2026 3785; x_wconf 79' lang='lat' dir='ltr'>putat‘sson</span> <span class='ocrx_word' id='word_1_2085' title='bbox 2044 3750 2187 3771; x_wconf 64' lang='lat' dir='ltr'>ventorum</span> <span class='ocrx_word' id='word_1_2086' title='bbox 2206 3743 2305 3776; x_wconf 67' lang='lat' dir='ltr'>modo,</span> <span class='ocrx_word' id='word_1_2087' title='bbox 2329 3752 2425 3770; x_wconf 65' lang='lat' dir='ltr'>vesum</span> 
     </span>
     <span class='ocr_line' id='line_1_165' title="bbox 251 3779 2425 3820; baseline 0.001 -15"><span class='ocrx_word' id='word_1_2088' title='bbox 251 3784 377 3818; x_wconf 75' lang='lat' dir='ltr'>centuriis</span> <span class='ocrx_word' id='word_1_2089' title='bbox 392 3788 418 3805; x_wconf 82' lang='lat' dir='ltr'>in</span> <span class='ocrx_word' id='word_1_2090' title='bbox 432 3789 522 3815; x_wconf 85' lang='lat' dir='ltr'>campo</span> <span class='ocrx_word' id='word_1_2091' title='bbox 537 3782 636 3808; x_wconf 88' lang='lat' dir='ltr'>Martio</span> <span class='ocrx_word' id='word_1_2092' title='bbox 649 3784 732 3817; x_wconf 86' lang='lat' dir='ltr'>prima</span> <span class='ocrx_word' id='word_1_2093' title='bbox 754 3783 810 3809; x_wconf 89' lang='lat' dir='ltr'>luce</span> <span class='ocrx_word' id='word_1_2094' title='bbox 823 3783 942 3810; x_wconf 76' lang='lat' dir='ltr'>adessem.</span> <span class='ocrx_word' id='word_1_2095' title='bbox 998 3785 1009 3810; x_wconf 96' lang='lat'>1</span> <span class='ocrx_word' id='word_1_2096' title='bbox 1030 3783 1038 3809; x_wconf 90' lang='lat' dir='ltr'>i</span> <span class='ocrx_word' id='word_1_2097' title='bbox 1059 3782 1215 3808; x_wconf 64' lang='lat' dir='ltr'>instructum</span> <span class='ocrx_word' id='word_1_2098' title='bbox 1235 3791 1308 3809; x_wconf 78' lang='lat' dir='ltr'>exer·</span> <span class='ocrx_word' id='word_1_2099' title='bbox 1370 3789 1395 3810; x_wconf 88' lang='lat' dir='ltr'>et</span> <span class='ocrx_word' id='word_1_2100' title='bbox 1415 3785 1577 3820; x_wconf 85' lang='lat' dir='ltr'>reliquarum</span> <span class='ocrx_word' id='word_1_2101' title='bbox 1594 3786 1774 3818; x_wconf 76' lang='lat' dir='ltr'>tempestatum</span> <span class='ocrx_word' id='word_1_2102' title='bbox 1793 3795 1886 3817; x_wconf 61' lang='lat' dir='ltr'>magna</span> <span class='ocrx_word' id='word_1_2103' title='bbox 1899 3793 1929 3812; x_wconf 81' lang='lat' dir='ltr'>ex</span> <span class='ocrx_word' id='word_1_2104' title='bbox 1940 3787 2021 3816; x_wconf 64' lang='grc' dir='ltr'>Ρὲῑίῦ-</span> <span class='ocrx_word' id='word_1_2105' title='bbox 2077 3781 2108 3807; x_wconf 84' lang='lat' dir='ltr'>Et</span> <span class='ocrx_word' id='word_1_2106' title='bbox 2122 3780 2158 3807; x_wconf 70' lang='lat' dir='ltr'>est</span> <span class='ocrx_word' id='word_1_2107' title='bbox 2174 3780 2335 3815; x_wconf 74' lang='lat' dir='ltr'>principium</span> <span class='ocrx_word' id='word_1_2108' title='bbox 2350 3779 2425 3808; x_wconf 74' lang='lat' dir='ltr'>lustri</span> 
     </span>
     <span class='ocr_line' id='line_1_166' title="bbox 251 3815 2424 3856; baseline 0 -16"><span class='ocrx_word' id='word_1_2109' title='bbox 251 3821 332 3841; x_wconf 82' lang='lat' dir='ltr'>cuum</span> <span class='ocrx_word' id='word_1_2110' title='bbox 346 3824 456 3855; x_wconf 69' lang='lat' dir='ltr'>omnem¹</span> <span class='ocrx_word' id='word_1_2111' title='bbox 466 3816 686 3856; x_wconf 67' lang='lat' dir='ltr'>fiiouetaurilibus</span> <span class='ocrx_word' id='word_1_2112' title='bbox 701 3819 828 3845; x_wconf 86' lang='lat' dir='ltr'>lustrauit.</span> <span class='ocrx_word' id='word_1_2113' title='bbox 884 3820 967 3855; x_wconf 87' lang='lat' dir='ltr'>quue</span> <span class='ocrx_word' id='word_1_2114' title='bbox 985 3818 1121 3846; x_wconf 90' lang='lat' dir='ltr'>conditum</span> <span class='ocrx_word' id='word_1_2115' title='bbox 1140 3818 1248 3844; x_wconf 87' lang='lat' dir='ltr'>lustrum</span> <span class='ocrx_word' id='word_1_2116' title='bbox 1263 3827 1304 3853; x_wconf 87' lang='lat' dir='ltr'>ap·</span> <span class='ocrx_word' id='word_1_2117' title='bbox 1315 3828 1361 3847; x_wconf 81' lang='lat'>100</span> <span class='ocrx_word' id='word_1_2118' title='bbox 1369 3819 1425 3846; x_wconf 82' lang='lat' dir='ltr'>cius</span> <span class='ocrx_word' id='word_1_2119' title='bbox 1438 3822 1539 3856; x_wconf 86' lang='lat' dir='ltr'>semper</span> <span class='ocrx_word' id='word_1_2120' title='bbox 1551 3821 1699 3847; x_wconf 69' lang='lat' dir='ltr'>intercalari</span> <span class='ocrx_word' id='word_1_2121' title='bbox 1712 3831 1781 3848; x_wconf 80' lang='lat' dir='ltr'>anno</span> <span class='ocrx_word' id='word_1_2122' title='bbox 1791 3843 1798 3853; x_wconf 84' lang='lat'>,</span> <span class='ocrx_word' id='word_1_2123' title='bbox 1819 3817 1956 3848; x_wconf 67' lang='lat' dir='ltr'>Caniculae</span> <span class='ocrx_word' id='word_1_2124' title='bbox 1969 3824 2040 3843; x_wconf 87' lang='lat' dir='ltr'>ortu.</span> <span class='ocrx_word' id='word_1_2125' title='bbox 2095 3818 2137 3842; x_wconf 86' lang='lat' dir='ltr'>Sic</span> <span class='ocrx_word' id='word_1_2126' title='bbox 2149 3817 2223 3842; x_wconf 71' lang='lat' dir='ltr'>etiam</span> <span class='ocrx_word' id='word_1_2127' title='bbox 2237 3815 2303 3850; x_wconf 85' lang='lat' dir='ltr'>sumi</span> <span class='ocrx_word' id='word_1_2128' title='bbox 2322 3815 2424 3840; x_wconf 70' lang='lat' dir='ltr'>videtur</span> 
     </span>
     <span class='ocr_line' id='line_1_167' title="bbox 252 3849 2424 3890; baseline 0.001 -14"><span class='ocrx_word' id='word_1_2129' title='bbox 252 3851 391 3890; x_wconf 70' lang='lat' dir='ltr'>pellatum,</span> <span class='ocrx_word' id='word_1_2130' title='bbox 412 3859 473 3885; x_wconf 87' lang='lat' dir='ltr'>quia</span> <span class='ocrx_word' id='word_1_2131' title='bbox 487 3861 508 3877; x_wconf 80' lang='lat' dir='ltr'>is</span> <span class='ocrx_word' id='word_1_2132' title='bbox 521 3854 715 3880; x_wconf 78' lang='lat' dir='ltr'>ceuscndolinis</span> <span class='ocrx_word' id='word_1_2133' title='bbox 729 3854 812 3880; x_wconf 67' lang='lat' dir='ltr'>faGtus</span> <span class='ocrx_word' id='word_1_2134' title='bbox 826 3855 893 3880; x_wconf 79' lang='lat' dir='ltr'>esset.</span> <span class='ocrx_word' id='word_1_2135' title='bbox 950 3855 1035 3882; x_wconf 89' lang='lat' dir='ltr'>Millia</span> <span class='ocrx_word' id='word_1_2136' title='bbox 1058 3860 1101 3881; x_wconf 81' lang='lat' dir='ltr'>Lx</span> <span class='ocrx_word' id='word_1_2137' title='bbox 1111 3860 1129 3880; x_wconf 82' lang='lat' dir='ltr'>x</span> <span class='ocrx_word' id='word_1_2138' title='bbox 1139 3860 1156 3880; x_wconf 83' lang='lat' dir='ltr'>x</span> <span class='ocrx_word' id='word_1_2139' title='bbox 1178 3862 1210 3880; x_wconf 88' lang='lat' dir='ltr'>eo</span> <span class='ocrx_word' id='word_1_2140' title='bbox 1224 3851 1313 3881; x_wconf 73' lang='lat' dir='ltr'>lustro&#39;</span> <span class='ocrx_word' id='word_1_2141' title='bbox 1371 3856 1451 3883; x_wconf 87' lang='lat' dir='ltr'>Ouid.</span> <span class='ocrx_word' id='word_1_2142' title='bbox 1468 3857 1532 3884; x_wconf 75' lang='lat' dir='ltr'>Fast.</span> <span class='ocrx_word' id='word_1_2143' title='bbox 1547 3865 1567 3889; x_wconf 91' lang='grc'>1,</span> <span class='ocrx_word' id='word_1_2144' title='bbox 1581 3858 1622 3888; x_wconf 78' lang='lat'>165</span> <span class='ocrx_word' id='word_1_2145' title='bbox 1650 3858 1692 3881; x_wconf 63' lang='lat' dir='ltr'>vta·</span> <span class='ocrx_word' id='word_1_2146' title='bbox 1703 3861 1733 3883; x_wconf 61' lang='lat' dir='ltr'>lle</span> <span class='ocrx_word' id='word_1_2147' title='bbox 1747 3867 1810 3884; x_wconf 84' lang='lat' dir='ltr'>anno</span> <span class='ocrx_word' id='word_1_2148' title='bbox 1823 3853 1970 3882; x_wconf 74' lang='lat' dir='ltr'>inm-calari</span> <span class='ocrx_word' id='word_1_2149' title='bbox 1987 3853 2101 3886; x_wconf 80' lang='lat' dir='ltr'>Iuliano,</span> <span class='ocrx_word' id='word_1_2150' title='bbox 2125 3853 2156 3879; x_wconf 88' lang='lat' dir='ltr'>In</span> <span class='ocrx_word' id='word_1_2151' title='bbox 2170 3851 2284 3879; x_wconf 75' lang='lat' dir='ltr'>lustrum</span> <span class='ocrx_word' id='word_1_2152' title='bbox 2303 3849 2424 3877; x_wconf 69' lang='lat' dir='ltr'>accedere</span> 
     </span>
     <span class='ocr_line' id='line_1_168' title="bbox 253 3885 2425 3928; baseline -0 -17"><span class='ocrx_word' id='word_1_2153' title='bbox 253 3894 350 3927; x_wconf 71' lang='lat' dir='ltr'>cunum</span> <span class='ocrx_word' id='word_1_2154' title='bbox 368 3888 440 3927; x_wconf 72' lang='lat' dir='ltr'>censa</span> <span class='ocrx_word' id='word_1_2155' title='bbox 459 3888 507 3913; x_wconf 74' lang='lat' dir='ltr'>efl&#39;e</span> <span class='ocrx_word' id='word_1_2156' title='bbox 525 3887 656 3915; x_wconf 86' lang='lat' dir='ltr'>dicuntur.</span> <span class='ocrx_word' id='word_1_2157' title='bbox 697 3892 765 3916; x_wconf 70' lang='lat' dir='ltr'>Atld.</span> <span class='ocrx_word' id='word_1_2158' title='bbox 786 3891 877 3916; x_wconf 81' lang='lat' dir='ltr'>Ascon.</span> <span class='ocrx_word' id='word_1_2159' title='bbox 897 3890 928 3916; x_wconf 88' lang='lat' dir='ltr'>ad</span> <span class='ocrx_word' id='word_1_2160' title='bbox 949 3891 1040 3918; x_wconf 86' lang='lat' dir='ltr'>Diuin.</span> <span class='ocrx_word' id='word_1_2161' title='bbox 1061 3895 1083 3921; x_wconf 82' lang='lat'>8.</span> <span class='ocrx_word' id='word_1_2162' title='bbox 1157 3890 1217 3916; x_wconf 85' lang='lat' dir='ltr'>Liu.</span> <span class='ocrx_word' id='word_1_2163' title='bbox 1240 3898 1267 3922; x_wconf 76' lang='grc'>3,</span> <span class='ocrx_word' id='word_1_2164' title='bbox 1293 3899 1305 3923; x_wconf 80' lang='grc'>3</span> <span class='ocrx_word' id='word_1_2165' title='bbox 1370 3891 1462 3925; x_wconf 88' lang='lat' dir='ltr'>debet,</span> <span class='ocrx_word' id='word_1_2166' title='bbox 1483 3895 1556 3926; x_wconf 68' lang='lat' dir='ltr'>Quae</span> <span class='ocrx_word' id='word_1_2167' title='bbox 1569 3890 1906 3928; x_wconf 84' lang='lat' dir='ltr'>consummaturpartibus,</span> <span class='ocrx_word' id='word_1_2168' title='bbox 1927 3897 1977 3914; x_wconf 81' lang='lat' dir='ltr'>vna</span> <span class='ocrx_word' id='word_1_2169' title='bbox 1994 3888 2058 3914; x_wconf 82' lang='lat' dir='ltr'>dies.</span> <span class='ocrx_word' id='word_1_2170' title='bbox 2110 3887 2343 3924; x_wconf 68' lang='lat' dir='ltr'>Qui-tispartibus</span> <span class='ocrx_word' id='word_1_2171' title='bbox 2357 3885 2425 3915; x_wconf 81' lang='lat' dir='ltr'>diei,</span> 
     </span>
     <span class='ocr_line' id='line_1_169' title="bbox 253 3920 2424 3963; baseline 0.006 -17"><span class='ocrx_word' id='word_1_2172' title='bbox 253 3920 347 3947; x_wconf 71' lang='lat' dir='ltr'>Census</span> <span class='ocrx_word' id='word_1_2173' title='bbox 361 3921 454 3963; x_wconf 78' lang='lat' dir='ltr'>deinde</span> <span class='ocrx_word' id='word_1_2174' title='bbox 466 3922 539 3948; x_wconf 62' lang='lat' dir='ltr'>auus</span> <span class='ocrx_word' id='word_1_2175' title='bbox 549 3943 557 3956; x_wconf 94' lang='lat'>,</span> <span class='ocrx_word' id='word_1_2176' title='bbox 572 3930 600 3963; x_wconf 76' lang='lat' dir='ltr'>et</span> <span class='ocrx_word' id='word_1_2177' title='bbox 613 3925 749 3952; x_wconf 88' lang='lat' dir='ltr'>conditum</span> <span class='ocrx_word' id='word_1_2178' title='bbox 762 3934 776 3952; x_wconf 88' lang='lat' dir='ltr'>a</span> <span class='ocrx_word' id='word_1_2179' title='bbox 788 3926 904 3958; x_wconf 79' lang='lat' dir='ltr'>Qiintio</span> <span class='ocrx_word' id='word_1_2180' title='bbox 918 3927 1037 3953; x_wconf 70' lang='lat' dir='ltr'>lustrum.</span> <span class='ocrx_word' id='word_1_2181' title='bbox 1098 3927 1126 3952; x_wconf 76' lang='lat' dir='ltr'>Et</span> <span class='ocrx_word' id='word_1_2182' title='bbox 1138 3934 1150 3959; x_wconf 83' lang='grc'>3</span> <span class='ocrx_word' id='word_1_2183' title='bbox 1160 3946 1167 3958; x_wconf 82' lang='lat'>‚</span> <span class='ocrx_word' id='word_1_2184' title='bbox 1186 3933 1220 3958; x_wconf 83' lang='lat'>24</span> <span class='ocrx_word' id='word_1_2185' title='bbox 1239 3926 1305 3951; x_wconf 80' lang='lat' dir='ltr'>Cen·</span> <span class='ocrx_word' id='word_1_2186' title='bbox 1369 3928 1463 3963; x_wconf 71' lang='lat' dir='ltr'>i,senis</span> <span class='ocrx_word' id='word_1_2187' title='bbox 1475 3929 1540 3955; x_wconf 78' lang='lat' dir='ltr'>horis</span> <span class='ocrx_word' id='word_1_2188' title='bbox 1552 3937 1655 3962; x_wconf 57' lang='grc' dir='ltr'>(μήκων</span> <span class='ocrx_word' id='word_1_2189' title='bbox 1668 3925 1967 3963; x_wconf 65' lang='lat' dir='ltr'>annorumstipa-antibus</span> <span class='ocrx_word' id='word_1_2190' title='bbox 1987 3926 2184 3951; x_wconf 86' lang='lat' dir='ltr'>consummatur</span> <span class='ocrx_word' id='word_1_2191' title='bbox 2201 3931 2224 3949; x_wconf 75' lang='lat' dir='ltr'>et</span> <span class='ocrx_word' id='word_1_2192' title='bbox 2237 3921 2360 3957; x_wconf 55' lang='lat' dir='ltr'>collgimr</span> <span class='ocrx_word' id='word_1_2193' title='bbox 2372 3928 2424 3947; x_wconf 62' lang='lat'>”¹¹³</span> 
     </span>
     <span class='ocr_line' id='line_1_170' title="bbox 255 3955 2424 3999; baseline 0.001 -18"><span class='ocrx_word' id='word_1_2194' title='bbox 255 3955 293 3980; x_wconf 75' lang='lat' dir='ltr'>sus</span> <span class='ocrx_word' id='word_1_2195' title='bbox 305 3965 351 3994; x_wconf 28' lang='lat' dir='ltr'>‘res</span> <span class='ocrx_word' id='word_1_2196' title='bbox 372 3967 462 3997; x_wconf 79' lang='lat' dir='ltr'>priore</span> <span class='ocrx_word' id='word_1_2197' title='bbox 479 3967 555 3999; x_wconf 36' lang='lat' dir='ltr'>anno·</span> <span class='ocrx_word' id='word_1_2198' title='bbox 571 3959 690 3996; x_wconf 80' lang='lat' dir='ltr'>inchoata</span> <span class='ocrx_word' id='word_1_2199' title='bbox 700 3981 708 3993; x_wconf 91' lang='lat'>,</span> <span class='ocrx_word' id='word_1_2200' title='bbox 732 3961 867 3995; x_wconf 76' lang='lat' dir='ltr'>perficitur</span> <span class='ocrx_word' id='word_1_2201' title='bbox 882 3966 887 3988; x_wconf 74' lang='lat' dir='ltr'>i</span> <span class='ocrx_word' id='word_1_2202' title='bbox 924 3962 1004 3996; x_wconf 86' lang='lat' dir='ltr'>idque</span> <span class='ocrx_word' id='word_1_2203' title='bbox 1022 3961 1132 3988; x_wconf 79' lang='lat' dir='ltr'>lustrum</span> <span class='ocrx_word' id='word_1_2204' title='bbox 1150 3961 1182 3988; x_wconf 93' lang='lat' dir='ltr'>ab</span> <span class='ocrx_word' id='word_1_2205' title='bbox 1200 3961 1305 3995; x_wconf 84' lang='lat' dir='ltr'>origine</span> <span class='ocrx_word' id='word_1_2206' title='bbox 1369 3963 1439 3997; x_wconf 85' lang='lat' dir='ltr'>dies,</span> <span class='ocrx_word' id='word_1_2207' title='bbox 1458 3974 1521 3999; x_wconf 79' lang='lat' dir='ltr'>quae</span> <span class='ocrx_word' id='word_1_2208' title='bbox 1532 3963 1653 3991; x_wconf 82' lang='lat' dir='ltr'>accedere</span> <span class='ocrx_word' id='word_1_2209' title='bbox 1666 3964 1745 3992; x_wconf 86' lang='lat' dir='ltr'>debet</span> <span class='ocrx_word' id='word_1_2210' title='bbox 1758 3965 1786 3992; x_wconf 85' lang='lat' dir='ltr'>in</span> <span class='ocrx_word' id='word_1_2211' title='bbox 1796 3960 1863 3988; x_wconf 67' lang='lat' dir='ltr'>illam</span> <span class='ocrx_word' id='word_1_2212' title='bbox 1877 3969 1982 3995; x_wconf 80' lang='lat' dir='ltr'>quatuor</span> <span class='ocrx_word' id='word_1_2213' title='bbox 1995 3969 2115 3987; x_wconf 76' lang='lat' dir='ltr'>annorum</span> <span class='ocrx_word' id='word_1_2214' title='bbox 2132 3959 2279 3995; x_wconf 83' lang='lat' dir='ltr'>periodum,</span> <span class='ocrx_word' id='word_1_2215' title='bbox 2306 3966 2368 3991; x_wconf 70' lang='lat' dir='ltr'>quae</span> <span class='ocrx_word' id='word_1_2216' title='bbox 2383 3957 2424 3982; x_wconf 78' lang='lat' dir='ltr'>hi.-</span> 
     </span>
     <span class='ocr_line' id='line_1_171' title="bbox 252 3989 1628 4036; baseline 0.008 -22"><span class='ocrx_word' id='word_1_2217' title='bbox 252 3989 323 4016; x_wconf 77' lang='lat' dir='ltr'>vrbis</span> <span class='ocrx_word' id='word_1_2218' title='bbox 337 3991 465 4021; x_wconf 84' lang='lat' dir='ltr'>decimum</span> <span class='ocrx_word' id='word_1_2219' title='bbox 479 3994 624 4022; x_wconf 84' lang='lat' dir='ltr'>conditum.</span> <span class='ocrx_word' id='word_1_2220' title='bbox 678 3997 798 4031; x_wconf 67' lang='lat' dir='ltr'>Observa,</span> <span class='ocrx_word' id='word_1_2221' title='bbox 819 3997 967 4030; x_wconf 72' lang='lat' dir='ltr'>huncfitt&#39;ffi‘</span> <span class='ocrx_word' id='word_1_2222' title='bbox 979 4007 1069 4023; x_wconf 76' lang='lat' dir='ltr'>amium</span> <span class='ocrx_word' id='word_1_2223' title='bbox 1081 3998 1112 4022; x_wconf 73' lang='lat' dir='ltr'>ab</span> <span class='ocrx_word' id='word_1_2224' title='bbox 1124 3997 1220 4032; x_wconf 70' lang='lat' dir='ltr'>ort&#39;gt&#39;ne</span> <span class='ocrx_word' id='word_1_2225' title='bbox 1232 3998 1353 4031; x_wconf 74' lang='lat' dir='ltr'>vrbis103</span> <span class='ocrx_word' id='word_1_2226' title='bbox 1365 3999 1474 4027; x_wconf 79' lang='lat' dir='ltr'>lustrum</span> <span class='ocrx_word' id='word_1_2227' title='bbox 1486 3998 1628 4036; x_wconf 73' lang='lat' dir='ltr'>appallatur.</span> 
     </span>
     <span class='ocr_line' id='line_1_172' title="bbox 253 4029 1303 4068; baseline 0.008 -19"><span class='ocrx_word' id='word_1_2228' title='bbox 253 4032 267 4049; x_wconf 55' lang='lat' dir='ltr'>u:</span> <span class='ocrx_word' id='word_1_2229' title='bbox 279 4030 293 4050; x_wconf 78' lang='lat' dir='ltr'>(J</span> <span class='ocrx_word' id='word_1_2230' title='bbox 306 4032 375 4052; x_wconf 72' lang='lat' dir='ltr'>xcv</span> <span class='ocrx_word' id='word_1_2231' title='bbox 392 4039 395 4052; x_wconf 91' lang='lat'>:</span> <span class='ocrx_word' id='word_1_2232' title='bbox 434 4029 527 4064; x_wconf 72' lang='lat' dir='ltr'>censum</span> <span class='ocrx_word' id='word_1_2233' title='bbox 545 4037 626 4057; x_wconf 74' lang='lat' dir='ltr'>autem</span> <span class='ocrx_word' id='word_1_2234' title='bbox 645 4040 661 4056; x_wconf 81' lang='lat' dir='ltr'>a</span> <span class='ocrx_word' id='word_1_2235' title='bbox 681 4033 765 4058; x_wconf 76' lang='lat' dir='ltr'>Seruio</span> <span class='ocrx_word' id='word_1_2236' title='bbox 786 4032 863 4058; x_wconf 80' lang='lat' dir='ltr'>Tullio</span> <span class='ocrx_word' id='word_1_2237' title='bbox 883 4032 1021 4068; x_wconf 77' lang='lat' dir='ltr'>institutum</span> <span class='ocrx_word' id='word_1_2238' title='bbox 1041 4042 1088 4058; x_wconf 83' lang='lat' dir='ltr'>non</span> <span class='ocrx_word' id='word_1_2239' title='bbox 1107 4034 1149 4058; x_wconf 69' lang='lat' dir='ltr'>eliu</span> <span class='ocrx_word' id='word_1_2240' title='bbox 1168 4040 1232 4059; x_wconf 80' lang='lat' dir='ltr'>certe</span> <span class='ocrx_word' id='word_1_2241' title='bbox 1251 4032 1303 4067; x_wconf 83' lang='lat' dir='ltr'>post</span> 
     </span>
    </p>
   </div>
   <div class='ocr_carea' id='block_1_32' title="bbox 643 2381 1305 2483">
    <p class='ocr_par' dir='ltr' id='par_1_41' title="bbox 643 2381 1305 2483">
     <span class='ocr_line' id='line_1_173' title="bbox 643 2381 951 2419; baseline -0.01 -8"><span class='ocrx_word' id='word_1_2242' title='bbox 643 2385 655 2419; x_wconf 93' lang='lat'>[</span> <span class='ocrx_word' id='word_1_2243' title='bbox 668 2382 774 2417; x_wconf 69' lang='grc' dir='ltr'>φώλεος,</span> <span class='ocrx_word' id='word_1_2244' title='bbox 798 2381 925 2413; x_wconf 68' lang='grc' dir='ltr'><strong><em>κατάδυσις</em></strong></span> <span class='ocrx_word' id='word_1_2245' title='bbox 939 2382 951 2416; x_wconf 93' lang='grc'>]</span> 
     </span>
     <span class='ocr_line' id='line_1_174' title="bbox 772 2417 1305 2453; baseline -0.004 -8"><span class='ocrx_word' id='word_1_2246' title='bbox 772 2419 865 2453; x_wconf 82' lang='lat' dir='ltr'>(editt.</span> <span class='ocrx_word' id='word_1_2247' title='bbox 883 2426 946 2445; x_wconf 79' lang='lat' dir='ltr'>vett.</span> <span class='ocrx_word' id='word_1_2248' title='bbox 967 2417 1081 2452; x_wconf 78' lang='lat' dir='ltr'>Laruas)</span> <span class='ocrx_word' id='word_1_2249' title='bbox 1101 2418 1211 2447; x_wconf 86' lang='lat' dir='ltr'>lutosas,</span> <span class='ocrx_word' id='word_1_2250' title='bbox 1238 2426 1305 2452; x_wconf 85' lang='lat' dir='ltr'>quae</span> 
     </span>
     <span class='ocr_line' id='line_1_175' title="bbox 1119 2453 1305 2483; baseline -0.005 -4"><span class='ocrx_word' id='word_1_2251' title='bbox 1119 2455 1207 2483; x_wconf 83' lang='lat' dir='ltr'>Varro</span> <span class='ocrx_word' id='word_1_2252' title='bbox 1228 2453 1258 2479; x_wconf 79' lang='lat' dir='ltr'>R.</span> <span class='ocrx_word' id='word_1_2253' title='bbox 1273 2453 1305 2481; x_wconf 82' lang='lat' dir='ltr'>R.</span> 
     </span>
    </p>
   </div>
   <div class='ocr_carea' id='block_1_33' title="bbox 2246 4033 2421 4058">
    <p class='ocr_par' dir='ltr' id='par_1_42' title="bbox 2246 4033 2421 4058">
     <span class='ocr_line' id='line_1_176' title="bbox 2246 4033 2421 4058; baseline 0.011 -6"><span class='ocrx_word' id='word_1_2254' title='bbox 2246 4033 2421 4058; x_wconf 73' lang='lat' dir='ltr'>LVSTRO,</span> 
     </span>
    </p>
   </div>
  </div>
 </body>
</html>
