2517 4231
220 214 314 242 iii‘
619 189 655 230 L
710 188 726 227 Ι
782 184 820 225 V

325 286 387 313 Non
402 282 525 318 equidem
537 279 662 311 inse&0r,
681 275 843 308 delendaque
865 270 981 311 carmina
995 264 1055 293 [1115

324 321 377 348 Esse
392 328 469 346 reor:
505 316 607 343 nemini
621 322 687 347 quae
703 310 838 346 plagosum
859 306 927 346 1111111
941 310 1024 339 paruo

327 355 466 383 Orbilium
481 353 594 379 dictare:
614 349 656 375 sed
668 346 804 374 emendata
819 343 917 382 videri,
940 375 944 379 Ι
1029 372 1035 376 Ι

325 392 500 424 Pulchraque,
522 394 548 414 et
568 384 668 412 exactis
682 382 826 421 minimum
840 378 978 417 distantia,
999 379 1095 398 miror.

221 429 242 465 q
264 439 277 462 4
298 427 385 455 Arbos
400 427 478 454 Liuia
492 421 624 451 Columel.
641 428 679 451 io,
698 426 744 450 413.
765 423 832 441 mter
846 416 919 448 sicus.

221 468 265 493 cit.
287 466 355 491 Ann.
383 466 413 495 6,
433 470 466 492 5¹·

259 506 352 527 L1Vi
369 502 501 528 ANVS,
518 503 541 527 a,
562 501 616 519 um.

221 536 349 565 Liuianae
370 532 503 561 Columel.
516 538 538 563 ς,
554 538 590 560 10,
607 535 635 553 ii.
775 557 787 563 η
932 554 938 559 1
960 554 965 559 ,
1233 547 1237 552 .
1260 547 1266 552 ‚

258 578 326 599 LIV
339 577 359 597 O
371 577 407 602 R,
428 567 493 594 oris.
516 574 552 591 m.
579 563 718 596 [πελίωμκ.
737 558 843 589 σμωόιξ]
872 553 1005 590 Vestigium
1025 558 1049 577 et
1068 556 1125 575 nota
1142 547 1278 582 sangmms

1219 474 1278 502 Fici

654 490 729 515 Idem.
766 486 816 512 Aes
833 481 978 510 Liuianum
992 480 1060 508 Plin.
1074 488 1111 514 34,
1126 486 1146 504 2.

217 607 318 643 suffitsi‘,
331 616 392 641 quae
407 606 434 638 fit
447 613 475 628 ex
491 602 575 634 aliqua
586 591 780 634 percuffivnefmt
796 590 941 622 contusione.
974 624 978 627 .
1057 622 1061 625 ι
1099 620 1103 624 ¹
1243 618 1247 621 -

222 641 286 671 bon.
303 649 354 672 180.
401 636 405 640 ⁴
429 639 540 666 Liuores
557 642 611 664 250.
648 628 794 657 Liuoribus
802 626 872 660 quafi
885 623 994 651 maculis
1008 628 1106 648 variari
1123 627 1172 651 ¹87·
1212 618 1280 644 Plin.

223 689 263 710 20,
283 687 309 705 22
336 675 453 703 Illinitur
472 679 497 698 et
519 666 652 704 littoribus
670 663 851 699 sugillatisque
870 670 930 687 cum
952 659 1056 697 1110110..
1079 691 1083 695 Ι
1120 654 1188 682 Cels.
1210 663 1239 686 5,
1254 659 1278 682 13

223 714 303 748 Qiod
319 712 336 739 si
350 711 418 737 facie
432 706 537 745 contusa
551 704 624 745 liuor
637 701 808 742 subcruentus
822 697 867 723 est.
933 691 1167 734 ¹Tuinidiliuores
1187 691 1281 717 quen.

224 751 274 777 Sat.
293 750 328 782 16,
351 757 380 773 ii.
453 744 534 768 Venit
550 740 623 766 liuor
634 739 731 772 pressos
746 744 774 760 in
788 740 859 760 artus
886 729 968 757 Ouid.
990 730 1055 756 Met.
1079 737 1116 760 10,
1130 732 1182 757 258·
1220 725 1281 751 Tu-

224 794 299 813 more
313 790 356 809 aut
372 783 389 808 11

225 831 261 848 110
274 824 392 846 necatum
408 814 509 841 Audlor
520 812 551 839 ad
568 813 667 838 Hercu.
680 818 701 843 2,
720 813 732 836 8
741 816 762 832 c.
772 816 792 837 5.

221 857 334 892 gnificat.
371 853 469 883 Varro,
482 848 621 876 Paullatim
635 846 707 872 liuor
722 852 749 868 111
763 839 906 868 candorem
926 837 1057 867 vertitur,
1074 842 1105 876 *et
1125 835 1214 875 omnis
1229 841 1283 859 ina.

224 893 275 919 cies
288 899 302 916 e
321 896 435 922 corpore
446 884 569 912 abscedit.
653 878 735 906 Ouid.
757 879 849 904 Amor.
868 885 888 908 3,
903 884 925 907 5,
940 876 970 900 26
991 873 1039 900 Sed
1053 880 1131 912 niger
1144 880 1173 897 in
1189 877 1283 896 vaccae

224 926 330 962 pe&ore
343 923 416 950 liuor
429 927 493 949 erat.
584 917 657 945 Idem
672 914 759 942 Trist.
780 923 803 948 2,
817 922 859 943 4511
881 911 912 937 Et
925 909 1022 944 quibus
1036 917 1050 934 e
1066 909 1146 934 succis
1161 906 1236 933 abeat
1250 905 1282 930 de

223 969 335 996 corpore
349 959 429 985 liuor.
810 984 815 989 .
1053 980 1058 984 Ι
1123 980 1127 985 .
1177 980 1181 984 ἱ
1236 977 1242 982 ⁴
1257 977 1262 982 .

223 998 258 1025 est
272 996 356 1027 011113,
378 1003 459 1030 quam
480 1001 519 1024 ea,
539 998 604 1025 quae
624 985 778 1014 contulione
798 985 915 1011 liuorem
937 980 1089 1012 contrahit,
1118 990 1134 1007 1.
1154 982 1282 1014 nigrescit.

223 1035 315 1061 quen.
336 1032 386 1058 Sat.
406 1040 436 1063 2,
458 1035 482 1058 81
503 1028 613 1059 Vuaque
627 1021 764 1057 conspeeta
784 1021 901 1048 liuorem
922 1018 995 1044 ducit
1008 1016 1041 1043 ab
1055 1024 1123 1049 vua,
1142 1013 1284 1050 prom-bia-

222 1071 291 1095 liter.
511 1072 523 1089 2
544 1062 637 1093 Liuor,
653 1066 700 1095 pro
718 1057 824 1083 manlia.
860 1055 946 1082 Liuor
959 1053 1096 1080 tabificum
1112 1050 1188 1078 malis
1203 1057 1283 1076 vene-

223 1114 297 1137 num,
318 1100 426 1130 Intazffis
439 1105 516 1126 vorat
536 1097 630 1124 ollibus
649 1093 776 1121 medullas
794 1100 838 1118 etc.
865 1089 1002 1126 Euphorb.
1016 1089 1045 1115 in
1061 1088 1144 1115 Catal.
1160 1087 1236 1120 Virg.
1256 1094 1282 1120 p.

225 1150 272 1172 ¹75·
343 1138 442 1165 Lucan.
457 1145 476 1168 i,
491 1141 532 1167 283
559 1133 644 1159 Liuor
666 1130 732 1157 edax
752 1128 802 1155 tibi
822 1127 917 1154 cuncta
936 1131 1029 1159 negat,
1049 1124 1191 1159 gentesque
1211 1120 1282 1161 suba-
1298 1130 1330 1157 25
1345 1121 1413 1148 ordo
1433 1130 1528 1157 agmen
1546 1120 1714 1147 extendebat.

223 1177 285 1204 6135.
358 1172 478 1201 Inuidiae
497 1171 579 1202 liuor,
598 1168 654 1194 vid.
671 1169 889 1192 lMMAcVLO.
961 1161 1054 1188 Tacit.
1069 1160 1097 1186 in
1118 1160 1175 1186 vita
1194 1160 1282 1192 Agric.

224 1221 279 1247 cap.
298 1220 323 1243 41
344 1209 444 1236 Peffimi
458 1206 632 1240 malignitate,
653 1202 779 1229 etliuore
799 1207 916 1235 pronum
939 1196 1120 1224 deterioribus
1133 1194 1283 1231 principem

224 1245 423 1275 extimulabant.
495 1240 692 1269 Acerbusliuor
712 1236 806 1264 Claud.
819 1235 851 1262 de
865 1236 941 1270 Rapt.
953 1234 1072 1267 Proserp.
1083 1242 1103 1265 3,
1117 1241 1174 1266 290.
1211 1230 1283 1256 Edax

225 1285 296 1310 liuor
318 1281 400 1308 Ouid.
414 1281 504 1306 Amor.
521 1288 540 1313 1,
556 1287 588 1311 15,
603 1286 620 1302 1.
692 1274 824 1301 Firmieus
843 1277 873 1304 8,
894 1281 900 1297 1
918 1271 990 1297 Nam
1004 1276 1029 1296 et
1045 1269 1124 1296 istum
1140 1266 1283 1294 traCmtum

225 1318 346 1347 Petofiris
361 1316 456 1343 inuido
469 1314 559 1342 voluit
572 1314 660 1339 liuore
679 1310 773 1336 celare.

226 1357 330 1387 liuore,
349 1362 382 1380 ne
406 1351 471 1387 quid
486 1350 584 1377 faciant
599 1348 672 1375 Brut.
693 1346 724 1373 ad
745 1345 801 1372 Cic.
822 1344 895 1370 Fam.
910 1352 941 1373 ii,
961 1351 1002 1370 20.
1073 1340 1191 1367 Laedere
1206 1339 1284 1378 viuos

226 1393 306 1425 liuor,
325 1396 349 1416 ct
364 1389 453 1416 inuiso
466 1394 573 1421 carpere
588 1384 665 1411 dente
679 1382 744 1409 solet
765 1379 848 1420 Ouid.
862 1387 893 1406 ex
908 1379 993 1405 Ponto
1013 1387 1034 1411 3,
1053 1386 1078 1409 4,
1092 1386 1129 1410 74.
1202 1375 1285 1402 Pasci-

227 1435 269 1454 tur
284 1428 312 1453 in
325 1426 397 1452 viuis
412 1425 494 1456 liuor,
512 1422 569 1456 post
583 1421 636 1447 fata
651 1419 763 1453 quiescit
785 1415 868 1443 Ouid.
884 1416 975 1442 Amor.
995 1423 1019 1447 i,
1041 1422 1080 1445 15,
1101 1422 1137 1446 39.
1159 1447 1164 1452 ι
1211 1412 1285 1437 Sum-

226 1472 269 1490 ma
284 1463 350 1489 Petit
365 1462 436 1488 liuor
450 1458 531 1486 Ouid.
549 1458 581 1484 R.
596 1458 626 1484 A.
642 1465 667 1481 v.
683 1458 736 1488 3⁶9-
808 1453 943 1486 Rumpere
952 1450 1026 1476 liuor
1039 1448 1103 1475 edax
1112 1447 1194 1474 Ouid.
1210 1447 1287 1473 Rem.

227 1500 286 1526 Am.
301 1508 327 1525 v.
341 1503 392 1530 389·
413 1496 466 1521 vid.
491 1499 623 1520 iivinvs
641 1501 668 1518 n.
683 1501 704 1517 2.
1066 1519 1082 1524 ..
1156 1518 1161 1523 ⁶

263 1541 280 1561 L
291 1543 300 1561 1
312 1541 332 1559 V
344 1535 389 1560 ἐι)
401 1539 420 1558 O
431 1552 439 1564 ‚
458 1531 520 1557 11115,
546 1529 565 1555 f.
603 1529 680 1553 Idem.
717 1525 795 1560 Apul.
808 1525 874 1551 Met.
894 1531 910 1556 9
937 1531 962 1556 p.
976 1530 1017 1547 232
1037 1520 1086 1546 1)11
1098 1517 1177 1546 boni!
1197 1517 1288 1552 quales

224 1571 279 1597 illic
295 1567 453 1595 homunculi
467 1564 600 1592 vibicibus
614 1562 739 1588 liuedinis
753 1567 836 1587 totam
856 1566 943 1586 cutem
956 1556 1066 1591 depicti.

265 1612 281 1633 1.
293 1613 300 1631 1
311 1612 331 1631 v
342 1603 354 1631 i
366 1610 383 1630 D
395 1609 415 1628 V
431 1609 444 1628 s
455 1622 462 1634 ,
482 1610 505 1633 a,
527 1609 581 1626 uin.
600 1598 658 1625 Adi.
678 1597 817 1631 [vi-smerde,
837 1597 933 1627 πέλιος]
953 1594 1007 1630 Qi
1018 1602 1049 1618 ex
1061 1598 1135 1626 percu
1159 1601 1173 1616 u
1188 1597 1288 1616 carnem

227 1643 325 1677 nigram
347 1640 417 1666 habct
430 1638 542 1673 fluxione
562 1636 655 1661 eruaris
676 1636 711 1659 ad
729 1642 780 1658 eum
802 1632 893 1661 lucum,
918 1630 961 1664 qui
979 1627 1104 1664 percuffz'es
1124 1626 1163 1663 ist.
1238 1624 1289 1652 Pli-

227 1678 286 1704 nius
331 1697 337 1703 .
375 1695 381 1701 .
420 1694 426 1700 .
461 1672 576 1706 Tapflae
591 1671 680 1696 succus
695 1668 823 1702 sugillatis
835 1676 864 1694 ac
884 1664 976 1692 liuidis
998 1663 1112 1699 prodest.

228 1714 268 1739 los
284 1718 309 1738 et
321 1717 392 1737 artus
414 1708 514 1735 liuidos
533 1707 619 1733 facere
640 1704 762 1731 Scribon.
786 1710 834 1733 188,
907 1701 985 1728 Colla
1000 1699 1084 1727 liuida
1103 1698 1172 1725 faeta
1185 1697 1289 1724 lasciuis

228 1748 298 1775 notis
320 1745 402 1774 Ouid.
417 1746 509 1771 Amor.
525 1753 545 1776 1,
558 1749 580 1773 8,
594 1748 633 1776 98.
707 1741 762 1766 Ora
783 1738 867 1765 liuida
886 1737 955 1765 facta
979 1736 1070 1771 digitis
1092 1735 1130 1762 Id.
1153 1734 1232 1769 Epist.
1247 1743 1289 1766 20,

229 1791 266 1815 80.
304 1783 426 1814 Liuidus,
442 1781 539 1814 Niger,
558 1779 632 1804 vtait
647 1778 720 1804 Seru.
736 1778 771 1802 ad
790 1776 867 1809 Virg.
883 1776 949 1801 Aen.
965 1777 992 1806 6,
1010 1781 1054 1804 320
1091 1786 1136 1791 —-
1172 1770 1234 1797 illae
1248 1778 1289 1796 re-

228 1821 278 1847 mis
291 1819 355 1846 vada
368 1816 451 1844 liuida
468 1820 590 1843 verrunt.
662 1811 774 1840 Brachia
789 1811 873 1838 liuida
888 1811 969 1837 armis
984 1810 1053 1836 Hor.
1068 1808 1158 1835 Carm.
1181 1817 1200 1840 1,
1213 1813 1237 1841 g,
1252 1815 1290 1832 10.

228 1857 326 1883 Cortex
345 1854 411 1881 Plin.
425 1855 462 1888 16,
478 1861 509 1883 15.

228 1894 298 1918 cium.
335 1889 432 1917 Liuida
448 1894 570 1915 materno
582 1887 688 1913 seruent
702 1884 806 1919 adipata
819 1885 933 1910 Veneno
953 1881 1073 1909 quenal.
1089 1883 1120 1913 6,
1140 1882 1190 1911 631.
1233 1879 1289 1904 Vo-

228 1937 292 1963 rago
304 1926 406 1962 paludis
419 1924 570 1952 liuidiffima
590 1921 677 1948 Catul.
701 1927 726 1950 18
747 1924 806 1953 (17)
827 1929 856 1946 ii.
1015 1915 1037 1955 ff
1059 1926 1070 1942 2
1092 1915 1222 1947 Liuidus,
1247 1915 1289 1939 ln-

228 1965 315 1990 vidus:
336 1964 400 1997 quod
412 1962 455 1995 qui
468 1959 568 1985 inuidia
579 1959 705 1989 laborant,
725 1959 854 1982 exedentes
864 1954 892 1990 se
911 1954 1010 1985 dolore,
1038 1953 1100 1978 hunc
1113 1952 1214 1977 colorem
1235 1957 1290 1988 cop-

228 2000 339 2025 trahunt.
374 1995 490 2022 Martial.
510 2004 528 2026 i,
542 2003 565 2024 4¹
588 1993 722 2019 Omnibus
740 1991 861 2017 inuideas
875 1988 976 2022 liuide,
1000 1997 1080 2015 nenio
1099 1985 1159 2013 tibi.
1232 1985 1289 2011 Cic.

226 2034 310 2061 Tusc.
332 2042 356 2064 4,
378 2037 406 2060 28
434 2031 504 2064 Ergo
523 2027 612 2054 inuidi
625 2033 652 2052 et
670 2026 813 2056 maleuoli‚
831 2025 922 2055 liuidi,
940 2030 966 2049 et
979 2023 1080 2054 timidi,
1100 2028 1125 2049 et
1140 2021 1291 2048 misericor·
1305 2025 1337 2052 50
1354 2018 1397 2045 vel
1412 2018 1598 2047 fabuiofiffime
1613 2027 1629 2045 a
1660 2018 1778 2053 antiquis
1799 2024 1913 2045 narrata.

227 2070 281 2102 des,
301 2068 363 2103 quia
378 2066 509 2102 procliues
525 2063 557 2090 ad
571 2070 612 2089 035
627 2059 854 2097 perturbationes,
874 2066 928 2084 non
950 2057 1015 2090 quia
1035 2058 1138 2088 semper
1158 2057 1292 2093 feruntur.

227 2104 339 2132 Liuidus
354 2109 380 2130 et
392 2101 502 2129 mordax
524 2100 593 2126 Hor.
606 2098 689 2124 Serui.
705 2105 724 2130 1,
740 2107 762 2129 4,
775 2104 813 2129 93.
887 2092 1047 2132 Denstl-lor.
1063 2089 1146 2124 Epod.
1164 2096 1194 2120 ς,
1214 2096 1251 2119 47.
1271 2097 1290 2112 ι.

227 2140 343 2176 cai-injus.
417 2138 521 2172 Lingua
542 2135 624 2162 Ouid.
641 2133 707 2161 Fast.
724 2142 743 2165 1,
762 2141 801 2165 74.
875 2128 1040 2156 Obliuiones
1061 2127 1139 2166 Hor.¹
1152 2125 1242 2151 Carni.
1265 2131 1291 2157 4,

228 2187 255 2211 9,
269 2186 302 2208 33.
374 2173 463 2201 Multo
481 2171 593 2198 lividior
608 2169 738 2196 sententia
751 2168 810 2194 Sen.
831 2166 926 2192 Contr.
942 2173 976 2196 14.
989 2164 1024 2191 al.
1047 2161 1185 2196 frigidior.

265 2219 282 2237 L
299 2218 307 2237 1
328 2217 348 2236 v
364 2217 375 2236 1
395 2216 413 2236 n
431 2207 452 2234 x?
466 2215 483 2234 L
497 2213 518 2232 v
534 2213 556 2232 5.

229 2246 363 2275 Ponebant
378 2245 459 2279 igitur
472 2242 565 2270 Tusco
578 2241 675 2267 farrata
688 2238 778 2265 catino
814 2235 916 2263 Omnia
928 2241 1005 2261 tunc:
1043 2233 1141 2268 quibus
1159 2231 1294 2266 inuideas,

229 2284 246 2311 si
265 2281 393 2309 liuidulus
415 2281 453 2306 tis.

267 2326 284 2345 L
304 2326 314 2345 1
331 2325 350 2343 v
368 2316 379 2343 1⁰
395 2323 413 2343 D
432 2322 461 2341 E.

230 2355 318 2382 vidius
343 2354 438 2379 lucent.

267 2388 531 2420 rivsnmare.

231 2427 333 2454 Pallore
355 2425 458 2457 vultum
474 2420 578 2448 liuidet.
1162 2446 1167 2451 ι

270 2470 287 2489 1.
304 2470 314 2489 1
330 2469 351 2487 v
370 2468 378 2486 1
401 2466 419 2486 D
439 2466 449 2485 1
469 2465 490 2484 N
512 2463 533 2483 A
553 2463 573 2482 N
595 2461 627 2488 5,
659 2453 735 2480 antis.
789 2451 897 2477 Petron.
922 2457 945 2474 c.
971 2454 1008 2479 ¹38
1034 2447 1090 2482 Ipse
1110 2447 1199 2479 Paris,
1225 2446 1292 2472 Dea-

234 2507 293 2525 ruin
314 2495 516 2524 liuidinantium
530 2492 619 2518 iudex.
657 2489 714 2515 Alii
727 2489 813 2523 legunt
834 2483 1064 2516 Libidinantium,
1099 2483 1147 2508 alii
1174 2482 1293 2516 Litigan.

234 2534 309 2561 tium.
349 2534 404 2558 VIA.
419 2533 519 2557 Gruter.
541 2526 675 2563 Suspicion.
697 2534 722 2558 1,
745 2532 778 2550 12.
798 2530 822 2548 et
836 2521 924 2548 Barth.
939 2521 974 2545 ad
993 2520 1054 2547 Stat.
1070 2517 1156 2545 Achil.
1173 2528 1195 2552 2,
1210 2527 1258 2550 337.

499 2313 567 2340 Adu.
589 2314 702 2347 Compar.
759 2307 827 2336 Plin.
846 2315 885 2340 33,
912 2315 925 2339 7
953 2304 1011 2338 Qui
1029 2303 1181 2338 languidius
1209 2311 1238 2329 ac
1263 2302 1295 2329 li-

586 2382 703 2410 Liuidum
722 2381 834 2406 reddere.

991 407 1104 436 Familia
1122 405 1201 433 Liuia
1222 403 1279 432 Ta·
1296 408 1310 435 5

989 590 1103 614 Artuum
1125 583 1197 609 liuor
1212 582 1279 608 Scri·
1293 591 1322 609 10
1339 584 1394 610 Ser.
1409 585 1640 611 Saminon.V.802.

1337 690 1434 725 sponte,
1450 691 1506 723 fine
1520 690 1548 715 vi
1559 691 1682 725 prelorum
1698 691 1817 726 destillat,
1836 702 1867 719 vt
1880 703 1944 728 aqua
1958 693 1989 719 de
2003 693 2135 721 c1'neribus.

384 781 457 806 'nore
473 776 653 804 decoloratum
668 779 763 806 corpus
778 768 878 795 mortui
894 766 911 793 si
928 765 967 799 fir,
987 764 1182 800 fignificatcum
1203 770 1282 787 vene.
1297 766 1323 792 15
1343 761 1435 788 oleum
1448 763 1540 796 Veget.
1555 761 1670 788 Mulom.
1686 771 1706 794 3,
1721 771 1752 794 ¹3·

865 802 960 835 Liuor,
981 802 1086 827 Colorem
1102 798 1236 833 nigriorem
1247 796 1284 830 fi.

846 1307 1033 1342 Impediuntur
1052 1303 1244 1332 maleuolentia
1258 1307 1284 1327 et
1299 1312 1333 1336 30

1186 1661 1291 1688 Articu-
1305 1660 1423 1695 40causa
1449 1659 1576 1687 ambulat.

580 1849 688 1877 Racemi
710 1849 777 1875 Hor.
793 1847 882 1875 Carni.
897 1856 918 1880 2,
939 1856 961 1879 5,
982 1854 1019 1872 10.
1051 1845 1207 1870 maturitatis
1222 1842 1290 1868 inm*-
1302 1847 1337 1874 45

890 2376 1025 2404 Paullinus
1044 2375 1110 2404 Nol.
1131 2373 1162 2401 ad
1183 2373 1292 2406 Cyther.
1306 2375 1342 2400 60
1356 2374 1465 2408 nigrum
1486 2373 1593 2406 colore,
1611 2373 1728 2408 amplum
1747 2381 1847 2407 grane,
1867 2373 2048 2400 arundineum
2062 2374 2161 2401 culino.

1756 173 1973 214 LOC

1336 272 1368 290 ex
1381 272 1414 291 eo
1443 263 1515 297 quod
1535 269 1737 296 cremauerunt,
1751 262 1840 289 cinere
1861 262 1983 289 lixiuiam
1996 264 2103 292 faciant.
2175 265 2278 293 Deinde
2291 266 2319 292 in
2334 265 2396 292 lixi-

1337 300 1397 325 viae
1409 286 1545 332 ferrarios,
1558 305 1602 325 etc.
1639 299 1774 325 Lixiuiam
1784 298 1903 333 eliquato
1925 299 2030 328 Colum.
2042 310 2075 333 12,
2090 309 2125 334 22,
2141 309 2158 328 1.
2174 302 2192 328 ι’.
2202 303 2297 327 humore
2304 303 2395 328 cineri.

1339 333 1381 359 bus
1393 335 1467 373 ‘'ffi‘fi'
1477 336 1568 374 *clii-ito.
1642 334 1716 361 Idem
1733 344 1764 367 ¹2,
1787 336 1822 367 16,
1838 343 1847 360 ι
1868 335 1898 360 111
1912 334 1966 360 0113
1978 343 2048 362 noua
2064 337 2143 363 fifflli
2158 337 2246 372 ampla
2260 345 2396 372 praepara-

1338 373 1393 394 tam
1407 371 1529 396 lixiuiam
1543 369 1640 396 cineris
1654 370 1778 396 sarmenti
1791 370 1906 397 calefieri
1919 372 2054 399 conuenit,
2073 381 2118 400 etc.
2173 375 2244 399 Acld.
2264 373 2356 407 Veget.
2375 382 2398 405 3,

1340 405 1380 435 46.
1398 438 1403 442 ἡ
1428 438 1433 443 1
1451 406 1534 432 Scrib.
1549 407 1657 440 Largus,
1677 406 1786 433 Lixiuia
1803 406 1874 433 calda
1889 415 1921 432 ex
1943 406 2033 432 cinere
2051 408 2247 436 sarmentorum
2261 408 2331 435 faeta
2348 414 2398 442 184.

1338 440 1483 465 Lexiuium
1507 443 1575 468 dedit
1588 444 1694 468 Mer-cer.
1705 442 1777 468 Non.
1794 452 1812 475 1,
1825 451 1882 476 309.

1378 482 1394 500 L
1410 482 1419 501 1
1434 481 1532 514 Xivy
1544 483 1557 503 s
1569 498 1577 510 ‚
1598 478 1640 503 1111
1654 485 1669 503 L
1681 485 1690 504 1
1703 485 1721 504 x
1735 485 1776 504 iv
1788 485 1797 504 ι
1809 485 1830 504 ν
1843 484 1869 511 s,
1889 487 1913 511 a,
1934 487 1989 510 um,
2009 477 2069 504 Adi.
2089 480 2209 507 Scribon.
2231 481 2332 515 Largus
2348 481 2399 506 216.

1339 518 1381 541 228
1402 511 1461 537 Hoc
1476 516 1573 551 teritur
1580 523 1615 552 ⁴ei(
1630 514 1719 541 cinere
1732 514 1825 541 lixiua.
1863 515 1904 540 Sic
1916 514 2007 539 ibidem
2014 514 2164 548 frequenter
2183 517 2220 543 Ex
2234 517 2323 543 cinere
2338 510 2400 542 lixi.

1339 556 1382 581 va,
1402 555 1452 581 qua
1465 546 1589 573 culinarii
1598 556 1709 577 vtuntur
1722 559 1775 583 230.
1812 549 1888 577 Cinis
1905 549 1985 575 lixiui
2004 559 2057 583 229.
2076 550 2130 576 vid.
2144 552 2278 579 Rbod.Lex
2286 551 2399 578 Sci-ibon.

1369 620 1374 624 ”
1471 620 1474 623 ι
1499 619 1504 623 ‚
1678 586 1873 613 Cinislixiuius
1892 585 2050 618 Plin.14,20,
2068 586 2122 612 vid.
2141 592 2158 613 c
2170 593 2180 612 l
2193 593 2235 614 Nl
2247 595 2272 616 s.
2388 596 2401 614 2

1340 621 1443 659 Vinum
1460 620 1573 645 lixiuum
1601 619 1743 653 [πρότμπος
1762 620 1836 656 αὖος]
1861 621 1956 647 dicitur
1974 630 1990 646 a
2009 621 2144 648 Columel.
2165 631 2197 656 12,
2216 632 2241 655 41
2260 625 2326 658 quod
2369 623 2400 650 li-

1342 663 1403 681 mus
1423 657 1569 689 Pron-opum
1588 661 1670 687 vocat,
1695 657 1748 683 vid.
1769 663 2000 685 PROTROPVM.
2028 668 2031 669 ⁷
2074 659 2165 693 Nempe
2176 659 2215 692 sic
2229 666 2318 685 vocam
2337 660 2404 694 quod

2207 695 2250 719 Sic
2272 694 2402 722 Lixiuum

1934 729 2042 756 Colum.
2059 738 2098 760 12,
2112 738 2141 762 27
2161 737 2185 756 et
2199 731 2237 762 36.
2272 730 2403 757 Lixiuum

1826 764 1905 796 Qiafi
1919 765 2036 792 lixiuum
2049 764 2166 792 defluens
2182 766 2289 800 oleum,
2315 768 2351 793 al.
2370 766 2402 793 li-

2338 189 2396 217 112

1343 727 1396 758 (al.
1419 725 1578 759 Lixiuiuin)
1597 725 1711 752 mustum
1725 726 1792 753 Cato
1805 738 1843 758 22,
1855 739 1877 756 2.

1339 797 1448 824 xiuium
1467 797 1573 824 Colum.
1597 807 1630 830 12,
1650 806 1693 831 50,
1709 807 1736 825 ii.

1379 841 1396 860 L
1408 840 1417 859 1
1429 840 1448 859 Χ
1458 840 1490 866 Α,
1510 842 1549 868 30,
1561 835 1717 874 ι[σιειιιοεβόςσἿς
1731 835 1744 869 ]
1761 842 1784 859 et
1803 833 1839 874 pl.
1861 840 1878 859 L
1888 840 1898 859 1
1908 840 1928 859 Χ
1938 842 1960 861 Δ
1972 843 2002 869 E,
2023 846 2108 864 arum.
2121 847 2158 864 in.
2178 837 2238 864 sunt
2257 838 2304 870 [vt
2311 834 2404 873 scribit

1345 870 1436 896 Festus
1459 869 1621 909 Pompeius)
1653 871 1709 902 Qu
1722 878 1870 910 exercitum
1890 869 2052 906 sequuntur,
2074 873 2199 908 quaestus
2216 873 2310 907 gratia.
2336 872 2405 901 dieti

1346 905 1418 940 quod
1433 911 1507 932 extra
1523 905 1646 931 ordinem
1660 905 1708 932 sint
1729 906 1861 939 militiae,
1885 906 1978 940 eisque
1995 906 2072 935 liceat
2093 910 2166 943 quod
2186 908 2306 936 libuerit.
2348 909 2405 937 Alii

501 955 612 989 Metaph.
621 954 650 978 de
657 951 792 985 sruHibur,
814 945 947 975 Columel.
962 954 993 976 12,
1007 954 1034 976 47
1056 944 1129 970 Haec
1142 941 1284 969 candidior
1296 945 1332 964 20
1346 950 1392 968 eos
1413 950 1427 967 a
1447 940 1529 968 Licha
1548 940 1692 975 appellatos
1715 941 1842 978 credunt,
1876 942 1949 977 quod
1969 949 1994 968 et
2013 942 2058 969 ille
2078 945 2223 972 Herculem
2242 946 2344 972 secutus
2367 946 2405 973 fit.

1345 977 1463 1018 Qiidam
1477 985 1491 1003 a
1506 976 1658 1011 liguriendo
1672 978 1819 1011 quaestum.
1891 982 1929 1005 At
1942 977 2016 1005 Non.
2032 989 2037 1004 1
2063 988 2110 1013 309
2129 982 2197 1007 haud
2211 981 2292 1017 paullo
2307 982 2406 1018 sapien-

1346 1015 1404 1047 tius,
1426 1014 1554 1040 Lixarum
1568 1013 1716 1047 proprietas
1737 1013 1802 1040 haec
1823 1014 1875 1047 est,
1911 1014 1984 1048 qnod
2006 1001 2126 1042 officium
2144 1016 2287 1044 sustineant
2311 1017 2406 1044 militi-

1346 1049 1395 1090 bus
1421 1057 1503 1084 aquae
1523 1048 1670 1075 vehendae.
1726 1049 1852 1084 Namque
1866 1050 1961 1076 Lixam
1974 1051 2076 1085 Aquam
2093 1057 2195 1078 veteres
2209 1054 2258 1079 effe
2274 1053 2408 1080 dixerunt.

1346 1086 1406 1112 [111.
1427 1095 1470 1119 39,
1491 1095 1498 1111 1
1519 1093 1585 1111 extr.
1607 1086 1700 1119 Itaque
1720 1094 1775 1111 non
1790 1085 1844 1111 lixa
1857 1085 2026 1120 sequebatur,
2047 1096 2101 1113 non
2115 1088 2299 1115 iumentorum
2312 1089 2408 1124 longus

1500 1158 1504 1162 .
1675 1157 1679 1161 Ι
1750 1157 1756 1161 .
1787 1121 1861 1148 Idem
1874 1131 1911 1161 23,
1924 1124 1950 1148 16
1979 1123 2171 1157 Impedimenta
2191 1123 2314 1158 subsequi
2331 1125 2410 1157 iussit,

1344 1158 1468 1192 calones,
1487 1157 1616 1192 lixasque,
1634 1163 1659 1183 et
1673 1156 1807 1183 inualidos
1821 1156 1922 1183 milites
1936 1157 2040 1185 vallum
2062 1159 2144 1189 ferre.
2182 1160 2228 1188 Sil.
2240 1170 2263 1193 5,
2275 1169 2299 1194 3¹

1650 1208 1696 1213 ——
1733 1193 1882 1227 Omnisque
1898 1192 1994 1220 ruebat

1508 1229 1603 1256 Missus
1619 1238 1710 1264 eques,
1730 1238 1778 1255 nec
1792 1229 1912 1256 discretis
1926 1229 1999 1256 leuia
2010 1237 2083 1256 arma
2099 1230 2225 1266 maniplis

1503 1266 1651 1300 Insertique
1663 1265 1746 1300 globo
1762 1265 1877 1301 pedites:
1897 1271 1923 1293 et
1937 1265 2035 1292 inutile
2047 1266 2133 1293 Marti

1378 1336 1383 1342 ¹
1503 1301 1633 1328 Liiiarum
1656 1302 1768 1336 vulgus,
1794 1309 1840 1329 etc.

1351 1337 1408 1363 Vul.
1424 1337 1508 1362 Bur-m.
1523 1340 1559 1363 ad
1577 1337 1711 1370 Qiinc‘stil.
1731 1343 1755 1369 8,
1769 1340 1783 1365 6
1804 1347 1830 1373 p.
1850 1347 1904 1372 744.
1940 1337 2032 1365 Tacit.
2045 1340 2115 1364 Ann.
2132 1347 2157 1372 2,
2173 1338 2212 1365 62.

1346 1375 1387 1399 26.
1425 1380 1449 1398 et
1469 1373 1540 1400 Suet.
1556 1373 1634 1400 Galb.
1653 1382 1675 1399 c.
1689 1383 1730 1400 20.
1768 1374 1842 1401 Non.
1858 1383 1877 1407 1,
1890 1379 1940 1406 238.

1386 1415 1404 1435 L
1422 1416 1431 1434 1
1449 1415 1467 1435 x
1486 1416 1507 1434 v
1528 1416 1561 1442 s,
1581 1418 1606 1443 a,
1626 1418 1681 1436 um.
1720 1409 1831 1443 [ἑφθὸς]
1867 1410 1956 1443 aiunt,
1989 1409 2062 1444 quod
2080 1409 2117 1436 est
2135 1410 2244 1439 coctum
2262 1410 2355 1438 cinere
2374 1411 2413 1438 ol-

1344 1444 1385 1471 lae
1411 1445 1554 1480 supposito.

1386 1487 1402 1506 L
1415 1487 1426 1506 ι
1438 1488 1455 1506 x
1468 1488 1488 1508 ο
1500 1502 1508 1513 ,
1529 1486 1583 1507 are.
1602 1479 1708 1516 [ε’ψάω]
1727 1480 1817 1507 Lixum
1825 1479 1924 1514 facere,
1944 1481 1963 1507 i.
1977 1489 2076 1516 coquere
2090 1482 2183 1509 dicunt.

1386 1522 1403 1542 L
1412 1523 1423 1542 1
1434 1522 1482 1557 Χ.Α
1494 1523 1511 1543 Β
1521 1524 1542 1542 V
1554 1524 1576 1543 N
1588 1524 1606 1543 D
1616 1524 1636 1542 V
1646 1524 1660 1543 s
1668 1538 1676 1549 ‚
1697 1526 1721 1549 a,
1744 1525 1798 1542 um.
1819 1515 2023 1551 [σκευοφσρῶδης]
2047 1517 2135 1543 Lixam
2147 1527 2232 1553 agens,
2252 1518 2296 1552 qui
2308 1518 2413 1552 exiguae

1350 1554 1468 1593 mercedis
1476 1553 1569 1588 gratia
1581 1551 1706 1586 viliſjt‘mis
1715 1552 1766 1588 sese
1780 1552 1897 1587 obsequiis
1915 1552 2041 1587 immiscet.
2113 1553 2196 1580 Plaut.
2219 1556 2286 1588 apud
2297 1553 2413 1588 Festum,

1351 1588 1412 1619 (vbt
1434 1595 1515 1614 tumen
1534 1598 1581 1614 non
1601 1589 1775 1620 inueniebam)
1812 1587 1869 1622 Qui
1888 1587 1987 1614 famam
2007 1594 2082 1615 tuam
2100 1588 2300 1616 lixabundusret
2313 1598 2414 1616 nomen

1351 1623 1452 1651 foedas.
1543 1624 1636 1651 Ifidor.
1672 1624 1753 1651 Gloff.
1794 1624 1966 1651 Lixabunclus
2001 1624 2120 1652 ambulat
2132 1643 2142 1656 ,
2178 1625 2226 1660 qui
2265 1624 2421 1661 voluptatis«

2267 1338 2342 1366 Curt.
2355 1348 2377 1372 3,
2390 1348 2413 1372 3,

1389 1703 1405 1722 L
1418 1703 1427 1723 1
1439 1703 1458 1722 x
1468 1698 1492 1724 Ᾱ
1502 1704 1527 1724 Μ
1538 1703 1556 1724 E
1566 1703 1600 1730 N,
1620 1696 1682 1723 i'nis.
1702 1703 1726 1722 et
1746 1702 1764 1723 i.
1775 1703 1786 1722 1
1797 1703 1816 1722 x
1827 1702 1850 1723 A
1861 1702 1887 1723 M
1900 1702 1919 1722 E
1929 1703 1952 1721 N
1963 1703 2058 1730 TVM,
2079 1697 2097 1723 i.
2118 1706 2143 1723 n.
2181 1698 2261 1732 Apud
2278 1696 2414 1732 Apicium,

1349 1733 1395 1768 qui
1408 1732 1453 1769 ff
1467 1733 1569 1766 monuit,
1589 1732 1683 1768 errcffl»
1695 1732 1798 1758 videtur
1812 1732 1839 1757 in
1855 1732 2015 1766 Liquamine
2032 1739 2056 1759 et
2076 1733 2264 1767 Liquamento.
2320 1734 2415 1769 Cogna-

1350 1777 1402 1795 tam
1414 1768 1460 1805 effe
1473 1769 1564 1796 Licem
1576 1768 1686 1803 Liquori,
1705 1775 1764 1794 ante
1776 1768 1877 1794 dilium.

1387 1811 1404 1831 L
1415 1811 1425 1831 1
1438 1811 1457 1831 x
1470 1812 1492 1832 Α
1503 1811 1524 1831 Τ
1535 1805 1556 1831 ὖ
1566 1811 1586 1831 R
1598 1811 1620 1831 A
1632 1826 1642 1838 ‚
1662 1813 1702 1831 30.
1720 1804 1739 1830 f.
1777 1805 1860 1837 Idem,
1878 1803 1948 1838 apud
1968 1803 2117 1831 Sidonium.

1387 1848 1425 1867 Li
1440 1847 1529 1874 1110,
1549 1840 1619 1867 onis.
1641 1849 1677 1866 m.
1714 1841 1852 1875 Aquarum
1866 1839 1983 1875 portitor
2003 1839 2084 1866 Gloss'.
2098 1840 2190 1868 Ifidor.

1381 1882 1409 1917 ¹1.
1421 1883 1431 1902 1
1444 1883 1462 1903 Χ
1472 1875 1494 1904 ὖ
1504 1883 1521 1903 ι.
1532 1884 1554 1904 Α
1564 1897 1572 1910 ,
1591 1885 1629 1904 30.
1649 1877 1669 1903 f.
1691 1875 1794 1903 Dimin.
1832 1876 1888 1902 Cibi
1896 1884 1977 1910 genui·
1990 1876 2134 1910 eac-farina,
2155 1875 2221 1912 caseo
2234 1883 2258 1903 et
2271 1885 2338 1911 aqua
2352 1878 2415 1902 com-

1351 1911 1446 1974 }ntgum
1460 1914 1536 1939 Va'rr.
1549 1913 1581 1939 de
1594 1914 1623 1939 L.
1642 1913 1672 1940 L.
1692 1922 1716 1945 4,
1742 1921 1771 1939 22
1797 1921 1821 1946 p.
1837 1920 1874 1944 27,
1886 1916 1923 1943 38-
1943 1911 1988 1936 vbi
2001 1919 2026 1938 et
2038 1911 2169 1939 circulum
2182 1912 2266 1948 magis
2280 1911 2417 1940 incondite

1366 1955 1379 1973 a
1409 1956 1454 1973 um
1474 1956 1556 1974 vocat.

1392 1990 1408 2009 1.
1422 1989 1431 2009 1
1446 1989 1526 2010 xvs.
1544 1984 1626 2017 [Λιξδς
1666 1982 1783 2010 Colonia
1803 1991 1819 2009 a
1837 1982 1953 2008 Claudio
1975 1982 2086 2009 Caesare
2105 1983 2175 2010 facila
2195 1982 2224 2010 in
2243 1983 2419 2017 Mauritania,

1984 2017 2026 2044 Ibi
2046 2018 2119 2053 regia
2140 2018 2252 2046 Antaei.
2271 2025 2417 2046 certamen-

1354 2062 1407 2086 que
1421 2063 1481 2079 cum
1494 2054 1611 2080 Hercule
1630 2060 1655 2081 et
1671 2054 1850 2089 Hesperidum
1864 2053 1947 2080 horti.
1983 2053 2140 2081 Affunditur
2148 2062 2236 2081 autem
2245 2053 2307 2081 huic
2318 2054 2417 2081 aestua-

1352 2087 1427 2112 rium
1441 2096 1456 2126 0
1475 2089 1544 2113 mari
1557 2089 1676 2114 flexuoso
1694 2095 1799 2121 meatu,
1819 2089 1849 2115 in
1867 2098 1922 2123 quo
1939 2089 2064 2116 draconis
2084 2090 2218 2117 custodiae
2239 2090 2321 2116 instar
2340 2089 2419 2115 fuiss'e·

1353 2130 1425 2147 nunc
1440 2127 1673 2156 interpretantur.·
1700 2124 1780 2148 Verba
1786 2123 1848 2157 sum
1861 2123 1944 2149 Plinii
1964 2132 1987 2153 5,
2001 2134 2020 2150 ι.
2196 2123 2218 2162 q
2237 2133 2250 2150 2
2273 2124 2313 2160 Est
2331 2130 2356 2149 et
2374 2123 2419 2150 Li·

1355 2165 1414 2189 xus,
1433 2159 1525 2183 Amnis
1539 2157 1567 2182 in
1580 2159 1664 2183 eadem
1677 2167 1731 2192 ora,
1751 2160 1820 2185 cuius
1831 2158 1944 2185 meminit
1961 2158 2051 2185 ibidem
2070 2158 2189 2192 Plinius,
2207 2166 2232 2187 et
2253 2160 2418 2194 Pomponiu-

594 2204 652 2231 Adi.
675 2203 778 2230 Dimin.
805 2201 992 2234 [ὑπσπὲλιδνος]
1020 2201 1115 2226 quen.
1136 2198 1185 2224 Sat.
1201 2205 1230 2229 ii,
1252 2204 1292 2221 iio
1309 2198 1338 2225 55
1359 2192 1434 2220 Mela
1452 2193 1480 2218 in
1489 2192 1593 2228 finesui
1605 2193 1694 2227 operis.

1776 2253 1802 2285 L
1866 2255 1896 2287 O
1971 2255 1995 2287 Β

1393 2307 1413 2328 ι.
1425 2310 1445 2330 o
1457 2307 1477 2341 ¹³.
1488 2308 1529 2342 a,
1549 2309 1586 2342 ac.
1611 2301 1632 2328 f.
1653 2300 1690 2333 [η’
1708 2304 1827 2333 numme»,
1847 2299 1928 2335 anffin]
1951 2301 2072 2336 quidfit,
2096 2302 2280 2338 interpretatur
2316 2303 2418 2331 Plinius

1355 2343 1391 2370 18,
1404 2347 1418 2371 7
1439 2337 1548 2364 Milium
1562 2343 1633 2364 intra
1645 2337 1695 2364 hos
1709 2337 1800 2364 decern
1814 2345 1899 2363 annos
1911 2346 1943 2364 ex
1956 2337 2032 2365 India
2046 2338 2075 2364 in
2088 2338 2192 2365 Italiam
2213 2338 2351 2366 inuectum
2372 2340 2420 2402 01ῑὲἰ

2235 2374 2356 2402 Adolesci

1355 2409 1434 2444 pedes
1446 2409 1587 2435 altitudine
1604 2409 1703 2444 septem
1715 2407 1925 2443 praegrandibus
1939 2409 2048 2436 culmis:
2084 2409 2158 2437 lobas
2171 2416 2277 2445 vocant,
2296 2383 2421 2438 omniuiu

1354 2446 1465 2481 frugum
1479 2444 1676 2472 fertiliffimum.
1714 2446 1789 2477 Cons.
1809 2444 1887 2479 Apul.
1897 2443 1929 2470 de
1938 2444 2022 2471 Herb.
2036 2454 2059 2471 c.
2073 2454 2109 2477 74.

1394 2489 1411 2509 Ι.
1422 2488 1442 2508 0
1455 2487 1472 2508 Β
1483 2485 1504 2507 V
1516 2487 1529 2508 S
1539 2501 1548 2514 ,
1566 2481 1585 2508 i.
1604 2490 1640 2508 m.
1663 2479 1767 2516 [Λοξῦςῇ
1786 2481 1876 2514 Infima
1885 2487 1947 2515 pars
1960 2481 2068 2514 aurium,
2086 2481 2145 2506 item
2158 2481 2245 2507 iecoris
2252 2483 2321 2517 fibra
2327 2483 2367 2516 stc
2379 2492 2420 2510 vo.

1355 2525 1429 2544 catur
1441 2519 1525 2553 vulgo,
1546 2517 1605 2543 item
1617 2518 1690 2543 binae
1698 2523 1796 2552 partes,
1813 2517 1841 2541 in
1855 2525 1916 2550 quas
1928 2517 2018 2542 abeunt
2025 2515 2122 2552 semina
2133 2519 2263 2552 quaedam,
2286 2525 2316 2544 vt
2328 2518 2419 2553 fabae.

270 2577 287 2596 L
300 2577 310 2596 Ι
324 2576 344 2595 V
358 2575 374 2595 E
389 2574 408 2594 Ο
418 2588 426 2600 ,
443 2571 497 2593 gre,
520 2566 688 2599 [πελιό-,ῡομα1,
701 2561 842 2592 matheum]
864 2559 956 2583 Atrum
969 2556 1021 2590 effe.
1058 2555 1207 2589 Plin.20‚43
1229 2552 1296 2586 Qii-
1308 2553 1340 2585 65
1358 2554 1408 2580 Sed
1424 2554 1546 2580 Graecum
1564 2552 1604 2589 cst.

235 2606 294 2633 dam
308 2604 402 2631 eodem
417 2601 527 2629 nomine
541 2598 673 2634 appellant
684 2595 798 2631 pustulas
813 2593 926 2632 liuentes
941 2586 1112 2618 ac'noffibus
1134 2590 1294 2617 infestantes.

236 2642 349 2669 Labellis
364 2638 489 2674 impressis
503 2637 589 2663 liuere
604 2643 643 2669 os,
662 2633 748 2668 aptius
763 2636 820 2657 erat
840 2628 922 2656 Ouid.
943 2629 1035 2668 Artior.
1057 2637 1075 2662 i,
1097 2637 1120 2660 7,
1136 2637 1170 2660 41.
1241 2627 1295 2652 Ru-

235 2678 325 2713 bigine
340 2677 423 2703 liuent
438 2674 528 2700 dentes
547 2671 584 2699 Id.
601 2671 666 2697 Met.
678 2671 733 2702 776.
890 2661 912 2702 fl
930 2673 942 2690 2
964 2664 1072 2697 Liuere,
1092 2664 1215 2702 Inuidere,
1253 2662 1297 2702 1,ἰῖ

235 2723 298 2741 vere
313 2713 356 2745 iis,
377 2711 423 2746 qui
440 2708 623 2744 eloquentiam
637 2707 791 2732 exercerent
803 2702 873 2729 Tac.
889 2702 957 2727 Ann.
977 2709 1015 2733 13,
1030 2709 1067 2735 4²,
1081 2710 1100 2732 3.
1158 2700 1213 2732 Qu
1227 2698 1297 2724 mihi

236 2751 314 2777 Liuct
328 2747 443 2775 Martial.
458 2748 483 2780 6,
502 2746 541 2775 86.
578 2744 648 2770 Add.
664 2740 701 2769 Id.
724 2750 750 2774 9,
773 2748 811 2771 24.
840 2738 901 2765 Stat.
916 2735 1029 2771 Epithal.
1045 2735 1138 2762 Stellae
1146 2744 1233 2766 ν.150.
1252 2735 1298 2760 ibi·
1309 2741 1346 2770 70

460 2779 601 2815 Pompeius
625 2777 757 2812 malignus
778 2774 862 2802 homo
881 2773 999 2799 fortunis
1019 2772 1135 2798 aliorum
1150 2772 1253 2806 semper
1268 2769 1299 2796 li-

235 2796 267 2811 (u
303 2786 337 2811 G*
357 2791 405 2810 art.

237 2796 309 2847 110115.
327 2795 354 2811 ‘u
380 2817 496 2846 Martial.
515 2824 547 2851 8,
566 2817 592 2842 61
618 2814 696 2841 Liuet
711 2811 844 2844 Carinus,
864 2809 1009 2844 rumpitur,
1022 2816 1066 2834 etc.

237 2857 281 2883 cit.
314 2857 382 2882 Anu.
408 2866 432 2888 4,
447 2864 474 2889 2,
495 2863 524 2893 3.-

277 2898 406 2918 LiVEN
420 2898 452 2920 s,
472 2895 549 2916 entis.

1139 2809 1214 2834 Adde
1239 2807 1298 2834 Ta-

587 2885 681 2914 Partie.
719 2882 846 2911 Subfusca
859 2891 887 2909 ac
902 2880 1029 2907 Liuentia
1042 2879 1112 2906 Tac.
1127 2878 1216 2914 Agric.
1227 2886 1259 2912 12,
1275 2887 1300 2911 9.

1776 2615 1998 2649 LOC

1384 2668 1657 2704 ffiocamvm,
1677 2668 1914 2695 LOCARIVS,
1934 2666 2157 2696 LOCA'rio,
2192 2666 2422 2696 Locei'roiz,

1360 2701 1416 2725 vul.
1437 2708 1464 2723 m
1490 2704 1634 2725 LOCVS.

1395 2740 1472 2761 LOC
1487 2740 1529 2760 ΕΙ.
1542 2740 1636 2767 Lvs,
1654 2734 1710 2761 vid.
1731 2734 1864 2768 Loeulus,
1882 2735 1910 2760 in
1932 2739 1982 2760 Lo
1996 2739 2014 2761 c
2031 2739 2090 2760 vs.

1397 2775 1577 2804 Loci‘ro,
1600 2776 1726 2805 Loco,
1744 2772 1799 2798 vid.
1825 2776 1968 2798 Locvs.

1400 2813 1416 2832 L
1427 2812 1446 2831 Ο
1456 2811 1473 2832 C
1486 2812 1506 2832 R
1518 2813 1528 2832 1
1538 2813 1562 2839 S,
1583 2807 1649 2833 i'dos.
1669 2807 1687 2835 f,
1709 2808 1835 2843 [Λοκρὶς]
1856 2807 1931 2842 Regio
1944 2805 1977 2842 est
1987 2806 2104 2842 proxima
2121 2805 2237 2833 Phocidi:
2263 2805 2384 2831 dicuntur
2396 2811 2421 2831 et

1362 2848 1481 2883 LQCRl,
1501 2842 1553 2868 eius
1566 2843 1674 2878 regionis
1690 2844 1790 2878 populi,
1807 2843 1911 2878 itemque
1925 2843 2025 2868 illarum
2044 2841 2138 2867 colonia
2153 2841 2180 2866 in
2190 2841 2299 2867 Bruttiis
2318 2839 2420 2868 ltaliae.

1362 2879 1439 2913 Virg.
1450 2879 1516 2905 Aen.
1529 2887 1550 2912 3,
1566 2888 1610 2912 399
1629 2879 1682 2906 Hic
1695 2886 1720 2906 et
1739 2879 1841 2906 Naritii
1861 2879 2005 2914 posuerunt
2030 2878 2139 2904 moenia
2160 2877 2250 2904 Locri.
2287 2877 2346 2904 Alii
2358 2875 2421 2911 sunt

239 2927 387 2962 Thapliam
409 2925 535 2952 auxiliari
556 2930 602 2949 etc.
641 2922 707 2948 item
726 2921 756 2946 in
774 2917 902 2954 alopeciis
929 2916 1110 2951 sugillatisque
1135 2924 1165 2941 ac
1191 2915 1298 2942 liuenti·
1312 2920 1344 2949 75
1361 2914 1443 2941 Locri
1456 2915 1482 2939 in
1497 2915 1605 2940 Graecia
1617 2916 1783 2950 cognominati
1794 2916 1905 2950 Ozolae,
1923 2925 1940 2941 a
1952 2915 2016 2941 malo
2030 2916 2116 2940 odore:
2153 2913 2201 2939 alii
2215 2913 2330 2948 Opuntii
2350 2914 2421 2940 Boeo·

589 2957 701 2984 Brachia
716 2955 829 2982 liuentia
849 2954 931 2982 Ouid.
953 2953 1018 2980 Met.
1032 2954 1063 2985 6,
1084 2960 1138 2986 279.
1211 2952 1298 2978 Crura

946 2989 1035 3016 Genae
1055 2986 1187 3014 Stat.Silu.
1202 2995 1224 3017 5,
1238 2995 1300 3021 5,i2.

928 3024 1036 3053 Nebula
1057 3024 1103 3050 Sil.
1117 3025 1142 3058 6,
1158 3029 1210 3052 282.
1254 3024 1299 3051 Pe-

949 3060 1055 3088 Plumbi
1069 3059 1177 3087 liuentis
1190 3059 1298 3093 glandes

239 2963 287 2990 bus
311 2962 377 2989 Plin.
394 2969 426 2995 13,
441 2970 466 2987 22
487 2967 552 2985 extr.

243 2999 353 3026 liuentia
370 2995 544 3031 compedibus
565 2993 638 3020 Idem
652 2994 744 3019 Amor.
760 3001 783 3024 2,
797 3000 819 3024 2,
833 3001 872 3024 47.

241 3036 364 3062 Lacertos
379 3032 487 3068 planetu
501 3031 612 3057 liuentes
626 3035 684 3055 atro
698 3029 794 3054 Lucan.
816 3036 838 3062 2,
852 3037 887 3060 37.

241 3071 317 3097 &tora
332 3068 443 3096 liuentia
463 3067 577 3094 tundunt
601 3064 682 3092 Ouid.
706 3063 770 3089 Met.
791 3068 815 3098 8,
829 3072 877 3095 535.

241 3107 316 3141 Virg.
332 3107 396 3132 Aen.
412 3114 436 3136 7,
451 3106 506 3136 687.

242 3142 348 3169 Racemi
363 3142 481 3175 Propert.
496 3149 520 3172 4,
533 3147 556 3171 2,
568 3146 601 3170 ¹3.
671 3136 765 3168 Terga
773 3134 884 3160 liuentia
897 3141 1029 3167 equorum
1050 3132 1096 3160 Sil.
1111 3142 1134 3165 7,
1152 3133 1205 3162 685.
1259 3135 1299 3160 De

246 3178 309 3204 Vuis
330 3178 406 3203 etiam
420 3175 563 3201 adhibetum
601 3172 653 3200 vid,
668 3171 753 3205 Heius.
773 3170 804 3196 ad
818 3170 864 3196 Sil.
878 3179 905 3203 7,
927 3174 983 3198 208.
1161 3164 1182 3203 q
1201 3176 1214 3193 2
1234 3171 1298 3196 Item

246 3214 356 3239 Inuidns.
428 3212 491 3238 Fata
510 3209 623 3236 liuentia
642 3208 705 3235 Stat.
724 3206 789 3234 Siiu.
812 3215 841 3238 ς,
862 3215 887 3238 1,
908 3214 954 3238 14ς,
1010 3205 1096 3239 Magis
1116 3203 1232 3237 ifitatum
1265 3205 1300 3242 est

243 3247 336 3274 Inuida
356 3248 416 3275 fata.

281 3289 347 3309 ων
360 3290 376 3309 E
390 3290 411 3308 n
425 3289 447 3309 T
460 3288 515 3308 ER.
535 3279 604 3307 Adii.
640 3279 722 3314 fusce.

245 3317 332 3345 fracto
353 3318 500 3351 nigrescunt
513 3321 618 3351 gutture
636 3314 731 3341 fauces.

284 3360 301 3379 1.
314 3360 321 3379 i
334 3359 354 3378 V
366 3359 383 3379 E
397 3359 410 3378 S
423 3359 439 3379 C
450 3359 469 3379 O
480 3373 488 3385 ‚
509 3355 562 3380 ere.
581 3350 751 3385 [τελιδνὸσμιι]
772 3347 956 3383 Liuitlumfiert'
968 3353 992 3372 et
1012 3346 1135 3372 inuidere.
1161 3345 1253 3372 Claud.
1267 3345 1299 3371 de

248 3390 322 3424 Rapt.
335 3389 405 3415 Pros.
421 3398 441 3420 3,
455 3396 481 3420 27
500 3387 577 3414 Haud
592 3386 717 3421 equidem
725 3384 848 3416 inuideo,
861 3393 909 3409 1100
924 3382 1131 3409 enimliuescere
1139 3382 1178 3408 fas
1187 3381 1232 3414 est,
1250 3381 1300 3407 Vel

248 3424 362 3451 nocuiss‘e
378 3424 449 3450 deos.
521 3423 634 3449 Liuescit
646 3421 718 3448 nulla
732 3420 844 3454 caligine
866 3420 953 3452 fusca,
980 3427 1027 3445 nec
1046 3417 1105 3444 odit
1143 3417 1298 3452 Explorato-

249 3470 290 3487 res
304 3459 395 3486 nubila
410 3459 486 3485 mass'a
500 3458 584 3491 focos,
596 3461 626 3484 de
646 3457 739 3485 Phiala
767 3455 883 3483 Martial.
905 3462 928 3489 8,
950 3465 985 3486 51.

247 3496 357 3531 pedibus
379 3496 480 3521 Lucrct.
502 3503 521 3526 3,
536 3502 584 3527 527.

284 3539 299 3557 1,
314 3539 322 3558 1
336 3538 354 3556 V
369 3537 384 3557 ε
401 3538 414 3558 5
426 3538 442 3556 c
455 3537 471 3557 i}
484 3537 506 3556 Ν
517 3537 530 3556 s
541 3551 550 3564 ,
570 3527 646 3554 emis.
683 3527 777 3555 Pan-tic.
812 3525 934 3554 Scribon.
949 3526 1027 3560 Larg.
1044 3527 1140 3561 Comp.
1161 3531 1195 3555 181
1217 3524 1300 3552 Omni

248 3568 320 3594 sensu
333 3574 420 3594 carent
434 3564 622 3592 liiiescentibus
649 3563 785 3591 membris.

660 3637 686 3668 L
759 3638 771 3668 i
853 3636 880 3668 X

285 3718 319 3738 Li
336 3718 353 3738 x
366 3731 374 3742 ,
395 3710 451 3737 licis
481 3709 499 3735 f.
522 3709 619 3744 [κόνις]
640 3707 719 3733 Cinis.
756 3705 830 3733 Non.
846 3715 865 3739 1,
879 3715 926 3740 309
946 3704 997 3732 Lix
1010 3704 1090 3732 etiarn
1109 3705 1176 3732 cinis
1192 3704 1300 3737 dicitur,

248 3748 289 3774 vel
303 3747 402 3774 humor
414 3746 496 3772 cineri
509 3744 608 3771 mistus.
679 3743 767 3769 Varro
782 3744 847 3776 apud
858 3743 925 3769 Plin.
940 3743 978 3776 36,
986 3750 1013 3773 27
1034 3741 1084 3767 Lix
1102 3741 1168 3767 einis
1182 3741 1218 3767 est
1236 3741 1302 3767 foci.

251 3785 353 3810 Videtur
373 3790 501 3817 cognatum
520 3790 602 3806 nomen
615 3779 660 3814 effi
685 3777 813 3812 liquando,
830 3777 922 3811 liquori
940 3785 985 3804 etc.
1028 3777 1068 3802 Sic
1087 3778 1175 3803 Varro
1189 3777 1218 3803 L.
1231 3777 1261 3803 L.
1275 3787 1300 3809 4,

248 3829 274 3846 22
295 3829 320 3854 p.
337 3823 376 3850 28,
391 3827 417 3850 24
439 3817 544 3844 Elixum
557 3815 593 3841 cst
607 3824 620 3841 0
642 3814 748 3848 liquore
759 3820 843 3846 aquae
864 3813 1015 3840 dedudhim.

285 3862 301 3881 L
315 3861 324 3880 i
338 3859 510 3882 ΧινινΜ,
531 3852 549 3878 i.
565 3860 591 3877 n.
606 3851 660 3882 stue
682 3855 721 3875 ιι
736 3855 754 3875 x
770 3854 831 3874 ivi
847 3854 881 3879 Α,
896 3856 934 3875 ae.
957 3849 976 3876 f.
998 3848 1098 3883 [avuta]
1117 3850 1202 3881 Aqua,
1215 3847 1300 3881 inqua

249 3890 352 3915 lauandi
359 3890 448 3924 gratia
460 3887 566 3914 demam
578 3886 613 3921 est
625 3886 696 3911 cinis.
770 3882 920 3910 Destillatio
933 3893 1015 3919 aquae
1023 3882 1157 3910 cineribus
1175 3882 1300 3918 liquatae,

248 3932 324 3956 quain
338 3925 475 3951 Lixiuium
491 3928 587 3949 vocant
601 3921 631 3947 C.
647 3919 738 3946 Aurel.
752 3919 840 3947 Tard.
854 3928 876 3950 2,
891 3928 910 3951 3.

250 3967 308 3997 rnum
323 3961 412 3987 cinere
426 3960 499 3987 facito
520 3963 614 3993 potum
644 3955 765 3982 Scribon.
786 3961 832 3985 182.

249 4000 281 4019 tis
294 4001 353 4027 pota
368 4002 417 4028 198.

982 3920 1121 3946 Lixiuiuin
1135 3919 1297 3945 esarinento-

906 3954 1012 3982 Lixiuia
1024 3955 1123 3982 cineris
1140 3963 1171 3981 ex
1189 3955 1300 3980 sarmen-

579 3101 665 3128 Pruna
686 3099 763 3133 nigro
783 3098 894 3124 liuentia
915 3098 992 3123 succo
1009 3096 1089 3123 Ouid.
1111 3096 1176 3123 Met.
1198 3105 1235 3133 ¹3,
1248 3097 1343 3132 817.80

794 3276 907 3304 Paullin.
925 3276 1060 3302 Petrocor.
1074 3283 1099 3308 4,
1112 3283 1151 3308 192
1172 3274 1300 3301 Liuenter
1317 3278 1346 3308 85
1362 3274 1460 3301 excidit
1479 3273 1558 3301 mihi.

1022 3454 1107 3488 Digiti
1130 3453 1258 3480 liuescunt
1273 3453 1301 3478 in
1313 3460 1349 3486 90
1363 3455 1516 3482 Consecrati
1529 3463 1561 3481 an
1577 3455 1693 3481 l'rofani.

1312 3637 1344 3664 93
1362 3641 1382 3668 1,
1402 3636 1450 3667 369
1478 3635 1616 3661 Deuencre
1630 3634 1720 3666 locos,
1739 3632 1785 3658 vbi
1798 3640 1867 3657 nunc
1880 3631 1996 3666 iugentia
2009 3629 2091 3657 cernis
2107 3626 2222 3653 Moenia-

1307 3811 1415 3838 [coloci
1426 3832 1433 3844 ‚
1453 3813 1509 3848 Qi
1518 3813 1662 3846 peregrinus
1676 3810 1708 3846 ιβ
1720 3813 1746 3835 in
1760 3813 1809 3837 loro
1823 3812 1913 3845 aliquo.

1361 3884 1406 3910 Al.
1419 3884 1483 3910 loci.

1362 3919 1484 3946 locorum
1511 3919 1587 3953 Virg.
1602 3919 1699 3952 Georg.
1715 3927 1734 3951 ι,
1749 3927 1789 3951 52..

1362 3955 1466 3988 vultus,
1486 3954 1522 3981 ita
1535 3954 1658 3980 locorum
1674 3954 1753 3981 facies
1766 3955 1906 3980 mutantur.

496 3992 631 4022 Columel.
653 4001 686 4024 12,
702 3994 739 4023 16,
758 4000 769 4022 3
789 3991 853 4018 Sunt
868 3991 915 4025 qui
929 3991 1030 4019 culmos
1043 3990 1118 4018 fabae
1131 3995 1258 4020 exurant,
1274 3995 1375 4023 et1053
1386 4011 1394 4023 ,
1413 4000 1447 4026 4,
1466 3992 1507 4023 56,

1362 2951 1407 2977 tiis
1415 2951 1540 2986 finitimi,
1559 2952 1604 2985 qui
1616 2959 1639 2977 et
1654 2951 1832 2986 Epicnemidii
1845 2952 1907 2978 dibli
1918 2950 1986 2985 sunt.

1398 2993 1415 3013 1.
1426 2993 1444 3013 o
1456 2992 1473 3013 c
1485 2992 1530 3013 RE
1542 2993 1565 3012 N
1578 2994 1590 3013 s
1600 2993 1654 3020 Es,
1674 2988 1738 3016 ium.
1760 2997 1795 3015 m.
1816 2988 1851 3023 pl.
1889 2986 1944 3013 Cic.
1956 2987 2034 3013 Verr.
2046 2995 2073 3018 3,
2093 2990 2132 3018 89.

1398 3028 1499 3049 LOCV
1512 3029 1643 3050 LATVS
1657 3045 1665 3057 ‚
1687 3028 2040 3052 LOCVLAMENTVM
2053 3041 2062 3056 ‚
2085 3026 2265 3048 LOCVLVS
2279 3040 2288 3054 ‚
2307 3025 2421 3047 LOCV·

1358 3065 1470 3091 Pras,
1506 3059 1562 3085 vid.
1594 3065 1728 3087 Locvs.
2159 3066 2170 3069 “·

1396 3100 1534 3127 LOCVS,
1556 3095 1574 3122 i.
1601 3105 1637 3122 ni.
1674 3097 1709 3131 pl.
1724 3096 1793 3130 loci,
1813 3105 1850 3122 m.
1870 3096 1913 3120 vel
1924 3095 1998 3127 loca,
2018 3103 2115 3126 orum,
2135 3102 2163 3119 n.
2199 3092 2306 3126 [ran-oc,
2329 3092 2420 3125 χοῖρε,

1360 3131 1466 3165 χωρίον]
1500 3131 1636 3168 Qidquid
1652 3133 1754 3167 aliquid
1771 3132 1895 3158 continet:
1923 3129 1995 3165 stuc,
2015 3137 2046 3156 vt
2058 3130 2097 3154 ait
2110 3130 2199 3155 Varro
2217 3127 2249 3153 de
2265 3127 2293 3154 L.
2307 3127 2337 3153 L.
2350 3135 2384 3160 4,
2404 3135 2422 3154 2

1359 3166 1414 3193 Vbi
1427 3166 1572 3202 quidquam
1587 3167 1707 3194 consistit.
1767 3169 1858 3202 Nempe
1876 3167 1962 3193 Locus
1974 3172 2032 3190 ante
2043 3162 2192 3200 appellatus,
2211 3163 2255 3198 qm'
2264 3162 2341 3199 pqslen
2361 3162 2422 3190 fun-

1361 3201 1423 3242 dus:
1459 3203 1514 3229 viel.
1527 3202 1603 3229 Auel.
1618 3204 1650 3232 de
1664 3203 1755 3231 Limit.
1767 3212 1808 3238 ap.
1823 3202 1919 3238 Rigalt.
1934 3208 2019 3235 p.337.
2056 3200 2129 3234 Conf.
2142 3199 2279 3234 Locuples.
2338 3198 2421 3226 Plaut-

1361 3238 1451 3265 Cistel.
1465 3248 1493 3272 4,
1507 3248 1529 3271 2,
1543 3243 1556 3268 8
1584 3239 1637 3266 Vbi
1657 3248 1686 3266 ea
1704 3239 1733 3266 sit
1751 3239 1855 3266 nescio:
1892 3236 1955 3269 nisi,
1977 3242 2004 3262 vt
2023 3236 2136 3270 opinor,
2157 3235 2213 3262 loca
2234 3234 2296 3261 haec
2315 3234 2421 3261 circiter

1631 3276 1707 3311 Virg.
1726 3277 1791 3302 Aen.
1809 3280 1838 3307 8,
1857 3275 1894 3307 46
1928 3272 1980 3298 Hic
1998 3272 2071 3298 locus
2092 3271 2165 3297 vrbis
2184 3271 2243 3297 erit.
2317 3270 2373 3297 Cic.
2391 3268 2420 3295 in

1362 3311 1452 3338 Partit.
1465 3313 1495 3343 36
1522 3311 1553 3337 Iu
1566 3310 1629 3338 locis
1643 3319 1731 3338 autem
1745 3317 1770 3338 et
1784 3311 1829 3337 illa
1843 3308 1970 3335 naturalia
1981 3327 1988 3341 ‚
2009 3307 2141 3334 Maritimi
2155 3315 2186 3333 an
2202 3306 2300 3333 remoti
2314 3315 2327 3332 a
2341 3304 2420 3337 mari,

1361 3347 1434 3374 Plani
1447 3355 1478 3373 an
1492 3347 1643 3378 Montuon,
1669 3348 1750 3373 Leues
1771 3355 1803 3372 an
1823 3344 1932 3378 Asperi,
1957 3343 2077 3370 Salubrcs
2097 3352 2130 3369 an
2149 3342 2312 3373 Pestilentes‚
2336 3340 2420 3374 Opaci

1361 3392 1395 3409 an
1419 3383 1524 3417 Aprici:
1562 3390 1588 3409 et
1612 3383 1657 3410 illa
1675 3382 1804 3415 fortuita,
1823 3379 1896 3407 Culti
1915 3388 1947 3405 an
1967 3379 2079 3412 Inculti,
2106 3378 2231 3406 Celebres
2251 3387 2282 3404 an
2302 3375 2421 3409 Deserti,

1363 3418 1534 3446 Coaedificati
1545 3427 1577 3444 an
1592 3419 1681 3451 Vasti,
1703 3417 1815 3445 Obscuri
1828 3426 1859 3443 an
1878 3424 1968 3442 rerum
1982 3415 2110 3450 gestarum
2124 3415 2240 3450 vestigiis
2258 3410 2401 3439 Nobilitati
2411 3432 2420 3444 ,

1767 3453 1835 3480 Loca
1847 3459 1872 3478 ct
1884 3452 1969 3478 Locos
1979 3472 1987 3485 ,
2006 3451 2107 3478 Gellius
2117 3457 2163 3486 pro
2175 3452 2253 3478 eodem
2265 3447 2335 3481 ponit
2349 3449 2380 3480 6,
2402 3449 2420 3473 6

1364 3490 1433 3517 Nam
1447 3491 1574 3525 quoniam
1588 3499 1642 3517 non
1657 3491 1725 3525 ipsae
1739 3494 1838 3517 tantum
1851 3496 1921 3519 31105,
1935 3496 2001 3521 quae
2015 3487 2166 3522 prosperius
2180 3483 2350 3520 praeuolant‚
2376 3482 2419 3509 sed

1362 3527 1441 3553 etiam
1459 3527 1522 3554 Loci
1534 3535 1600 3561 quos
1613 3527 1733 3561 capiunt,
1752 3524 1824 3561 quod
1838 3523 1928 3550 idonei
1942 3523 2084 3557 felicesque
2098 3525 2169 3553 sunt,
2188 3521 2322 3553 praepetes
2334 3519 2421 3553 appel-

1363 3561 1467 3589 lantur:
1504 3562 1603 3589 idcirco
1616 3560 1725 3588 Daedali
1739 3568 1835 3596 pennas
1848 3565 1982 3594 praepetes
2003 3559 2085 3592 dixit,
2111 3554 2236 3592 quoniam
2255 3563 2286 3580 ex
2306 3554 2370 3580 locis
2390 3554 2420 3581 in

1364 3598 1460 3632 quibus
1475 3598 1621 3633 periculum
1636 3596 1784 3629 metuebat,
1803 3596 1831 3622 in
1848 3596 1904 3622 loca
1918 3596 2018 3622 tutiora
2030 3596 2192 3630 peruenerat.
2262 3590 2338 3651 Vspirg'
2352 3591 2420 3617 Aen.

2301 3635 2326 3651 νο
2365 3632 2419 3651 arte

1363 3672 1471 3704 emporis
1484 3670 1586 3696 humani
1593 3669 1658 3705 solet
1672 3669 1711 3694 vti
1724 3667 1888 3701 Scribonius,
1908 3676 1933 3693 v.
1942 3677 1970 3702 g.
1984 3667 2055 3693 Loco
2062 3663 2165 3688 flamma
2178 3632 2363 3697 praecaifae'tdo
2366 3663 2418 3694 156.

1362 3705 1380 3730 i.
1400 3712 1471 3739 parte
1483 3705 1560 3742 laesa.
1635 3705 1739 3731 Morsus
1758 3704 1831 3729 locus
1845 3702 1964 3730 Scribon.
1978 3703 2027 3735 ¹73-
2089 3697 2216 3724 Radicum
2230 3697 2348 3732 pilorum
2360 3704 2419 3727 230-

1363 3740 1463 3768 Scabiei
1483 3741 1557 3768 locus
1575 3742 1648 3768 nitro
1667 3748 1697 3766 ex
1717 3747 1790 3766 aceto
1810 3739 1923 3766 fricatur
1942 3744 1991 3770 253·
2196 3732 2217 3771 ff
2239 3741 2254 3759 2
2291 3732 2419 3759 Formulae

1362 3785 1415 3801 cum
1425 3777 1553 3811 genitium
1591 3776 1630 3804 Ad
1650 3775 1677 3802 id
1693 3776 1829 3808 locorum,
1863 3777 1914 3801 vid.
1933 3776 1983 3799 AD
2001 3768 2232 3804 praepositionem.
2309 3768 2420 3794 Alienus

1971 3805 2052 3832 Ouid.
2067 3805 2131 3832 Fast.
2147 3814 2171 3838 i,
2185 3807 2232 3839 396
2264 3801 2297 3830 Di
2310 3811 2418 3838 quoque

1363 3848 1477 3874 cultores
1502 3844 1583 3882 gelidi
1601 3855 1698 3873 venere
1718 3847 1828 3880 Lycaei,
1857 3847 1888 3872 Et
1910 3841 2060 3876 quicunque
2081 3841 2133 3868 loci
2159 3850 2213 3867 non
2232 3839 2333 3866 alienus
2352 3843 2418 3865 erat.

1538 3883 1630 3910 Cultus
1645 3883 1764 3909 locorum
1788 3884 1848 3909 Stat.
1861 3878 1923 3905 Situ.
1938 3885 1969 3910 2,
1985 3887 2007 3911 2,
2020 3886 2058 3911 4¹·
2131 3877 2241 3908 Cultus,
2260 3875 2419 3907 habitusque

1858 3913 1948 3940 Tacit.
1965 3915 2032 3940 Ann.
2047 3923 2086 3945 14,
2105 3921 2133 3939 io
2159 3912 2223 3938 Non
2236 3918 2264 3938 vt
2277 3910 2418 3937 hominum

1982 3949 2077 3976 Forma
2091 3950 2211 3976 locorum
2233 3945 2313 3974 Ouid.
2331 3943 2418 3971 Trist.

1582 3989 1656 4024 Visg·
1670 3991 1735 4017 Aen·
1749 4000 1779 4023 9,
1796 3992 1846 4019 597
1866 3999 1910 4005 --
1942 3993 1971 4011 ac
1989 3986 2063 4013 videt
2081 3983 2239 4014 Euryalum,
2265 3989 2344 4017 quein
2364 3979 2418 4006 iam

2323 4023 2416 4042 manus
