2517 4231
8 3576 9 3582 *
35 3610 39 3614 Α
73 3575 128 3602 Cic.
142 3586 191 3611 pro
206 3577 273 3604 Sext.
290 3588 306 3605 i.

52 170 122 212 801

56 254 80 281 D
95 252 193 280 Froben.
229 251 350 285 Expolita
361 250 476 286 περικοπῇ·
489 249 627 284 Αρο11011,
647 250 680 277 de
693 247 847 276 huiusmodi
862 246 1061 283 quaestionibus
1074 247 1113 275 di-

263 288 393 314 Laudatur
405 285 477 312 idem
491 287 674 318 Hieronymus
688 287 724 311 ad
734 282 880 311 Pammach.
908 285 958 310 Aut
974 284 990 310 li
1005 290 1031 310 tu
1045 293 1111 319 quo-

9 321 17 327 *
55 333 107 360 que
121 331 211 350 narem
224 321 402 354 contraxeris,
422 322 496 348 illam
509 322 629 357 Apostoli
643 320 782 354 περικοπιὶν,
801 319 828 345 111
841 319 877 345 011
891 320 1111 354 amputationem,

56 361 86 389 ih
95 368 147 395 qua
160 358 193 386 de
203 358 357 392 virginitate
372 364 398 383 et
410 357 443 383 de
457 359 558 392 nuptiis
570 358 693 396 disputat,
705 356 785 384 aliter
797 354 921 382 disserere
934 356 1110 392 compelleris.

55 288 190 325 sputantis.

448 159 710 200 PER

56 397 98 424 δὴ·
108 395 200 429 υνΙςο,
223 394 364 429 pericopae
377 393 559 429 Euangelicae.

93 429 269 458 eriticxii.
281 435 354 462 VM,
379 429 398 455 1.
428 439 454 456 n.

56 472 82 493 n
93 466 186 492 Salutis
203 465 335 500 diſs-rimen
348 465 487 501 figmftal·

284 502 334 526 Sed
349 502 404 527 vid.
424 511 479 527 mox
497 511 521 528 n.
534 510 561 533 4.

55 537 166 570 samem,
185 545 253 572 quae
265 537 352 571 prima
366 537 493 571 pericula,
511 537 580 562 vito.

56 573 199 599 dicebatur:
236 573 363 607 Apuleius
383 573 459 607 Apol.
481 582 504 607 p.
521 579 603 604 29223
630 570 734 603 ,Possem
754 570 878 605 equidem
899 570 974 598 bono
995 570 1116 605 periculo
1130 579 1160 599 ιο

618 606 648 630 Et
671 606 722 632 Cui
742 606 815 633 bono
833 607 952 642 periculo
971 612 1055 634 totam
1069 605 1115 631 do-

57 652 116 671 mus
135 644 271 671 fortunam
290 644 458 671 concrederet
490 641 566 675 Apul.
580 641 660 676 Apul.
684 651 706 677 p.
729 650 793 675 330,
814 651 847 673 ις.
884 643 901 669 ι’.
928 642 1041 677 bonaspe
1054 640 1116 667 laeti

206 680 275 708 Ter.
286 681 350 707 1100.
358 689 385 713 4,
400 688 418 711 1,
432 680 468 712 46
488 677 560 705 Nam
574 676 591 703 li
605 678 754 712 periculum
767 679 850 705 vllum
867 677 894 703 in
907 683 933 704 te
951 677 997 712 est,
1011 677 1115 713 periisse

521 713 562 739 Da
580 722 640 740 meo
661 713 780 748 periculo
798 722 855 740 rem
870 713 966 740 saluam
980 723 1030 748 ego
1043 712 1117 739 exhi-

539 749 612 776 Idem
627 750 702 784 Capt.
718 759 740 784 2,
755 759 776 783 2,
792 759 824 783 99
853 749 896 775 Ne
910 757 1033 782 vereare,
1055 757 1116 775 meo
1135 756 1159 779 ις

656 785 713 813 Cic.
726 786 803 812 Verr.
820 795 839 817 1,
854 792 878 814 ις
906 784 985 810 Ν11111
1005 785 1041 811 cst
1055 785 1119 819 iam,

58 503 137 536 Etym-
154 507 180 536 p.
190 510 229 534 34.

56 607 100 636 vel
114 607 155 635 his
167 607 245 635 dietis
257 615 396 635 contentus
411 615 543 643 perorare.

56 680 148 706 exitus.

57 723 101 742 me
114 724 165 742 vna
176 715 247 743 haud
261 715 371 742 dubium
384 715 430 741 est.

57 750 130 779 bebo
153 752 235 779 Plaut.
250 752 317 778 Alin.
333 760 355 784 2,
368 761 391 783 4,
406 758 441 780 ςι.

58 787 179 823 pcriculo
192 787 271 814 huius
284 795 333 821 ego
350 786 473 820 experiar
493 784 582 812 fidem.

57 823 131 857 quod
145 822 172 849 in
188 823 235 850 hac
249 823 321 848 causa
334 829 440 856 peccare
454 821 556 848 Iudices
571 822 720 855 quisquam,
737 820 785 847 11111
800 820 886 847 vestro
900 819 1021 854 periculo
1034 820 1117 854 pollit.

58 858 121 885 Sine
134 865 182 885 tuo
201 858 320 893 periculo
348 857 420 884 Ideni
439 857 500 885 Diu.
515 859 593 884 Verr.
607 867 642 890 27.

57 964 151 992 Catuli.
167 973 203 998 21,
217 974 247 992 ii.

56 1000 117 1029 Nat.
133 1001 214 1028 Deor.
234 1010 257 1036 2,
274 1003 326 1029 1⁶6.

55 1036 170 1072 periculi
206 1038 262 1064 Cic.
281 1038 353 1064 Fam.
373 1047 404 1071 4,
423 1046 455 1067 ις.

57 1105 121 1151 12·

56 1146 111 1171 ciis.

308 1183 342 1207 It.
362 1188 412 1214 pro
427 1181 450 1206 S.
466 1179 541 1206 Rosc.
556 1179 616 1206 Ain.
635 1187 655 1205 c.
669 1188 709 1211 30.

56 1216 86 1243 in
99 1216 225 1251 periculis
239 1225 293 1243 non
306 1215 426 1243 defendit
450 1216 521 1250 Nep.
535 1224 571 1250 ¹9,
585 1225 607 1246 2,
619 1224 641 1246 3.

57 1288 182 1315 culorum

57 1503 118 1539 quia
135 1501 255 1529 incertum
269 1502 310 1539 cst,
327 1511 412 1530 verum
431 1505 488 1539 quis
506 1513 536 1529 ex
556 1503 589 1528 iis
602 1502 690 1538 saluus
704 1505 808 1528 euadere
824 1501 909 1537 possit,
927 1511 1007 1530 necne,

57 1540 172 1573 dicimus,
192 1539 222 1566 In
235 1539 324 1566 dubiis
337 1539 491 1573 rehum-fic,
512 1538 599 1566 Dubia
614 1544 745 1572 tempora,
765 1546 788 1564 et
800 1538 884 1565 Dubii
899 1539 980 1565 casus.

57 1574 146 1602 earm.
164 1584 184 1611 3,
199 1584 237 1608 25,
251 1582 274 1606 18
297 1577 382 1603 Dulce
397 1576 544 1610 periculum
559 1574 594 1600 est
608 1574 681 1608 sequi
694 1574 774 1601 deum
786 1574 943 1609 Cingentem
959 1573 1044 1600 viridi
1059 1579 1123 1599 tem-

224 1611 229 1616 '
352 1613 424 1638 Dura
452 1611 524 1639 Idem
539 1611 623 1637 serm.
638 1620 656 1644 1,
673 1619 695 1642 2,
710 1620 752 1642 40.

59 1646 197 1682 tonstrina,
232 1647 354 1674 Gaudent
367 1647 413 1675 vbi
433 1648 534 1674 vertice
547 1647 605 1672 raso
614 1666 622 1679 ,
659 1646 772 1672 Garrula
785 1647 869 1673 securi
884 1655 992 1672 narrare
1006 1643 1123 1681 pericula
1134 1658 1169 1683 ⁴0
1183 1656 1243 1675 cere
1257 1648 1421 1684 periculum,
1444 1650 1574 1685 Experiri.

236 1683 365 1716 Garrula,
388 1686 418 1709 ab
436 1683 540 1718 effic‘l‘u:
576 1684 600 1708 b.
615 1691 636 1709 e.
655 1683 729 1718 Qua?
741 1691 788 1707 non
795 1682 852 1715 fine
867 1692 957 1717 magna
966 1681 1124 1715 garrulitate

688 1718 794 1743 Matura
815 1717 908 1743 Claud.
921 1717 949 1743 in
967 1716 1037 1743 Ruff.
1052 1725 1075 1751 2,
1089 1724 1123 1746 ¹5-

59 1619 124 1646 pora
143 1620 280 1646 pampino.

59 1689 162 1709 nautae.

60 1718 219 1751 refrt-untur,
239 1727 264 1745 et
278 1727 368 1745 nautas
376 1721 495 1753 garrulos
501 1718 615 1752 faciunt.

1170 251 1227 278 Cic.
1241 258 1291 285 pro
1305 251 1380 278 Rosc.
1395 252 1484 280 Amer.

1171 286 1285 326 pulsetis.

492 430 622 464 [κίνδυιοὴ
641 425 792 462 κινδύνευμα]
828 437 844 453 a
865 427 948 454 Pereo
967 426 1115 454 deduz-ituri

545 466 599 491 Via‘.
612 464 742 490 Btcmarin.
759 463 832 498 Orig.

631 498 708 533 virg.
721 499 786 524 Aen.
807 508 828 531 3,
843 503 888 535 367
915 499 1114 533 Obscenamque

653 534 817 569 Periculum,
838 535 865 560 in
877 542 1007 570 vti-amque
1018 541 1115 570 partem

849 470 874 498 p.
886 474 939 495 910.
996 466 1026 490 Et
1051 462 1115 498 Vcff

1175 607 1235 632 cina
1249 608 1370 641 periculo
1384 609 1528 638 Subtraliit.

714 857 746 882 Et
761 857 814 882 Att.
826 858 852 888 6,
867 862 877 880 1
906 855 1035 890 Impingit
1048 855 1118 881 milii

57 894 196 927 epistolam
211 893 326 928 Scaptius
341 894 430 924 Bruti,
448 902 506 920 rem
520 893 594 920 illam
602 890 660 920 Suo
677 891 799 927 periculo
812 892 869 917 effe.

56 929 118 955 culo
138 929 236 956 versari
258 930 286 956 in
304 928 394 964 aliqua
413 938 443 955 re
474 930 529 956 Cic.
543 931 620 956 Verr.
641 938 669 961 ς,
693 935 731 960 59.

356 964 477 992 Comites
499 965 683 992 discriminum
698 963 933 998 periculorumque
947 963 986 989 dii
1014 963 1071 989 Cic.
1086 962 1119 989 de

400 1001 516 1028 Consors
536 999 630 1036 pericli
662 999 750 1026 Senec.
770 999 863 1032 Agam.
884 999 902 1025 s.
917 1009 946 1031 13.

1179 866 1235 884 non
1248 858 1392 885 timendam
1409 865 1491 893 putet.

976 891 1030 917 Suo
1049 891 1119 926 peri-

835 927 915 953 Casus
935 927 1117 962 periculorum
1130 937 1163 955 20

1020 1000 1118 1034 Expers

573 1036 695 1062 Metuens
714 1033 808 1069 pericli
841 1034 916 1069 Virg.
937 1036 1002 1062 Aen.
1023 1045 1046 1068 5,
1067 1036 1118 1067 716.

56 1072 124 1099 Cels.
141 1082 164 1106 2,
179 1082 186 1099 ι
214 1074 311 1106 Qialia
326 1081 440 1108 corpora
453 1071 568 1098 maxime
587 1077 659 1103 tuta,
679 1071 721 1097 vel
741 1070 867 1105 periculis
880 1072 1040 1106 Opportuna
1062 1071 1118 1097 lint.

177 1110 286 1142 speciali
302 1108 423 1135 intelln‘Ju
442 1107 590 1142 periculum
602 1107 698 1132 dicitur
709 1108 740 1132 de
752 1107 898 1140 capitalium
912 1106 1040 1142 causarum
1054 1107 1118 1132 iudi.
1134 1114 1162 1138 ες

187 1146 298 1172 Persona
317 1144 346 1171 111
365 1144 472 1170 1111110115
487 1143 667 1178 periculisque
684 1142 795 1169 tractata
819 1142 876 1169 Cic.
896 1151 945 1177 pro
959 1142 1038 1169 Arch.
1059 1151 1082 1169 c.
1095 1150 1119 1169 2.
1137 1161 1139 1163 -

57 1179 133 1208 Consi
153 1181 189 1208 ib.
210 1190 232 1207 c.
247 1183 271 1207 6.

1179 1118 1277 1143 genere
1299 1116 1432 1138 curentur.

1181 1145 1273 1176 Venit,
1293 1145 1311 1171 11
1325 1145 1431 1173 facilius
1445 1148 1627 1175 conseruatur.

1040 1178 1119 1205 Hunc
1181 1182 1235 1208 Att.
1249 1190 1276 1216 9,
1290 1190 1318 1207 io
1334 1190 1358 1215 p.
1372 1191 1408 1212 55.

748 1180 779 1204 Et
792 1178 863 1205 Fam.
879 1184 904 1211 ⁶,
920 1187 940 1205 ιι
952 1185 990 1213 pr.

714 1214 780 1241 Non
798 1213 908 1241 eandem
924 1215 973 1242 esse
986 1214 1120 1241 conditio-

57 1261 120 1279 nem
133 1252 222 1279 litium
235 1261 263 1278 ac
279 1251 502 1287 disputationum,
519 1250 575 1277 fori
588 1257 614 1277 et
627 1250 772 1284 auditorii,
794 1250 1001 1286 praeceptorum
1014 1257 1040 1277 et
1051 1249 1122 1286 peri-

213 1288 347 1322 Quinctil.
361 1296 400 1320 to,
413 1297 432 1322 1,
445 1290 483 1320 36.

1014 1355 1122 1428 Apes-ta?

411 1432 545 1467 Capitale.
575 1431 630 1458 vid.
657 1436 898 1458 cnri‘rALis
918 1431 944 1455 in
966 1436 1121 1457 CAPVT.

1570 162 1833 206 PER

1908 409 1928 433 3⁵
1942 410 1990 433 ²⁴3·

1614 434 1709 461 Subire
1728 434 1797 462 Hor.
1808 434 1890 469 Epod.
1906 444 1924 468 1,
1937 445 1957 469 3.

2157 183 2230 226 802

1502 259 1520 288 7
1553 253 1719 294 Periculum,
1737 253 1811 289 quod
1831 254 1859 280 in
1878 266 1968 286 omnes
1986 261 2134 292 intenditur
2168 267 2232 294 Pro-

1360 289 1490 323 Rcfugere
1509 291 1657 324 periculum
1689 290 1764 318 Idem
1782 289 1853 317 Fam.
1870 301 1906 325 io,
1919 303 1956 325 30.
2140 286 2149 299 '

1173 322 1289 362 minimo
1302 324 1437 357 periculo,
1458 333 1525 359 quae
1537 326 1711 353 conliduntur
1742 325 1816 354 Idem
1833 335 1884 362 pro
1898 328 2017 358 Muraen.

1173 366 1202 383 in
1221 358 1328 385 Mercat.
1349 368 1382 392 4,
1403 369 1436 395 7,
1455 369 1492 393 40
1522 361 1647 389 feliciter
1666 363 1688 390 is
1708 362 1797 397 Sapit,
1833 362 1881 397 qui

1174 393 1268 433 Spreto
1283 393 1423 429 noe’tisque
1440 396 1573 431 hostisque
1587 399 1688 433 periclo
1720 397 1801 425 Ouid.
1815 399 1879 426 Met.
1897 408 1903 425 1

1175 428 1291 455 riculum
1317 430 1373 456 Cic.
1387 432 1456 458 Fam.
1473 435 1498 466 6,
1513 440 1539 467 7.

1175 464 1231 490 lum
1246 472 1295 498 pro
1307 465 1395 493 amico
1416 467 1471 494 Cic.
1486 469 1513 494 in
1527 469 1617 498 Partit.
1632 472 1673 497 66.

1175 499 1232 525 811.
1246 509 1269 533 7,
1286 508 1306 526 2.

2029 300 2233 335 Respondentur

1958 365 1963 368 ,
2150 338 2232 365 Plaut.

1908 367 2026 397 periculo
2046 371 2133 397 alieno
2152 374 2234 408 Sapit.

2062 406 2168 434 Strucre
2190 417 2235 444 pe-

1804 470 1808 474 .
2027 438 2122 466 Subirc
2135 445 2237 475 pericu.

1449 504 1453 508 1
1747 470 1883 498 Subiicere
1897 470 1999 507 aliquid
2012 475 2132 508 periculo
2151 479 2236 511 Qun.

1279 535 1285 539 ᾗ
1327 536 1332 541 “
1399 503 1547 531 Periculum
1567 505 1757 541 Subtcrfugcre
1789 506 1846 533 Cic.
1860 507 1932 534 Fam.
1946 516 1980 541 15,
1993 516 2013 535 1.

1176 535 1253 575 Quis
1269 536 1347 563 lienis
1360 538 1428 564 male
1442 539 1520 566 habet
1530 561 1538 574 ‚
1558 540 1575 567 si
1591 542 1706 568 tormina
1721 541 1935 576 prehenderunt,
1952 543 2049 571 deinde
2063 545 2167 573 inuersa
2182 549 2239 575 sunt

1177 571 1220 597 vel
1236 579 1263 597 in
1277 580 1372 605 aquam
1386 574 1559 613 intercutem,
1579 577 1622 604 vel
1637 577 1825 605 intestinorum
1842 578 2010 615 laenitatem,
2028 581 2075 608 vix
2088 581 2141 609 vlla
2157 582 2240 609 medi-

1217 642 1221 647 ,
1339 644 1343 648 ι
1364 645 1369 649 ψ
1427 646 1431 649 ¹
1600 614 1673 639 Sum.
1711 613 1765 640 Esse
1778 614 1806 640 111
1823 614 1943 648 periculo
1968 616 2080 647 Liu.28.

1176 642 1235 682 liiut
1248 651 1261 668 a
1275 644 1383 683 medicis
1400 645 1480 676 Dion,
1501 648 1726 680 quemadmodum
1740 649 1764 675 se
1777 649 1887 677 haberet
1899 652 2046 686 Dionyfiits,
2064 652 2194 689 simulque
2206 653 2240 680 ab

1176 677 1217 705 his
1231 686 1319 713 petiit,
1338 680 1355 705 li
1370 680 1441 706 forte
1454 682 1551 709 maiori
1566 683 1686 718 periculo
1700 685 1769 717 essct,
1786 691 1813 712 vt
1826 684 1874 712 libi
1885 686 2034 715 faterentur
2054 688 2125 725 Nep.
2141 698 2242 724 io‚2‚4.

1176 715 1248 754 Adq.
1264 714 1301 741 ld.
1316 724 1350 746 14,
1366 725 1387 747 ς,
1403 724 1423 746 3.
1461 718 1492 743 Et
1506 726 1544 747 23.
1560 728 1586 751 9,
1601 727 1624 747 2,
1663 720 1756 747 Graan.
1769 723 1804 746 ad
1816 721 1873 749 Cic.
1889 723 1939 750 Att.
1954 732 1981 757 9,
1997 733 2024 750 io
2041 733 2067 760 p.
2083 735 2118 757 55·

1177 751 1298 785 periculo
1312 751 1419 783 publico
1436 752 1468 778 ab
1486 752 1602 780 hostium
1615 754 1643 780 vi
1664 754 1723 781 Liu.
1739 764 1774 787 23.

1178 785 1286 812 aliunde
1300 786 1341 812 Est
1360 787 1504 822 periclum,
1524 789 1593 816 vnde
1606 789 1708 824 aliquid
1723 790 1814 818 abradi
1832 794 1923 826 potest.

1178 821 1258 848 Haud
1278 824 1338 849 lane
1360 823 1509 857 periculum
1526 825 1583 854 Est,
1604 835 1637 851 ne
1655 835 1709 852 non
1729 834 1844 854 mortem
1863 834 1907 855 aut
1930 832 2088 868 optandam,
2108 841 2153 860 aut
2171 840 2243 861 certe

1197 894 1201 898 .
1564 861 1716 888 Periculum
1730 863 1808 895 Erat,
1827 872 1861 890 ne
1874 865 1985 900 ancipiti

1179 894 1267 920 riculo
1288 894 1358 928 Nep.
1373 903 1398 928 2,
1412 904 1432 927 3,
1448 904 1467 926 3.
1502 898 1572 924 Ada'.
1587 897 1626 924 ld.
1640 907 1664 930 7,
1679 903 1703 930 8,
1718 906 1739 927 ς.
1777 900 1809 924 Iit
1823 903 1855 931 ¹8,
1870 905 1894 933 8,
1909 909 1929 926 2.

1179 930 1207 956 Si
1221 932 1284 957 vera
1299 929 1376 963 dicis,
1395 930 1463 958 nihil
1479 932 1527 958 tibi
1543 933 1637 968 pericli
1651 933 1692 959 Est
1705 942 1719 959 a
1733 942 1775 960 me
1788 934 1894 961 mulier.

1178 967 1274 1028 gbium
1295 965 1336 992 illi
1356 965 1425 992 nihil
1447 968 1540 1001 pericli
1559 977 1591 996 ex
1606 969 1708 995 iudicio
1722 968 1784 996 fiet?

1207 1011 1250 1028 nn.
1267 1011 1285 1034 1,
1301 1008 1336 1036 17.

2102 511 2170 538 Cels.
2186 523 2208 546 2,
2223 521 2237 544 Β

2153 619 2241 651 Qiae-

2185 726 2242 753 Effe

1847 758 1917 785 Ter.
1932 759 2040 787 Phorm.
2056 770 2079 793 2,
2093 770 2115 795 2,
2128 770 2155 795 ¹9
2173 761 2242 791 Aliis

1996 795 2055 824 Cic.
2067 796 2160 824 Ture:
2167 807 2190 831 5,
2205 803 2243 828 118

2021 876 2187 896 remei-entur
2199 878 2244 905 pe-

2034 913 2070 930 er.
2087 905 2153 932 Her.
2169 914 2191 939 5,
2201 914 2245 942 ¹‚9

1963 936 2036 965 Idem
2051 941 2145 969 Heaut.
2159 951 2181 974 3,
2197 951 2216 976 1,
2226 942 2245 968 6

1764 1005 1769 1010 ⁸
1840 971 1988 1010 'Suscipere
2007 976 2126 1009 pericula
2151 977 2246 1005 Tacit.

1249 1037 1254 1042 μ
1356 1037 1361 1042 .
1381 1038 1387 1042 .
1410 1003 1477 1030 Cels.
1490 1011 1518 1038 7,
1532 1008 1547 1032 6
1574 1005 1650 1038 Qiae
1663 1013 1785 1039 quamuis
1800 1011 1826 1032 et
1839 1014 1866 1032 in
1882 1007 1995 1042 ceruice,
2014 1017 2041 1037 01
2054 1011 2082 1037 111
2096 1012 2153 1044 3115,
2173 1019 2199 1040 01
2214 1013 2244 1040 111

1180 1037 1306 1064 lateribus
1319 1046 1389 1064 oriri
1403 1039 1500 1065 solent:
1520 1049 1566 1075 per
1579 1042 1603 1067 se
1617 1047 1704 1067 tamen
1719 1041 1872 1081 non-posui,
1888 1051 1969 1077 quum
1982 1045 2028 1072 ista
2041 1048 2131 1075 omnia
2143 1049 2246 1076 medio.

1179 1082 1237 1100 cres
1250 1072 1414 1100 differentias
1428 1073 1558 1111 habeant,
1577 1085 1606 1103 ac
1625 1085 1712 1111 neque
1728 1077 1849 1111 periculo
1861 1078 2012 1114 Terreant‚
2032 1092 2118 1118 neque
2138 1083 2245 1112 diuerso

1506 1112 1574 1139 Cels.
1588 1119 1612 1144 3,
1628 1120 1656 1139 10
1686 1112 1822 1152 Humerus
1839 1123 1904 1153 vero
1924 1124 2031 1150 quoque
2047 1118 2076 1145 in
2095 1122 2246 1154 periculum

1701 1149 1803 1175 Venire
1816 1150 1947 1186 periculo,
1967 1153 2020 1180 vid.
2036 1155 2127 1182 Gracia.
2139 1159 2175 1182 ad
2187 1157 2246 1184 Cic.

1308 1217 1313 1222 ι
1482 1184 1564 1210 Venit
1578 1184 1606 1210 in
1620 1183 1768 1218 periculum
1782 1193 1815 1210 nc
1830 1192 1855 1211 et
1867 1194 1912 1218 ea,
1933 1196 2000 1221 quae
2012 1190 2113 1225 reliGta,
2133 1198 2160 1218 et
2173 1191 2247 1224 haec,

1181 1226 1249 1251 quae
1262 1217 1295 1243 ab
1307 1218 1363 1250 ipso
1378 1226 1449 1254 parta
1462 1219 1536 1253 sunt,
1556 1219 1660 1246 amittat
1685 1220 1741 1246 Cic.
1754 1228 1805 1254 pro
1819 1222 1941 1248 Muraen.
1954 1233 1982 1254 55
2000 1234 2022 1252 c,
2036 1235 2073 1259 27.

987 1286 992 1291 .
1057 1287 1062 1291 1
1112 1286 1118 1290 Ι
1181 1252 1210 1279 111
1226 1253 1375 1287 periculum
1389 1263 1418 1281 ac
1432 1254 1574 1282 discrimen
1600 1255 1674 1282 Idem
1688 1264 1738 1290 pro
1757 1256 1826 1290 Lege
1840 1257 1934 1286 Manil.
1951 1267 1984 1286 12.

557 1288 598 1312 Sic
613 1287 746 1314 Ainmian.
759 1287 842 1314 Marc.
856 1295 888 1320 31,
901 1297 915 1319 4
949 1287 994 1313 Sin
1004 1286 1120 1328 periculi
1134 1296 1166 1321 30
1182 1289 1334 1316 Periculum

56 1324 159 1350 iudices
176 1331 264 1358 vorat,
300 1324 344 1359 qui
365 1326 398 1357 de*
407 1325 456 1358 sua
474 1323 525 1359 i'pfi
541 1322 613 1358 causa
635 1324 704 1358 apud
719 1322 892 1358 const-[entiam
906 1322 980 1358 suam
998 1323 1120 1350 iudicant.

61 1360 120 1386 Vid.
132 1361 180 1387 lac.
195 1360 309 1393 Gothofi·.
323 1362 358 1385 m!
377 1359 394 1386 l.
410 1369 422 1386 2
442 1360 473 1386 C.
488 1358 547 1386 Th.
560 1358 592 1385 de
606 1359 714 1386 sentent.
727 1367 760 1385 ex
774 1358 855 1394 peric.
870 1359 945 1386 recit.

38 1427 45 1432 ¹
56 1396 113 1422 lam
123 1396 251 1422 videamus
264 1396 395 1431 Epitheta:
415 1396 539 1422 Animosa
552 1395 670 1430 pericula
679 1415 688 1428 ‚
707 1395 761 1421 viel.
783 1401 804 1420 Α
814 1401 836 1420 N
846 1402 855 1421 1
867 1401 893 1422 M
904 1401 925 1420 V
935 1400 957 1422 S.

57 1431 114 1458 vid.
139 1438 162 1458 A
170 1439 185 1458 P
195 1438 212 1457 Ε
222 1438 241 1458 R
253 1439 261 1458 1
274 1438 304 1458 0.

58 1466 148 1495 Dubia
181 1468 287 1494 Lucret.
308 1476 339 1502 3,
358 1474 396 1501 33.

2146 1228 2246 1256 Vocari

2181 1261 2248 1301 Ἲς

1343 1310 1352 1323 ,
1372 1291 1582 1326 Experimentum,
1600 1291 1661 1326 quia
1675 1301 1735 1317 raro
1748 1293 1848 1326 aliquid
1860 1301 1981 1321 tentamus
1987 1296 2045 1329 fine
2055 1297 2179 1332 periculo.-
2199 1299 2252 1332 ”¹:st

1181 1332 1264 1350 tamen
1277 1326 1338 1351 baec
1347 1327 1431 1361 prima
1444 1327 1549 1353 nomr'nis
1555 1327 1710 1362 fignificatt'o
1721 1327 1766 1363 est,
1784 1328 1865 1355 tracia
1877 1331 1907 1355 ab
1918 1331 2020 1365 antiquo
2036 1333 2139 1366 Perior,
2159 1336 2189 1360 de
2201 1343 2248 1369 quo

1305 1361 1441 1389 Nonnulli
1456 1362 1559 1389 faciunt
1572 1363 1708 1397 imperite,
1722 1363 1769 1397 qui
1782 1362 1811 1390 in
1824 1364 1875 1397 isto
1889 1365 2009 1400 periculo
2022 1376 2076 1395 non
2088 1376 2117 1396 vt
2130 1378 2144 1396 a
2158 1365 2249 1404 Poeta,

1181 1395 1225 1422 sed
1237 1402 1268 1423 vt
1281 1405 1295 1423 3
1308 1397 1371 1423 teste
1386 1398 1527 1425 veritatem
1541 1399 1649 1434 exigant
1669 1399 1724 1425 Cic.
1739 1398 1771 1426 de
1785 1399 1865 1435 Legg.
1879 1409 1887 1427 1
1908 1410 1928 1430 c.
1942 1411 1952 1428 1
1971 1403 2015 1428 vbi
2028 1413 2126 1431 carmen
2234 1400 2237 1403 ¹

2152 1415 2206 1431 uum
2220 1407 2249 1431 de

1181 1433 1270 1458 Mario
1284 1432 1419 1468 intelligit,
1439 1436 1506 1468 quod
1522 1434 1621 1469 ingenii
1641 1435 1787 1470 experiendi
1804 1436 1875 1471 causa
1895 1439 2065 1474 composuerat.

2158 1449 2202 1468 oni
2206 1450 2250 1476 pe-

467 1465 598 1503 Aptiffimo
617 1468 720 1502 epitheto
741 1466 859 1493 Pericula
879 1466 959 1493 dubia
978 1465 1122 1501 appellauit,
1138 1475 1164 1498 35
1183 1468 1238 1495 iani
1254 1468 1390 1501 Mylasena
1404 1470 1521 1504 pericula
1536 1470 1600 1496 belli
1628 1471 1727 1497 Auson.
1742 1471 1853 1498 Mosella
1871 1481 1897 1500 v.
1913 1482 1952 1505 ηις
1977 1476 2008 1500 cie
2021 1477 2166 1502 naumachia
2181 1478 2248 1503 ludi-

59 1752 206 1787 Metuenda
234 1755 303 1781 Hor.
324 1755 404 1790 Epist.
423 1763 446 1788 2,
460 1764 479 1787 i,
495 1756 543 1786 136.

60 1789 153 1816 Abeffe
165 1797 179 1816 a
191 1790 327 1824 periculo,
350 1793 405 1816 vid.
425 1797 448 1816 Α
457 1796 474 1816 Β
483 1795 525 1814 sv
534 1794 572 1814 Μ.

60 1825 160 1857 culum,
179 1827 231 1852 vid.
253 1833 276 1852 Α
286 1831 303 1852 c
314 1831 332 1851 c
342 1831 361 1852 Ε
372 1831 392 1851 D
401 1831 430 1852 ο.

60 1864 80 1886 C
93 1866 113 1884 V
123 1866 159 1886 M.

57 1894 190 1930 ticulum,
209 1902 235 1923 et
254 1902 403 1922 extremum
424 1903 507 1930 paene
522 1894 675 1927 discrimen.

56 1930 177 1958 Scribon.
192 1940 251 1959 100.

61 2227 108 2244 vv.

61 2260 108 2289 pro
121 2255 151 2278 ln
164 2253 295 2288 discrimen
307 2261 405 2279 votare.

66 2467 102 2494 Vi

66 2502 180 2538 pericula
202 2504 263 2531 Stat.
277 2504 370 2532 The'b.
385 2506 411 2536 6,
423 2513 459 2532 22.

363 2396 464 2423 Deduci
484 2395 603 2432 periculo
610 2416 618 2429 ‚

323 1931 422 1965 Adire,
444 1931 499 1957 vid.
520 1937 542 1957 A
553 1937 572 1957 D
585 1937 603 1957 E
613 1937 649 1964 o,
668 1933 717 1957 ire.

57 1966 180 1994 tractanti
194 1967 438 2003 contemplantique
451 1975 492 1993 res
507 1966 663 2001 cognitione
676 1966 847 2001 dignissimas,
860 1966 948 1993 subito
962 1966 992 1992 lit
1006 1965 1122 1991 Allatum

33 2014 37 2018 -
57 2003 223 2037 periculum,
241 2003 436 2037 discrimenque
450 2003 559 2037 patriae.

56 2038 97 2066 Id.
116 2048 176 2072 pro.
187 2040 307 2067 Muraen.

58 2075 166 2110 periclis
191 2074 268 2109 Virg.
283 2075 348 2101 Aen.
362 2080 386 2106 8,
399 2083 434 2105 73.

15 2120 20 2123 *
59 2110 87 2135 in
111 2116 159 2136 AR
167 2115 184 2136 c
193 2116 209 2136 Ε
217 2116 247 2136 o.

62 2146 178 2181 pericula
201 2146 350 2179 Virg.Aen.
365 2156 388 2177 a,
405 2147 455 2173 561.

380 2038 513 2071 Amoliri,
532 2039 588 2064 vicl.
608 2045 630 2064 A
640 2045 665 2064 M
677 2044 698 2063 o
711 2044 728 2063 L
738 2045 748 2063 1
756 2044 776 2064 0
784 2044 815 2063 R.

381 2468 544 2496 Denuntiare
557 2467 704 2502 periculum
729 2468 785 2495 Cic.
798 2468 850 2493 Att.
864 2475 887 2499 2,
900 2475 943 2493 20.

532 2503 631 2538 Effiigit
645 2504 776 2530 nocturna
792 2503 908 2537 pericula
931 2503 1030 2529 Lucan.
1043 2511 1062 2536 i,
1078 2509 1124 2535 ςιι.

63 2539 173 2574 Ereptus
195 2540 321 2574 periculis
354 2541 430 2575 Virg.
448 2541 512 2567 Aen.
526 2549 547 2573 3,
560 2547 608 2574 711.

65 2579 255 2603 DEPELLO-

327 2576 455 2602 Exhaussa
469 2576 586 2611 pericula
600 2574 680 2602 maris
693 2580 720 2602 et
737 2580 824 2602 terrae
858 2575 933 2608 Virg.
949 2576 1015 2600 Aen.
1032 2583 1068 2608 io,
1083 2580 1123 2613 57.

61 2610 206 2638 Extrahere
219 2621 251 2639 ex
263 2611 388 2647 periculis
415 2612 471 2639 Cic.
485 2621 536 2646 pro
550 2612 619 2638 Sext.
637 2621 664 2637 ii.

59 2652 107 2682 pro
120 2642 252 2673 Ἀιίᾶητενο
263 2649 290 2674 in
301 2649 447 2684 periculum.

64 2681 153 2708 culum
166 2683 290 2711 fecissent.

45 2754 50 2757 .
64 2727 101 2750 ¹4,
115 2723 150 2748 ί’8.

502 2647 591 2674 Tacit.
604 2648 674 2674 Arm.
687 2656 719 2680 13,
730 2655 755 2679 33
781 2647 926 2682 Tanquam
942 2645 1040 2672 insonti
1055 2645 1124 2680 peri-

361 2684 455 2711 Facere
468 2683 629 2719 periculum,
648 2690 691 2718 pro
705 2684 787 2709 Adire
798 2682 930 2718 disi-rimer»
954 2682 1045 2708 Tacit.
1055 2683 1125 2708 Ann.

222 2719 318 2746 Facere
331 2729 387 2746 rem
400 2719 513 2755 periculi
527 2720 577 2753 sui,
596 2718 741 2754 Tryphon.
753 2719 781 2746 111
797 2718 816 2745 l.
843 2718 869 2745 Si
882 2717 1005 2744 fundum.
1031 2718 1064 2744 D.
1091 2717 1123 2743 de
1137 2730 1170 2755 70
1184 2720 1287 2746 Bellum
1301 2728 1382 2755 graue
1397 2729 1422 2747 et
1435 2720 1612 2755 periculosum
1635 2721 1690 2748 Cic.
1705 2730 1755 2757 pro
1769 2722 1798 2748 L.
1807 2723 1880 2749 Man.
1899 2733 1919 2750 c.
1934 2733 1956 2751 2.

64 2752 140 2780 fund.
153 2754 231 2781 dotal.
256 2755 282 2781 Si
296 2756 393 2781 mulier
412 2756 550 2790 praedium
566 2762 594 2782 vt
606 2756 681 2781 suum
694 2754 723 2780 in
737 2754 826 2781 dotem
838 2754 937 2781 marito
952 2753 1035 2787 dedit,
1050 2762 1123 2779 eum-

64 2799 117 2824 que
130 2796 218 2824 petere
233 2790 379 2826 neglexerit
392 2792 444 2825 vir,
459 2800 542 2826 quum
555 2790 581 2817 id
595 2792 681 2817 facere
693 2792 784 2825 poss'et,
803 2799 860 2817 rem
874 2790 986 2825 periculi
1000 2790 1039 2816 sui
1052 2789 1124 2816 fecit.

64 2825 157 2853 Tacit.
175 2829 242 2852 Anii.
256 2836 275 2860 i,
287 2832 316 2860 74
344 2827 409 2854 Mox
423 2827 562 2854 clariffimo
578 2827 675 2860 cuique
689 2827 836 2861 periculum
851 2827 963 2854 Faceffit.

64 2862 121 2891 sere
137 2862 284 2897 periculum
304 2862 447 2894 innocenti„
466 2863 523 2890 Cic.
537 2863 598 2891 Diu.
613 2864 691 2889 Verr.
706 2872 742 2893 ‹³5-
778 2887 784 2889 ,

65 2898 192 2932 alicuius,
225 2899 371 2934 Adiuuare,
396 2908 496 2934 vrgere.

65 2933 214 2969 periculum
251 2934 357 2961 fouerat
384 2934 515 2970 Regulus,

65 2969 150 3003 tiano,
169 2973 198 2996 de
211 2970 268 2996 vita
284 2971 463 3005 periclitantis.

65 3005 178 3034 laetatus
191 3005 298 3041 periclis
326 3007 401 3042 Virg.
417 3008 481 3034 Aen.
496 3007 522 3039 6,
535 3009 590 3040 693·

65 3041 122 3068 vid.
151 3048 356 3069 iMMINEo.

66 3076 214 3111 Importare
225 3077 323 3104 cladem
337 3078 430 3113 pericli
450 3079 554 3106 Lucret.
569 3088 591 3112 3,
603 3084 655 3109 825.

67 3120 117 3145 pro
132 3114 206 3141 Rosc.
222 3115 310 3142 Amen.
325 3122 350 3148 7.

70 3146 149 3184 legis,

71 3182 165 3218 vid.ffi
178 3184 203 3212 ll.

72 3215 162 3250 aliquo
186 3221 242 3248 Cic.
258 3231 307 3256 pro
319 3223 401 3249 Corn.
415 3222 498 3250 Balbo
512 3232 551 3253 25.

435 3116 579 3150 impetrare
592 3113 739 3150 periculum
748 3134 757 3148 ‚

203 3150 274 3177 Inire
293 3150 410 3185 pericula
430 3150 609 3185 praeliorum,

1183 1514 1236 1531 CYB.

1276 1504 1350 1539 Conf.
1365 1506 1458 1540 Scnlt'g.
1474 1506 1540 1532 Leffl.
1553 1505 1614 1541 Ans.
1635 1516 1658 1539 1,
1676 1515 1702 1540 4.

1181 1549 1215 1567 ex
1234 1539 1293 1573 his,
1313 1549 1380 1575 quae
1401 1541 1518 1575 pericula
1539 1542 1592 1577 ipsa
1603 1551 1694 1569 rerum
1707 1541 1858 1571 docuerint.

1180 1583 1275 1610 aperto
1295 1576 1386 1603 Tacit.
1398 1577 1502 1618 Hist·.3’
1515 1580 1559 1612 76,
1574 1588 1591 1604 1.

1052 1538 1123 1564 Hor.

824 1611 918 1637 quen.
933 1611 983 1637 Sat.
998 1619 1031 1643 ιε,
1045 1616 1073 1640 82
1093 1610 1124 1634 de

1184 1683 1240 1710 filia
1252 1684 1311 1710 fieri
1324 1693 1405 1719 graue
1418 1684 1463 1714 est.

860 1754 884 1777 V
908 1754 921 1777 b
991 1752 1031 1786 ν
1183 1719 1243 1745 31115
1258 1719 1357 1752 faeere,
1376 1720 1443 1752 tibi,
1462 1720 1535 1754 quod
1548 1729 1580 1746 ex
1594 1722 1641 1746 vsu
1655 1720 1708 1747 fiet.

880 1762 907 1777 er
922 1762 989 1778 orum
1025 1760 1124 1776 vrinae:

644 1787 776 1814 Accedere
790 1787 947 1821 periculum,
967 1793 994 1813 et
1006 1786 1038 1812 ad
1053 1785 1123 1820 peri-

502 1822 635 1849 Accedere
648 1832 708 1849 cum
721 1823 843 1857 periculo
858 1822 888 1848 ad
903 1822 1046 1854 flammam,
1065 1821 1121 1847 vid.
1136 1833 1167 1858 45
1183 1824 1231 1860 est,
1251 1826 1384 1859 iudiciale,
1400 1827 1526 1861 publicum
1538 1834 1621 1860 certe,
1641 1834 1665 1853 et
1681 1828 1711 1853 w·

230 1861 287 1887 Cic.
300 1859 416 1894 Philipp.
430 1866 457 1894 7,
471 1867 482 1885 t
506 1858 626 1885 Adducta
640 1859 691 1893 est,
722 1859 750 1886 P.
763 1859 793 1886 C.
815 1867 855 1885 res
871 1858 899 1884 in
913 1858 1059 1885 maximum
1078 1865 1122 1891 pe-

784 1895 863 1921 Vitae
878 1894 1026 1929 periculum
1040 1893 1122 1920 Adire

815 1931 870 1957 Cic.
885 1930 940 1957 Off.
955 1939 974 1961 1,
989 1938 1027 1962 ¹54
1057 1929 1084 1956 Si
1096 1928 1122 1955 ei

1182 1898 1239 1922 neri
1256 1896 1341 1932 pqfflt.

887 2039 983 2063 Arcere
1004 2037 1121 2069 aliquem

506 2074 644 2098 Arcescere
659 2073 687 2098 in
702 2072 869 2106 periculum,
888 2072 941 2097 vid.
963 2076 1120 2097 ARCESSO

344 2108 448 2136 Cedere
465 2108 603 2143 periculo,
621 2108 676 2133 vid.
699 2114 715 2133 C
726 2114 742 2133 Ε
752 2113 770 2133 D
779 2114 809 2134 0.

528 2141 705 2171 Coriimittere
719 2144 744 2170 se
760 2142 879 2174 periculo
892 2142 1004 2173 mortis,

905 2106 1084 2133 Circumstant
1097 2111 1123 2132 te

1042 2143 1123 2169 Com-

759 2216 857 2242 Creare
870 2215 951 2241 alicui
965 2213 1124 2249 periculum,

477 2252 534 2279 Cic.
549 2260 599 2286 pro
612 2251 696 2278 Flacc.
712 2260 724 2277 2
754 2250 859 2284 Quibus
873 2250 1029 2278 auctoribus
1043 2256 1068 2275 ct
1081 2249 1125 2275 de-

63 2288 215 2315 fensoribus
232 2289 355 2316 omnium
375 2295 431 2315 tum
451 2288 519 2314 salus
540 2288 601 2314 efl'et
619 2296 674 2313 11011
692 2286 793 2313 ciuium
813 2286 915 2319 solum,
933 2295 1027 2313 verum
1043 2285 1124 2311 etiam

63 2325 184 2360 gentium
197 2325 300 2352 defensa
313 2334 340 2352 ac
353 2330 468 2357 retenta,
485 2324 620 2350 neminem
636 2332 753 2358 vnquam
771 2323 863 2358 putaui
877 2332 924 2358 per
939 2331 984 2348 eos
999 2322 1068 2355 ipsos
1082 2330 1125 2356 pe-

64 2360 180 2387 riculum
194 2360 272 2387 huius
283 2360 399 2388 fortunis
408 2381 416 2394 ‚
432 2367 511 2395 atque
529 2359 634 2386 insidias
648 2365 806 2386 creaturum.

65 2396 122 2423 eius
142 2397 308 2430 periculum,

66 2431 216 2459 Defendere
229 2441 244 2458 a
257 2433 394 2467 periculo,
413 2433 467 2459 vid.
481 2434 521 2459 hh.
536 2441 580 2458 vv.

103 2475 140 2502 rg.
156 2469 219 2495 Aen.
235 2471 261 2499 6,
273 2475 308 2499 83·

1185 2324 1276 2357 Btfius.

674 2394 810 2422 Deduccre
829 2403 887 2422 rem
907 2394 935 2420 in
957 2394 1123 2428 periculum,

655 2430 788 2458 Defunete
801 2431 904 2466 magnis
918 2430 1003 2465 pelagi
1015 2429 1123 2492 §cip-{21³3
1136 2461 1140 2464 Ι

761 2611 856 2637 Facere
872 2610 1018 2645 periculum
1032 2609 1124 2642 alicui,

1183 2682 1282 2710 haber'e
1296 2692 1436 2719 coguntur.

1036 2826 1055 2852 F
1183 2792 1230 2825 rit,
1245 2792 1319 2819 0111115
1333 2793 1412 2820 Casus
1427 2793 1590 2828 periculosus
1605 2792 1642 2819 sit.

1058 2834 1124 2852 aces-

851 2862 955 2890 Fouere
975 2861 1124 2897 periculum

570 2934 595 2960 b.
615 2935 636 2962 ἐ.
664 2934 850 2969 Accusationem
869 2934 961 2970 Rustici
973 2933 1019 2969 sub
1040 2934 1125 2960 Domi.

559 2970 678 2998 Gliscunt
698 2969 816 3004 pericula
843 2971 936 2997 Tacit.
951 2971 1020 2997 Ami.
1036 2979 1071 3002 ις,
1086 2977 1123 2996 10.

662 3006 806 3032 Imminere
818 3006 964 3041 periculum
979 3005 1027 3032 libi
1040 3011 1124 3040 putat,

473 3044 623 3077 Importare
642 3041 808 3077 periculum,
831 3042 886 3070 vid.
915 3047 1010 3069 IMPO
1023 3047 1042 3067 R
1056 3047 1077 3067 T
1091 3047 1123 3067 ο.

1184 2982 1208 3004 4»
1224 2978 1262 3004 98-

1183 3044 1300 3070 ν111’1013
1326 3044 1382 3071 Cic.
1398 3043 1510 3079 Philipp.
1526 3052 1560 3077 14,
1573 3045 1612 3070 26.

726 3077 882 3113 Impendere
896 3077 1045 3113 pericnlum
1067 3077 1123 3103 Cic.
1138 3087 1170 3112 80
1183 3089 1213 3106 ea
1227 3080 1285 3105 sunt
1309 3079 1382 3106 Idem
1401 3088 1450 3114 pro
1462 3080 1568 3106 Caecjn,
1586 3088 1625 3113 34,

812 3114 914 3141 Includi
930 3114 957 3139 in
973 3112 1123 3148 periculum

664 3150 769 3177 Inferre
788 3151 812 3176 se
828 3150 856 3176 in
871 3150 1019 3185 periculum
1033 3148 1124 3182 alicui,

274 3187 378 3214 Inferi-e
390 3188 415 3214 se
430 3187 457 3213 in
471 3187 619 3222 periculum
633 3186 725 3221 capitis
740 3193 818 3221 atque
832 3186 903 3213 vitae
917 3186 1058 3212 discrimen
1073 3193 1123 3219 pro

621 3222 694 3250 Idem
709 3231 758 3257 pro
772 3222 878 3249 Caecin.
892 3228 918 3252 ⁵33
944 3222 1009 3248 Nou
1024 3230 1054 3247 ea
1069 3220 1123 3246 sola

1182 3150 1331 3187 periculosi.

1974 1620 2030 1645 Vid.
2052 1621 2129 1648 Gron.

1776 1507 1846 1535 Gell.
1863 1517 1896 1544 13,
1910 1515 1924 1540 8
1955 1511 2051 1545 Sapere
2069 1518 2095 1539 et
2113 1513 2250 1540 consulere

1932 1547 2038 1574 Audere
2052 1548 2202 1583 pericnlum
2220 1549 2250 1576 in

1185 1612 1191 1616 -
1377 1612 1382 1618 ⁸
1559 1614 1564 1618 ῃ
1665 1578 1786 1605 Periculo
1799 1586 1879 1615 atque
1894 1582 2010 1617 negotiis
2022 1589 2190 1620 compertum
2203 1584 2250 1619 est,

1183 1620 1212 1638 111
1226 1612 1299 1639 bello
1312 1612 1460 1646 plurimum
1474 1622 1613 1649 ingenium
1632 1614 1702 1649 posse
1727 1614 1787 1641 Sall.
1801 1616 1860 1643 Cat.
1875 1625 1898 1650 2,
1911 1626 1933 1644 2.

2203 1622 2250 1648 Fa-

1647 1651 1718 1677 Ter.
1736 1651 1819 1678 Andr.
1833 1661 1855 1685 3,
1869 1662 1890 1687 3,
1905 1661 1931 1685 33
1962 1653 2031 1681 Illud
2049 1655 2200 1690 periculum
2220 1657 2251 1684 in

1536 1685 1609 1712 Idem
1630 1686 1726 1713 Heaut.
1739 1695 1760 1717 ι,
1773 1695 1795 1720 2,
1810 1690 1840 1719 36
1868 1687 1968 1715 Scitum
1982 1689 2035 1722 est,
2053 1691 2203 1725 periculum
2217 1700 2251 1719 ex

1760 1723 1830 1748 Add.
1849 1722 1888 1749 Id.
1901 1724 1964 1750 Hec.
1978 1734 2001 1758 5,
2016 1734 2034 1758 1,
2048 1735 2083 1758 41.

1184 1755 1335 1788 periculum
1350 1755 1522 1782 innocentiae
1538 1756 1651 1782 3110111115
1678 1756 1734 1783 Cic.
1748 1757 1776 1784 in
1791 1758 1869 1784 Verr.
1882 1758 1941 1785 Aet.
1953 1768 1973 1791 ι,
1986 1769 2024 1792 34.

1182 1790 1253 1816 Tae.
1269 1790 1336 1817 Hist.
1350 1798 1374 1822 3,
1388 1793 1432 1823 69,
1448 1800 1469 1817 2.

2154 1727 2252 1754 Facere

2142 1763 2252 1790 Sumere

1668 1790 1690 1829 fl
1712 1794 1728 1818 6
1773 1791 1924 1820 Periculum
1939 1796 2013 1820 etiam
2021 1794 2164 1832 scrt'pturae
2173 1808 2252 1834 gemu-

1712 1829 1785 1854 detur
1805 1830 1847 1855 huc
1860 1830 1956 1855 nomine
1968 1831 2076 1865 dictum,
2087 1833 2119 1865 fi
2126 1835 2190 1868 quid
2201 1834 2253 1870 ipse

1183 1860 1346 1896 magistratus
1357 1862 1479 1896 conceptis
1494 1863 1579 1888 verbt's
1583 1862 1706 1897 scriberet
1720 1864 1764 1890 vel
1773 1864 1898 1898 difflui-et,
1916 1875 1963 1900 quo
1980 1867 2061 1902 magis
2079 1875 2173 1896 certum
2190 1871 2252 1897 obri.

1414 1897 1538 1924 Periculo
1552 1900 1616 1924 enim
1630 1900 1708 1925 omnis
1717 1900 1820 1934 generis
1839 1909 1941 1927 certum
1956 1903 2067 1929 dicitur.-
2093 1912 2118 1931 et
2135 1908 2180 1940 qui
2193 1911 2252 1932 ame

1182 1933 1211 1958 in
1224 1933 1313 1958 literas
1332 1934 1412 1968 ’'effi-7¹!
1419 1934 1587 1969 sententiam,
1607 1944 1680 1969 quam
1695 1938 1859 1970 pronuntiet,
1880 1936 1920 1962 ille
1937 1937 1988 1972 ipsa
2006 1937 2046 1964 illo
2062 1941 2188 1975 periculo,
2207 1941 2253 1969 illa

1101 2000 1105 2004 ¹
1183 1972 1238 2002 πείᾳ
1252 1976 1275 1993 ct
1288 1972 1424 1994 tentamine
1432 1971 1465 2004 fit
1478 1978 1503 1995 eo
1514 1970 1615 2002 certior,
1635 1977 1660 1996 et
1672 1971 1749 1995 leuem
1755 1970 1941 2004 ftstinarionem
1954 1974 2074 2001 excludit.

632 2001 708 2028 Affici
723 2003 815 2028 animo
828 2003 857 2028 in
870 2002 982 2037 prouilis
997 2000 1121 2035 periculis
1134 2014 1167 2036 50
1178 2004 1291 2037 ferimus
1308 2004 1365 2030 Cic.
1379 2005 1407 2030 in
1421 2006 1499 2031 Verr.
1513 2013 1535 2036 ἲ,
1549 2011 1588 2036 183
1606 2015 1627 2031 c·
1644 2012 1679 2039 79
1699 2006 1743 2030 'vbi
1754 2006 1898 2040 describis,
1919 2008 2031 2042 EOrum,
2048 2011 2143 2045 inquit,
2164 2012 2251 2039 homi-

1183 2047 1249 2064 num
1264 2038 1326 2064 fidei
1343 2039 1448 2065 tabulae
1468 2039 1605 2073 publicae,
1622 2040 1793 2075 periculaque
1813 2043 2013 2076 magistratuum
2035 2047 2251 2076 committuntur.

1182 2074 1261 2108 Apud
1280 2074 1414 2114 Nepotem
1435 2083 1467 2107 15,
1485 2081 1509 2107 8,
1523 2082 1539 2101 2
1570 2076 1752 2109 Epaminondas
1771 2080 1841 2111 apud
1858 2078 1952 2104 iudices
1961 2079 2020 2114 suos
2036 2090 2084 2107 non
2108 2084 2251 2118 recusauit,

1184 2118 1239 2143 quo
1252 2118 1341 2136 nunus
1357 2110 1420 2145 legis
1435 2119 1547 2144 poenam
1562 2110 1678 2140 subiretz
1705 2111 1748 2137 sed
1763 2121 1846 2139 vnum
1866 2113 1900 2140 ab
1914 2114 1947 2140 iis
1960 2115 2074 2151 petiuit,
2094 2124 2123 2145 vt
2135 2119 2164 2145 in
2180 2121 2251 2154 peri-

760 2176 765 2178 -
1184 2145 1246 2170 culo
1279 2146 1325 2171 suo
1356 2146 1532 2172 inscriberent
1543 2164 1552 2178 ,
1592 2146 1910 2176 EPAMINONDAS

61 2190 200 2208 municare
214 2181 293 2207 amici
306 2181 439 2216 pericula,
474 2180 637 2214 Comparare
650 2179 814 2214 periculum,
851 2179 991 2211 Conflare,
1015 2179 1068 2204 vid.
1081 2178 1121 2203 hh.
1141 2188 1169 2211 ςς
1185 2181 1247 2207 ΜΟ
1257 2181 1279 2207 R
1288 2181 1318 2207 T
1327 2182 1346 2209 E
1384 2183 1445 2209 MV
1454 2183 1474 2209 L
1483 2182 1543 2209 TA
1552 2183 1582 2209 T
1591 2183 1638 2209 VS
1676 2183 1696 2209 E
1706 2183 1775 2216 sT,
1803 2193 1848 2212 etc.

182 2217 358 2244 Contremere
388 2217 457 2243 Hor.
472 2217 561 2243 Carni.
576 2225 597 2249 2,
612 2224 646 2248 ir,
660 2222 686 2250 7.

2147 1979 2202 2003 Huc
2214 1986 2253 2004 re-

2020 2152 2249 2183 THEBANIS

1207 2217 1212 2222 ⁸
1270 2219 1274 2223 η
1442 2219 1446 2224 .
1483 2219 1488 2224 ι
1519 2218 1523 2224 .
1546 2219 1551 2224 .
1652 2218 1657 2224 .
1891 2186 1909 2212 i.
1935 2187 1964 2212 in
1984 2185 2028 2213 illa
2046 2189 2153 2224 nocua,
2184 2201 2250 2226 quae

1185 2214 1316 2250 histor-mm
1329 2219 1500 2244 damnatmms
1514 2217 1579 2243 illius
1591 2225 1737 2254 conflueret,
1757 2222 1793 2246 ad
1805 2222 1943 2248 memoriam
1957 2226 2096 2258 reponenda
2109 2228 2138 2251 in
2151 2229 2249 2253 tabula-

1184 2254 1239 2285 rio,
1259 2253 1302 2278 vel
1316 2254 1391 2279 etiam
1404 2254 1509 2288 exempli
1521 2254 1592 2289 causa
1604 2256 1763 2288 proponenda
1779 2254 1805 2280 fn
1817 2257 1920 2291 publico.

1184 2290 1215 2314 de
1236 2289 1279 2314 hoc
1298 2289 1411 2324 periculi
1430 2289 1550 2315 imellm‘lu
1569 2290 1758 2324 disputationem
1782 2293 1853 2317 dedit
1874 2293 1901 2318 iu
1918 2294 2097 2322 Commentario
2108 2297 2155 2332 suo
2177 2300 2201 2325 S.
2215 2301 2250 2325 A.

1351 2325 1391 2361 fist
1403 2326 1437 2351 Δι’νι
1453 2332 1558 2359 *utroque
1583 2324 1682 2352 Codice
1701 2326 1864 2354 Iustinianeo
1887 2330 1989 2364 pariter
2007 2340 2037 2356 ac
2055 2330 2250 2361 Theodoliano

881 2357 991 2385 Decedit
1004 2358 1036 2384 de
1050 2357 1124 2383 causa
1135 2361 1170 2387 60
1184 2359 1277 2386 titulus
1290 2360 1322 2387 de
1338 2360 1473 2387 sententiis
1487 2369 1519 2386 ex
1534 2361 1653 2394 periculo
1665 2361 1818 2395 recitandis,
1836 2364 1880 2389 vbi
1893 2365 1910 2392 l.
1923 2374 1936 2391 2
1953 2366 1986 2392 C.
1993 2366 2052 2393 Th.
2067 2368 2152 2395 iubent
2165 2371 2251 2405 Impp.

1184 2396 1328 2423 Gratianus
1342 2396 1446 2423 Valent.
1459 2403 1484 2423 et
1498 2396 1610 2424 Theod.
1637 2398 1672 2424 Vt
1691 2396 1719 2423 in
1738 2398 1865 2426 omnibus
1879 2402 1992 2436 negotiis
2006 2410 2038 2429 ex
2052 2404 2174 2438 periculo
2188 2415 2251 2441 pro-

1183 2438 1272 2458 matur
1285 2431 1485 2460 deliberationis
1499 2432 1574 2466 plena
1588 2432 1728 2460 sententia:

1183 2469 1250 2494 alias
1270 2476 1376 2495 vacatur
1399 2469 1430 2495 de
1451 2469 1542 2502 scripti
1563 2469 1738 2503 recitatione,
1775 2478 1807 2497 ex
1827 2470 1935 2506 libello,
1972 2472 2078 2508 scriptas
2097 2477 2239 2504 sententias

929 2538 934 2542 ¹
1092 2538 1097 2543 .
1184 2504 1268 2535 (Not.
1282 2505 1336 2531 Iur.
1350 2506 1479 2540 Magnon.
1499 2505 1531 2532 D.
1548 2505 1574 2532 P.
1596 2504 1628 2531 de
1644 2505 1774 2539 periculo.
1811 2506 1843 2533 D.
1858 2507 1887 2534 L.
1908 2507 1940 2534 de
1958 2508 2069 2542 libello)
2094 2519 2125 2538 vt
2145 2497 2251 2549 ostendii

718 2539 857 2574 Depellere
879 2539 1044 2572 periculum,
1066 2539 1122 2563 vid.
1138 2544 1168 2574 65
1185 2541 1301 2574 Gothofzz
1312 2542 1453 2575 paratim),
1474 2542 1518 2576 qui
1531 2542 1605 2567 etiam
1619 2540 1682 2576 iusta
1695 2544 1894 2569 commentatione
1910 2544 2022 2579 periculi
2030 2547 2250 2583 fignificationem,

1183 2585 1258 2611 quam
1270 2577 1394 2611 diximus,
1415 2577 1529 2610 defendit
1541 2584 1564 2602 et
1575 2576 1691 2613 illustrat.
1729 2579 1801 2612 Conf.
1815 2586 1896 2604 tamen
1919 2585 1936 2607 P
1947 2587 1971 2608 Α
1981 2587 2000 2608 R
2012 2588 2048 2610 lc
2060 2589 2081 2609 v
2095 2591 2112 2610 L
2121 2590 2143 2609 v
2151 2591 2186 2612 Μ,

1220 2618 1236 2637 Ρ
1245 2618 1289 2638 ER
1299 2618 1335 2640 IC
1345 2619 1365 2637 v
1375 2620 1389 2639 Ι.
1401 2614 1421 2640 ὅ
1430 2619 1442 2638 S
1457 2619 1474 2638 V
1488 2619 1500 2639 S
1511 2633 1520 2646 ‚
1550 2620 1563 2638 Β
1573 2633 1581 2645 ,
1611 2621 1667 2640 um.
1705 2613 1766 2640 Adi.
1809 2614 1980 2650 [inexlvduimffi
2006 2618 2155 2654 κινδυνῶδης]
2191 2620 2250 2647 Cic·

1185 2647 1239 2674 Off.
1256 2657 1274 2680 i,
1287 2653 1313 2680 83
1341 2648 1519 2676 Grauioribus
1530 2654 1617 2675 autem
1632 2648 1734 2676 morbis
1749 2650 1906 2685 periculosas
1919 2652 2069 2680 curationes
2081 2661 2107 2681 et
2120 2656 2249 2691 ancipites

1509 2683 1673 2711 Periculosae
1686 2686 1792 2720 plenum
1807 2696 1874 2719 opus
1889 2687 1969 2715 Aleae
1990 2689 2086 2717 Horat.
2101 2692 2153 2718 Od.
2165 2701 2187 2725 2,
2198 2700 2216 2724 1,
2224 2701 2248 2724 7.

1992 2261 2039 2285 Ad
2055 2261 2079 2286 h.
2092 2262 2110 2288 l.
2124 2264 2250 2298 egregiam

1755 2438 1822 2470 quod
1833 2437 1872 2462 hic
1884 2437 1981 2463 dicitur
1992 2446 2024 2464 ex
2039 2440 2171 2474 periculo,
2186 2441 2251 2467 illud

1183 2755 1325 2783 maleficio.
1344 2755 1366 2793 §.
1387 2757 1412 2784 Si
1427 2756 1513 2783 iudex.
1535 2757 1568 2783 D.
1585 2756 1617 2784 de
1631 2756 1680 2785 361.
1694 2764 1720 2785 et
1733 2758 1842 2792 obligat.
1869 2759 1894 2786 Si
1907 2759 1971 2800 qiiid
1986 2726 2249 2796 ssffgzilglzsnmhldbll'}

1714 2793 1862 2820 Consilium
1878 2796 2057 2828 periculosum
2070 2800 2153 2834 magis
2166 2808 2247 2835 quam

1184 2834 1271 2855 tutum
1288 2828 1378 2862 sequi,
1397 2829 1475 2856 bonis
1491 2829 1617 2856 omnibus
1632 2828 1750 2855 accidere
1764 2829 1830 2856 solet
1858 2830 1942 2857 Plane.
1956 2831 1988 2858 ad
2003 2832 2060 2860 Cic.
2072 2834 2144 2861 Fam.
2158 2844 2196 2868 10,
2212 2842 2246 2865 18.

1184 2864 1358 2891 Consuetudo
1372 2865 1518 2900 periculosa
1549 2865 1604 2892 Cic.
1618 2864 1649 2891 de
1663 2865 1725 2892 Nat.
1742 2865 1823 2891 Deor.
1838 2875 1858 2899 3,
1872 2870 1911 2893 62.

614 2898 681 2925 Pl'm-
700 2898 779 2933 Epist·
799 2907 823 2932 ¹,
843 2907 855 2929 5
892 2899 993 2925 Rustici
1014 2897 1124 2924 Aruleni
1140 2907 1168 2929 75
1184 2900 1272 2927 culosa
1291 2908 1317 2927 et
1331 2900 1432 2928 lubrica
1451 2900 1606 2927 assentiendi
1637 2899 1709 2927 Idem
1731 2901 1806 2927 Acad.
1820 2911 1845 2934 a,
1859 2904 1898 2932 68.

1184 2936 1361 2963 Dilliniulatio
1379 2937 1512 2970 aliquibus
1532 2936 1679 2970 periculosa
1706 2937 1763 2964 Cic.
1778 2937 1830 2963 Att.
1846 2947 1879 2969 14,
1892 2940 1929 2966 16.

1337 2972 1455 2998 Offeulio
1475 2972 1654 3006 Id.Fam.i‚7.

1183 3008 1292 3035 videtur
1321 3007 1359 3035 Id.
1374 3008 1440 3034 ibid.
1457 3018 1473 3040 1,
1486 3017 1508 3039 7.

1985 2868 2157 2897 Consuetudo
2177 2871 2247 2905 peri-

1971 2903 2118 2933 Dimicatio
2144 2906 2202 2933 Liu.
2227 2916 2244 2934 i.

1780 2973 1785 2976 ξ
2003 2941 2089 2968 Locus
2114 2941 2150 2969 ld.
2166 2941 2243 2969 Acad.

1728 2972 1807 2999 Ratio
1821 2973 1860 3000 rei
1873 2975 2003 3009 gerendae
2017 2977 2160 3012 periculosa
2174 2977 2243 3004 mihi

1583 3008 1674 3034 Vitam
1693 3008 1867 3042 periculosam
1880 3011 1990 3038 reddere
2020 3013 2058 3039 Id.
2075 3014 2151 3038 Verr.
2167 3022 2185 3048 1,
2206 3032 2212 3039 .
2233 3032 2243 3039 .

1663 3096 1668 3101 ·
1698 3081 1730 3106 Et
1745 3081 1799 3108 Att.
1814 3090 1844 3114 13,
1859 3091 1884 3107 27

1687 3043 1877 3079 Turbulenta‚
1897 3048 2035 3073 temeraria
2055 3054 2081 3074 et
2094 3048 2243 3082 periculosa

1875 3111 1877 3113 ¹
1900 3089 1941 3116 pr.
1967 3083 2054 3109 Aliter
2066 3083 2201 3110 fuissemus
2215 3090 2243 3111 et

1184 3116 1211 3142 in
1226 3115 1274 3141 hos
1287 3114 1444 3148 inofficiosi,
1464 3122 1489 3142 et
1503 3115 1530 3141 in
1549 3115 1739 3152 nosmetipsos,
1759 3116 1776 3143 fi
1791 3117 1867 3143 illum
1881 3117 2007 3144 offensuri
2021 3119 2120 3145 fuimns
2130 3139 2138 3152 ‚
2159 3128 2243 3155 paene

1405 3153 1517 3186 Compar.
1541 3151 1608 3178 Plin.
1621 3152 1699 3186 Epist.
1715 3162 1734 3186 ς,
1750 3162 1767 3178 ii
1797 3151 1923 3184 Equidem
1939 3161 2020 3186 quum
2034 3155 2113 3181 effcnt
2127 3155 2242 3189 philoso.

1184 3187 1229 3220 phi
1244 3186 1276 3213 ab
1291 3186 1357 3212 vrbe
1372 3187 1506 3217 summoti,
1521 3186 1561 3214 fui
1575 3188 1642 3222 apud
1656 3188 1733 3214 illum
1748 3188 1776 3214 in
1791 3186 1957 3214 suburbano:
1976 3195 2001 3215 et
2015 3198 2070 3224 quo
2086 3191 2241 3225 notabilius,

1183 3223 1234 3250 hoc
1249 3222 1284 3249 est
1297 3222 1466 3257 periculosius
1479 3223 1555 3254 esset,
1575 3223 1615 3250 fui
1630 3230 1745 3258 praetor.
1818 3223 1856 3248 Eo
1877 3225 2050 3257 periculosior
2062 3226 2103 3252 Ira
2119 3227 2155 3253 est
2168 3236 2241 3254 com·

72 3252 175 3293 visest,
190 3265 255 3290 quae
266 3258 297 3284 ad
312 3267 405 3292 corpus
420 3259 555 3292 nostruin,
574 3259 710 3292 vitamque
724 3258 860 3293 peruenit,
878 3258 920 3284 sed
934 3263 958 3284 et
972 3257 1024 3283 iani
1037 3257 1123 3283 inulto
1139 3265 1169 3295 35
1184 3258 1273 3294 politis
1286 3268 1314 3285 30
1328 3258 1436 3285 reminis
1450 3258 1588 3293 moribus,
1608 3269 1662 3294 quo
1680 3260 1737 3293 plus
1758 3258 1786 3284 in
1805 3258 1838 3284 iis
1857 3266 1940 3285 mutat
1963 3260 2021 3287 Sen.
2035 3260 2067 3288 de
2079 3262 2121 3289 Ira
2135 3272 2156 3295 3,
2169 3273 2183 3295 5
2218 3273 2242 3291 r.

72 3296 159 3315 maior
171 3298 210 3322 ea,
224 3300 289 3325 quae
302 3294 419 3327 periculo
430 3296 524 3322 mortis
538 3295 653 3325 11110610,
672 3294 818 3321 formidine
832 3295 961 3328 animum,
980 3301 1024 3319 etc.

72 3324 120 3350 stat
138 3326 283 3358 periculum
297 3328 330 3355 ab
341 3329 447 3364 aliquo,
466 3332 519 3358 vid.
542 3335 670 3358 INST'O.

70 3366 142 3386 tenta
158 3361 270 3396 Lepidae
282 3364 412 3399 pericula,
447 3366 470 3391 b.
482 3376 502 3394 e.
525 3369 662 3394 Intentata.

70 3396 123 3429 cii,
145 3398 198 3425 vid.
224 3404 302 3425 ῐΝΤ
316 3405 366 3426 EN
381 3406 441 3428 Do.

70 3431 169 3459 Lall'ata
182 3433 288 3467 periclis
312 3435 408 3463 Lucan.
423 3445 447 3470 9,
462 3440 513 3469 803.

31 3473 46 3505 ἰ
71 3475 98 3495 et
118 3468 412 3538 talegxfirgslpericulo
433 3470 576 3500 obsidionis
589 3475 716 3502 Liberare
735 3475 824 3510 cupio.

190 3514 236 3531 uin
268 3515 273 3531 1
288 3526 294 3532 .
313 3515 337 3538 2,
352 3515 384 3536 ις.

71 3504 132 3530 culo

72 3540 179 3567 Mittere
193 3542 217 3567 se
231 3541 258 3567 in
272 3541 389 3577 pericula
421 3543 497 3574 Virg.
511 3544 576 3570 Aen.
589 3554 613 3578 9,
628 3555 686 3573 200.

72 3654 132 3673 runi
148 3655 173 3675 et
186 3650 278 3683 capitis
290 3651 328 3676 sui
343 3658 404 3685 prae
417 3658 474 3676 mea
490 3650 570 3676 salute
580 3651 712 3686 Negkxst.

75 3687 185 3710 OBEO.
223 3685 283 3712 Liu.
304 3695 328 3717 1,
348 3693 385 3718 34.

74 3753 131 3778 cula
151 3755 281 3788 Qiintffil.
294 3768 315 3791 3,
329 3765 351 3788 8·

744 3330 835 3357 Tacit.
850 3331 918 3357 Ann.
934 3339 955 3362 3,
969 3333 996 3361 48
1023 3327 1066 3355 Ob
1082 3328 1122 3354 in-

736 3367 874 3394 Intendere
893 3364 1040 3401 periculum
1055 3363 1124 3390 iudi·
1153 3364 1160 3371 '
1181 3367 1254 3394 Hm,
1269 3365 1334 3393 Bell,
1349 3368 1423 3394 Alex,
1440 3377 1461 3394 ς,
1476 3377 1512 3394 22,

546 3403 679 3430 Intentare
696 3403 843 3438 pericnlum
877 3400 1010 3435 Quinftil.
1030 3410 1052 3433 4,
1067 3410 1087 3432 3,
1100 3409 1121 3433 7.

585 3439 635 3466 Cn.
648 3439 759 3474 Magnus
773 3438 901 3466 Marcello
916 3440 967 3464 Att.
979 3442 1001 3469 8,
1017 3444 1040 3462 ¹2
1062 3436 1123 3462 Tot
1137 3447 1171 3473 90
1184 3440 1235 3465 Ant
1248 3440 1289 3465 vel
1306 3439 1454 3472 periculose
1474 3448 1533 3466 cuni
1548 3438 1642 3470 bouis,
1662 3444 1705 3465 etc.

1182 3475 1267 3502 homo
1293 3475 1365 3502 Idem
1382 3475 1448 3502 ibid.
1463 3481 1485 3508 8,
1501 3484 1522 3500 2.

1183 3512 1254 3539 scens
1274 3511 1434 3545 periculose,
1455 3511 1520 3545 quin
1540 3509 1642 3544 perpeti
1662 3510 1774 3543 turpiter
1795 3509 1898 3537 maluit.

1184 3547 1237 3574 lose
1251 3547 1339 3574 hieme
1360 3548 1415 3574 Cic.
1430 3548 1498 3573 Fam.
1515 3548 1551 3578 ¹6,
1566 3556 1593 3572 ii.

1182 3592 1256 3610 vero.

897 3473 1036 3502 Liberatus
1053 3471 1124 3507 peri·

477 3509 565 3535 Manet
582 3509 675 3545 ingens
694 3511 858 3546 periculum,
876 3512 931 3536 vid.
955 3516 979 3536 Μ
991 3515 1010 3534 Α
1023 3514 1045 3533 Ν
1061 3514 1077 3534 E
1090 3514 1123 3534 Ο.

760 3547 856 3574 Moliri
876 3545 1024 3581 periculum
1044 3543 1123 3570 alicui

378 3577 451 3605 Idem
468 3579 540 3605 Fam·
554 3588 590 3612 14,
604 3591 618 3612 4
644 3581 702 3609 Nos
717 3582 855 3610 Brundusii
874 3581 941 3616 apud
959 3581 995 3606 M.
1009 3580 1123 3606 Leuium

73 3611 191 3638 Flaccum
213 3614 269 3639 dies
290 3621 348 3640 >tili
371 3613 487 3647 fuimus,
504 3615 593 3641 virum
606 3618 751 3653 optimum,
771 3619 816 3654 qui
838 3617 985 3653 periculum
1006 3616 1124 3643 fortuna·
1135 3622 1167 3651 95¹
1184 3619 1256 3647 Hirr.
1272 3618 1336 3646 Bell.
1352 3618 1425 3645 Alex.
1445 3628 1465 3643 c.
1480 3620 1515 3649 64
1542 3614 1712 3643 Periculosius
1728 3617 1861 3651 nauigare.

785 3654 870 3681 Obire
882 3652 1046 3688 periculum,
1066 3651 1122 3678 vid.

478 3685 621 3713 Obieeiare
634 3695 710 3722 caput
727 3691 832 3726 periclis
866 3690 942 3723 Virg.
957 3689 1022 3714 Aen.
1037 3697 1059 3720 2,
1073 3695 1122 3719 75¹-

74 3717 177 3745 Offerre
191 3721 215 3748 se
229 3722 352 3756 periculis
371 3731 421 3757 pro
440 3722 524 3756 patria
550 3722 607 3748 Cic.
621 3722 649 3748 in
661 3724 736 3752 Catil.
749 3736 770 3760 3,
781 3732 818 3757 28.

424 3757 560 3784 Ostentare
572 3758 719 3792 periculum
731 3762 831 3796 capitis,
848 3762 904 3788 vid.
926 3769 945 3788 O
954 3768 966 3787 s
977 3767 999 3786 Τ
1007 3766 1024 3786 E
1033 3766 1055 3784 N
1065 3766 1084 3785 D
1094 3765 1123 3785 o.

74 3789 157 3816 Palsus
170 3791 282 3825 plurima
295 3794 413 3829 pericula
426 3794 519 3829 pelago
531 3797 653 3829 terraque
672 3795 754 3823 Ouid.
762 3797 848 3825 Trist.
863 3808 884 3831 3,
898 3806 920 3828 2,
951 3816 957 3823 .

72 3830 117 3851 tur
130 3826 270 3856 sententiae
281 3839 294 3856 a
309 3831 429 3865 peniculo
449 3829 652 3864 Quinctilam,
667 3839 686 3861 3.
723 3833 754 3857 Ee
766 3832 802 3859 Ex
816 3834 935 3868 periculo
950 3831 1028 3866 petita
1042 3829 1123 3856 verba

75 3869 112 3895 ¹0,
126 3870 147 3900 ,ἵν
160 3870 204 3889 ¹²¹·
230 3866 260 3890 de
271 3867 365 3902 figuris
378 3867 519 3893 audacibus.

73 3896 223 3939 Periculum
241 3899 270 3926 in
293 3902 433 3938 Vtriusque
458 3900 595 3929 iracundia
613 3900 726 3928 Positum
747 3902 791 3929 est.

73 3937 167 3958 natura
187 3933 279 3962 diutim
310 3938 416 3965 Lucret.
433 3947 451 3971 1,
464 3940 508 3965 60.

74 3974 93 3996 C
104 3974 125 3996 R
134 3975 151 3996 E
160 3975 193 3998 0.

891 3726 1035 3760 opponere
1055 3723 1123 3758 peri·
1183 3727 1297 3754 clitatics.
1387 3758 1399 3766 ..
1553 3759 1560 3763 ,

1223 3766 1503 3789 ΡΕκιΕιιΤοκ,
1522 3763 1570 3785 311.

1028 3796 1123 3821 Petun-
1130 3799 1291 3833 loopericulo
1306 3796 1413 3826 versari.

1183 3843 1246 3859 mam
1255 3844 1261 3857 .'

1067 3866 1123 3893 Cic.

888 3904 993 3932 Priuata
1017 3901 1124 3938 periclis

616 3937 758 3964 Procreare
777 3939 924 3973 periculum
933 3961 941 3973 ,
959 3940 1013 3965 vid.
1035 3946 1050 3965 r
1060 3945 1080 3964 R
1092 3944 1124 3965 0-

265 3972 322 4000 Cic.
338 3975 470 4038 prpILege
483 3973 579 4002 Manil.
591 3981 619 4008 ¹9
638 3973 662 3999 A
676 3982 730 4008 quo
743 3974 862 4009 periculo
875 3975 1019 4004 Prohibete
1031 3974 1173 4008 Remp.io5
1185 3977 1269 4004 Reum
1281 3972 1376 4011 putatis
1390 3973 1439 4001 else
1451 3972 1589 4001 Sotadem3
1609 3982 1665 4001 non
1678 3973 1723 4008 est,
1737 3982 1782 4002 etc.

227 4014 250 4036 v
258 4015 311 4037 01..
347 4012 360 4038 Ι
400 4029 407 4037 .

574 3866 644 3892 Add.
657 3871 680 3898 8,
695 3867 721 3899 6,
733 3875 753 3893 ii
777 3875 801 3893 et
813 3878 875 3903 quae
891 3878 933 3894 nos
952 3867 995 3896 ibi,

1185 3941 1248 3966 Met.
1269 3945 1282 3969 8
1299 3948 1324 3974 p.
1337 3939 1390 3963 216.

1339 4009 1389 4043 51

1183 3295 1263 3328 Qiod
1280 3295 1406 3321 omnibus
1424 3296 1547 3330 procellis
1566 3294 1735 3330 periculosius
1753 3300 1809 3321 erat
1839 3294 1947 3322 Petron.
1964 3305 1985 3322 0.
2001 3306 2046 3329 114.

1183 3331 1242 3358 Liu.
1258 3340 1294 3361 27,
1308 3340 1334 3361 35
1362 3332 1452 3357 Annus
1472 3331 1706 3366 periculosillimus.

2117 3299 2149 3324 Su
2168 3309 2193 3323 er
2205 3306 2242 3326 at.

1801 3329 1992 3358 Diiuicationes
2013 3305 2241 3368 periculofi'ifimae

1219 3410 1259 3430 PE
1270 3410 1287 3429 R
1298 3410 1307 3429 Ι
1319 3409 1337 3430 C
1350 3410 1370 3427 V
1379 3410 1395 3429 1.
1404 3404 1425 3430 ό
1434 3410 1447 3430 S
1460 3411 1486 3431 E.
1514 3403 1579 3429 Adii.
1606 3400 1782 3436 [ἐπικινδύνως]
1820 3403 1879 3428 Cum
1890 3403 2009 3437 periculo.
2046 3404 2102 3432 Cic.
2119 3406 2171 3433 Att.
2184 3415 2240 3442 10‚1

1781 3438 1924 3472 Aegrotans
1940 3439 2085 3473 periculose
2097 3443 2240 3476 quotannis

1596 3475 1626 3499 ft
1642 3483 1691 3508 pro
1707 3473 1801 3500 Milon.
1816 3483 1830 3506 9
1850 3482 1870 3501 c.
1883 3484 1896 3507 4
1929 3474 2024 3502 Facere
2037 3476 2137 3510 probus
2150 3478 2239 3506 adole-

1969 3511 2119 3546 Nauigatur
2137 3514 2240 3548 pericn-

1666 3545 1766 3571 Ponere
1780 3545 1924 3579 periculose
1936 3546 2037 3580 aliquid
2058 3549 2117 3584 le.
2131 3550 2158 3576 in
2175 3551 2191 3576 l.
2211 3550 2238 3577 Si

1276 3584 1299 3616 §.
1321 3584 1427 3609 Praetor
1447 3583 1490 3608 ait.
1512 3582 1543 3607 D.
1565 3581 1596 3607 de
1612 3581 1655 3613 iiS‚
1675 3580 1721 3614 qui
1739 3579 1850 3607 dciecer.
1871 3582 2005 3609 veleffud.
2098 3587 2237 3620 conparat.

1935 3618 2030 3652 Suprrl.
2052 3619 2139 3647 Senec.
2152 3620 2183 3648 de
2194 3622 2238 3649 Ira

1184 3663 1204 3689 3,
1218 3664 1243 3688 32
1271 3654 1351 3687 Quod
1365 3654 1487 3680 homines
1502 3650 1751 3692 erpericulolillime
1763 3659 1788 3678 et
1803 3652 1967 3680 libentiss'iine
1982 3654 2093 3682 faciunt.

1222 3689 1477 3722 PERICV‘LOR‚
1497 3693 1546 3715 311.

1602 3689 1670 3715 Cato
1682 3688 1750 3722 apud
1765 3687 1830 3714 Fest.
1844 3689 2003 3717 Periculatus
2018 3690 2092 3726 snm,
2127 3692 2145 3719 ι’.
2166 3691 2237 3719 Pera·-

1607 3758 1757 3793 [unsaraim
1775 3759 1947 3794 δισκινδυνεῦω,
1967 3761 2170 3796 παρακινδυνεῦω]
2204 3762 2236 3787 ln

1487 3794 1627 3821 Periclitor
1641 3795 1709 3821 fama
1718 3813 1727 3826 ‚
1745 3798 1806 3822 h.'e.
1826 3795 1966 3823 Periculum
1980 3797 2021 3833 est,
2043 3808 2071 3824 ne
2081 3797 2236 3833 perdamfa-

1299 3831 1440 3859 Periclitor
1453 3830 1503 3862 liti,
1524 3831 1665 3856 Periculum
1679 3831 1720 3866 est,
1738 3841 1768 3857 ne
1781 3832 1936 3864 merim-siti.

1183 3867 1262 3896 bores
1275 3868 1333 3902 gelu
1347 3866 1540 3900 periclitantur.

1184 3914 1230 3931 ero
1243 3902 1388 3939 periclitari
1413 3901 1480 3928 Cels.
1494 3910 1515 3933 5,
1530 3903 1576 3929 26.-

2009 3833 2075 3860 Plin.
2090 3842 2121 3864 17,
2134 3840 2163 3863 24
2188 3832 2235 3857 Ar-

1600 3867 1710 3893 Veneno
1726 3866 1869 3901 periclitari
1892 3868 1982 3896 lustin.
1994 3878 2029 3902 37,
2044 3879 2065 3902 3,
2076 3877 2097 3907 7:
2167 3866 2234 3893 Can-

1639 3903 1684 3928 Me
1703 3903 1803 3936 Capitis
1823 3903 2001 3938 periclitatum
2019 3901 2126 3929 memini
2157 3901 2234 3935 Apul.

1478 3936 1593 3964 Martial.
1613 3939 1645 3971 6,
1664 3940 1694 3964 26
1725 3938 1889 3966 Periclitatur
1910 3941 1992 3974 capite
2012 3937 2114 3965 Sotades
2132 3938 2234 3963 noster:

1839 3973 1903 4001 Illud
1916 3975 1998 4009 itaqua
2008 3978 2122 4007 apparet,
2141 3973 2235 4012 Capite

2164 4015 2233 4042 peri-
