2517 4231
296 206 447 272 ω’
692 218 952 263 ORB
1193 267 1195 270 Α
1802 193 2140 250 OR'c¹
2396 213 2459 251 612

297 319 392 347 Claud.
406 318 438 344 de
449 316 515 344 Bell.
527 314 599 343 Gild.
615 324 657 341 211.
671 319 694 338 et
708 309 808 345 Gonsal.
822 308 857 333 aa'
868 307 973 333 Petron.
986 314 1008 333 c.
1023 311 1063 338 89.
1142 303 1289 330 Flammeus
1309 311 1352 329 or·
1449 307 1469 329 0
1480 306 1500 328 R
1509 307 1544 328 1³1
1556 306 1579 328 Τ
1590 301 1611 329 6
1619 306 1662 328 SV
1671 306 1699 336 s,
1719 309 1733 327 a
1742 320 1750 332 ‚
1769 308 1824 326 urn-
1861 298 1922 326 Adi.
1960 297 2102 326 Orbitosae
2114 297 2188 331 viae,
2208 299 2239 323 ln
2270 296 2337 323 uibus
2344 296 2463 331 frequen-

297 356 340 383 bis
358 353 492 382 stangan,
501 354 552 387 Ιώ,
566 357 595 383 37
615 350 647 386 est
659 346 814 382 lychnus-lius
827 343 913 377 ingens
925 350 978 367 cum
990 341 1075 366 multis
1088 340 1248 374 lampadibus.
1301 338 1354 364 Or·
1411 343 1446 362 tes
1457 336 1518 371 sunt
1532 337 1634 363 orbitae.
1692 336 1792 363 Auctor
1808 335 1864 361 eius
1884 334 1996 362 Iambici
2015 334 2086 367 quod
2101 334 2138 361 est
2151 334 2219 360 inter
2233 341 2250 358 ο
2271 333 2360 359 scoena
2373 334 2463 359 carmi.

297 391 339 419 his
353 388 574 417 Lacedaemonius
587 386 655 421 apud
667 385 758 410 quen.
773 385 870 411 n‚i73‚
887 377 931 412 qui
945 376 1082 412 pitysmate
1096 374 1252 404 lubricatur,
1266 373 1300 409 est
1310 380 1354 408 pa·
1412 379 1462 404 na,
1488 373 1562 399 cuius
1576 372 1669 400 titulus
1688 373 1723 398 est
1739 373 1778 398 Dc
1792 371 1907 402 Sabino,
1941 371 1973 397 Et
1985 370 2048 397 inde
2062 376 2103 397 tot
2114 379 2163 405 per
2176 368 2294 397 orbitosa
2306 367 2390 395 millia
2424 369 2464 396 lu.

298 428 435 453 vimemum
453 423 538 460 emistis
557 418 730 449 orbicularibus
752 413 864 440 Laconici
882 412 1011 438 marmoris
1029 411 1172 447 distinffium
1193 418 1216 436 ct
1233 417 1354 435 ornatum.
1414 415 1476 441 gum
1488 408 1579 435 tulisse.
1652 408 1755 441 Millia,
1781 410 1799 434 i.
1820 406 1958 433 Midiaria.
2470 416 2471 419 ,

301 464 354 489 Hoc
366 471 418 488 cum
434 461 483 487 iam
496 469 527 486 ex
539 464 611 493 parte
623 452 722 487 vidi-'llil
736 451 796 476 Vet.
815 447 902 475 Schol.
916 448 943 473 in
956 449 1026 473 clara
1038 448 1091 473 luce
1105 446 1187 482 posuit
1199 445 1311 479 Scaliger
1322 444 1358 469 ad
1377 443 1391 470 5
1451 448 1471 468 0
1480 448 1499 468 R
1507 448 1523 468 B
1534 450 1544 468 1
1553 450 1575 470 T
1587 449 1610 470 A
1620 451 1634 472 s
1643 466 1652 478 ⁷
1687 444 1742 470 vid,
1760 449 1780 470 0
1791 451 1810 470 R
1820 449 1836 469 B
1847 449 1868 469 v
1879 449 1903 470 s,

518 495 607 520 audate
617 486 763 524 praesertim
801 484 897 510 Seneca
910 483 988 518 Epist.
1003 490 1032 516 87
1074 483 1174 517 Pauper
1188 481 1235 508 fibi
1250 480 1357 507 videtur
1450 484 1470 504 0
1481 483 1525 504 RB
1535 485 1573 504 IV
1583 485 1597 506 s
1609 501 1618 513 ,
1651 480 1670 507 i.
1697 489 1731 506 m.
1770 479 1863 506 Cliuus
1879 478 2057 517 Romaerer
2072 477 2146 504 cuius
2161 475 2240 503 orbes
2251 474 2347 503 Tullia
2359 479 2385 501 et
2397 474 2466 502 Tar-

298 496 518 566 }garissdiijdiiizl
531 527 577 554 nisi
597 524 706 559 parietes
725 520 827 555 magnis
841 518 959 555 pretiosis
974 517 1086 546 orbibus
1098 517 1268 549 refulserint,
1307 513 1357 541 nisi
1415 513 1523 547 quinius
1546 522 1608 548 rege
1630 514 1774 543 interfe&o
1796 519 1973 550 properarunt
1995 521 2025 539 in
2052 513 2141 548 regiae
2164 512 2259 545 domus
2285 510 2466 546 possessionem.

299 567 478 598 Alexandrina
510 568 642 591 marmora
668 556 821 585 Numidicis
849 555 941 582 crustis
965 554 1089 582 distincta
1113 554 1170 581 sint.
1232 553 1287 579 Vid.
1311 556 1358 577 1³1-
1420 549 1477 576 Via'.
1496 548 1593 576 Festus.

299 613 322 633 '1'
330 613 349 632 Y
359 612 371 632 s
380 612 405 631 M
414 611 445 631 A.
654 592 676 631 q
697 603 710 626 7
747 594 800 618 lam
818 592 854 618 ad
864 598 952 618 motum
963 591 1111 617 circularem
1119 610 1127 623 ,
1148 598 1170 616 et
1184 588 1358 614 reuolutionem
1452 591 1471 612 ο
1480 591 1499 611 R
1508 589 1523 610 Β
1536 590 1555 611 o
1567 591 1590 611 Ν
1599 590 1620 610 Α
1629 604 1638 617 ,
1662 593 1700 612 ae.
1737 586 1758 612 f.
1783 585 1849 612 ‘Dea
1860 593 1875 611 a
1887 583 2016 611 Romanis
2030 583 2116 618 culta,
2138 592 2172 610 ne
2184 582 2266 610 orbos
2278 582 2394 615 faceret,
2414 582 2467 609 vid.

298 641 368 669 cuim
380 640 435 672 finis
454 644 506 662 cum
520 632 594 659 initi,
608 640 684 657 nouae
697 627 835 655 consuntitis
852 627 902 664 est,
932 627 1080 661 referuntur
1092 626 1153 662 ista,
1179 633 1241 659 quae
1260 633 1275 649 a
1293 629 1358 649 rota·
1371 630 1401 648 10
1417 619 1519 647 Arnob.
1533 631 1545 652 4
1559 629 1584 653 p.
1599 628 1640 651 ¹3¹·
1693 621 1780 648 Huius
1793 622 1884 648 fanum
1899 620 1967 655 apud
1980 619 2072 647 aedem
2086 619 2195 647 Larium
2216 619 2347 653 Plin.2,7.
2399 617 2468 645 Ter-

299 685 355 704 rum
374 671 471 708 (orbes
484 677 508 696 et
520 669 565 695 hae
577 673 699 693 vocantur
709 665 762 691 vid.
777 673 804 690 n.
817 664 846 697 ό)
867 662 1013 689 cii-cumano
1023 662 1133 698 primum
1145 660 1218 688 duria
1229 660 1358 685 videntur.
1417 656 1475 683 tull.
1489 655 1522 682 ad
1536 656 1597 683 Nat.
1614 663 1639 688 2,
1653 663 1682 689 14
1715 656 1824 683 Orbona
1835 657 1882 683 dea
1891 678 1898 690 ,
1924 665 1990 691 quae
2002 656 2032 682 in
2046 655 2191 682 orbitatem
2205 655 2305 681 semina
2319 652 2469 688 exstinguat.

299 716 339 739 Ac
357 705 532 744 metaphoricos
550 703 648 738 quidem
667 700 699 736 ‘st
719 699 801 727 Orbis
819 697 957 726 doetrinae
982 697 1093 732 Qtinft-
1116 706 1134 730 Ι,
1150 706 1188 729 ¹0,
1205 705 1214 722 ¹
1234 696 1358 727 ἕνκῦκλως
1455 698 1474 719 0
1485 698 1502 718 R
1515 698 1532 718 Β
1543 698 1603 724 VSs
1623 700 1653 724 ὃ,
1674 700 1729 718 um·
1765 692 1826 720 Adi·
1861 692 1990 727 [Νφλὸὴ
2009 690 2131 726 ῖέξῆθᾶἔ]
2149 690 2250 726 P''⁰P''f⁵'
2261 690 2371 722 dicitur,
2408 691 2469 716 0²⁴⁹-

299 746 397 775 παιδεία.
453 742 484 767 Et
497 750 522 776 9,
536 751 559 773 4,
572 747 617 773 129
654 736 756 764 Orbem
771 734 902 770 quendam
915 740 1121 767 contextumque
1136 731 1263 760 desiderat
1276 729 1358 757 hisio-
1418 728 1497 754 lorum
1511 729 1563 753 luce
1574 728 1705 762 priuatus:
1725 727 1797 760 quast
1805 727 1894 763 amiffis
1906 729 2017 761 orbibus,
2040 734 2144 763 propter
2155 726 2332 752 rotunditatem
2344 726 2472 753 oculorum.

300 783 354 809 ria:
389 780 493 812 itemque
506 775 556 809 ille,
568 778 598 801 de
611 782 656 809 quo
678 772 745 800 Plin.
759 771 836 806 Epist.
848 780 874 804 9,
888 779 918 803 30
942 771 1060 797 Primum
1074 769 1110 796 est
1124 775 1229 801 autem,
1249 767 1296 793 suo
1310 765 1359 792 ess'e
1417 763 1578 790 Luminibus
1591 762 1674 789 orbus
1704 762 1771 790 Ptin.
1784 771 1811 795 9,
1824 772 1861 795 42.
1951 764 2042 791 Altero
2056 762 2158 790 lumine
2182 761 2256 789 Idem
2269 769 2306 794 33,
2319 770 2354 788 10.
2427 760 2471 788 Sil.

300 822 467 844 contentum:
502 809 598 838 deinde
616 818 684 844 quos
703 808 843 843 praecipue
856 807 918 833 scias
938 805 1079 840 indigere,
1114 804 1298 832 sustentantem
1320 802 1360 828 fo·
1376 807 1402 834 15
1419 809 1452 833 13,
1465 801 1510 833 726
1529 815 1575 820 --
1594 798 1779 832 Pyrrhumque
1791 806 1806 824 a
1819 797 1911 826 limine
1926 805 2018 834 portae
2056 798 2160 825 Deiecit
2174 798 2243 825 visus
2258 797 2350 824 orbus.
2386 796 2473 830 Visus,
2487 797 2491 803 “

299 857 458 882 venteuique
471 847 539 877 orbe
551 845 666 882 quodam
680 844 810 871 societatis
823 842 942 875 ambire,
979 842 1065 868 Cicero
1078 840 1181 876 dixiffit
1201 838 1360 866 liberalitate
1417 835 1584 871 Accusatiuus
1598 834 1644 870 est:
1680 832 1786 866 Orbus,
1805 834 1994 866 Nominatiuus;
2029 835 2094 868 vtfi
2102 835 2194 860 diceres
2207 835 2287 859 Orbus
2299 834 2394 859 oculos:
2427 832 2483 866 ”fil

299 885 452 922 compledki.
524 884 565 909 Sic
577 891 650 917 quam
665 878 806 908 Periodum
822 878 928 908 Graeci,
948 876 1050 903 Orbem
1062 884 1134 903 vocat
1169 876 1225 903 Cic.
1241 875 1269 901 in
1284 875 1361 901 Orat.
1418 872 1492 897 malis
1509 871 1579 898 visus
1595 870 1711 897 Genitiiio
1724 869 1857 904 Singulari
1869 872 1987 906 accipre.
2043 869 2164 905 [melligi't
2183 877 2264 895 autem
2277 869 2387 904 Appium
2401 869 2474 895 Clau.

298 931 346 956 234
360 931 382 949 c.
395 930 418 954 7¹
446 920 475 947 in
485 917 650 951 Thucydide
664 915 758 943 orbem
772 914 902 941 orationis
916 912 1042 939 desidero.
1139 910 1213 938 Idem
1226 910 1262 939 ib.
1276 919 1296 943 3,
1313 910 1359 942 196
1419 907 1486 932 dium
1500 916 1606 934 caecum.
1697 905 1820 933 Palmites
1832 904 1910 939 orbi,
1935 906 1990 941 Qi
2008 906 2083 933 oculis
2097 913 2120 932 et
2131 905 2234 940 gemmis
2248 911 2350 937 carent,
2373 911 2396 930 et
2410 901 2486 933 nihil.

299 969 322 986 e.
337 966 360 991 51
387 958 481 990 Qum
492 955 634 982 circuitum
647 959 672 979 et
685 950 755 986 quasi
770 950 863 976 orbem
875 947 1021 975 verborum
1035 947 1167 974 conficere
1180 955 1235 972 non
1249 945 1359 979 possent.
1414 941 1523 977 pariunt
1542 942 1673 969 Columel.
1688 952 1711 975 4,
1728 951 1764 975 27.
1962 937 1984 978 ff
2004 950 2016 967 2
2053 941 2158 976 orbus,
2179 942 2206 966 f„
2219 940 2360 976 „vm-uersum
2373 939 2475 974 dicitur,
2497 942 2500 950 ,

298 994 374 1023 Idem
390 993 427 1020 ib.
444 1001 490 1026 149
521 989 638 1018 Conficit
657 987 751 1015 orbem
773 987 849 1012 suum
866 984 955 1010 forma
969 982 1186 1018 concinnitasque
1200 981 1357 1008 verborum.
1369 985 1403 1004 20
1418 977 1565 1013 Qicunque
1577 979 1664 1012 aliqua
1678 988 1704 1003 rc
1711 978 1763 1013 fibi
1773 986 1835 1003 cara
1843 975 1961 1012 priuatus
1976 975 2015 1011 cst.
2074 980 2087 994 ⁰
2107 979 2150 1003 Sic
2163 976 2229 1004 Plin.
2242 981 2265 1008 8,
2279 985 2309 1009 39
2330 975 2429 1002 Omnia
2441 976 2481 1004 seq]

299 1033 332 1057 In
342 1029 433 1065 primis
445 1029 492 1054 huc
502 1027 613 1062 pertinet
627 1023 709 1051 Orbis
722 1020 883 1056 reipublicae
916 1020 935 1046 i.
954 1020 1058 1046 mutatio
1079 1025 1104 1044 et
1120 1017 1242 1050 conuersio
1256 1017 1359 1051 fiarmae
1418 1013 1496 1039 cessus
1510 1021 1629 1048 tempore
1642 1022 1746 1041 veneno
1762 1012 1829 1039 orba
1849 1011 1998 1039 dormiunt.
2089 1013 2176 1039 Rebus
2195 1012 2321 1039 omnibus
2335 1011 2432 1047 quibus
2450 1007 2488 1039 et*-

300 1065 365 1092 illius
377 1072 401 1091 et
414 1064 522 1099 imperii.
614 1063 653 1087 De
666 1061 709 1086 boc
722 1058 780 1084 Cic.
794 1066 843 1091 pro
857 1055 941 1096 Plane.
955 1064 983 1090 93
1004 1055 1075 1082 Stare
1087 1054 1162 1081 enim
1175 1062 1267 1080 omnes
1281 1051 1359 1079 debe·
1418 1055 1512 1076 natura
1528 1058 1569 1075 ine
1578 1070 1586 1082 ‚
1606 1055 1631 1075 et
1644 1049 1766 1076 voluntas
1779 1054 1805 1075 et
1817 1047 1981 1075 consuetudo
1993 1048 2176 1082 assuefecerat,
2196 1047 2278 1075 orbus
2298 1047 2355 1075 Cic.
2369 1048 2442 1074 Fam.
2452 1057 2483 1082 4,ί

299 1110 376 1135 mus,
402 1107 528 1134 tanquam
543 1098 573 1124 in
588 1096 654 1124 orbe
668 1095 759 1129 aliquo
771 1093 847 1128 Reip.
863 1101 910 1126 qui
923 1091 1051 1126 quoniam
1064 1091 1201 1125 versetur,
1225 1097 1282 1116 eam
1296 1087 1361 1114 deli-
1419 1095 1451 1117 ¹3-
1523 1085 1626 1112 Auxilii
1638 1084 1720 1111 orbus
1740 1084 1823 1112 Plaut.
1836 1083 1905 1110 Rud.
1917 1093 1940 1118 2,
1954 1093 1975 1116 3,
1989 1093 2025 1117 19.
2098 1084 2165 1110 Aula
2185 1084 2274 1111 Valer.
2287 1087 2388 1119 Argon.
2401 1085 2428 1116 6,
2440 1092 2478 1116 47.
2503 1100 2507 1105 -

491 1134 634 1163 debemus,
658 1131 690 1158 ad
704 1138 783 1166 quain
798 1138 846 1155 nos
859 1128 932 1154 illius
946 1127 1063 1160 vtilitas‚
1086 1126 1207 1161 salusque
1222 1130 1360 1151 conuerte·
1418 1121 1521 1148 Ciuitas
1543 1121 1600 1148 Cic.
1614 1121 1687 1147 Fam.
1702 1131 1723 1154 3,
1737 1130 1768 1148 11.
1847 1119 1922 1147 Idem
1938 1129 1988 1155 pro
2004 1120 2087 1160 Flacc.
2101 1128 2129 1153 54
2150 1120 2239 1153 Vsque
2251 1128 2284 1147 eo
2298 1120 2365 1147 orba
2378 1118 2432 1146 fuit
2444 1118 2491 1157 abs,¹
2503 1139 2505 1143 ,

298 1146 363 1201 {fg-‘e
377 1141 491 1199 parltggs„
504 1171 556 1197 Ast,
569 1179 592 1204 2,
605 1177 621 1202 9
641 1166 759 1196 Festiue,
777 1164 846 1191 mihi
860 1163 952 1196 crede,
978 1169 1004 1190 et
1017 1162 1124 1189 minore
1135 1161 1242 1196 sonitu,
1278 1169 1359 1195 quam
1373 1162 1404 1188 23
1419 1157 1591 1192 optimatibus
1606 1156 1650 1183 illa
1663 1157 1782 1188 Concio,
1801 1159 1831 1182 vt
1845 1156 1966 1191 princeps
1979 1156 2131 1191 principum
2146 1155 2205 1181 essct
2217 1155 2381 1182 Meandrius.
2430 1155 2492 1187 Ρο-,νΙ

297 1215 438 1245 putarem,
468 1206 543 1234 orbis
555 1205 599 1231 hic
612 1205 642 1230 in
655 1200 800 1238 Republica
813 1200 854 1237 vest
869 1200 1026 1234 conuersus,
1054 1198 1134 1225 citius
1147 1198 1261 1225 omnino
1280 1205 1360 1231 quam
1419 1202 1481 1219 rum
1497 1193 1588 1220 litibus
1603 1192 1701 1220 orbum
1738 1193 1809 1219 Hor.
1826 1190 1878 1218 Od.
1893 1202 1917 1225 4,
1930 1201 1953 1225 2,
1966 1200 2004 1224 43.
2110 1192 2215 1218 Funera
2227 1190 2295 1217 orba
2307 1190 2380 1226 rogis
2417 1186 2495 1219 Stat-‘ss

299 1243 389 1280 potuit
401 1242 430 1271 id
442 1242 518 1278 culpa
532 1239 651 1269 Catonis,
723 1237 780 1265 Cic,
789 1237 872 1269 Atta,
884 1246 906 1262 21
929 1234 1059 1269 Equidem
1073 1234 1206 1269 sperabam
1220 1233 1252 1260 sic
1263 1232 1360 1259 orbem
1418 1228 1511 1256 Theb.
1526 1238 1562 1262 ιο,
1574 1237 1601 1263 ’7.
1709 1228 1766 1257 Cic.
1781 1227 1896 1268 Philipp.
1910 1237 1937 1263 9,
1951 1237 1958 1254 1
1981 1227 2076 1255 Subito
2089 1234 2195 1262 ereptus
2210 1233 2293 1253 totam
2305 1226 2499 1263 Legationem']

299 1274 473 1315 Reipublicae
489 1278 539 1305 effe
553 1274 727 1307 conuersum,
762 1279 791 1299 vt
809 1273 855 1299 vix
874 1271 990 1299 sonitum
1002 1270 1112 1305 audire,
1147 1270 1194 1296 vix
1210 1269 1360 1304 impressam
1419 1264 1513 1291 orbam
1527 1270 1553 1291 et
1567 1264 1731 1291 debilitatam
1744 1264 1866 1298 reliquit.
1938 1263 1996 1291 Cic.
2009 1265 2039 1289 de
2051 1263 2200 1289 Academica
2209 1262 2365 1303 Philosopfoia
2378 1262 2409 1289 de
2416 1257 2490 1291 Nat(

290 1316 418 1344 *orbitam
429 1314 521 1342 videre
534 1313 678 1349 possemus:
714 1315 740 1336 et
753 1309 842 1335 fuisset
857 1307 907 1341 ita,
935 1307 953 1334 si
966 1306 1091 1334 homines
1109 1306 1248 1333 transitum
1262 1311 1360 1340 tempe.
1419 1301 1501 1328 Deor.
1516 1309 1537 1334 1,
1557 1311 1576 1328 ii
1615 1300 1780 1327 Confirmata
1800 1308 1815 1326 a
1829 1299 1965 1327 Carneade
1984 1308 2069 1333 vsque
2082 1299 2114 1325 ad
2126 1298 2241 1325 nostram
2255 1299 2342 1333 viguit
2354 1305 2485 1327 aetatemz·
2506 1301 2507 1304 ’

298 1352 370 1380 statis
388 1350 537 1386 exspeeiare
557 1347 705 1384 potuissent.
760 1344 835 1377 Conf.
855 1343 946 1370 Tacit.
962 1345 1030 1370 Ann.
1043 1352 1066 1376 3,
1079 1351 1116 1375 55,
1132 1350 1154 1375 ς.
1168 1350 1191 1369 et
1204 1341 1265 1368 Liu.
1279 1350 1301 1374 3,
1320 1341 1359 1373 36.
1372 1344 1404 1368 30
1420 1346 1499 1372 quam
1513 1346 1582 1363 nunc
1596 1336 1791 1372 propemodum
1805 1335 1899 1362 orbam
1915 1336 1964 1363 effe
1977 1335 2006 1361 in
2021 1335 2075 1370 ipsa
2082 1335 2194 1362 Graecia
2207 1334 2339 1370 intellige.
2373 1334 2479 1363 Plebem

299 1386 322 1427 ff
341 1395 355 1419 8
392 1391 431 1414 At
444 1386 528 1414 Orbis
538 1383 653 1420 proprius
665 1381 711 1418 est,
736 1380 780 1420 qui
792 1379 880 1414 desole
890 1386 914 1405 et
923 1378 1049 1412 sideribus
1062 1379 1166 1405 dicitur.
1216 1379 1244 1404 V.
1254 1386 1282 1417 g.
1301 1376 1361 1403 Cir.
1420 1371 1515 1400 orbam
1528 1381 1561 1398 ne
1574 1373 1748 1406 relinquunto
1772 1371 1829 1399 Cic.
1842 1371 1874 1398 de
1888 1371 1982 1408 Legib.
1997 1381 2018 1404 3,
2031 1380 2056 1404 9.
2092 1372 2110 1398 i.
2124 1371 2181 1404 stne
2193 1370 2351 1406 magistratu.
2415 1371 2483 1398 Por-1

335 1424 341 1429 '
437 1423 513 1450 bium
532 1420 611 1451 solis,
637 1426 658 1446 v
673 1415 819 1444 defectibus
835 1421 874 1441 Lx
890 1419 915 1441 et
929 1420 988 1441 CCC
998 1434 1007 1446 ,
1036 1419 1128 1447 quarta
1142 1414 1200 1440 fere
1215 1413 1269 1440 diei
1286 1419 1361 1448 parte
1418 1414 1490 1436 tenta
1504 1408 1601 1443 pedum
1629 1408 1736 1435 Lucret.
1749 1415 1774 1441 ς,
1787 1413 1840 1440 838.
1946 1406 2105 1441 Respublica
2117 1405 2183 1434 orba
2197 1407 2320 1434 Consulis
2333 1406 2413 1434 fidem
2426 1407 2496 1435 tan-,⁸

298 1430 387 1488 :iidtiltld
401 1432 601 1486 gornuerfiouem
613 1453 757 1481 conficiunt
770 1459 885 1477 annuam
905 1450 962 1478 Cic.
977 1449 1009 1475 de
1021 1449 1085 1476 Nat.
1099 1450 1181 1477 Deor.
1189 1459 1211 1483 2,
1219 1459 1260 1481 50.
1327 1449 1359 1476 In
1419 1453 1498 1479 quam
1514 1444 1629 1479 legitimi
1646 1443 1760 1478 tutoriS,
1795 1443 1952 1478 implorauit
1987 1443 2044 1470 Cic.
2064 1442 2122 1478 post
2133 1442 2189 1470 red.
2205 1443 2236 1469 ad
2250 1443 2330 1476 Qnir.
2346 1453 2374 1472 ii.
2410 1438 2477 1470 Add.

298 1495 394 1523 orbem
408 1495 563 1527 circumque
577 1492 661 1518 fertur
673 1495 760 1516 motus
776 1487 906 1513 astrorum
924 1485 998 1512 Idem
1012 1484 1050 1511 ib.
1068 1493 1090 1518 2,
1104 1494 1143 1517 44.
1240 1484 1315 1511 Idem
1330 1484 1360 1510 in
1417 1481 1491 1508 Idem
1505 1481 1579 1507 Fam.
1592 1489 1615 1513 3,
1630 1489 1658 1506 11.
1733 1478 1841 1512 Orbus,
1872 1477 1985 1512 [ἄτεκνος
1999 1480 2058 1505 Vct.
2073 1479 2169 1514 Glossss]
2201 1480 2279 1504 Pater
2290 1479 2401 1511 dicitur,
2436 1479 2488 1514 qui·

298 1533 390 1559 Somn.
402 1531 472 1565 Scip.
486 1535 500 1560 ε
523 1529 586 1555 Erat
601 1533 690 1553 autem
705 1525 726 1550 is
741 1521 945 1558 splendidissimo
962 1521 1077 1548 candore
1089 1520 1160 1547 inter
1172 1520 1289 1546 flammas
1308 1517 1359 1545 cir·
1373 1522 1402 1548 33
1419 1516 1503 1548 nmifit
1514 1516 1610 1543 liberos.
1649 1515 1705 1543 Cic.
1718 1514 1747 1541 in
1761 1515 1852 1542 Parad.
1866 1523 1879 1548 ς
1905 1516 1994 1548 Qiem
2009 1520 2102 1541 nutum
2116 1514 2255 1549 locupletis
2268 1514 2330 1542 orbi
2343 1514 2411 1542 senis
2425 1523 2479 1543 non

297 1575 344 1594 cus
355 1565 475 1597 elucens,
499 1573 579 1599 quem
591 1571 641 1589 vos
661 1564 709 1593 (vt
721 1569 736 1587 a
748 1558 837 1586 Graiis
848 1557 1003 1592 accepistis)
1023 1555 1118 1583 orbem
1134 1555 1248 1582 lacteum
1260 1563 1360 1581 nuncu·
1417 1551 1559 1578 obstruat?
1630 1550 1763 1585 Qinffil.
1777 1560 1799 1584 7,
1814 1558 1827 1584 5
1847 1551 1878 1577 In
1892 1559 2008 1586 paupere
2021 1551 2140 1585 gratior,
2161 1559 2240 1585 quam
2253 1550 2284 1576 in
2299 1550 2400 1584 diuite,
2418 1551 2478 1578 dan-

294 1602 374 1639 patiS.
451 1599 587 1635 Obliquus
606 1597 704 1624 Lucan.
718 1605 737 1628 i,
751 1600 787 1627 78.
823 1593 945 1628 Intelligit
957 1594 1075 1619 circulum
1089 1592 1229 1618 Zodiacum.
1301 1591 1360 1618 Cic.
1418 1593 1444 1614 te
1457 1586 1617 1614 beneficium
1631 1596 1709 1622 quarn
1722 1586 1865 1621 reddente,
1886 1591 1960 1622 patre
1972 1595 2051 1620 quam
2064 1586 2143 1613 orbo.
2222 1586 2261 1613 Sic
2276 1586 2409 1614 Columel.
2424 1594 2452 1622 7,
2463 1596 2478 1621 ⁴

297 1638 330 1666 de
342 1638 406 1665 Nat.
419 1637 502 1664 Deor.
518 1644 540 1670 2,
554 1644 582 1666 54
597 1642 618 1660 c.
633 1640 668 1659 20
694 1632 767 1659 Infra
781 1637 868 1657 autem
881 1629 947 1656 hanc
960 1628 1032 1655 stella
1044 1627 1175 1655 Mercurii
1190 1627 1242 1661 est,
1268 1635 1297 1653 ea
1311 1630 1361 1655 ςίλ-
1419 1623 1510 1650 Orbae
1523 1624 1575 1650 suis
1590 1624 1657 1650 natis
1670 1629 1776 1650 matres.
1848 1623 1891 1648 Sic
1903 1622 1982 1658 posuit
1994 1622 2114 1649 quenal.
2128 1631 2152 1655 3,
2167 1631 2206 1656 ¹29
2227 1622 2335 1649 Dudum
2348 1622 2481 1658 vigilanti„

295 1679 341 1709 βων
360 1673 507 1709 appellatur
518 1680 533 1697 a
547 1668 672 1704 Graecis,
709 1676 776 1702 quae
794 1675 865 1692 anno
886 1665 944 1692 fere
962 1669 1083 1692 vertente
1099 1663 1256 1698 signiferum
1269 1662 1361 1690 lustrat
1417 1658 1467 1686 bus
1481 1659 1565 1687 orbis.
1637 1659 1728 1691 Orbus
1741 1659 1825 1686 homo
1838 1657 1967 1693 gaudium
1979 1657 2085 1685 heredis
2097 1658 2137 1685 sui
2158 1658 2267 1685 Phaedr.
2276 1668 2301 1691 4,
2309 1663 2385 1693 i9‚18.
2422 1659 2478 1687 ‚Or-

295 1709 401 1737 orbem.
493 1706 577 1734 Orbis
589 1703 720 1732 Brumalis
733 1709 759 1730 et
772 1701 921 1729 Solstitialis
941 1700 1015 1728 Idem
1027 1699 1064 1727 ib.
1079 1710 1101 1733 3,
1112 1707 1142 1737 37
1157 1709 1178 1726 c.
1195 1708 1223 1731 ¹4
1240 1698 1300 1732 sunt
1313 1700 1359 1725 duo
1371 1703 1405 1727 40
1418 1695 1500 1729 bum,
1517 1701 1565 1731 pro
1579 1696 1734 1722 Exheredato
1744 1694 1849 1731 posuiffi·
1861 1695 1966 1730 quidam
1977 1695 2067 1720 volunt
2099 1694 2218 1721 Plinium
2231 1694 2310 1729 Epist.
2325 1704 2349 1728 5,
2363 1703 2383 1727 1,
2395 1703 2407 1727 3
2420 1702 2444 1721 ee
2455 1700 2478 1726 8,

298 1745 409 1780 Tropici.
481 1741 636 1770 Conficiunt
650 1738 729 1766 orbes
743 1740 801 1765 suos
816 1743 841 1763 et
855 1736 967 1763 circulos
982 1736 1117 1763 celeritate.
1132 1734 1253 1762 mirabili
1271 1734 1360 1761 stellae
1418 1736 1453 1764 18,
1466 1740 1487 1763 3.
1548 1732 1599 1757 Sed
1603 1730 1741 1767 sollemnem
1746 1731 1957 1766 fignificationem
1970 1731 2131 1756 retinendam
2143 1730 2247 1767 ostendit
2258 1730 2344 1765 priore
2354 1731 2405 1757 'loco
2419 1731 2480 1757 (ἶνα.

2510 240 2517 346 1,

2510 360 2517 400 1

2515 415 2517 444 1

2514 489 2517 518 l

296 1780 355 1807 Cic.
368 1789 398 1807 m
410 1779 501 1806 Sotnn.
515 1777 583 1811 Scip.
597 1778 613 1802 6
628 1785 651 1802 c.
667 1783 688 1807 3.
760 1772 851 1799 Hausit
864 1771 903 1798 sol
917 1772 1035 1798 medium
1048 1771 1160 1804 orbem,
1197 1771 1214 1796 i.
1235 1771 1360 1804 Peragra-
1418 1767 1520 1799 nouiiis,
1558 1767 1638 1792 altero
1651 1766 1781 1802 Gesnerus.
1891 1764 1998 1799 Orbus,
2034 1765 2169 1803 [ὄρφκνὸς]
2196 1767 2251 1803 Qi
2261 1773 2377 1801 parente,
2389 1764 2485 1800 “mist-,2
2516 1772 2517 1781 1

295 1816 337 1842 vit
349 1816 399 1841 iam
412 1814 516 1840 medium
529 1813 607 1838 orbem
627 1810 705 1844 Virg.
719 1809 817 1842 Georg.
834 1818 858 1841 4,
869 1816 924 1840 425.
943 1807 1066 1846 Meridiei
1076 1805 1238 1841 periphrafis.
1289 1806 1358 1831 Hinc
1416 1802 1487 1829 Ter.
1503 1801 1609 1828 Phorm.
1626 1811 1643 1835 i,
1655 1810 1677 1835 2,
1691 1809 1723 1836 75
1743 1803 1799 1829 Lex
1812 1802 1849 1829 est
1861 1807 1890 1829 vt
1903 1801 1986 1829 orbae
2000 1802 2047 1834 qui
2060 1801 2108 1828 siut
2121 1812 2216 1836 genere
2230 1810 2363 1836 proximi,
2383 1811 2420 1829 eis
2433 1811 2487 1829 ηιμ

295 1849 318 1916 Ξ
338 1860 353 1885 9
392 1848 490 1882 Orbis,
510 1854 556 1883 pro
569 1850 654 1872 Anno.
698 1844 775 1878 Virg.
793 1845 858 1869 Aen.
873 1851 891 1872 t,
903 1850 946 1875 273
978 1841 1111 1875 Triginta
1122 1849 1232 1875 magnos
1246 1840 1357 1867 voluen-
1416 1835 1482 1863 bant
1501 1836 1634 1876 Qiinftil.
1648 1846 1671 1871 7,
1684 1846 1707 1867 5.
1780 1837 1856 1863 Orba
1870 1842 1945 1871 patre
1959 1836 2039 1869 virgo
2063 1837 2132 1863 Ter.
2147 1837 2257 1872 Adelph.
2266 1846 2294 1870 4,
2303 1839 2369 1870 5,16.
2432 1838 2482 1868 Te,
2516 1851 2517 1854 =

317 1887 338 1914 is
363 1884 496 1913 mensibus
515 1882 594 1910 orbes
630 1879 748 1915 Imperio
771 1877 896 1913 explebit.
933 1877 953 1904 i.
985 1878 1109 1912 Regnabit
1132 1876 1244 1910 triginta
1270 1885 1356 1902 annos.
1370 1876 1401 1903 45
1415 1872 1547 1898 incoluml
1561 1871 1623 1898 orbi
1637 1880 1694 1898 non
1708 1877 1787 1898 erunt
1800 1871 1852 1897 filii
1889 1871 1947 1898 Cic.
1963 1870 2082 1904 QFrat.
2090 1880 2109 1904 1,
2116 1881 2136 1904 3.
2228 1872 2364 1900 orbarum
2377 1874 2480 1910 nuptias

296 1923 374 1951 Orbis
387 1920 479 1947 dicitur
491 1929 520 1944 ea
533 1918 640 1949 ratione,
654 1925 702 1950 qua
710 1914 802 1940 Graeci
813 1915 915 1940 ἐνιαυτὸν
926 1919 1018 1939 vorant
1023 1933 1033 1945 ,
1052 1913 1119 1946 quod
1124 1912 1224 1948 scilicet
1237 1911 1359 1937 circulum
1415 1907 1591 1934 indicentium
1605 1907 1695 1934 causae
1713 1906 1881 1941 Qiind'tilq,
1894 1916 1920 1940 4,
1933 1914 1964 1939 24
1977 1913 2001 1931 et
2015 1915 2053 1939 39.
2140 1917 2147 1927 ··

288 1958 396 1994 faciat,
419 1963 442 1982 et
450 1954 546 1990 semper
559 1953 586 1978 in
593 1951 622 1988 st
637 1950 716 1987 ipsum
728 1956 850 1976 recurrat.
959 1948 1036 1982 Virg.
1049 1949 1148 1982 Georg.
1160 1956 1183 1980 2,
1195 1955 1241 1980 401
1278 1946 1358 1974 Redit
1455 1949 1476 1970 0
1489 1950 1509 1970 R
1524 1949 1541 1970 B
1554 1943 1596 1970 ΪΤ
1607 1949 1650 1969 As
1659 1963 1668 1976 ‚
1691 1943 1752 1970 atiS.
1789 1942 1810 1969 f.
1848 1942 1983 1977 [izi-sursit]
2020 1941 2068 1968 Jlla
2083 1948 2184 1977 patrum
2196 1943 2303 1968 conditio
2314 1944 2366 1980 pqsl
2382 1945 2479 1981 aniiff‘os

293 1993 420 2029 agricolis
432 1990 508 2018 labor
520 1989 593 2016 aetus
607 1988 636 2014 in
651 1986 745 2013 orbem
761 1986 846 2019 Atque
858 1983 888 2011 in
901 1984 925 2010 se
941 1984 984 2010 sua
998 1992 1046 2017 pei·
1058 1983 1168 2019 vestigia
1182 1983 1303 2009 voluitur
1315 1991 1358 2008 an.
1415 1980 1522 2012 liberos,
1541 1987 1570 2005 vt
1584 1981 1672 2004 vxoris
1685 1979 1798 2004 viduitas
1806 1979 1859 2015 post
1870 1978 1981 2012 omssiam
1995 1977 2122 2004 mmu'tum.
2158 1977 2215 2005 Cic.
2230 1977 2262 2004 de
2275 1979 2348 2005 Clar.
2362 1980 2437 2008 Orat.
2444 1990 2477 2016 9ο

293 2038 353 2057 nus,
389 2029 481 2061 Nempe
494 2026 586 2052 Annus
599 2031 693 2057 quoque
706 2020 781 2059 orbis
799 2019 850 2054 est,
875 2026 905 2045 vt
919 2018 1041 2046 annulus.
1133 2021 1243 2045 Annuus
1258 2018 1357 2045 exac'tis
1416 2016 1495 2042 Tum
1507 2016 1537 2042 C.
1553 2014 1624 2041 Galli
1639 2014 1721 2041 etiam
1734 2013 1820 2041 filium
1835 2014 1899 2040 flens
1911 2012 2129 2046 commendabat,
2157 2014 2231 2040 cuius
2251 2013 2352 2040 orbitas
2365 2021 2391 2042 et
2402 2016 2472 2044 flet-iit

293 2063 443 2099 completur
456 2059 586 2086 mensibus
598 2057 673 2083 orbis
699 2056 775 2087 Virg.
789 2056 854 2079 Aen.
869 2063 892 2092 ς,
904 2057 944 2085 46.
1037 2055 1093 2079 Huc
1106 2054 1204 2085 referas
1217 2053 1280 2078 illud
1297 2053 1358 2078 Liu.
1371 2055 1403 2080 50
1417 2051 1486 2075 mire
1506 2049 1666 2075 miserabilis
1686 2050 1739 2076 fuit
1758 2056 1868 2084 propter
1892 2055 2025 2076 recentem
2045 2049 2203 2075 memoriam
2230 2048 2364 2077 clariffimi
2383 2051 2468 2086 panis.

291 2109 318 2134 3,
332 2108 360 2126 io
398 2097 434 2124 Vt
454 2095 526 2122 idem
545 2093 576 2119 in
595 2090 711 2125 singulos
730 2097 813 2115 annos
829 2087 904 2113 orbis
918 2087 1090 2119 voluerant,
1127 2088 1146 2112 i.
1166 2088 1247 2111 eodem
1256 2087 1358 2120 fierent,
1417 2083 1491 2109 Idem
1506 2083 1538 2108 de
1554 2083 1641 2108 Finib.
1652 2092 1675 2115 5,
1684 2089 1714 2113 84
1726 2090 1787 2112 028
1806 2085 1912 2109 Bonum
1924 2084 2020 2117 liberi,
2045 2085 2139 2111 misera
2153 2085 2263 2112 orbitas.
2335 2085 2416 2114 Dolor
2425 2094 2466 2113 or-

291 2137 378 2163 eadem
389 2132 512 2159 redirent.
603 2126 679 2155 Idem
692 2133 714 2157 3,
728 2125 758 2157 36
776 2124 805 2149 tle
818 2122 989 2156 Decenmi'ris,
1014 2122 1051 2148 Vt
1063 2129 1131 2147 vnus
1145 2120 1223 2147 fasces
1239 2120 1360 2152 haberet,
1417 2116 1524 2149 bitatis,
1544 2116 1605 2151 scil.
1625 2117 1662 2142 Ob
1669 2117 1753 2151 filium
1765 2118 1925 2150 interftt‘i‘um
1954 2119 2047 2145 Iustin.
2060 2129 2079 2152 1,
2095 2129 2119 2152 ς,
2134 2126 2158 2149 8.
2229 2121 2290 2147 Stat.
2298 2120 2350 2148 Silu
2370 2131 2383 2156 4
2406 2131 2420 2155 7
2441 2130 2468 2154 33

293 2177 321 2199 et
334 2170 386 2198 hoc
399 2167 501 2202 insigne
513 2163 620 2199 regium
632 2162 663 2188 in
680 2159 774 2187 orbem
787 2159 860 2185 suam
880 2158 1010 2191 cuiusque
1027 2156 1114 2184 vicem
1135 2156 1164 2183 in
1183 2164 1276 2182 omnes
1296 2156 1360 2188 iret,
1419 2151 1528 2179 Orbitas
1542 2150 1618 2178 omni
1631 2151 1756 2186 fugienda
1769 2152 1828 2178 nisu
1849 2153 1937 2186 Qiam
1952 2153 2049 2187 premit
2061 2154 2131 2180 votis
2143 2155 2269 2182 inimicus
2281 2141 2366 2184 heres:
2385 2142 2394 2156 ’
2407 2141 2472 2184 9⁹13„-

293 2212 378 2241 nempe
392 2214 408 2231 a
418 2204 499 2240 primo
508 2208 554 2237 per
566 2199 658 2226 medios
670 2198 706 2223 ad
718 2195 849 2226 vltimum,
869 2193 899 2218 ab
911 2194 956 2219 hoc
967 2194 1002 2218 ad
1010 2193 1129 2228 primum,
1143 2199 1190 2218 etc.
1297 2188 1319 2228 ff
1332 2200 1360 2217 1ο
1418 2187 1499 2228 Epist.
1513 2197 1542 2221 4,
1564 2196 1598 2221 15,
1619 2196 1630 2219 3
1674 2187 1845 2214 Fecunditate
1863 2188 1955 2215 vxoris
1970 2189 2041 2224 large
2055 2188 2112 2216 frui
2125 2191 2212 2218 voluit
2224 2201 2257 2218 eo
2271 2192 2388 2224 saeculo,
2420 2195 2473 2227 qtio

294 2242 383 2275 Orbs,
399 2246 445 2276 pro
459 2238 541 2265 Orbis,
584 2235 721 2262 Fortunat.
737 2231 824 2257 Carm-
840 2235 863 2262 8,
878 2238 891 2259 5
917 2227 1020 2255 Gaudet
1044 2234 1069 2255 et
1090 2227 1153 2254 orbs
1173 2233 1260 2259 totus,
1295 2236 1360 2261 pon.
1374 2228 1403 2254 5)·
1418 2224 1552 2258 plerisque
1567 2223 1648 2250 etiam
1662 2222 1776 2258 fingulos
1788 2223 1860 2251 filios
1879 2223 2001 2251 orbitatis
2020 2226 2138 2258 praemia
2148 2235 2242 2261 graues
2258 2228 2369 2256 faciunt.
2404 2226 2475 2261 Confi

292 2285 352 2312 tus,
370 2283 468 2308 arena,
486 2272 572 2310 polus,
643 2270 724 2301 Item,
761 2264 833 2293 Orbs
853 2273 962 2300 quoque
979 2269 1050 2291 totus
1072 2264 1138 2291 item
1157 2272 1205 2299 per
1223 2271 1295 2290 noua
1312 2271 1360 2289 vo-
1417 2260 1498 2300 Curt.⁸
1508 2262 1535 2292 6,
1550 2268 1576 2292 9,
1591 2268 1622 2292 13.
1635 2266 1658 2285 et
1671 2268 1695 2292 7,
1711 2269 1729 2292 1,
1742 2268 1764 2286 2.
1873 2260 1946 2286 Plur.
1983 2260 2066 2287 Solin.
2081 2270 2102 2288 c.
2115 2271 2140 2294 53
2160 2263 2279 2296 Sipylus,
2299 2263 2422 2291 Tantalis
2434 2272 2478 2290 an.

291 2321 320 2343 ‘a
339 2311 440 2341 fremit.
761 2336 767 2341 Α
801 2335 808 2342 ἱ
1417 2300 1458 2322 tea
1473 2295 1576 2328 di&tiS‚
1613 2296 1679 2322 etin
1692 2294 1766 2322 illam
1785 2294 1908 2322 vocabuli
1927 2296 2088 2322 memoriam
2101 2297 2261 2325 orbitatibus
2275 2299 2350 2326 datus
2362 2298 2480 2327 Niobae.
2516 2318 2517 2322 ,

333 2356 354 2377 O
364 2355 385 2376 R
396 2353 413 2375 B
425 2353 436 2373 1
446 2351 465 2374 C
475 2342 497 2372 <7⁴
508 2350 525 2371 L
536 2349 558 2369 V
569 2348 598 2375 S,
619 2341 639 2368 i.
660 2349 697 2366 m.
734 2338 836 2364 Dirum.
873 2336 1027 2370 [κυκλίδιον]
1065 2334 1132 2361 Pliu.
1146 2343 1187 2366 25,
1202 2341 1224 2366 ¹3
1245 2334 1358 2361 Concisa
1418 2332 1492 2365 Conf-
1508 2331 1610 2358 Arnob.
1625 2340 1638 2362 ς
1651 2338 1718 2358 extr.
1731 2338 1754 2357 et
1768 2330 1905 2365 Augustin.
1919 2331 1980 2359 Ciu.
1997 2331 2047 2357 Dci
2061 2340 2098 2364 22,
2109 2340 2146 2359 22.
2238 2334 2341 2360 Vulnus
2355 2334 2480 2362 orbitatis
2516 2327 2517 2330 Ἴ

292 2393 403 2422 quoque
419 2383 448 2409 in
463 2379 601 2408 orbiculos
618 2377 736 2404 seruatur
749 2373 778 2400 in
790 2372 866 2399 vino.
958 2372 1015 2405 Ipse
1028 2371 1084 2397 eius
1097 2370 1190 2397 annuli
1203 2369 1358 2396 orbiculum
1418 2367 1554 2401 Quinctil.
1570 2368 1585 2393 6
1601 2375 1722 2400 prooem.
1795 2365 1904 2393 Orbitas
1917 2366 2026 2393 luminis
2047 2367 2114 2394 Pliu.
2128 2375 2155 2402 7,
2166 2377 2200 2400 37.
2272 2368 2381 2396 Orbitas
2403 2369 2466 2397 teffl

292 2421 471 2450 circulauerat
489 2415 568 2451 Apul.
583 2413 654 2440 Flor.
668 2420 680 2437 2
695 2420 719 2445 p.
734 2410 790 2442 346.
885 2405 1046 2439 orbiculus,
1063 2413 1107 2441 pro
1123 2406 1250 2432 Trocblea.
1289 2406 1357 2432 Cato
1370 2402 1406 2428 60
1416 2401 1529 2436 Amiffio.
1585 2403 1652 2430 Plin.
1666 2412 1704 2436 35,
1718 2411 1730 2435 3
1762 2403 1858 2430 Extant
1871 2408 1940 2429 certe
1954 2402 2088 2438 hodieque
2100 2403 2267 2436 antiquiores
2278 2403 2346 2430 vrbe
2359 2390 2481 2439 pietur-a}

293 2468 318 2486 c,
334 2467 345 2491 3
363 2453 513 2484 Trochleas
527 2448 698 2477 Graecanicas
711 2445 801 2477 binas,
821 2443 1013 2482 quaenfunibus
1027 2441 1134 2477 sparteis
1148 2441 1292 2468 ducantur:
1313 2450 1357 2468 or·
1417 2438 1520 2465 Ardeae
1534 2439 1562 2465 in
1574 2439 1683 2466 aedibus
1698 2439 1793 2472 sacris,
1820 2438 1916 2473 quibus
1929 2437 2054 2473 equidem
2065 2438 2150 2464 nullas
2166 2447 2250 2472 acque
2264 2437 2386 2466 demiror
2426 2447 2480 2469 tam

292 2493 391 2522 biculis
411 2486 594 2525 superioribus
613 2482 739 2514 octonis,
774 2477 952 2520 inferioribus
969 2477 1035 2504 senis
1048 2477 1125 2504 citius
1140 2476 1228 2504 duces.
1284 2477 1358 2512 Conf.
1417 2475 1501 2509 longo
1516 2484 1584 2502 aeuo
1598 2475 1722 2501 durantes
1742 2475 1771 2501 in
1785 2474 1902 2501 orbitate
1916 2474 1997 2508 teeti,
2033 2474 2120 2501 veluti
2138 2481 2263 2501 recenteS.
2300 2475 2326 2502 b.
2340 2484 2360 2502 e.
2385 2462 2479 2512 2’4m3'ffl1

294 2527 392 2558 Pallad.
406 2536 428 2560 3,
443 2535 473 2551 11.
493 2522 577 2550 Solin.
592 2529 614 2547 c.
629 2526 660 2553 27
673 2520 727 2553 (17)
740 2522 765 2557 ef
778 2517 886 2555 Vitruu.
899 2523 915 2547 9
927 2520 995 2554 extr.
1416 2511 1485 2537 tet‘io.
1595 2510 1723 2545 Orbitas,
1754 2511 1893 2545 [ὅςφανίκ]
1927 2510 2037 2536 conditio
2056 2510 2187 2536 liberorum
2206 2511 2352 2544 parentibus
2368 2511 2478 2546 priuato-

336 2570 356 2592 ο
368 2559 597 2590 11Β1ον1,Ᾱ111
610 2561 637 2588 s,
651 2563 674 2581 e.
710 2551 769 2579 Adi.
788 2550 954 2578 Orbicularis
968 2548 1051 2590 herba
1071 2548 1150 2583 Apul.
1159 2547 1282 2575 deHerb.
1292 2557 1358 2580 c.i7.
1416 2554 1480 2585 rufn.
1537 2546 1618 2572 Plaut.
1635 2548 1711 2581 Capt.
1729 2555 1752 2580 3,
1770 2556 1793 2581 5,
1813 2556 1840 2579 35
1867 2546 1948 2580 Qiafi
1967 2546 1996 2573 in
2015 2546 2160 2573 orbitatem
2179 2545 2279 2572 liberos
2298 2545 2473 2582 produxerim.

295 2599 371 2634 Confi
392 2594 512 2625 Marcell.
527 2594 601 2627 Emp.
616 2588 744 2617 Prouerb.
760 2597 782 2614 c.
798 2597 813 2620 4
840 2587 907 2614 Non
929 2594 1020 2613 omnia
1038 2593 1090 2612 oua
1109 2584 1272 2612 orbicularia
1290 2585 1358 2611 sunt.
1372 2581 1403 2610 65
1417 2581 1484 2608 Plin.
1502 2581 1596 2615 Paneg.

299 2636 358 2663 Vid.
374 2636 471 2661 Nouar.
483 2628 609 2665 Apophth.
623 2627 686 2653 Eccl.
704 2625 733 2651 T.
747 2631 763 2650 2
775 2633 800 2658 p.
813 2630 866 2657 275.
898 2657 904 2662 ⁵
1451 2623 1475 2657 ,ο
1485 2623 1504 2642 R
1515 2623 1531 2644 Β
1540 2625 1549 2643 1
1562 2624 1584 2644 Τ
1596 2618 1617 2657 v
1626 2623 1645 2643 D
1655 2623 1692 2650 ο,
1722 2617 1784 2644 inis.
1810 2617 1831 2643 f.
1867 2617 2038 2650 [ἐρφανετηε]
2074 2617 2158 2649 Idem,
2172 2615 2222 2651 sed
2232 2618 2344 2653 antique.
2380 2617 2473 2653 Accius,

332 2676 406 2699 ORB
417 2665 482 2696 lex*
494 2672 510 2693 1,
521 2672 557 2698 0,
576 2668 630 2690 are.
668 2660 748 2688 Gloss'.
762 2660 821 2686 Vet.
837 2657 1026 2688 Orbiculatur‚
1047 2660 1158 2684 κυκλεύει.
1418 2652 1528 2679 Miseret
1545 2653 1730 2684 lacrimarum,
1752 2651 1889 2685 luctuum,
1912 2651 2086 2679 orbitudiuis.
2124 2653 2273 2687 Turpilius
2310 2655 2370 2681 Hoc
2382 2660 2474 2688 teoto,

336 2713 357 2734 ο
367 2713 387 2733 R
399 2711 415 2732 Β
427 2713 437 2732 1
446 2710 463 2730 C
473 2708 495 2729 v
506 2708 523 2728 L
532 2702 585 2728 ᾸΤ
595 2707 616 2726 v
627 2704 642 2725 s
654 2718 663 2732 ,
687 2706 717 2730 a,
742 2704 797 2722 um.
834 2694 893 2721 Adi.
932 2691 1111 2728 [κυκλοτεριῗε]
1153 2693 1229 2726 Qod
1238 2692 1266 2718 in
1278 2692 1358 2719 orbem
1418 2688 1532 2721 vtillius
1546 2688 1754 2715 commiserescat
1769 2687 1879 2714 miserae
1891 2686 2064 2715 orbitudinis.
2121 2687 2196 2715 Non.
2212 2698 2236 2722 2,
2259 2674 2306 2724 539
2329 2691 2389 2718 Vet.
2401 2684 2476 2718 (ἤδη,

295 2751 321 2771 et
334 2743 464 2769 circuitum
477 2738 569 2770 facium
583 2735 630 2771 nst,
650 2743 666 2759 a
672 2734 758 2769 figura
771 2731 836 2757 orbis
848 2731 875 2756 in
889 2731 1019 2756 rotundam
1028 2730 1141 2763 figuram
1153 2728 1309 2753 ciri-umoris:
1329 2735 1359 2754 vt
1418 2726 1532 2756 ἂτεκνίκ,
1550 2723 1696 2757 orbitudo,
1715 2723 1828 2750 orbitas.
2498 2728 2500 2730 ’

295 2779 367 2808 Mal,
380 2769 526 2804 orbiffl‘lata
546 2771 668 2800 Scribon.
686 2778 738 2799 ¹04·
808 2801 813 2806 ⁸
845 2767 924 2792 Poma
939 2764 1102 2804 orbiculata
1124 2763 1258 2790 Columel.
1278 2773 1300 2796 5,
1321 2772 1358 2790 ιο.
1370 2767 1403 2792 70
1456 2766 1505 2800 9R
1516 2765 1534 2799 1?
1545 2766 1582 2792 o,
1601 2764 1656 2786 are.
1693 2759 1800 2793 [ςεςέω]
1837 2758 1955 2785 Priuare.
1993 2758 2050 2786 Cic.
2065 2758 2213 2786 deAmicit.
2228 2769 2257 2787 10
2278 2760 2395 2790 Moueor
2408 2760 2450 2794 eni
2466 2762 2478 2767 “’

297 2815 371 2842 Cael.
386 2813 416 2840 ad
433 2812 489 2838 Cic.
504 2810 578 2837 Fam.
590 2813 615 2841 8,
628 2815 651 2837 ις
671 2804 751 2831 Nunc
765 2801 815 2829 tibi
830 2801 913 2828 nostri
926 2800 1038 2831 milites,
1058 2808 1104 2832 qui
1117 2798 1259 2825 durisiimis
1273 2806 1298 2825 et
1312 2799 1360 2825 fri-
1418 2794 1464 2834 tali
1478 2803 1565 2821 amico
1579 2794 1698 2821 orbatus.
1793 2793 1860 2820 Plin.
1875 2803 1910 2827 12,
1925 2799 1939 2824 8
1960 2793 2000 2821 lbi
2019 2801 2045 2821 et
2057 2795 2147 2822 frutex
2160 2796 2281 2830 pestilen5
2295 2797 2407 2832 raphani
2439 2769 2481 2825 f}
2502 2817 2517 2822 η

296 2848 434 2886 gidissimis
447 2846 512 2874 locis
526 2843 663 2872 teterrima
676 2840 765 2866 hieme
780 2837 880 2864 bellum
891 2835 1053 2862 ambulando
1067 2834 1256 2864 confecerunt,
1282 2834 1359 2860 malis
1417 2830 1457 2857 lio
1472 2830 1556 2863 lauri,
1587 2829 1672 2855 odore
1685 2838 1768 2864 equos
1781 2830 1929 2862 inuitante,
1961 2830 2008 2864 qui
2022 2839 2105 2866 paene
2118 2832 2236 2866 equitatu
2250 2831 2358 2860 orbauit
2372 2818 2484 2869 Ale’xan}
2498 2831 2500 2833 ¹
2516 2844 2517 2858 1

297 2884 454 2913 orbiculatis
466 2882 515 2909 ess‘e
530 2879 595 2916 pasti
607 2875 750 2904 videntur}
792 2872 842 2899 Hic
854 2872 922 2899 mala
937 2870 1084 2898 orbiculata
1100 2877 1147 2905 pro
1161 2869 1285 2896 Delicatis
1298 2870 1360 2895 cibis
1418 2865 1505 2892 drum.
1578 2865 1684 2892 Orbare
1697 2865 1723 2893 se
1736 2865 1795 2892 luce
1815 2866 1871 2892 Cic.
1884 2866 1967 2892 Tusc.
1981 2875 2005 2899 3,
2018 2869 2061 2894 26.
2157 2868 2257 2895 Orbari
2269 2869 2371 2896 auxilio
2408 2866 2482 2900 Idem>

295 2921 357 2959 poni
368 2919 494 2952 intelligo,
515 2925 576 2952 quae
589 2915 617 2940 in
629 2912 727 2940 deliciis
738 2917 810 2936 erant
823 2906 963 2942 lautiffimis
976 2907 1109 2932 hominibus
1123 2906 1238 2932 vrbanis.
1280 2906 1358 2932 Mala
1417 2910 1469 2936 pro
1484 2902 1606 2928 Muraeu.
1621 2907 1657 2933 83.
1749 2901 1822 2929 Idem
1837 2901 1916 2928 Acad.
1928 2910 1956 2935 4,
1968 2904 1994 2929 61
2009 2912 2029 2929 c.
2039 2911 2064 2936 19
2091 2903 2158 2930 Non
2173 2913 2238 2939 ergo
2251 2904 2274 2931 ῖς
2285 2911 2404 2933 excaecat
2421 2895 2505 2932 nos-cyp

297 2957 365 2985 enim
377 2948 503 2984 deter‘iora
516 2953 581 2978 alias
590 2947 707 2985 gregarii
717 2945 819 2972 edebant
832 2944 934 2970 milites.
971 2941 1090 2970 quenal.
1104 2941 1154 2968 Sat.
1166 2950 1189 2973 5,
1203 2946 1244 2974 148
1373 2943 1402 2968 75
1419 2942 1464 2964 aut
1477 2937 1555 2964 orbat
1569 2936 1690 2964 sensibus.
1767 2938 1832 2964 Ibid.
1848 2940 1876 2964 61
1895 2938 1983 2965 Priuat
1996 2939 2191 2974 approbatione
2204 2941 2280 2967 omni
2315 2940 2393 2969 orbat
2407 2922 2498 2971 senfi!³'

456 2989 540 3015 Virro
554 2986 618 3018 fibi,
640 2990 665 3011 et
679 2980 789 3016 reliquis
798 2972 976 3012 Virronibus,
996 2978 1041 3004 illa
1054 2976 1160 3004 iubebit
1417 2972 1475 3000 bus.
1548 2972 1669 2999 Phasidos
1681 2972 1751 3000 vnda
1764 2972 1857 3000 orbata
1870 2973 1906 3000 cst
1920 2974 2014 3001 auibus
2044 2975 2150 3002 Petron.
2163 2985 2186 3002 c.
2200 2985 2246 3010 ¹19·
2287 2962 2297 2976 ³
2452 2958 2501 3002 ‘¹¹¹4

458 3026 540 3054 Poma
553 3021 627 3053 dari,
645 3027 761 3054 quorum
776 3017 833 3043 solo
846 3015 957 3050 pascaris
974 3014 1071 3041 odore:
1454 3015 1474 3036 0
1483 3016 1503 3036 R
1512 3015 1528 3035 Β
1538 3010 1559 3036 A
1568 3015 1590 3035 Τ
1599 3015 1619 3034 v
1629 3015 1642 3035 s
1652 3030 1660 3042 ‚
1678 3018 1701 3042 a,
1722 3019 1777 3036 um.
1817 3010 1908 3036 Partic.
1946 3010 2117 3046 [ἐςερημένος]
2156 3011 2271 3039 orbam,
2284 3005 2341 3039 fi'lio
2362 3012 2416 3040 Cic,
2430 3016 2443 3037 ο
2456 3016 2489 3036 γ»
2506 3011 2517 3038 ·,

456 3058 555 3094 Qialia
570 3061 710 3092 perpetuus
719 3053 862 3080 Phaeacum
876 3057 1017 3078 autumnus
1032 3048 1161 3080 habebat3
1418 3054 1439 3078 1,
1453 3052 1489 3078 52.
1535 3047 1566 3071 Et
1579 3045 1663 3072 Tusc.
1680 3054 1699 3080 i,
1712 3050 1739 3076 ες
1764 3044 1881 3072 Orbatus
1895 3047 2035 3080 progenie.
2142 3048 2259 3074 Orbatus
2273 3048 2401 3075 dimicate
2423 3049 2456 3076 Ci
2469 3037 2491 3065 ἢ

456 3095 574 3123 Credere
587 3100 654 3127 quae
667 3089 742 3125 poffis
754 3089 872 3123 surrepta
891 3085 1028 3114 sororibus
1045 3085 1127 3112 Afris.
1419 3081 1501 3107 Tusc.
1516 3089 1534 3115 1,
1550 3089 1583 3108 12.
1656 3081 1729 3108 idem
1745 3082 1816 3109 Fam.
1831 3084 1856 3115 6,
1870 3084 1885 3107 6
1905 3081 1963 3108 Nec
1977 3082 2010 3109 iis
2020 3082 2134 3117 'quidem
2146 3083 2251 3118 verbis,
2271 3071 2368 3119 quibus
2383 3091 2409 3112 te
2507 3081 2515 3111 ,’

455 3132 508 3160 Tu
524 3129 609 3158 scabie
623 3125 722 3154 frueris
735 3124 812 3157 mali,
833 3123 903 3157 quod
919 3123 947 3149 in
961 3131 1055 3157 aggere
1067 3121 1150 3156 rodit,
1374 3118 1408 3144 80
1420 3116 1490 3144 soler
1503 3125 1531 3143 vt
1545 3116 1672 3144 afflictum
1682 3138 1690 3149 ‚
1714 3123 1741 3144 et
1758 3118 1812 3144 iam
1827 3116 1903 3144 omni
1916 3118 1958 3152 spe
1972 3118 2061 3145 salutis
2072 3118 2206 3146 orbatum.
2299 3120 2371 3147 Filio
2389 3114 2454 3147 orba
2477 3127 2491 3148 1
2506 3113 2513 3127 “”

457 3167 515 3201 Qui
527 3165 628 3201 tegitur
642 3169 733 3202 parma
746 3166 771 3186 et
784 3159 872 3193 galea,
900 3166 946 3186 etc.
995 3194 1001 3199 ·
1418 3159 1502 3180 mater
1522 3154 1578 3180 Cic·
1593 3162 1642 3186 pro
1656 3153 1762 3180 Cluent-
1778 3161 1811 3186 45
1824 3163 1845 3180 c.
1863 3162 1893 3184 ις.
1965 3154 2074 3181 Anseres
2087 3154 2175 3182 orbati
2190 3155 2256 3182 duce
2274 3157 2380 3183 Petron.
2395 3166 2417 3183 c.
2434 3151 2513 3188 η’·ὶᾘ

300 3210 371 3237 Haec
384 3206 520 3234 Turnebus.
559 3199 633 3234 Conf-
646 3198 713 3226 Plin.
727 3203 768 3230 27,
784 3204 806 3227 13
819 3201 859 3230 pr.
878 3202 901 3220 et
915 3196 1048 3222 Ammian.
1062 3202 1096 3227 31,
1111 3195 1136 3222 6,
1417 3189 1519 3216 Leaena
1532 3189 1599 3215 furit
1613 3190 1701 3215 catulo
1717 3188 1830 3216 lactante
1843 3189 1937 3216 orbata
1967 3189 2049 3217 Ouid.
2061 3191 2126 3218 Met.
2146 3200 2163 3222 i,
2178 3197 2235 3225 547.
2325 3191 2451 3227 Respubli
2478 3184 2484 3206 s
2500 3187 2501 3190 ¹

338 3250 387 3272 OR
396 3249 413 3270 Β
423 3250 433 3269 ι
444 3246 492 3269 cv
502 3239 552 3266 LE
563 3243 586 3264 'r
596 3242 650 3263 1Μ.
669 3232 740 3262 Actu.
774 3231 958 3266 [κυκλοτερῶς]
995 3232 1045 3256 Per
1059 3230 1125 3256 orbes
1136 3235 1161 3254 et
1173 3229 1287 3260 circulos,
1301 3236 1360 3262 qim·
1418 3224 1510 3252 multis
1524 3225 1601 3251 claris
1615 3225 1682 3251 vii-is
1695 3224 1789 3251 orbata
1810 3226 1867 3253 Cic.
1880 3225 1953 3252 Fam.
1965 3236 1988 3259 4,
2000 3235 2027 3260 9.
2135 3227 2233 3253 Vaccae
2246 3226 2355 3254 orbatae
2392 3227 2491 3256 Valet

294 3278 484 3315 ficirmlMim.
539 3273 608 3301 Plin.
623 3281 654 3303 11,
669 3277 698 3305 37
711 3269 729 3295 s.
742 3270 771 3300 67
798 3265 847 3294 Sed
861 3265 957 3300 quibus
971 3265 1077 3299 ceruix,
1097 3274 1111 3292 e
1123 3264 1215 3292 multis
1228 3263 1361 3291 vertebra·
1419 3262 1516 3296 Argon.
1536 3268 1567 3294 8,
1589 3269 1645 3293 457.
2472 3271 2473 3274 =
2498 3250 2503 3256 ⁴

300 3316 390 3351 ‘isque
409 3310 580 3341 orbicumim
598 3306 693 3348 ombus
706 3302 806 3346 flemis
818 3301 851 3343 qd
863 3300 1099 3335 dfflnnspeffium'
1121 3300 1298 3328 animlorum
1310 3308 1359 3326 no'
1376 3303 1404 3330 3⁵
1457 3302 1477 3323 0
1489 3304 1507 3323 R
1518 3303 1533 3323 Β
1545 3303 1565 3323 A
1577 3302 1599 3322 Τ
1610 3302 1666 3336 ¹.0⁷
1694 3296 1764 3324 5⁸³³·
1801 3297 1821 3323 f·
1859 3297 1986 3336 [vfewts]
2024 3297 2113 3324 Senec.
2129 3297 2207 3332 Epist.
2221 3303 2250 3328 88
2263 3300 2320 3333 (87)
2342 3299 2460 3334 Ρῡιιβετῐ
2471 3284 2474 3287 .
2505 3321 2507 3327 2

303 3351 344 3378 dis
359 3350 489 3384 iungitur.
563 3342 741 3372 Orbiculatim
755 3344 840 3367 rotari
859 3336 980 3365 Macrob.
993 3336 1096 3363 Saturn.
1112 3346 1135 3371 7,
1148 3346 1172 3370 9.
1420 3341 1474 3360 „on
1488 3341 1534 3367 per
1547 3332 1721 3367 P(,flssom,m⁴
1749 3332 1791 3359 sed
1805 3342 1853 3368 per
1865 3332 2058 3359 detrachonem
2073 3332 2188 3368 dicitur,
2208 3334 2252 3361 vel
2270 3338 2310 3366 (vt
2325 3335 2428 3369 antiqui
2440 3334 2479 3366 di
2507 3339 2509 3365 ,¹

340 3392 362 3413 0
372 3393 392 3413 R
402 3391 419 3412 Β
432 3386 445 3412 1·
454 3390 498 3411 LE
507 3404 516 3417 ,
537 3383 569 3409 is.
605 3389 632 3406 n.
670 3377 787 3404 Circulos
801 3374 839 3401 ill.-
854 3371 964 3400 exterior
982 3372 1009 3397 in
1022 3379 1095 3406 rota,
1122 3372 1164 3406 qm*
1179 3372 1264 3397 radios
1284 3372 1360 3397 comi.
1421 3370 1527 3399 xerunt)
1551 3376 1597 3402 per
1610 3366 1795 3395 orbationem:
1834 3368 1929 3395 Graeci
1942 3368 2031 3394 dicunt
2045 3373 2148 3402 ςέρησιν,
2184 3379 2266 3404 quum
2281 3369 2387 3401 dicunt.
2424 3379 2460 3397 ΠΟ
2476 3383 2478 3388 ’
2511 3375 2513 3378 ⁴

301 3430 353 3449 net.
407 3422 496 3447 Varro
504 3418 536 3445 de
543 3417 703 3448 R.R.3‚5‚15
739 3413 771 3439 Iu
786 3411 870 3438 insula
880 3409 917 3437 est
929 3407 1134 3441 columnella,in
1148 3415 1198 3442 qua
1212 3407 1282 3433 intus
1297 3408 1362 3443 axis,
1421 3403 1492 3440 quod
1506 3403 1598 3430 habent
1611 3403 1726 3437 dicitur,
1746 3405 1789 3430 sed
1804 3403 1877 3438 quod
1891 3412 1945 3429 non
1958 3403 2060 3431 habeat.
2153 3405 2226 3432 Hem
2239 3406 2269 3432 ad
2285 3406 2413 3433 Marciam
2427 3416 2448 3433 c.
2500 3407 2505 3430 ’Β

304 3458 351 3492 qui
364 3465 415 3492 pro
428 3456 517 3482 mensa
531 3452 640 3480 sustinet
652 3449 769 3476 inensam
782 3445 965 3479 radiatam‚ita
978 3443 1045 3471 vtad
1059 3449 1218 3476 extremum,
1231 3443 1277 3470 vbi
1290 3443 1362 3469 orbi.
1420 3442 1599 3474 Paupertatem
1608 3460 1616 3472 ‚
1636 3439 1737 3466 luctum
1746 3459 1756 3473 ,
1777 3439 1956 3472 orbationem,
1975 3440 2043 3466 alius
2055 3440 2133 3468 aliter
2146 3441 2233 3469 sentit.
2252 3443 2299 3469 Al.
2314 3441 2441 3469 Abitione
2458 3431 2472 3464 ι4

305 3493 331 3520 le
344 3494 408 3519 solet
421 3492 470 3518 effe
486 3496 608 3521 acutum,
626 3485 716 3514 tabula
730 3489 818 3510 cauata
829 3482 867 3509 fit.
1374 3485 1409 3511 90
1422 3476 1500 3504 Gloss'.
1514 3476 1570 3502 Vet.
1586 3473 1717 3506 Orbatio,
1736 3480 1841 3507 ςέρησις,
1860 3478 1986 3506 vomam.
2209 3480 2210 3483 ’

342 3534 363 3555 0
374 3534 393 3554 R
403 3534 419 3554 B
429 3526 442 3554 f
452 3533 470 3554 C
484 3532 506 3552 v
516 3532 545 3559 S,
564 3534 595 3558 a,
618 3531 674 3550 um,
695 3519 756 3547 Adi,
793 3515 1031 3553 [κυκλοφηςέμενος]
1067 3515 1117 3542 Per
1132 3514 1226 3541 orbem
1240 3514 1361 3548 ductum,
1459 3518 1479 3539 o
1490 3519 1509 3539 R
1519 3517 1534 3538 Β
1544 3517 1562 3537 Α
1573 3516 1596 3537 Τ
1610 3516 1629 3537 o
1640 3518 1676 3544 R,
1710 3511 1774 3537 oris.
1812 3519 1848 3537 m.
1886 3510 1968 3538 Ouid.
1980 3511 2046 3540 Met.
2060 3521 2092 3546 13,
2106 3520 2158 3545 500
2178 3513 2296 3540 Exitium
2312 3513 2419 3541 Troiae
2432 3522 2459 3540 11
2474 3502 2507 3526 ’Ἐ

304 3566 348 3591 seu
362 3572 408 3599 per
421 3562 568 3593 circulum,
587 3560 723 3594 interprete
734 3555 831 3583 Nonio
838 3562 864 3587 2,
877 3556 928 3584 614.
966 3553 1071 3585 Varro,
1091 3552 1127 3578 Vt
1140 3550 1222 3578 sidera
1233 3551 1297 3578 caeli
1311 3551 1360 3577 cir.
1421 3547 1520 3583 strique
1533 3545 1644 3573 orbator
1658 3546 1781 3573 Achilles.
1824 3548 1923 3572 Hecuba
1936 3547 2062 3582 loquitur,
2087 3557 2160 3582 quam
2172 3549 2194 3574 ὴ.
2205 3548 2355 3585 [ι-ῥῃὺίηῑ,
2368 3549 2485 3577 orbam-L

305 3608 335 3627 ca
349 3605 446 3626 terrain
461 3603 539 3632 atque
551 3604 626 3623 axem
638 3595 786 3621 voluuntur
797 3596 872 3617 motu
886 3588 990 3615 orbico.
1460 3590 1481 3611 o
1493 3590 1511 3609 R
1522 3589 1537 3609 B
1548 3589 1562 3608 Ε
1574 3579 1645 3622 FssC
1656 3588 1693 3608 10
1703 3602 1711 3614 ‚
1733 3583 1786 3608 erc.
1824 3583 1884 3609 Vet.
1899 3583 2034 3610 Onomast.
2049 3584 2213 3617 Orbefacio,
2233 3584 2346 3617 ἆρφκνόω.
2467 3571 2490 3603 ς’

343 3642 363 3661 o
374 3640 395 3661 R
406 3640 421 3660 Β
434 3632 477 3660 1“Τ
486 3641 524 3668 Α,
556 3641 595 3658 ae.
638 3630 658 3656 f.
701 3628 826 3663 [τροχιὰ]
865 3624 960 3652 Orbita
980 3622 1043 3650 duas
1062 3631 1103 3649 res
1120 3623 1261 3657 fignificat:
1299 3631 1361 3649 nam
1457 3625 1477 3646 o
1488 3626 1505 3645 R
1515 3623 1575 3646 311³
1584 3625 1593 3643 1
1606 3624 1622 3643 c
1632 3624 1651 3645 o
1661 3637 1669 3650 ,
1688 3622 1741 3644 arc.
1780 3618 1872 3645 Accius
1884 3620 1952 3655 apud
1962 3619 2038 3648 Non.
2053 3628 2076 3654 2,
2088 3625 2134 3651 852
2154 3620 2260 3648 Pernici
2271 3619 2402 3649 orbificor
2412 3613 2492 3649 libel?
2512 3622 2513 3626 ’

306 3669 396 3699 orbita
410 3676 434 3696 et
449 3675 508 3695 rota
519 3669 573 3703 ipsa
590 3664 766 3700 intelligitur,
798 3669 825 3689 et
839 3661 980 3695 vestigium
995 3659 1022 3685 in
1038 3658 1115 3685 molli
1132 3659 1188 3685 solo
1227 3659 1319 3686 Ascon.
1332 3659 1360 3684 iu
1372 3663 1402 3690 95
1419 3664 1513 3682 rorum
1527 3654 1579 3681 leto
1589 3660 1616 3680 ct
1630 3653 1795 3681 tabificabili.

303 3708 384 3733 Verr.
397 3715 422 3740 p.
435 3709 488 3735 108.
559 3704 634 3737 Virg.
648 3702 748 3735 Georg.
765 3709 785 3733 3,
798 3707 844 3731 294
863 3698 938 3725 quat
951 3696 991 3735 ire
1004 3694 1074 3729 iugis
1090 3703 1139 3729 qua
1151 3695 1223 3721 nulla
1236 3695 1360 3730 priorum
1836 3693 1866 3725 O
1941 3693 1970 3725 R
2045 3694 2073 3726 C

304 3741 443 3771 Castaliam
457 3739 534 3766 molli
548 3737 691 3765 diuertitur
704 3734 793 3762 orbita
805 3734 885 3760 cliuo.
957 3731 1014 3758 Cic.
1030 3732 1082 3757 Att.
1099 3738 1124 3764 2,
1139 3739 1162 3757 21
1182 3732 1217 3758 Vt
1231 3731 1277 3757 vix
1290 3729 1360 3757 soni-

303 3784 363 3806 nim
376 3775 486 3807 audire,
514 3775 560 3802 vix
573 3773 720 3807 impressam
732 3770 847 3797 orbitam
860 3768 952 3796 videre
966 3766 1103 3807 possemus.
1212 3766 1278 3794 Plin.
1293 3772 1317 3798 8,
1333 3771 1360 3796 58
1459 3768 1510 3790 OR
1521 3768 1538 3790 c
1549 3769 1586 3796 A,
1615 3770 1653 3788 ae.
1691 3762 1711 3788 f.
1747 3760 1841 3799 [ἕρκη]
1878 3763 1969 3790 Genus
1991 3763 2086 3790 beluae
2112 3762 2244 3796 marinae,
2274 3763 2392 3793 habenis
2409 3756 2470 3794 infe:

303 3813 391 3843 Iidem
405 3811 556 3843 vbicunque
569 3808 632 3842 sint,
651 3807 767 3834 orbitani
781 3806 798 3832 si
812 3804 953 3837 transiere,
973 3808 1135 3830 moriuntur.
1190 3804 1221 3829 de
1242 3802 1359 3828 muribus.
1420 3798 1504 3833 stum,
1526 3798 1608 3833 inquit
1623 3797 1717 3824 Festus.
1756 3799 1820 3826 Pliu.
1836 3808 1863 3833 9,
1877 3802 1895 3826 6
1913 3799 2039 3826 Balaenae
2050 3804 2076 3825 et
2090 3798 2117 3825 in
2132 3798 2218 3825 nostra
2232 3800 2315 3827 maria
2330 3802 2470 3836 penetranti

306 3847 404 3877 Orbita
421 3845 523 3873 vinculi
535 3845 645 3871 sentitur
663 3843 803 3869 vexatione
824 3849 879 3867 non
898 3839 979 3866 dubia
1002 3838 1068 3865 Ptin.
1084 3845 1120 3872 17,
1134 3847 1167 3870 23.
1202 3839 1227 3865 h.
1242 3847 1262 3865 e.
1286 3836 1412 3872 γεμί-100
1421 3842 1465 3862 etr.
1538 3835 1594 3861 Hoc
1610 3833 1673 3860 scire
1689 3843 1777 3868 orcas,
1811 3835 1932 3861 infestam
1945 3835 1986 3862 his
2003 3834 2123 3867 beluam,
2159 3840 2185 3860 et
2208 3835 2282 3862 cuius
2295 3836 2383 3871 imago
2402 3834 2475 3862 milla.

301 3886 373 3922 gium
386 3880 494 3911 vinculi,
506 3889 551 3915 quo
564 3878 667 3914 alligata
675 3878 731 3911 fuit
744 3877 815 3903 vitis.
888 3878 938 3902 Pro
952 3877 998 3901 via
1017 3874 1045 3900 in
1057 3874 1200 3910 ‘unium-sum
1209 3872 1314 3910 ponitur
1331 3871 1359 3897 in
1419 3869 1656 3905 repraesentatione
1674 3871 1788 3904 exprimi
1804 3870 1878 3905 poffit
1895 3871 1963 3903 alia,
2001 3878 2080 3905 quam
2094 3869 2179 3896 carnis
2194 3869 2338 3898 immensae
2350 3870 2468 3898 dentibus
2492 3865 2493 3868 ¹

333 3920 416 3947 rmula
441 3915 588 3944 Monstrare
603 3913 717 3940 orbitam
737 3911 868 3946 Quinffll.
883 3921 906 3943 2,
918 3920 951 3946 ¹3,
965 3912 1001 3938 16.
1083 3910 1202 3937 quenal.
1216 3911 1266 3937 Sat.
1283 3917 1317 3941 14,
1329 3916 1356 3940 32
1419 3906 1589 3933 truculentae.
1664 3907 1819 3941 Irrumpunt
1831 3915 1895 3941 ergo
1908 3907 1935 3933 in
1948 3907 2060 3939 secreta,
2081 3913 2111 3931 ae
2129 3904 2229 3933 vitulos
2242 3915 2332 3934 earum
2351 3914 2378 3934 et
2397 3907 2468 3937 fetas.

305 3957 335 3983 Et
348 3953 492 3982 monstrata
506 3950 554 3977 diu
566 3949 664 3976 veteris
683 3947 763 3975 trahit
777 3947 865 3974 orbita
877 3946 976 3981 culpae.
1084 3945 1160 3981 Virg.
1175 3946 1203 3972 in
1218 3946 1291 3972 Aetn.
1312 3951 1356 3976 230
1418 3942 1460 3969 vel
1481 3943 1624 3968 etiamnum
1644 3941 1764 3975 grauidas
1784 3942 1917 3969 lancinant
1930 3942 2038 3974 morsu,
2074 3939 2240 3975 incuffaeque
2258 3951 2305 3969 ceu
2318 3935 2468 3970 Liburnica·

304 3992 372 4019 Solis
386 3989 451 4017 scire
468 3985 578 4015 modum
598 3990 623 4012 et
643 3988 744 4019 quanto
763 3983 855 4013 minor
874 3981 962 4011 orbita
978 3982 1056 4010 lunae
1074 3981 1128 4017 est,
1163 3982 1184 4012 i.
1205 3981 1271 4009 orbis
1283 3979 1356 4007 intra
1417 3986 1478 4005 rum
1491 3977 1581 4005 rostris
1594 3976 1711 4005 fodiunt.
1917 3975 1939 4016 q
1959 3986 1976 4004 2
2011 3976 2112 4009 Oscae,
2131 3979 2168 4002 ad
2177 3977 2243 4003 illius
2254 3978 2373 4004 animalis
2377 3974 2467 4011 finili*-

304 4036 374 4063 quem
387 4023 562 4063 cursum-suum
570 4021 680 4059 peragit.
1361 4019 1405 4045 105
1417 4014 1527 4042 tudinem
1538 4012 1655 4041 dicuntur
1671 4013 1734 4052 Vasa
1747 4013 1866 4042 vinatiis:
1902 4013 1961 4043 sunt
1979 4010 2052 4039 enim
2071 4020 2149 4040 orcae
2164 4019 2259 4041 teretes
2277 4019 2356 4049 atque
2367 4011 2466 4050 vitifer:

2427 4052 2464 4074 m!
