2517 4231
36 169 153 226 11073
459 161 488 202 P
571 163 605 204 R
688 163 726 204 O
1570 162 1633 210 'P
1714 167 1747 208 R
1827 172 1866 212 Ο

31 267 37 272 .
62 251 218 280 hendendus
235 251 314 280 Varr.
327 251 360 278 de
374 251 442 278 L.L.
456 259 484 287 7,
498 260 526 288 ι7
539 259 606 280 extr.
678 253 736 280 Cic.
748 252 862 284 νοῇ-(2,
878 251 926 283 ¹69
949 252 981 278 In
996 252 1127 288 scriptura
1192 254 1265 291 quod
1280 262 1399 290 ceperat,
1414 255 1551 285 adferebat
1577 257 1636 286 Cic.
1651 257 1729 286 offic.
1743 266 1765 291 3,
1780 262 1817 291 58.
1888 262 1939 290 Pro
1951 266 1975 292 l't·
1989 266 2103 304 quisque
2116 272 2260 301 conserunt

61 288 171 316 Siciliae
183 297 235 323 pro
248 287 377 323 Magistro
391 288 425 314 cll
439 288 548 322 quidam
563 290 592 316 L.
605 288 783 323 Carpinatius.
873 287 949 328 lflem
965 290 1018 315 A«.
1040 298 1078 323 ιι,
1097 299 1127 316 ιο
1194 300 1301 324 aurum,
1321 300 1367 320 cte.
1395 293 1458 320 Liu.
1473 297 1515 330 26,
1534 298 1564 328 36
1583 302 1649 322 exer.
1741 294 1816 322 ldcm
1831 302 1869 328 23,
1888 305 1917 330 14
1936 301 2026 335 ltaque
2040 315 2090 339 pro
2102 307 2125 332 s<
2143 319 2148 332 ‹
2162 308 2212 335 nis(
2224 318 2259 336 „e

64 325 90 361 Ιζ.
105 323 257 352 Terentius
277 332 350 350 meus
368 325 524 351 neceni-nius
543 333 638 360 operas
652 326 790 364 inportu,
801 327 828 362 et
841 318 971 363 scriptura
985 324 1059 352 Aliae
1077 334 1127 361 pro
1194 335 1287 361 omncs
1308 338 1354 362 per
1369 337 1452 364 aequa
1466 336 1544 365 atquc
1560 332 1652 366 ruiqua
1666 331 1740 365 loca,
1759 339 1843 366 quum
1858 333 1974 367 rudique
1988 338 2037 365 tela
2049 318 2248 372 coniiaclscmlff

63 359 194 395 Magistro
207 358 291 386 dedit.
362 360 582 394 Cic..¹xtt.1z,14
601 359 727 393 Solitudo,
737 357 844 399 ahquid
856 359 979 387 adiuuat:
1001 361 1044 387 sed
1059 362 1127 388 mul-
1194 371 1322 398 armaque
1346 372 1373 391 ct
1396 375 1512 400 corpora
1533 366 1619 393 hostes
1645 366 1812 398 obiicere-nt,
1847 370 2009 403 peruadunt,
2043 376 2126 405 istum
2147 387 2193 406 „m
2215 355 2260 408 ιε’

43 410 49 427 ,-
63 401 94 423 to
105 396 164 430 pius
176 395 332 431 proliceret,
352 395 369 423 li
385 403 412 422 tu
429 403 518 423 tamen
533 397 677 425 interesses:
695 403 764 431 quae
776 393 846 421 mihi
860 404 910 422 vna
929 398 1002 423 causa
1015 397 1052 423 est
1065 397 1127 424 hine
1154 404 1169 432 ς
1195 397 1264 425 [ἀι-ιη
1279 398 1313 431 ‹st
1330 401 1381 426 Pro
1395 402 1438 428 sua
1453 402 1568 437 quisquc
1582 402 1707 430 facultate
1733 404 1790 431 Cic.
1803 403 1888 431 Tuse.
1909 412 1930 438 1,
1951 410 2004 435 108.
2130 388 2145 414 Ρ
2196 389 2219 454 ἦ
2251 399 2260 408 ”

63 431 228 459 discedendi:
249 438 310 461 nam
324 441 372 466 pro
391 433 479 464 Malis,
493 433 564 460 rec-le
579 431 702 461 habebat.
775 430 850 457 Idem
869 432 938 458 Fam.
959 435 986 466 6,
1004 442 1016 459 2
1044 432 1127 470 Quod
1194 434 1433 471 Locumstgmjicat,
1445 444 1558 473 apertum
1572 441 1691 474 inprimis
1703 446 1728 466 ct
1742 440 1898 476 (crispin-uum
1914 450 1922 465 :
1950 447 1975 467 et
1986 442 2082 477 quidem
2100 450 2139 474 uc!
2151 453 2177 476 in
2196 453 2218 479 10
2227 423 2261 479 wil

62 467 166 494 maiore
180 467 207 493 in
220 468 350 494 varietate
365 471 466 496 versata
479 469 515 495 cst
527 468 614 495 adhue
631 473 675 494 tua
689 466 779 499 causa,
791 476 871 501 quam
885 468 1008 495 homines
1020 475 1065 495 aut
1079 478 1128 496 vo·
1191 471 1234 496 vel
1246 476 1303 497 ante·
1316 472 1394 499 illum.
1435 477 1504 500 Ante
1518 473 1549 507 qli
1564 477 1591 500 in
1606 474 1648 502 illo
1662 475 1772 502 Catonis
1787 484 1827 510 ap.
1842 475 1911 502 Gell.
1928 480 1961 510 ιἰ,
1973 485 1990 509 3
2016 478 2145 508 Praclium
2160 486 2183 511 sa
2192 466 2230 512 q:
2251 472 2261 484 ²

62 502 171 536 lebant,
190 509 234 531 aut
254 504 448 538 opinabantur:
475 502 646 533 mihicrede,
661 511 716 529 non
738 502 773 529 cst
794 512 843 537 pro
862 504 943 531 Malis
963 511 1128 542 temporum,
1190 513 1244 540 pro
1258 506 1356 534 castris.
1427 509 1529 536 Sallust.
1547 510 1666 541 Iugurth.
1681 520 1717 546 94
1733 513 1770 538 Ac
1786 512 1923 539 Numidae
1941 513 2016 548 saepe
2028 520 2102 540 antea
2116 497 2261 549 vim-'1:13³

85 539 137 566 uod
151 539 261 566 moleste
276 540 355 567 seras.
432 542 482 568 l'ro
496 540 610 568 Meliore
624 537 694 571 fuit,
711 539 825 573 effingere
839 539 936 573 hostes,
955 547 1001 567 etc.
1034 540 1128 567 Tacit.
1194 549 1336 569 manorum
1349 543 1492 578 subuerlis,
1506 540 1707 579 icem’inccnfis,
1719 557 1773 574 non
1790 549 1888 575 caut-lli
1901 549 2044 576 moenibus
2058 551 2084 577 se
2096 542 2260 583 tutabantur:

2163 195 2262 236 1074

89 584 133 606 nn,
149 584 182 607 η,
196 584 236 608 39.
312 577 363 603 Pro
378 578 490 604 Miincre
509 575 629 603 Scribou.
643 582 697 610 ¹72·
778 576 835 617 Cic.
849 577 927 603 Verr.
940 585 968 610 4,
981 584 1008 609 2,
1021 583 1058 610 40
1078 575 1128 602 Tu
1141 584 1173 604 ιο
1195 577 1239 604 sed
1254 586 1303 611 pro
1317 588 1396 607 muro
1409 580 1464 607 dies
1477 581 1622 617 nodie-sque
1635 583 1746 618 agitare,
1760 584 1920 611 maledicere
1934 586 2072 614 Romanis.
2119 589 2178 614 Via.
2194 594 2252 618 (jon

63 612 140 638 ansus
154 621 180 638 cs
193 621 243 646 pro
251 611 350 639 Nihilo
366 621 427 647 prae
441 621 485 640 tua
497 610 593 648 praeda
605 616 643 636 tot
659 620 699 638 res
714 610 880 639 sanchssimas
894 611 1009 648 ducere?
1080 611 1132 638 Pro
1146 627 1155 645 s
1191 612 1231 642 ud
1249 614 1351 642 Sallust.
1371 625 1392 642 c.
1408 624 1440 649 59
1453 624 1497 652 pr.
1540 618 1609 645 Gell.
1628 619 1644 645 l.
1658 629 1679 646 c.
1707 620 1759 646 Pro
1775 621 1846 646 Aede
1866 620 1992 648 Castoris.
2066 623 2117 650 Pro
2134 613 2264 653 cont-iona

64 646 165 675 Nihilo
179 654 271 682 putare
289 649 362 675 Idem
372 649 436 675 Diu.
451 649 526 675 Verr.
539 654 576 680 24
590 656 611 672 c.
626 654 650 680 7.
675 660 688 664 «
746 647 804 674 Cic.
818 647 851 674 de
860 648 949 675 Finib.
963 657 988 680 2,
1003 657 1036 682 43
1055 648 1133 682 Qiae
1197 648 1302 684 aliquid
1317 660 1395 685 agere
1418 651 1552 686 Quinetil.
1565 663 1593 687 4,
1608 665 1634 689 4.
1669 655 1739 682 Add.
1756 656 1901 683 Tac-‚Hilt
1912 655 1936 687 ’3.
1952 666 1976 689 9,
1990 666 2018 689 9.
2052 660 2153 694 Curt.4
2175 669 2202 686 m
2229 665 2266 687 ω’.

61 690 145 718 quum
159 684 279 711 Aristoni
291 691 317 711 et
331 683 462 717 Pyrrhoni
474 683 565 711 omnia
579 683 634 709 visa
649 683 706 709 sunt
716 691 769 718 pro
778 683 886 714 Nihilo,
899 690 928 711 vt
943 684 1013 711 inter
1024 692 1129 720 optime
1199 684 1372 722 Instgmficat
1384 690 1413 713 in
1430 688 1474 714 illo
1500 688 1569 715 Gell.
1586 697 1648 722 'b‘3
1676 692 1727 718 Pro
1742 692 1842 718 rostris.
1914 694 1955 720 Sic
1974 695 2025 721 Pro
2046 680 2164 730 urgenti
2191 681 2267 723 (fac-1¹.

64 719 163 750 valere,
177 726 203 747 et
215 719 364 755 grauissime
378 724 516 755 aegrotare
532 718 600 744 nihil
615 721 722 753 proi-sus
737 719 858 746 dicerent
872 720 1002 747 interesse.
1075 721 1132 755 Ego
1198 721 1265 748 Bell.
1276 722 1344 748 Gall.
1359 724 1387 755 6,
1403 731 1425 754 3.
1494 724 1546 750 Pro
1560 725 1691 753 tribunali
1706 729 1842 762 cognoscit
1858 728 1938 755 iud—:x
1959 730 2064 764 leian.
2076 716 2108 757 in
2124 732 2141 759 Ι.
2155 741 2170 759 2
2184 733 2214 759 D.
2233 734 2268 759 de

63 761 163 787 tamen,
177 757 306 791 quoniam
319 756 524 783 condemnatum
538 756 587 782 ell'e
602 764 652 789 pro
661 755 760 782 Nihilo
772 755 823 788 vis,
835 756 887 787 (at.
901 758 956 785 eli)
978 755 996 782 si
1009 756 1045 782 ita
1062 757 1134 789 ess'et,
1153 764 1180 793 ις
1197 767 1228 785 re
1245 757 1330 785 indic.
1367 757 1437 785 Ada.
1451 759 1508 786 Cic.
1518 760 1591 787 Fam.
1607 769 1630 793 3,
1647 767 1669 791 8.
1774 764 1875 790 Sallull.
1890 765 1970 792 (atil.
1994 775 2015 792 c.
2030 772 2055 795 ις
2068 775 2133 794 extr.
2161 769 2216 803 Qui
2236 769 2267 796 ni

63 791 235 826 ignoscerem
246 791 321 820 Idem
329 790 444 826 Philipp.
458 799 482 819 2.
497 794 537 823 36.
623 791 682 818 Cic.
698 792 771 817 Fam.
785 799 825 824 t3‚·
833 799 864 823 29
891 792 985 826 ltaque
998 792 1030 818 lic
1048 793 1133 819 velim
1198 794 1358 827 maturasset,
1370 803 1420 829 pro
1434 796 1507 822 curia
1523 796 1602 823 sociis
1617 796 1720 832 lignum
1733 798 1805 825 dare.
1878 802 1934 827 Cic.
1956 792 2068 837 Philipp.
2090 812 2111 835 2,
2129 800 2169 839 64'
2185 805 2267 833 Hasta

66 827 214 862 existimes,
224 836 267 855 me
277 828 370 855 omnes
384 827 499 854 Achaiae
516 826 638 854 ciuitates
651 826 790 860 arbitrari,
804 835 854 861 pro
870 826 969 854 horum
980 834 1134 863 temporum
1171 833 1176 836 “
1198 829 1281 865 posita
1295 839 1345 865 pro
1358 830 1423 857 aede
1432 832 1506 858 Iouis
1519 831 1632 859 statoris
1707 834 1757 861 illa
1770 835 1905 870 praesidia,
1914 845 1981 870 quac
1996 847 2044 872 pro
2060 841 2166 875 templ..
2179 841 2268 868 omni.

15 897 18 900 η
66 864 280 897 Perturbatione,
291 863 392 890 felices.
464 864 514 890 Pro
524 863 650 890 Ridicule
661 871 689 889 ae
698 862 893 889 delectamento
906 871 999 897 putare
1015 865 1134 899 aliquem
1200 867 1250 894 bus
1270 866 1381 893 cernitis
1404 866 1478 894 Idem
1493 876 1542 902 pro
1557 869 1656 896 Milon.
1670 877 1692 895 2.
1787 871 1889 898 Lot-are
1921 874 2024 908 equites
2058 884 2107 909 pro
2140 877 2271 904 comibu.

5 927 8 938 1
43 905 46 907 ’
64 899 135 927 Ter.
145 901 241 927 Heaut.
254 907 278 938 ς,
290 908 310 932 ι,
324 907 368 934 79.
440 899 493 926 Pro
501 899 572 926 Rudi
583 907 663 934 atquc
677 898 792 925 indocto
799 898 945 933 despicitur
963 899 1032 939 Geli.
1043 909 1082 932 10,
1092 909 1133 933 24.
1199 902 1335 937 Qinffil.
1356 911 1381 933 z,
1404 911 1438 936 ¹3·
1516 904 1567 930 Pro
1582 904 1708 939 gradibus
1729 906 1823 933 Palatii
1842 908 1948 934 Sueton.
1964 909 2068 936 Neron.
2084 921 2105 937 c.
2119 917 2142 942 s.
2217 915 2270 941 Pro

62 936 115 963 Pro
123 936 212 970 Rupto
226 934 322 962 foedus
336 934 435 962 habere
454 936 517 962 Liu.
534 944 557 968 2,
595 955 601 962 .
640 954 647 961 .
744 935 796 961 Pro
810 934 880 961 Sano
897 935 1019 970 loqueris
1050 935 1134 963 Plaut.
1149 949 1185 968 20
1200 938 1316 973 oppido,
1338 947 1388 974 pro
1405 938 1492 970 vallo,
1511 948 1561 974 pro
1576 940 1664 968 castris
1677 942 1809 969 collocare
1824 944 1912 978 copias
1935 945 2009 972 Caes.
2026 946 2090 973 Pnell.
2105 948 2171 974 Gall.
2187 957 2204 983 7
2235 959 2269 976 a·:›

34 986 44 997 r
62 971 137 998 Men.
153 979 178 1003 2,
191 979 218 1003 2,
233 978 278 1004 24.
354 972 405 998 Pro
414 971 553 998 Seditione
565 979 607 999 res
623 974 680 997 erat
708 970 783 998 Curt.
796 980 826 1005 4,
846 979 886 1004 10,
904 980 938 1011 4.ι
969 973 988 997 i.
1007 969 1137 1007 insterst-
1201 980 1224 1001 tt
1238 982 1277 1009 71.
1350 976 1402 1002 Pro
1415 975 1487 1002 ostio
1508 976 1605 1003 Festus.
1691 978 1743 1005 Pro
1756 978 1868 1013 pedibus
1881 980 1986 1015 aliquid
2006 982 2122 1009 abiicere
2169 988 2187 1011 i.
2206 970 2270 1013 inice

26 1023 31 1027 -
60 1006 180 1034 ditionis.
253 1008 304 1035 Pro
315 1007 451 1034 Sententia
466 1007 564 1040 dicere,
583 1014 623 1043 ap.
639 1005 761 1039 Festum,
785 1013 905 1043 tanquam
913 1011 1083 1043 stntmtiam,
1096 1008 1139 1034 vc!
1200 1011 1276 1046 pedes
1300 1010 1380 1046 Apul.
1400 1011 1479 1046 Apol.
1506 1021 1531 1046 p.
1547 1020 1601 1047 337.
1685 1015 1729 1041 Sic
1748 1016 1800 1042 Pro
1819 1016 1904 1050 portis
1928 1017 2023 1043 Tacit.
2037 1019 2104 1045 Hui.
2123 1004 2140 1051 ς’
2185 1030 2206 1047 u
2245 1030 2270 1048 2,

36 1047 44 1062 '‘
62 1042 275 1080 Iocoseutentiae,
287 1045 371 1074 veh-at
385 1043 436 1079 ipsc
449 1046 641 1079 interpretatur,
650 1043 678 1069 in
691 1043 830 1069 sententia.
901 1044 954 1070 Pro
961 1043 1138 1071 Testimonio
1202 1044 1224 1083 fl
1245 1052 1258 1076 8
1294 1048 1332 1073 De
1352 1049 1381 1073 m·
1400 1047 1474 1074 huius
1488 1050 1633 1084 particulae
1650 1051 1678 1075 in
1697 1049 1839 1086 compositis
1852 1051 1968 1088 pluscula
1980 1053 2044 1089 ficut
2062 1056 2130 1090 apud
2144 1041 2257 1084 ’Festum

62 1078 154 1106 dicere
168 1079 232 1106 Cic.
241 1080 320 1106 Verr.
334 1089 363 1114 4,
376 1089 423 1112 44.
459 1082 492 1106 ie.
511 1078 583 1106 Gell.
600 1087 635 1113 ιι,
648 1087 669 1112 3.
706 1078 820 1105 Mentiri
841 1078 899 1106 Cic.
913 1081 973 1107 Vat.
986 1088 1008 1112 3.
1084 1080 1137 1107 Pro
1163 1100 1166 1103 κ
1194 1081 1245 1119 std
1255 1083 1338 1109 lacera
1351 1089 1375 1109 et
1387 1090 1518 1119 corrupm.
1555 1083 1601 1111 Ad
1613 1083 1811 1122 fignificationcs
1825 1087 1901 1124 forte
1913 1087 2055 1124 fimplicts,
2073 1101 2135 1126 quas
2148 1078 2272 1120 aedanus,

63 1115 154 1143 Vic'tis
169 1115 262 1142 abiere
281 1115 343 1142 Liu.
353 1123 377 1146 2,
392 1122 409 1150 7
419 1118 463 1151 pr.
665 1111 686 1151 fl
706 1123 719 1145 5
755 1115 900 1142 Secundum.
944 1115 1014 1143 Ter.
1027 1115 1136 1144 Phorm.
1153 1129 1183 1157 ,ς
1200 1119 1285 1154 redigi
1293 1117 1395 1154 pqfflmt
1407 1125 1432 1145 ct
1444 1118 1586 1155 compofita,
1601 1128 1630 1147 vt
1643 1130 1669 1148 n.
1686 1130 1696 1148 1
1716 1123 1886 1154 Promercor,
1909 1133 1935 1150 n.
1948 1133 1960 1150 2
1982 1126 2110 1160 Procuro,
2137 1136 2164 1155 n.
2178 1138 2190 1161 3
2209 1113 2273 1156 Pro:

65 1159 94 1184 2,
102 1160 127 1185 2,
135 1160 164 1185 23
191 1152 280 1179 Immo
293 1152 365 1189 enipi
378 1160 460 1178 nemo
474 1150 534 1178 satis
549 1159 599 1186 pro
612 1153 712 1178 merito
729 1152 843 1185 gratiam
856 1152 914 1186 regi
928 1152 1020 1179 refert.
1084 1152 1137 1179 Sal·
1202 1154 1294 1182 consul
1312 1162 1358 1182 etc.
1396 1154 1445 1182 Sed
1456 1154 1505 1188 aia
1518 1157 1668 1193 rariuscula.
1704 1159 1822 1185 Omnium
1829 1159 2033 1195 frequentifflma
2039 1163 2119 1198 finit,
2141 1168 2169 1190 in
2181 1166 2276 1201 quibua

65 1187 127 1214 lust.
141 1188 168 1215 in
183 1188 262 1214 Catil.
280 1197 302 1215 c.
316 1197 348 1221 30
371 1187 475 1221 Hisque
487 1188 641 1222 permiss'um
654 1186 690 1213 est
699 1207 707 1219 ‚
720 1187 761 1214 vti
775 1196 826 1222 pro
835 1193 958 1222 tempore
971 1194 1051 1224 atque
1065 1188 1137 1224 peri·
1201 1198 1231 1218 ut
1246 1200 1271 1217 n.
1284 1199 1301 1226 7
1319 1190 1354 1217 ad
1364 1191 1445 1218 Iocum
1453 1192 1591 1228 publicum,
1603 1199 1628 1218 et
1638 1193 1716 1219 lucem
1730 1194 1857 1230 publicam
1870 1190 2001 1230 refertior,
2020 1206 2050 1224 vt
2066 1199 2188 1228 Produco
2211 1210 2276 1236 pro-

65 1224 128 1251 tulo
141 1224 288 1251 exercitum
302 1229 496 1259 compararent.
622 1222 728 1250 uint‘itil.
746 1231 768 1255 3,
781 1225 799 1250 6
821 1224 853 1250 Et
867 1225 964 1251 accidit
978 1234 1027 1260 pro
1036 1225 1138 1252 Condi·
1201 1227 1272 1259 fero,
1285 1233 1332 1253 etc.
1352 1228 1393 1254 uel
1405 1234 1479 1254 notat
1490 1231 1650 1254 remotionem
1665 1230 1786 1265 aliquam,
1800 1238 1830 1256 vt
1842 1231 1905 1258 idem
1914 1232 1976 1268 fere
1983 1231 2030 1266 stt,
2043 1235 2110 1270 quod
2122 1221 2214 1271 prociil
2244 1243 2277 1264 vt

65 1260 147 1287 tione·
155 1260 304 1287 causarum.
388 1260 446 1287 Cic.
460 1260 513 1288 Att.
534 1268 554 1292 ι,
572 1266 586 1292 ς
630 1268 663 1286 ro
681 1259 771 1286 nostra
779 1260 985 1288 Consuetudine.
1001 1268 1030 1288 tu
1047 1261 1138 1288 existi·
1201 1266 1230 1290 in
1243 1263 1390 1296 Projicere,
1403 1263 1561 1298 prohibere,
1574 1264 1713 1299 profanus,
1727 1266 1858 1300 procelle,
1873 1268 2029 1302 proficiscor
2042 1278 2088 1298 etc.
2134 1257 2278 1300 (mamitus

64 1305 139 1323 mare
157 1304 240 1331 potes.
346 1295 397 1323 Pro
412 1293 553 1330 Dignitaie‘
575 1295 697 1322 tribuere
717 1296 816 1331 cuique
848 1296 923 1323 Idem
945 1295 1024 1324 Offic.
1045 1307 1070 1329 1,
1090 1306 1136 1331 42.
1155 1312 1187 1337 30
1201 1299 1389 1334 compositorum
1402 1304 1508 1333 variat,
1520 1308 1544 1326 ct
1556 1303 1584 1326 in
1597 1300 1704 1337 lingulis
1720 1302 1872 1338 obseruanda
1885 1302 1937 1337 est,
1955 1304 2002 1338 mJi
2031 1306 2082 1333 uod
2091 1299 2209 1344 tum‘J'cre
2222 1318 2278 1337 cor-

62 1333 199 1359 Columel.
219 1341 254 1366 9,
272 1341 283 1359 1
317 1332 415 1360 Modus
441 1332 522 1359 siluae
541 1339 592 1366 pro
610 1332 740 1367 cuiusque
764 1332 946 1360 ‘facultatibus
981 1342 1136 1369 occupatur.
1200 1338 1264 1371 ripi',
1279 1333 1411 1372 obseruaſj}
1426 1336 1490 1362 mihi
1503 1338 1605 1368 videor,
1625 1346 1680 1364 cum
1687 1344 1737 1373 per
1750 1338 1845 1373 procul
1859 1339 1931 1366 reddi
1940 1314 2030 1375 potestq.

66 1369 262 1396 Ptol-'acultate
275 1368 364 1395 nostra
384 1367 518 1402 Quinctil.
531 1370 558 1400 6,
573 1375 595 1401 ς.
623 1367 692 1407 (ΜΔ.
713 1369 784 1404 Nep.
802 1377 838 1401 ις,
851 1377 875 1402 3,
890 1377 912 1402 ς.
1019 1371 1071 1397 Pro
1088 1377 1137 1397 tuo
1239 1378 1255 1398 ι»
1267 1377 1367 1399 ROAE
1377 1378 1414 1398 Dl
1427 1378 1443 1398 Ρ
1454 1380 1464 1399 1
1474 1378 1521 1400 CA
1531 1380 1552 1399 Τ
1562 1379 1616 1405 vs,
1637 1382 1669 1406 a,
1697 1383 1754 1401 um.
1801 1375 2023 1404 Proaedificatum
2055 1377 2173 1413 dicitur,
2192 1378 2277 1415 Quod

66 1404 182 1440 Ingenio
201 1405 267 1432 haec
286 1404 422 1432 considera
453 1405 511 1431 Cic.
527 1404 600 1430 Fam.
627 1407 674 1436 16,
692 1413 715 1436 3.
803 1406 810 1416 ’
839 1405 976 1432 oiniuriie
990 1407 1042 1434 tuis
1051 1407 1086 1437 jn
1096 1414 1140 1433 me
1204 1416 1238 1435 ex
1250 1408 1357 1443 priuato
1373 1408 1435 1434 loco
1449 1409 1477 1434 in
1490 1408 1631 1443 publicum
1644 1409 1731 1436 solum
1744 1410 1874 1445 proceffit.
1905 1412 2004 1439 Festus.

64 1449 204 1477 nunquam
223 1448 250 1468 te
267 1440 337 1467 mihi
348 1441 417 1468 -satis
439 1441 488 1467 css‘e
507 1439 642 1467 factm-um
663 1440 773 1475 putabas
799 1415 861 1469 &o
885 1442 1001 1478 Philipp.
1031 1452 1061 1479 a,
1092 1451 1141 1477 49.
1245 1451 1353 1471 PROA
1365 1450 1468 1472 GOG1
1484 1451 1502 1470 v
1517 1451 1543 1471 M
1555 1465 1563 1478 ,
1589 1445 1608 1471 i.
1634 1453 1661 1472 n.
1697 1446 1884 1482 [προαγώγισν]
1927 1449 2063 1484 stuprum,
2089 1449 2242 1486 per-dubita,
2263 1461 2280 1478 a

64 1477 117 1504 Pro
136 1477 256 1512 Imperio
275 1476 387 1504 dedimus
410 1486 436 1503 n.
449 1486 468 1511 4
493 1482 518 1503 ct
539 1477 591 1503 Pro
605 1478 666 1504 Iure
684 1478 731 1504 suo
741 1497 751 1510 ,
771 1478 826 1504 vid.
840 1476 927 1513 postca
947 1488 972 1505 n.
987 1481 1014 1506 6.
1086 1479 1139 1506 Pro
1154 1491 1184 1519 33
1205 1480 1299 1507 Gracco
1314 1480 1388 1507 verbo
1402 1481 1564 1516 προαγωγόν,
1583 1481 1652 1517 quod
1664 1482 1755 1508 Latini
1768 1483 1907 1518 perducere
1919 1484 2023 1518 diczmt,
2039 1485 2068 1512 id
2086 1484 2120 1520 ‹st
2131 1489 2282 1519 denotatam,

60 1513 157 1540 ,Laude
173 1513 302 1541 merentis
319 1513 449 1548 praestare
471 1513 497 1540 se
514 1512 638 1547 dignum,
672 1515 691 1539 i.
719 1515 797 1540 quta
816 1515 913 1541 laudem
926 1517 1044 1542 merentis
1069 1515 1140 1542 Hor.
1204 1518 1355 1544 lenocinium
1366 1516 1463 1553 facere.
1499 1517 1632 1544 Laudatur
1647 1518 1718 1545 Suet.
1733 1518 1838 1546 Neron.
1854 1529 1875 1546 c.
1885 1526 1912 1551 28
1932 1521 2016 1556 Super
2030 1522 2281 1559 ingenuonumpro-

64 1549 112 1585 Ep.
128 1558 149 1583 ι,
164 1558 191 1585 7,
206 1558 251 1583 24.
273 1580 278 1583 ,
318 1550 370 1577 Pro
378 1549 462 1576 Modo
475 1548 651 1577 crassitudinis
665 1549 800 1577 Columel.
815 1559 856 1582 ιε,
870 1551 915 1584 46.
986 1552 1038 1578 Pro
1052 1551 1140 1578 Modo
1204 1553 1312 1588 agogia,
1319 1559 1346 1579 et
1359 1560 1503 1587 nuptarum
1516 1553 1719 1580 concubinatus-
1739 1573 1741 1575 ·
1755 1555 1854 1582 Vestali
1867 1556 1970 1592 virgini
1979 1557 2098 1585 Rubriae
2107 1559 2162 1586 vim
2178 1559 2282 1590 intulit.

64 1587 168 1614 virium
183 1593 208 1612 et
221 1578 382 1622 exigendum
398 1591 425 1612 et
439 1584 631 1621 corrigendum
646 1594 714 1620 opus
732 1586 865 1620 Qiintffil.
880 1595 903 1620 2,
918 1595 946 1620 4.
1019 1588 1071 1614 Pro
1080 1587 1139 1615 Nu·
1200 1590 1253 1617 'Sed
1267 1596 1347 1615 totum
1358 1589 1405 1616 hoc
1418 1587 1452 1622 est
1465 1589 1610 1626 abyEgnatii
1623 1593 1742 1626 ingenio:
1761 1590 1836 1618 lec-'sio
1858 1601 1920 1619 vcra
1933 1591 1967 1626 est
1984 1593 2158 1630 Paedagogia.
2174 1606 2235 1623 v.v.

65 1627 142 1650 mero
156 1622 277 1650 militum
298 1622 456 1648 ciuitatibus
477 1622 651 1656 pecuniarum
672 1622 786 1648 summas
807 1621 959 1650 describere
985 1623 1044 1650 Cic.
1060 1625 1140 1651 Verr.
1241 1631 1258 1652 P
1267 1632 1286 1652 R
1295 1631 1314 1651 o
1324 1632 1346 1651 A
1358 1630 1378 1651 G
1389 1624 1408 1652 ὅ
1417 1632 1436 1652 R
1446 1631 1467 1650 V
1476 1633 1500 1657 s,
1532 1627 1629 1652 Dorica
1641 1629 1750 1659 ratione,
1765 1636 1838 1663 quam
1853 1630 1944 1656 Latini
1955 1632 2112 1658 aernulamur
2121 1652 2130 1664 ,
2149 1639 2172 1658 et
2186 1628 2282 1659 siculo-

68 1666 92 1695 ς,
113 1661 160 1694 61.=
175 1659 179 1663 ‘
207 1666 213 1670 ’
224 1659 276 1687 Pro
292 1658 360 1685 meis
367 1656 473 1685 Officiis
485 1658 582 1685 Caesar
595 1667 764 1693 nequaquam
776 1659 853 1691 satis,
872 1668 921 1694 pro
935 1659 1015 1694 ipsius
1030 1660 1060 1686 in
1071 1660 1139 1687 alios
1146 1667 1186 1693 40
1204 1670 1260 1689 rum
1278 1663 1367 1697 lingua
1385 1661 1466 1695 (nam
1486 1660 1518 1688 ab
1536 1663 1597 1688 aliis
1611 1663 1717 1689 Graecis
1729 1663 1854 1698 προήγορος
1873 1664 2132 1701 dicitur)stgnificat
2147 1669 2223 1701 Eum,
2239 1670 2285 1703 qui

61 1693 211 1727 effitsione,
229 1694 259 1721 iu
279 1703 322 1721 me
336 1694 457 1721 liberalis
471 1694 525 1721 fuit
549 1693 622 1721 Idem
635 1695 691 1721 Att.
704 1702 730 1729 7,
752 1703 774 1727 3.
847 1696 898 1722 Pro
913 1696 967 1729 suis
975 1695 1082 1730 Opibus
1095 1705 1140 1722 ne·
1197 1701 1320 1733 princeps
1333 1695 1383 1730 qsi,
1403 1704 1428 1723 et
1441 1703 1499 1724 ante
1513 1698 1578 1724 alios
1595 1697 1672 1725 verba
1685 1697 1770 1733 facit.
1818 1699 1883 1736 Vsus
1897 1698 1931 1733 est
1950 1701 2008 1727 Cic.
2024 1702 2104 1728 Verr.
2121 1712 2150 1736 4,
2163 1710 2195 1736 30
2209 1713 2230 1729 c.
2246 1711 2287 1735 23.

69 1739 118 1758 mo
129 1730 198 1764 fuit,
207 1731 256 1765 qui
268 1728 380 1757 nou‘me
394 1730 422 1756 in
437 1730 484 1757 ina
497 1728 652 1766 'tempestate
662 1729 909 1758 defendet-itidem
923 1739 973 1766 pro
981 1732 1071 1758 Domo
1085 1737 1140 1762 108-
1187 1737 1190 1740 “
1204 1737 1235 1760 it.
1250 1742 1272 1759 c.
1287 1741 1319 1765 39
1338 1739 1362 1759 et
1375 1741 1397 1758 c.
1412 1741 1458 1767 42..
1726 1742 1727 1745 ¹

66 1766 120 1795 Pto
129 1767 267 1803 Opinione
280 1767 354 1802 vulgi
372 1766 435 1793 haec
454 1766 840 1802 nequaquam,extimescenda
852 1768 912 1793 sunt
943 1766 1003 1792 Cic.
1017 1767 1102 1793 Tusc.
1115 1775 1141 1800 3,
1204 1781 1221 1799 s·
1238 1774 1255 1793 Ρ
1267 1774 1286 1793 R
1299 1775 1320 1794 o
1330 1768 1436 1793 AMi'T
1446 1773 1480 1799 Α,
1496 1773 1538 1792 ae.
1559 1766 1580 1792 s.
1617 1768 1713 1792 Proaui
1724 1770 1773 1798 mei
1781 1767 1867 1803 Jbror.
1904 1768 1988 1796 Caius
2005 1770 2036 1797 in
2056 1771 2075 1798 1.
2088 1780 2099 1798 1
2116 1772 2149 1799 D.
2172 1772 2204 1799 de
2219 1773 2288 1801 Gra-

66 1807 106 1834 58.
189 1802 273 1830 Plaut.
289 1803 357 1830 Rud.
371 1813 400 1836 4,
413 1811 443 1835 4,
457 1808 484 1832 81
509 1802 571 1829 Sine
585 1811 628 1828 me
641 1811 700 1828 mea
706 1810 768 1836 ‘pro
783 1802 862 1828 Parte
873 1800 963 1835 loqui:
991 1801 1041 1827 Sed
1052 1803 1142 1827 variat
1205 1800 1293 1828 dibus.
1329 1801 1400 1827 Add.
1426 1801 1469 1827 tit.
1482 1801 1545 1827 Inst.
1560 1801 1593 1827 de
1604 1801 1710 1836 gradib.

65 1837 150 1867 tefflo.
197 1839 298 1865 Certius
323 1838 380 1865 Cic.
394 1839 468 1864 Fam.
479 1838 504 1871 ζ,
522 1846 540 1864 2.
560 1837 634 1865 Fieri
648 1845 703 1863 non
717 1835 828 1875 moleste
842 1836 906 1870 uili,
919 1841 1000 1870 atque
1012 1836 1140 1875 etiam-vt
1149 1842 1185 1869 45·
1238 1843 1254 1862 Ρ
1263 1843 1283 1863 R
1294 1841 1315 1862 ο
1324 1843 1347 1863 Α
1356 1843 1376 1862 R
1385 1843 1402 1864 c
1413 1842 1435 1863 Η
1444 1843 1473 1870 Ε,
1494 1845 1530 1863 es.
1555 1835 1576 1864 f.
1613 1838 1684 1864 Aeon
1703 1837 1851 1872 Valentini,
1870 1839 1940 1876 quast
1952 1847 1981 1868 tu
2000 1843 2102 1880 aliquid
2112 1844 2167 1881 ipfi,
2184 1847 2288 1881 Princi-

65 1875 104 1902 ita
118 1874 206 1909 tieret,
216 1882 271 1909 pro
281 1882 340 1901 mea
353 1874 431 1900 Parte
443 1872 559 1899 adiuui.'
625 1871 701 1899 Idem
714 1870 831 1906 Philipp.
845 1880 881 1904 13,
894 1876 908 1902 8
928 1871 1007 1898 Tum
1019 1880 1064 1898 me
1079 1872 1154 1898 eius‘
1197 1875 1245 1908 pio
1256 1875 1335 1909 prius
1355 1871 1436 1900 dicas.
1485 1872 1546 1900 Vid.
1567 1872 1689 1901 Tei-tull.
1709 1874 1771 1901 adu.
1787 1876 1845 1903 Val.
1869 1885 1891 1903 c.
1905 1884 1932 1912 7.
1949 1885 1986 1911 33.
2004 1886 2047 1914 37.
2085 1881 2145 1908 add.
2168 1882 2286 1918 Inter-pr.

65 1909 200 1938 beneficio
210 1910 281 1945 plus,
295 1916 374 1944 quani
389 1916 439 1943 pro
452 1907 531 1934 virili
545 1908 622 1934 Parte
635 1907 786 1942 obligatum
799 1913 875 1941 puto.
912 1906 996 1945 Ouid.
1011 1916 1043 1934 ex
1051 1909 1140 1935 Ponto
1201 1910 1274 1936 Iren.
1291 1917 1312 1941 1,
1326 1917 1347 1935 1.
2209 1915 2211 1917 ’

64 1953 93 1980 2,
107 1955 129 1980 1,
144 1953 183 1981 17.
255 1945 312 1972 Cic.
325 1945 410 1971 Tusc.
425 1952 446 1976 1,
465 1952 503 1978 94
528 1944 629 1971 Omnia
647 1944 696 1970 ista
707 1942 821 1978 perinde
832 1949 863 1970 vt
881 1943 980 1978 cuique
993 1943 1053 1971 data
1066 1945 1136 1977 sunt,
1239 1951 1257 1971 P
1268 1951 1288 1970 R
1299 1950 1421 1971 OARIE
1430 1949 1461 1976 s,
1482 1944 1541 1971 etis.
1562 1953 1600 1971 m.
1638 1942 1836 1978 billi-uinearum
1849 1947 1894 1981 effe
1906 1952 1997 1982 aiunt,
2010 1959 2058 1986 quo
2071 1954 2128 1979 vice
2141 1955 2233 1981 arietis
2243 1957 2288 1982 vti

61 1991 114 2019 pro
127 1989 184 2009 rata
196 1982 273 2009 Parte
285 1991 300 2008 a
313 1981 380 2013 vita,
394 1980 474 2015 longa
486 1987 533 2006 aut
545 1979 641 2006 breuia
654 1979 790 2006 dicuntur.
862 1979 968 2006 Paullus
981 1979 1011 2006 in
1030 1980 1049 2006 l.
1069 1980 1140 2006 Vsus
1203 1980 1282 2007 li'ceat
1300 1979 1336 2006 ad
1347 1980 1499 2017 adigendam
1516 1983 1658 2007 materiam.
1695 1982 1769 2008 Caes.
1784 1983 1850 2017 Bell.
1865 1984 1934 2012 Gall.
1950 1995 1978 2019 4,
1998 1995 2023 2019 17
2047 1989 2084 2014 Ac
2098 1988 2188 2016 nihilo
2200 1991 2286 2018 secius

66 2019 103 2046 D.
123 2017 156 2043 de'
169 2018 218 2044 vsu
231 2023 258 2043 et
272 2016 333 2043 hab.
363 2015 436 2042 Nam
449 2016 507 2041 frui
521 2015 634 2050 quidem
648 2025 698 2049 pro
707 2017 784 2042 Parte
798 2015 991 2048 possumus‚vti
1003 2023 1054 2049 pro
1065 2021 1141 2048 parte
1156 2024 1189 2051 50
1204 2015 1333 2047 sublicae,
1349 2021 1376 2042 et
1389 2014 1423 2042 ad
1436 2015 1597 2042 inferiorem
1611 2021 1714 2050 partem
1734 2018 1854 2046 fluminis
1867 2020 1996 2055 obliquae
2009 2022 2201 2057 adigebantur,
2215 2035 2285 2061 qua-e

65 2061 123 2082 non
135 2052 278 2087 possumus.
333 2051 499 2085 Pomponius
513 2050 543 2075 in
557 2050 576 2076 l.
590 2050 618 2076 Si
631 2059 735 2084 poenae
745 2049 770 2087 §.
790 2050 818 2076 Si
830 2050 899 2076 falso
915 2050 948 2076 D.
970 2049 1003 2075 de
1017 2049 1135 2077 condiet.
1202 2051 1340 2085 proariete
1356 2050 1496 2082 suba&ae‚
1517 2058 1543 2078 et
1555 2061 1615 2078 cum
1630 2053 1706 2080 omni
1720 2061 1803 2088 opere
1816 2057 1992 2090 couiun&ae‚
2006 2058 2063 2085 vim
2077 2060 2198 2087 fluminis
2212 2063 2286 2090 exci-

64 2088 159 2116 indeb.
186 2087 215 2114 Si
226 2086 295 2115 falso
310 2086 463 2113 existimans
477 2085 585 2118 debere,
605 2085 658 2112 tibi
679 2094 775 2112 numos
794 2085 917 2115 tolneto,
938 2085 985 2120 qui
998 2094 1048 2120 pro
1060 2087 1138 2119 Parte
1198 2092 1306 2122 ‘perenn
1347 2086 1408 2114 isid.
1423 2086 1539 2122 Bayfium
1552 2091 1580 2114 in
1595 2088 1639 2115 lib.
1653 2088 1683 2114 de
1701 2089 1826 2125 mzsculis.
1863 2094 1922 2119 Alii
1940 2103 1999 2120 vcro
2017 2095 2104 2127 legunt
2130 2097 2182 2123 Pro
2197 2099 2285 2126 ariete

28 2127 30 2130 '
67 2124 169 2157 alieni,
177 2130 228 2159 pro
242 2128 316 2158 parte
327 2122 383 2149 mei
396 2122 516 2153 fuerunt,
530 2127 577 2148 etc.
649 2121 756 2157 leian.
775 2121 837 2148 inl.
855 2121 886 2148 in
904 2121 946 2148 his
959 2130 1025 2148 vero
1039 2120 1073 2149 D.
1097 2122 1139 2149 De
1203 2122 1352 2150 subiectae:
1388 2124 1424 2151 al.
1444 2124 1497 2151 Pro
1517 2125 1620 2160 pariete
1639 2124 1783 2153 subiectae.
1819 2128 1909 2156 Metuo
1928 2133 2026 2167 igitur,
2039 2125 2077 2157 'ne
2095 2132 2173 2160 nihili
2183 2134 2223 2168 Jit
2240 2136 2285 2165 hic

68 2160 198 2188 solution.
216 2165 243 2186 et
261 2158 419 2185 liberatien.
451 2158 479 2185 Si
497 2166 568 2188 vero*
587 2157 690 2184 summa
706 2159 847 2184 vsuratum
864 2157 1017 2184 debitarum
1035 2164 1062 2185 et
1083 2167 1140 2185 non
1204 2160 1338 2187 Proaries.

67 2196 223 2224 debitarum
238 2204 295 2222 non
313 2194 407 2222 eadem
424 2193 455 2221 sit
471 2205 476 2220 :
501 2193 698 2229 ads-vtramque
721 2195 827 2220 causam
847 2194 998 2229 aequaliter
1018 2194 1143 2230 proficit,
1154 2196 1184 2224 55
1238 2202 1256 2222 P
1267 2202 1318 2223 Ro
1330 2200 1517 2229 AVCTOR,
1537 2195 1602 2223 aris.
1624 2205 1661 2223 m.
1697 2197 1918 2235 [προκατάρχων]
1961 2201 2070 2230 Sueton.
2089 2204 2183 2232 Claud.
2203 2215 2226 2233 c.
2248 2215 2284 2243 24

88 2232 143 2260 uod
157 2232 274 2259 solutum
286 2230 337 2264 est,
345 2240 401 2257 non
416 2239 466 2266 pro
474 2230 551 2267 Rata,
565 2236 596 2257 vt
609 2230 692 2257 verba
706 2229 831 2266 rescripti
845 2230 996 2257 ostendunt.
1047 2232 1138 2258 Varro
1203 2231 1322 2267 Appium
1341 2232 1458 2259 Caecum
1480 2233 1586 2266 generis
1605 2233 1646 2259 sui
1666 2234 1866 2268 proauCtorem.
1903 2239 1961 2264 Oua
1974 2238 2067 2274 farma
2081 2241 2205 2269 Proauum
2217 2242 2284 2270 dici-

67 2242 103 2296 de
120 2269 154 2296 R.
167 2269 199 2296 R.
216 2276 250 2301 2,
269 2276 284 2301 3
301 2268 353 2294 ·Vt
371 2272 398 2294 et
417 2267 457 2293 lac
475 2266 610 2299 multum,
626 2271 657 2293 -et
676 2265 776 2302 pingue
795 2265 911 2293 habeant
928 2275 979 2302 pro
998 2267 1138 2294 Portione.
1202 2277 1258 2295 mur
1271 2287 1280 2301 ,
1310 2267 1393 2296 eadem
1420 2268 1616 2296 Proauctorem
1628 2289 1639 2303 ,
1673 2269 1745 2306 quast
1763 2272 1858 2299 Procul
1880 2263 2004 2311 ec7onga
2029 2279 2130 2313 origine
2154 2277 2284 2307 auHorem

67 2306 126 2334 Cic.
140 2304 172 2332 de
187 2305 264 2331 Orat.
277 2312 303 2335 2,
314 2312 364 2336 320
381 2303 432 2330 Sed
444 2308 553 2338 oportet
567 2308 596 2329 vt
613 2302 724 2330 aedibus
737 2312 766 2330 ac
779 2303 885 2339 templis
898 2302 1031 2330 vestibula
1043 2310 1069 2330 et
1082 2303 1139 2330 adi·
1208 2303 1288 2331 dixit.

66 2348 128 2374 tus,
146 2340 180 2368 sie
199 2339 280 2367 causis
299 2339 384 2376 princi
406 2340 432 2373 ia
449 2348 501 2376 pro
521 2339 650 2366 Portione
670 2348 762 2366 rerum
781 2348 944 2376 proponere.
1035 2340 1093 2367 Cic.
1109 2340 1140 2366 in
1242 2346 1290 2368 PR
1301 2345 1322 2367 ο
1333 2346 1532 2368 AVVNCVL
1546 2346 1568 2367 v
1580 2348 1610 2374 s,
1631 2339 1651 2368 i.
1671 2350 1708 2368 m.
1745 2348 1770 2368 et
1800 2349 1816 2370 Ρ
1828 2349 1846 2369 R
1857 2350 1876 2371 ο
1887 2350 2089 2377 MATERITE
2100 2353 2152 2377 RA
2192 2359 2232 2378 ae.
2258 2351 2277 2379 f

65 2378 158 2406 Somn.
172 2377 242 2412 Seip.
255 2385 291 2405 ιι,
302 2376 356 2403 Hic
371 2384 386 2402 e
416 2396 425 2409 ,
438 2375 528 2410 inquit
540 2375 606 2408 ille,
624 2375 672 2410 qui
687 2375 838 2402 interuallis
854 2375 1014 2403 coniunctus
1028 2376 1139 2412 impari·
1151 2376 1187 2402 60
1201 2379 1222 2404 ἰ.
1243 2378 1338 2414 Proaui
1343 2376 1435 2413 frater
1449 2383 1474 2403 et
1481 2377 1567 2413 soror.
1604 2378 1621 2404 l.
1641 2378 1848 2407 Iurisconsultus
1864 2387 1891 2408 et
1910 2381 1928 2410 1.
1946 2391 1957 2410 1
1975 2381 2009 2409 de
2017 2369 2282 2416 Gradiuet'affinib:

54 2414 142 2447 bus,
154 2414 180 2440 se
194 2419 285 2439 tamen
298 2420 348 2448 pro
365 2418 421 2439 rata
436 2412 565 2438 Portione
579 2411 727 2446 distin&is,
747 2412 865 2448 impulsu
878 2418 905 2439 et
919 2418 997 2439 motu
1015 2412 1138 2448 ipsorum
1202 2414 1303 2448 Imper.
1318 2413 1347 2439 iri
1361 2412 1403 2439 tit.
1418 2413 1451 2440 de
1464 2413 1568 2447 gradib.
1582 2422 1607 2440 2.
1632 2413 1716 2441 instit.
1729 2415 1814 2443 Ciuil.

6 2468 10 2478 .
65 2447 178 2478 orbium
191 2447 317 2476 efficitur.
415 2448 467 2474 Pro
484 2447 563 2475 virili
581 2446 710 2475 Portione
741 2447 835 2475 Tacit.
857 2448 887 2475 in
905 2448 962 2476 vita
982 2449 1073 2483 Agric.
1092 2456 1136 2482 45.
1239 2446 1446 2482 PRoA‘vvs,
1465 2450 1484 2475 i.
1511 2459 1547 2476 m.
1585 2449 1764 2485 [aginanum
1783 2451 1939 2489 πρόπατρος]
1976 2455 2032 2482 Aul·
2045 2459 2154 2491 paterni
2172 2459 2214 2485 vel
2228 2468 2282 2487 ma-

64 2487 118 2515 Pro
136 2485 266 2513 Potestate
285 2484 487 2512 intercesserunt
500 2483 605 2511 tribuni
618 2484 656 2519 pl.
689 2483 757 2511 Geli.
772 2493 811 2517 ιι,
830 2493 854 2517 3.
949 2486 1138 2521 ProScapulis,
1193 2488 1271 2512 ‘terni
1284 2492 1332 2521 pat
1346 2495 1370 2512 r.
1407 2486 1494 2512 Huius·
1511 2487 1644 2519 relatiuam
1665 2485 1699 2519 2st
1718 2488 1853 2522 Pronepos.
1917 2489 1976 2516 Cic.
1996 2491 2029 2517 de
2048 2492 2120 2520 Clar.
2140 2493 2217 2521 Orat.
2234 2504 2281 2523 212.

42 2520 154 2558 X'quum
171 2522 243 2549 dixit
263 2521 348 2554 Cato,
383 2520 544 2556 significauit
556 2520 608 2547 Pro
626 2519 728 2547 iniuria
745 2520 892 2547 verberum
919 2521 1027 2547 Paullus
1053 2521 1140 2548 Festi:
1202 2522 1276 2548 Nam
1289 2528 1316 2549 et
1330 2495 1363 2548 de
1376 2520 1483 2549 duobus
1494 2522 1554 2549 auis
1571 2522 1626 2549 iam
1643 2521 1778 2555 diximus,
1797 2523 1921 2559 Scipione
1933 2531 1960 2552 et
1974 2527 2082 2562 Crasso,
2105 2534 2131 2556 et
2145 2529 2178 2556 de
2191 2531 2280 2559 tribus

50 2559 142 2592 ‚Tarte
162 2559 250 2587 melius
268 2557 303 2583 ad
331 2566 358 2584 n.
375 2559 391 2583 6
414 2556 539 2592 refertur.
608 2556 660 2583 Pro
676 2556 726 2592 Spe
739 2556 810 2583 nihil
822 2557 938 2591 contigit
962 2557 1024 2584 Liu.
1037 2562 1080 2591 28,
1102 2577 1108 2583 .
1130 2577 1138 2584 .
1156 2560 1189 2593 65
1203 2557 1323 2584 Proauis.
1359 2558 1431 2595 conf.
1452 2558 1492 2585 Id.
1507 2567 1556 2593 pro
1573 2558 1646 2585 Cael.
1659 2568 1682 2585 c.
1699 2564 1738 2593 ις..
1764 2566 1789 2586 et
1808 2558 1857 2594 pro
1870 2561 1994 2590 Muraen.
2013 2572 2035 2590 c.
2050 2571 2078 2599 7.
2120 2566 2212 2593 quen.
2226 2568 2282 2597 Sat.

64 2591 141 2623 Caes.
152 2594 185 2622 de
197 2592 374 2626 Bell.Gall.5‚
389 2597 402 2623 8
423 2591 572 2619 Consilium
587 2600 638 2627 pro
645 2593 789 2628 Tempore
801 2601 828 2620 et
840 2601 892 2629 pro
903 2602 934 2620 re
945 2599 1059 2628 caperet.
1078 2593 1138 2622 add.
1202 2601 1227 2626 3,
1239 2602 1284 2626 312.
1304 2593 1406 2620 Felices
1426 2603 1593 2629 proauorum
1614 2601 1715 2622 atauos.
1789 2597 1866 2632 Virg.
1885 2597 1951 2624 Aen.
1968 2607 2012 2633 12,
2027 2607 2076 2633 225
2103 2601 2154 2628 Cui
2167 2603 2248 2637 genus
2262 2612 2280 2631 a

67 2631 130 2658 Liu.
144 2639 186 2663 30,
199 2639 238 2657 ιο.
274 2629 351 2663 Virg.
368 2628 422 2654 Ecl.
437 2637 462 2661 7,
482 2635 520 2661 35.
561 2627 654 2656 lustin.
668 2637 701 2663 11,
723 2637 744 2662 ι,
758 2634 797 2660 8.·
839 2628 941 2656 Sallust.
954 2630 1013 2664 lug.
1029 2638 1060 2662 50
1078 2630 1138 2665 Ipse
1204 2630 1314 2665 proauis
1334 2629 1442 2664 ingens,
1463 2631 1620 2666 clarumque
1632 2631 1759 2666 paternae
1780 2633 1892 2660 Nomen
1905 2640 1962 2662 erat
1978 2635 2096 2662 virtutis.
2115 2637 2133 2663 i.
2150 2646 2172 2664 e.
2192 2639 2279 2666 Cuius

67 2669 119 2702 pro
126 2666 172 2692 Re
182 2673 215 2691 ae
225 2665 288 2691 loeo
303 2664 443 2699 paullatim
455 2663 611 2699 procedere.
698 2666 751 2692 Pro
767 2665 889 2693 Vei-itate
901 2666 991 2693 causae
1005 2665 1137 2694 conficere
1198 2665 1393 2694 ‘auctoritatem
1411 2667 1618 2695 commendabat
1637 2673 1664 2694 et
1676 2668 1756 2703 origo
1769 2670 1915 2703 maiorum,
1931 2677 1957 2698 et
1971 2678 2079 2705 paterna
2098 2673 2192 2700 virtus.
2217 2675 2278 2702 Ser-

67 2700 219 2736 negotium,
231 2706 257 2726 et
270 2708 321 2735 pro
333 2700 378 2726 sua
391 2700 522 2734 dignitate
542 2700 598 2727 Cic.
614 2700 686 2727 Fam.
704 2710 739 2734 13,
753 2707 795 2736 57.
948 2700 969 2737 Ἳ
991 2704 1009 2729 6
1048 2702 1137 2739 Respe-
1200 2703 1273 2730 vius.
1383 2703 1476 2730 Petere
1493 2713 1628 2739 proauos,
1646 2704 1694 2732 Ad
1702 2711 1814 2740 proauos
1827 2706 1942 2742 vtstndar
1954 2710 1992 2732 ire
2012 2708 2035 2733 V
2040 2707 2088 2742 irg.
2099 2709 2166 2736 Aen.
2179 2719 2204 2743 3,
2220 2719 2277 2744 129.

68 2737 146 2769 Ham,
158 2737 321 2766 Relationem,
339 2736 661 2775 Propertionem,indicat1
681 2737 764 2764 Plaut.
780 2738 862 2765 Poen.
877 2747 898 2771 1,
909 2746 936 2770 2,
949 2741 980 2771 63
1000 2738 1071 2766 Nam
1084 2747 1136 2775 pro
1150 2750 1187 2778 70
1201 2735 1222 2777 fl
1244 2747 1258 2766 2
1294 2739 1380 2766 Etiam
1399 2738 1525 2767 adrestine
1545 2744 1659 2777 ponitur.
1706 2742 1810 2769 Proaua
1827 2751 1907 2768 manu
1931 2742 2013 2769 Ouid.
2029 2744 2094 2770 Her.
2115 2753 2143 2778 4,
2159 2751 2200 2779 158
2219 2747 2274 2783 sec.

67 2773 129 2802 heri
146 2771 232 2799 nostri
250 2770 360 2806 quaestu
379 2771 439 2797 satis
457 2771 528 2798 bene
544 2778 653 2799 ornatae
672 2773 770 2800 sumus.
805 2774 831 2800 h.
851 2784 872 2800 e.
896 2775 924 2801 Si
936 2781 1045 2809 reputes,
1061 2784 1136 2811 quam
1200 2777 1289 2804 Burm.
1302 2785 1331 2802 tx
1345 2776 1404 2804 MS.
1421 2776 1545 2814 Francos.
1599 2778 1702 2805 Proaua
1717 2785 1826 2812 tropaea
1846 2778 1966 2812 Propert.
1979 2788 2007 2813 4,
2021 2788 2053 2812 11,
2068 2789 2099 2814 29
2113 2782 2166 2818 st‘c.
2181 2783 2277 2811 Barth.

65 2809 153 2848 exigue
165 2807 358 2842 lucrumfaciae
369 2806 468 2847 herus..
502 2806 539 2842 ,Τ
540 2815 578 2834 er.
591 2809 689 2835 Heaut.
707 2818 731 2844 ς,
752 2818 774 2843 ι,
789 2811 826 2846 67
851 2810 913 2836 Duo
926 2810 1025 2837 talenta
1039 2820 1089 2846 pro
1104 2819 1135 2839 re
1201 2820 1225 2840 et
1243 2813 1332 2840 Burm-

65 2847 156 2874 noltra
169 2853 220 2879 ego
233 2844 283 2870 effe
296 2843 404 2870 decreui
420 2844 490 2870 satis.
568 2843 625 2870 Cic.
642 2844 760 2881 Philipp.
779 2855 802 2878 3,
820 2848 852 2878 36
878 2846 943 2873 Sunt
957 2846 1036 2882 impii
1050 2847 1135 2881 ciues,
1237 2856 1254 2875 P
1264 2855 1284 2875 R
1294 2855 1313 2875 o
1322 2854 1375 2876 AV
1384 2855 1394 2875 1
1403 2855 1436 2880 A,
1455 2857 1494 2876 ae.
1516 2849 1536 2875 f.
1571 2849 1626 2876 Ani
1637 2849 1679 2874 vel
1691 2851 1762 2874 auiae
1778 2847 1883 2876 mater?
1906 2849 1978 2876 Suet.
1994 2849 2080 2886 Calig.
2093 2860 2115 2879 e.
2129 2862 2159 2880 ιο
2185 2855 2216 2881 In
2229 2854 2276 2882 Li-

26 2903 29 2907 .
67 2891 121 2920 pro
138 2881 249 2908 caritate
267 2880 347 2915 Reip.
364 2879 483 2905 nimium
499 2878 594 2906 multi:
619 2888 669 2916 pro
681 2880 856 2908 multitudine
868 2881 937 2909 bene
950 2883 1134 2915 sentientium,
1199 2884 1262 2913 viae
1279 2884 1413 2919 Augustae
1424 2885 1553 2918 proauiae
1565 2885 1626 2910 suae
1641 2884 1822 2911 contubernio
1835 2886 1936 2913 mansit.

67 2917 213 2946 admodum
223 2916 312 2951 pauci.
347 2915 372 2942 h.
381 2924 400 2942 e.
419 2916 448 2942 Si
463 2916 535 2952 Reip.
547 2914 796 2953 caritatem-speclei.
864 2918 941 2946 Idem
952 2928 1002 2954 pro
1011 2920 1135 2947 Muraen.
1148 2929 1181 2958 75
1236 2928 1252 2948 P
1262 2927 1280 2946 R
1291 2928 1311 2947 o
1322 2926 1345 2946 Α
1356 2927 1378 2945 V
1387 2922 1479 2946 iTvs
1489 2939 1498 2951 ,
1524 2928 1552 2949 a,
1573 2928 1628 2947 ιιιιι.
1665 2920 1727 2947 Adi.
1765 2921 1778 2955 [
1789 2923 1950 2955 προπαππᾷῗσς
1963 2923 1978 2958 ]
2020 2923 2096 2950 Ouod
2112 2923 2147 2959 ςβ
2159 2929 2274 2961 promsi.-

70 2957 103 2988 86
126 2955 183 2989 Ego
195 2962 244 2980 vos
258 2961 307 2988 pro
319 2961 379 2978 mea
399 2951 501 2978 summa
518 2956 545 2978 et
565 2951 645 2978 vobis
665 2953 771 2987 cognita
785 2953 815 2980 in
833 2954 976 2990 Rempubl.
991 2956 1143 2990 diligentia.
1198 2957 1271 2982 Rura
1284 2954 1408 2989 proauita
1428 2954 1493 2982 Stat.
1504 2955 1569 2981 Silu.
1583 2964 1613 2988 4,
1627 2965 1651 2988 4,
1665 2961 1703 2988 83.
1800 2957 1880 2984 Facta
1906 2958 1952 2985 Sil.
1973 2950 2069 2990 [μσζε.
2179 2962 2272 2990 Reum,

62 2993 242 3024 wuneospro
255 2987 566 3015 autumnate-consulari
578 2987 683 3020 hortor,
696 2997 747 3023 pro
758 2991 943 3025 magnitudine
957 2991 1072 3025 periculi
1085 2991 1134 3017 ob·
1198 2991 1279 3027 Ouid.
1292 2991 1360 3017 Met.
1374 2998 1407 3023 13,
1421 2992 1478 3023 416.
1586 2992 1693 3027 Pugnae
1708 2994 1847 3027 proauitae
1860 2992 1974 3029 insignia
1987 2995 2118 3022 ostentare
2138 2996 2184 3023 Sil.
2195 2984 2271 3034 5⁰79.

67 3027 162 3059 testor,
175 3032 203 3053 vt
218 3032 264 3052 etc.
336 3025 394 3051 Cic.
407 3032 458 3059 pro
466 3025 544 3051 Font.
558 3033 590 3057 32
609 3026 700 3059 Qiare
713 3025 731 3052 fi
746 3026 826 3054 etiam
837 3027 966 3054 monendi
980 3026 1039 3053 estis
1052 3036 1067 3053 a
1080 3036 1134 3058 me,
1200 3027 1276 3053 Idem
1289 3028 1327 3057 16,
1342 3035 1392 3059 253.

71 3062 144 3100 quod
155 3071 210 3089 non
222 3061 283 3088 estis
298 3059 418 3092 Iudices,
437 3060 533 3088 videor
547 3061 601 3088 hoc
614 3061 711 3089 leniter
729 3071 780 3096 pro
796 3071 854 3091 mea
874 3062 1035 3091 auctoritate
1051 3062 1133 3090 vobis
1235 3069 1308 3090 PRO
1318 3069 1375 3096 ΒΑ,
1396 3070 1437 3090 ae.
1454 3061 1475 3089 f.
1513 3062 1648 3099 Spectmen.
1684 3064 1820 3092 Ammian.
1834 3074 1862 3093 2!
1882 3075 1903 3092 c.
1919 3065 1966 3092 vlt.
1980 3071 2045 3092 exer.
2074 3067 2205 3096 Annonae
2219 3070 2271 3097 mi-

69 3099 222 3140 praecipere
236 3094 315 3133 posse.
391 3098 444 3124 Pro
462 3106 497 3124 eo
514 3095 544 3123 ac
558 3096 640 3124 debui
660 3098 780 3132 grauiter
798 3099 962 3133 molesteque
981 3099 1032 3127 tuli
1058 3099 1131 3126 Seru.
1150 3101 1183 3129 80
1198 3099 1286 3126 litaris
1299 3098 1409 3130 indicia,
1422 3103 1452 3125 vt
1465 3098 1511 3134 ipsi
1525 3100 1667 3127 nominant
1681 3101 1803 3134 probam.
1845 3102 1902 3128 isid.
1923 3101 2003 3137 Voles.
2022 3102 2108 3137 Impp.
2124 3104 2227 3133 Valent.
2243 3102 2272 3134 ct

31 3133 37 3158 Ϊ
67 3135 173 3164 ad‘Cic.
187 3136 260 3162 Fam.
274 3143 302 3167 4,
315 3141 328 3167 ς
339 3139 385 3169 pr.
479 3134 532 3160 Pro
544 3142 577 3160 eo
592 3135 686 3169 quanti
699 3140 726 3161 te
738 3134 809 3162 facio
835 3136 891 3163 Cic.
906 3136 980 3163 Fam.
995 3143 1019 3168 3,
1033 3143 1046 3168 3
1065 3142 1131 3162 extr.
1198 3135 1295 3162 Valens
1315 3136 1334 3162 l.
1354 3135 1426 3162 vnic.
1440 3136 1471 3162 C.
1486 3135 1519 3161 de
1533 3136 1646 3164 Strator.
1667 3138 1703 3164 Vt
1719 3137 1877 3165 stratoribus
1894 3146 1961 3164 vnus
1976 3144 2078 3165 tantum
2091 3139 2191 3167 solidus
2204 3151 2269 3177 pro-

31 3168 49 3190 ’·
70 3172 127 3200 Huc
138 3171 189 3207 ref.
211 3172 262 3197 Pro
277 3179 367 3205 quam,
388 3168 417 3196 de
429 3178 476 3206 quo
494 3169 549 3196 vid.
568 3176 742 3208 PROQ'AM.
826 3173 879 3200 Pro
887 3173 1060 3199 Humanitate
1074 3171 1133 3198 eius
1198 3171 1249 3199 bae
1261 3172 1373 3199 nomine
1385 3172 1547 3206 posceretur.

69 3207 196 3245 angulari
211 3206 308 3234 Balbus
323 3207 380 3233 Cic.
395 3206 448 3232 Λα.
462 3214 488 3239 9,
503 3212 526 3236 8.
603 3207 660 3233 Cic.
675 3207 748 3233 Fam.
764 3215 796 3240 n,
808 3216 837 3236 12
851 3209 918 3236 Non
933 3207 1030 3234 dubito
1042 3214 1134 3234 autem
1239 3215 1255 3235 P
1267 3214 1286 3235 R
1298 3213 1320 3234 ο
1330 3215 1437 3235 BAME
1447 3215 1501 3235 NT
1510 3215 1530 3233 v
1540 3215 1577 3241 M,
1593 3208 1612 3236 i.
1628 3218 1653 3236 n.
1672 3208 1746 3236 Idem.
1769 3208 1848 3234 Mart.
1857 3208 1958 3243 Capell.
1972 3216 1990 3243 7
2010 3209 2193 3239 Indubitabile
2206 3220 2270 3249 pro.

71 3252 122 3280 pro
135 3249 181 3269 tua
198 3242 323 3277 singulari
342 3242 500 3273 Prudentia,
521 3242 588 3277 quin
607 3243 759 3278 perspicias.
850 3246 975 3279 Quorum
989 3243 1069 3271 vobis
1083 3253 1134 3280 pro
1198 3243 1363 3272 bainentum.
1400 3244 1587 3272 Cod.Theod.
1604 3246 1621 3272 l.
1632 3246 1680 3272 vlt.
1717 3244 1775 3271 add.
1786 3243 1873 3270 Rufiu.
1886 3252 1926 3280 ap.
1943 3246 2059 3273 Hieron.
2074 3247 2119 3282 Ep.
2134 3250 2174 3281 63.

69 3278 156 3306 vestra
168 3278 301 3313 Sapientia
313 3278 437 3312 Quirites
458 3278 580 3305 habenda
600 3278 637 3305 est
658 3278 729 3306 ratio
743 3279 887 3315 diligenter
912 3280 987 3307 Idem
999 3289 1048 3315 pro
1062 3281 1133 3316 Lege
1145 3284 1178 3314 85
1235 3287 1252 3307 Ρ
1262 3287 1281 3307 R
1291 3287 1311 3308 O
1321 3287 1337 3308 B
1346 3286 1392 3308 AB
1400 3288 1410 3308 1
1420 3288 1437 3306 ι.
1446 3288 1474 3314 Ε,
1493 3287 1509 3308 1>
1519 3287 1538 3308 R
1551 3287 1570 3308 ο
1583 3288 1598 3308 Β
1609 3290 1627 3308 Α
1638 3287 1686 3307 'ro
1696 3287 1726 3312 R,
1745 3287 1790 3306 esc.
1832 3280 1886 3307 vid.
1907 3287 1923 3307 P
1933 3287 1951 3306 R
1962 3289 1981 3308 o
1989 3288 2006 3308 Β
2015 3289 2035 3308 ν
2044 3290 2066 3309 s.

16 3341 20 3352 ,
68 3314 166 3342 Manil.
179 3321 218 3349 17.
275 3314 340 3341 vPro
354 3320 456 3341 caetera
468 3314 610 3350 diligentia
632 3315 700 3342 Plin.
710 3317 756 3351 Ep.
770 3324 793 3349 2,
806 3319 844 3345 16.
914 3318 965 3344 Pro
977 3322 1079 3343 caetera
1092 3325 1134 3343 re·
1236 3324 1252 3343 P
1263 3324 1281 3343 R
1291 3323 1310 3343 ο
1320 3323 1367 3344 ΒΑ
1377 3323 1400 3344 Τ
1413 3316 1426 3344 i‘
1433 3324 1451 3344 c
1461 3324 1484 3344 Α
1493 3337 1500 3348 ,
1517 3326 1557 3344 ae.
1578 3318 1597 3344 f.
1633 3318 1646 3351 [
1653 3315 1810 3351 προςκτική]
1846 3318 1937 3343 Latine
1951 3318 2038 3344 Ouilis
2056 3318 2162 3346 dicitur.
2200 3321 2267 3349 Erat

17 3364 20 3379 ε
67 3349 207 3382 verentia,
225 3358 305 3384 quam
321 3349 392 3376 mihi
407 3350 519 3384 praestas
544 3350 584 3378 Id.
605 3360 627 3384 3,
643 3357 667 3383 8.
739 3353 792 3379 Pro
805 3352 1076 3388 potestate-tribunus
1095 3352 1132 3387 pl.
1194 3352 1313 3389 piscina,
1340 3353 1385 3380 vbi
1408 3363 1466 3381 ones
1487 3355 1572 3380 lauari
1589 3352 1704 3388 sblebant
1716 3372 1725 3385 ,
1751 3362 1825 3388 quum
1837 3353 1982 3388 sacerdotes
2001 3363 2042 3380 eas
2062 3356 2138 3382 litare
2157 3356 2266 3385 uellent:

18 3385 21 3418 j
67 3384 301 3415 interceffit-Gell..
311 3394 344 3418 ιι,
359 3395 379 3418 3.
449 3386 540 3414 Castra
550 3394 663 3415 metatus
677 3387 776 3422 latius,
794 3399 875 3424 quani
890 3398 938 3424 pro
951 3389 1046 3423 Copiis
1070 3389 1134 3416 Liu.
1198 3388 1321 3425 πράξω-νον
1335 3390 1438 3423 Graece,
1457 3391 1549 3417 Latine
1561 3388 1658 3415 dicitur
1671 3391 1734 3415 ouis.
1775 3389 1864 3414 Veitur
1881 3389 1958 3423 Vulg.
1972 3389 2031 3417 Iob.
2046 3398 2069 3423 ς,
2085 3399 2107 3417 2.

69 3425 112 3457 36,
127 3431 165 3449 ιο.
236 3420 468 3448 Maior-Romanis
481 3423 560 3456 quam
573 3433 624 3458 pro
639 3425 763 3452 Numero
778 3425 880 3454 iac‘lura
893 3425 945 3452 suit
972 3425 1011 3451 Id.
1025 3433 1070 3457 21,
1091 3432 1132 3458 59.
1238 3431 1285 3452 PR
1297 3432 1373 3453 οΒΑ
1383 3432 1498 3458 ΤιοΝ,
1520 3426 1537 3451 i.
1559 3434 1585 3451 n.
1622 3424 1723 3457 Herba,
1750 3425 1784 3450 al.
1804 3425 1960 3459 Arnogloll'a
1974 3426 1992 3457 s.
2009 3426 2131 3461 plantago
2151 3427 2229 3462 Apul.
2246 3437 2267 3455 1.

66 3459 158 3488 Maior
170 3464 251 3492 quam
265 3457 447 3491 pro‘Numero
461 3457 577 3485 hostium
590 3460 680 3488 editur
688 3470 780 3496 vpugna
806 3462 845 3489 Id.
858 3471 896 3496 25,
911 3468 996 3496 29pr.
1075 3461 1132 3488 Cic.
1147 3472 1184 3497 90
1234 3468 1250 3487 ι’
1260 3468 1470 3489 ROBATORI
1481 3469 1521 3494 A,
1539 3469 1577 3487 ae.
1603 3458 1624 3487 f.
1662 3459 1678 3487 l.
1696 3469 1708 3493 3
1729 3460 1796 3487 Cod.
1817 3459 1850 3486 cle
1870 3468 1955 3495 agent.
1976 3462 2005 3488 in
2018 3463 2074 3489 reb.
2103 3464 2193 3490 Nemo
2211 3464 2266 3491 fine

67 3497 123 3524 An,
137 3503 164 3529 7,
182 3498 196 3523 8
221 3493 301 3519 Diem
313 3498 389 3520 tuum
410 3502 460 3529 ego
476 3502 585 3529 quoque
601 3504 633 3522 ex
647 3498 759 3531 epistola
772 3497 884 3533 quadam
898 3504 957 3530 tna,
972 3505 1052 3531 quam
1067 3497 1135 3524 inci·
1201 3497 1286 3525 diuali
1301 3498 1472 3532 probatoria,
1491 3506 1571 3532 quam
1584 3496 1688 3523 codices
1707 3497 1735 3522 in
1749 3497 1822 3522 sacro
1835 3497 1926 3524 nostro
1940 3498 2040 3524 scrinio
2056 3500 2203 3527 memoriae
2219 3510 2266 3535 po-

67 3529 157 3567 piente
176 3528 308 3556 febricula
326 3529 481 3566 scripseras,
501 3529 570 3556 mihi
582 3538 749 3567 notaueram‚
763 3540 790 3561 et
805 3534 1046 3562 animaduerteram
1063 3533 1133 3567 posse
1199 3534 1242 3561 siti
1263 3532 1377 3561 debeant
1401 3532 1567 3565 inserendam
1587 3534 1724 3567 accipere,
1751 3532 1916 3560 militaribus
1939 3534 2058 3561 ciusdem
2083 3535 2266 3563 deuotissimae

68 3571 120 3603 pro
133 3568 172 3594 Re
185 3571 262 3597 nata,
282 3570 308 3590 te
325 3573 380 3591 non
401 3565 572 3593 incommode
591 3567 624 3594 ad
637 3577 681 3595 me
699 3569 728 3596 in
740 3570 873 3598 Albanum
888 3569 981 3596 venire
995 3570 1044 3596 ΙΙΙ.
1058 3570 1133 3596 Non.
1199 3570 1305 3597 scholae
1317 3570 1456 3605 stipendiis
1476 3569 1517 3595 vel
1532 3569 1684 3604 priuilegiis
1704 3568 1831 3603 potiatur.
1867 3567 1910 3604 13]st
1923 3573 2005 3606 igitur
2017 3569 2134 3606 epistola,
2146 3581 2194 3608 qua
2206 3575 2264 3608 quis

39 3626 46 3630 ,.
70 3605 127 3631 Ian.
223 3600 262 3628 Id.
277 3600 344 3627 ibid.
357 3609 379 3633 3,
395 3610 407 3627 2
424 3601 536 3628 Itineris
553 3602 640 3630 nostri
652 3606 726 3631 causa
741 3606 823 3640 fuitr
833 3606 905 3642 quod
926 3614 981 3632 non
1000 3605 1132 3632 habebam
1199 3606 1344 3642 probatum
1353 3607 1383 3642 se
1397 3604 1514 3637 ostendit,
1525 3603 1689 3637 testiinonium
1696 3604 1832 3640 publicum.

69 3640 170 3673 locum,
182 3637 231 3665 vbi
246 3645 295 3672 pro
309 3645 370 3663 meo
384 3636 443 3676 iure
456 3636 558 3664 diutius
569 3639 619 3665 else
632 3640 827 3676 poffem‚quam
841 3642 953 3670 fundum
966 3642 1050 3674 sicae,
1058 3651 1132 3676 prae-
1145 3645 1179 3673 93
1233 3650 1249 3670 p
1258 3649 1276 3669 R
1287 3650 1306 3669 o
1317 3649 1333 3670 Β
1341 3650 1358 3670 E
1366 3662 1375 3674 ,
1399 3647 1414 3666 P
1422 3648 1440 3667 R
1450 3647 1469 3667 o
1480 3647 1496 3667 B
1507 3648 1515 3667 1
1525 3647 1574 3667 TA
1584 3648 1597 3667 s
1605 3660 1613 3672 ,
1637 3647 1652 3667 t>
1662 3648 1680 3667 R
1690 3648 1709 3667 o
1719 3647 1753 3667 131
1763 3647 1785 3667 T
1796 3647 1812 3667 Ε
1823 3646 1856 3672 R,
1892 3640 1946 3668 vid.
1967 3647 2103 3670 rnoavs.

69 3675 161 3703 sertim
174 3673 295 3701 nondum
313 3673 620 3708 rogitationecorreeta.
662 3676 666 3679 ’
703 3676 762 3703 Cic.
773 3676 824 3712 'pro
835 3680 918 3706 Flacc.
932 3686 964 3710 95
990 3678 1132 3713 Oppressus
1233 3685 1354 3706 PROBL
1366 3679 1383 3704 13
1390 3684 1416 3702 M
1424 3683 1456 3709 A,
1475 3677 1534 3703 atis.
1555 3686 1581 3702 n.
1618 3676 1781 3711 [πρόςλημκ]
1820 3675 2021 3712 fijstPropcfitio,
2041 3681 2262 3714 interrogationem

5 3706 13 3723 ἶ
58 3711 107 3739 ‘est
127 3711 158 3738 C.
177 3710 327 3742 Antoniu53
351 3708 421 3735 esto:
446 3708 540 3737 habuit
561 3709 694 3744 quandam
707 3711 754 3738 ille
773 3713 911 3742 infamiam
926 3715 1014 3744 suam;
1043 3722 1131 3749 neque
1197 3724 1319 3741 cmiexam
1332 3713 1431 3740 bahem.
1475 3712 1533 3739 Vici.
1546 3712 1615 3738 Gcll.
1632 3712 1717 3740 Praef.
1771 3713 1828 3739 Cic.
1848 3713 1902 3738 Art.
1918 3721 1954 3744 12,
1967 3722 1984 3740 2
2002 3715 2059 3740 Iam
2077 3713 2261 3749 explicandum

71 3754 158 3774 tamen
174 3747 224 3774 ille·
239 3747 295 3781 ipse
314 3748 382 3779 (pro
395 3753 459 3771 meo
472 3745 531 3777 iure
547 3745 626 3778 dico)
651 3743 732 3773 vobis
750 3747 885 3778 iudicibus
903 3750 1040 3776 damnatus
1061 3751 1131 3778 esset.
1199 3751 1236 3777 cst
1254 3748 1408 3785 πρόςλημοι,
1428 3746 1447 3774 si
1468 3748 1534 3783 quid
1552 3747 1657 3775 ac'iurus
1670 3757 1706 3776 es.
1749 3749 1820 3775 Suet.
1836 3748 1868 3774 de
1882 3748 1971 3776 Gram.
1987 3759 2009 3776 c.
2023 3761 2036 3782 4
2063 3750 2262 3777 Institutionum

6 3806 11 3810 .
68 3785 121 3811 Pro
132 3783 193 3809 iure
202 3791 266 3809 meo
280 3780 470 3815 imperitabam
486 3781 568 3808 Plaut.
578 3782 654 3816 Capt.
669 3791 691 3814 2,
698 3791 720 3816 ι,
731 3791 779 3818 47.
807 3780 810 3787 '
854 3794 857 3795 ⁷
874 3788 924 3812 Pro
939 3792 985 3812 tuo
999 3785 1058 3811 iure
1071 3794 1132 3813 oras
1197 3786 1231 3813 ad
1244 3784 1426 3820 eloquentiam
1440 3783 1583 3818 parandam
1597 3785 1726 3819 quaedam
1740 3793 1844 3817 genera,
1860 3791 1886 3810 vt
1900 3784 2074 3820 problemata,
2090 3784 2261 3820 periphral'es,

1 3815 25 3855 ἦ
70 3819 144 3847 Idem
155 3817 225 3845 Rud-
237 3827 260 3851 3,
273 3827 295 3851 3,
309 3819 350 3850 36·
445 3817 560 3844 Terent.
573 3817 687 3852 Adelph.
707 3827 729 3852 1,
747 3827 768 3852 1,
787 3827 823 3856 27
845 3823 911 3850 Non
935 3821 1032 3847 necess'e
1045 3820 1132 3848 habeo
1140 3822 1365 3855 xooelocutiones
1385 3826 1432 3847 etc.
1489 3820 1575 3846 Libris
1586 3822 1645 3856 suis
1663 3821 1780 3857 quosdam
1798 3820 1864 3846 hunc
1882 3822 1984 3847 titulum
1997 3819 2153 3857 profit-{172³
2179 3825 2262 3845 monet

69 3855 164 3882 onmia
185 3862 234 3887 pro
249 3863 311 3880 meo
329 3854 390 3880 iure
408 3861 495 3888 agere.
536 3853 585 3880 Vbi
603 3854 701 3881 Donat.
723 3855 776 3881 Hic
788 3857 825 3883 est
836 3859 940 3889 sensus,
955 3857 1022 3883 Non
1034 3858 1137 3885 necesse
1200 3859 1268 3885 Gell.
1284 3856 1369 3883 Pracf.
1410 3856 1443 3881 Et
1454 3864 1470 3882 2
1489 3862 1553 3882 extr.
1577 3856 1821 3884 Aristotelicum-os
1836 3855 2067 3884 Problematorum
2079 3854 2173 3881 landae.
2218 3855 2260 3881 Sic

71 3891 119 3924 est,
133 3889 217 3917 etiam
231 3888 250 3915 fi
261 3889 348 3922 liceat,
363 3890 470 3915 saeuum
485 3889 535 3916 esse
548 3895 660 3925 patrem.
696 3891 739 3916 Sic
751 3891 802 3918 Pro
813 3893 839 3920 se
850 3895 974 3929 quisque,
994 3896 1012 3919 i.
1028 3899 1080 3928 pro
1090 3902 1136 3920 ra-
1201 3901 1225 3921 et
1237 3902 1249 3926 3
1259 3914 1267 3926 ‚
1289 3894 1306 3919 6
1315 3899 1360 3927 pr.
1392 3891 1437 3917 vbi
1450 3890 1547 3924 similes
1561 3893 1690 3920 Genitiuos
1705 3903 1734 3920 tx
1749 3893 1927 3919 Grammaticis
1941 3894 2051 3928 obstruat
2069 3892 2175 3916 Gronau.
2212 3889 2262 3930 Sui

67 3930 135 3953 tione
147 3932 171 3952 et
180 3927 298 3961 portione
308 3929 403 3952 virium
412 3925 527 3962 suarum.
583 3926 654 3952 Ter.
662 3925 760 3953 Heaut.
774 3935 795 3959 ι,
813 3937 833 3961 ι,
845 3937 883 3965 74
907 3929 997 3956 Video
1012 3928 1080 3955 alios
1093 3929 1132 3956 fe.
1204 3938 1226 3962 1,
1241 3937 1275 3960 ιι,
1292 3936 1319 3963 ¹7
1340 3926 1541 3954 Problematum
1554 3927 1650 3956 libros.
1744 3928 1822 3963 Vulg.
1843 3928 1902 3957 1ud.
1918 3937 1959 3964 14,
1975 3937 2000 3955 ιι
2019 3929 2167 3961 Proponant
2181 3926 2260 3953 vobi.-

68 3963 167 3990 stinare
177 3981 188 3995 ‚
207 3958 290 3995 let-‘los
301 3960 432 3994 sternere,
445 3970 555 3988 coenam
567 3969 708 3996 apparare,
721 3970 771 3995 pro
783 3963 810 3990 se
820 3966 934 4002 quisque
948 3964 1039 3991 sedulo
1052 3965 1133 3991 facie·
1204 3964 1352 4001 problema,
1379 3966 1398 3989 i.
1418 3966 1542 3998 aenigma.

68 3999 122 4026 bat·
197 3995 433 4063 ΡΙᾶυῒ-’ἓῗΡὴ-Ιὰ,
449 4007 474 4031 1,
488 4000 533 4034 76.
569 3998 646 4034 Virg.
658 3997 725 4024 Aen·
737 4005 774 4031 ιι.
787 4005 842 4034 552.
911 4002 962 4031 Pro
976 4002 1001 4028 se
1015 4001 1129 4038 quisque
1147 4011 1193 4040 ¹05
1237 4008 1254 4029 P
1263 4007 1281 4028 R
1293 4005 1312 4028 o
1321 4006 1338 4028 Β
1347 4005 1376 4033 0,
1402 3998 1496 4062 ”gd'v‘
1508 4006 1526 4026 R
1536 4006 1555 4028 o
1566 4006 1580 4026 s
1591 4005 1642 4027 vs.
2174 4037 2189 4057 P
2199 4038 2218 4058 R
2229 4036 2249 4059 ο
