2517 4231
223 139 273 176 79
662 111 855 153 LIB
1775 98 1967 140 LIB
2357 106 2410 147 80

226 214 254 240 in
268 213 332 246 Aug.
345 219 365 236 c.
375 216 394 235 1.
415 205 596 241 Plin.Epist.i,
610 213 648 231 10.
722 201 837 242 Martial3
852 204 931 240 8’.3¹.
944 194 1016 236 Ῑξῖξῗΰῖ
1037 188 1196 230 ΓΗΡΡῙῙἺΪ)ιις
1211 191 1284 237 νῦιθέ(
1382 196 1399 230 {⁴
1409 196 1418 216 1
1428 196 1472 216 BR
1484 186 1525 216 iG
1535 195 1580 216 ER
1594 209 1603 221 ‚
1634 189 1679 216 3¹¹³
1695 207 1703 222 ³
1734 190 1824 229 erum.
1862 187 1916 225 Qt'
1936 190 2011 231 libras
2027 197 2120 226 portat.
2158 189 2270 217 Paullin.
2290 188 2412 218 Nolanus

224 248 328 276 libellis,
385 245 407 270 A
419 242 532 275 libellis,
552 241 613 267 dmi
632 238 766 273 magistri,
793 245 835 271 qm
845 238 956 271 principi
972 239 998 255 tn
1010 229 1052 253 hoc
1065 224 1283 266 negotwsubsnul-
1345 223 1424 259 Epist.
1438 231 1478 256 28,
1492 228 1543 259 (9)
1562 234 1580 258 4
1607 225 1740 251 Postulasti
1754 234 1801 260 per
1815 225 1927 251 cundem
1942 224 2117 261 librigerum,
2144 234 2189 252 etc.

225 291 269 311 unt
278 303 285 315 ,
306 288 388 316 nempe
401 287 430 305 vt
438 278 561 313 supplices
574 275 662 301 libellos
679 272 828 308 ministrem.
901 269 970 307 Suet.
983 265 1012 291 in
1025 263 1126 303 Doniit5
1139 270 1160 288 c.
1171 268 1200 301 ’14
1221 260 1284 294 Epa·
1369 265 1418 305 '141
1428 268 1445 289 B
1457 269 1474 288 E
1485 268 1507 289 Τ
1523 282 1531 295 ,
1545 261 1569 297 s
1585 266 1630 287 LV
1642 267 1658 287 Β
1668 267 1684 286 F.
1694 267 1715 287 T
1737 262 1824 295 (quod
1833 261 1920 295 mnf.)
1941 259 2018 288 hbuit
2031 263 2074 288 vel
2091 263 2199 305 libitum
2216 261 2263 303 Pst-
2301 262 2410 296 Imperf-

224 314 506 354 phroditumalibellis
519 311 624 347 capitali
637 318 720 345 poena
735 306 931 334 condemnauit.
987 298 1155 334 Lampridius
1170 306 1197 323 in
1211 296 1284 322 Alex·
1348 295 1471 332 [antona]
1511 299 1578 323 Idem
1592 299 1658 332 quod
1671 296 1771 322 Placet:
1809 304 1822 322 a
1838 296 1979 329 Labendo,
2004 305 2033 323 vt
2046 299 2134 326 Varro
2148 306 2232 333 mqutt
2253 296 2285 323 de
2300 297 2330 323 L.
2344 298 2374 324 L.
2388 305 2413 330 5,

653 344 727 372 horis
747 338 935 375 subscriptioni
947 342 972 363 et
987 333 1099 363 leflioni
1113 332 1284 368 epistolarum
1312 336 1325 363 ς
1348 333 1365 357 6
1393 332 1465 364 quod
1477 338 1505 359 Vt
1519 331 1620 360 lubrica
1635 341 1708 358 mens
1722 330 1882 366 prolabitur.
1939 331 2014 358 Faxis
2024 353 2032 365 ,
2049 339 2078 360 vt
2091 334 2171 361 libeat
2185 333 2258 369 quod
2273 333 2413 360 estnecess'o

223 353 411 424 {siglssrcdegdit
420 348 645 420 Etp'sclxip'qlri’dffgusst
657 381 690 407 ab
703 377 818 414 epistolis
828 397 836 409 ’
852 384 866 401 a
878 373 991 406 libellis,
1012 376 1037 398 et
1050 380 1064 397 a
1077 368 1206 412 memorii)
1223 368 1285 407 sem-
1348 366 1446 406 Auson.
1458 373 1475 400 7
1496 368 1570 404 Sapp.
1584 369 1611 395 in
1632 367 1788 395 Periandro.
1849 368 1995 394 Minimum
2018 367 2090 395 dccet
2109 370 2209 402 libere,
2235 370 2279 396 cui
2297 369 2413 395 multum

223 434 272 460 per
285 424 432 451 assisterent.
468 421 537 447 Add.
551 419 628 445 Grut.
643 417 719 444 Inscr.
735 423 759 448 p.
769 418 826 446 587,
840 421 864 445 9·
878 418 900 436 et
914 418 952 436 10·
989 408 1033 434 vbi
1054 415 1126 433 enam
1146 413 1159 430 ὃ
1175 403 1285 429 lecllls
1348 402 1408 429 licet
1435 402 1492 428 5611-
1507 402 1610 431 Troad.
1625 406 1711 437 v.33(›.
1786 402 1933 438 Desurgere
1946 403 2012 430 libet
2026 403 2145 432 Scribon.
2161 414 2215 439 142.
2277 405 2336 431 Hoc
2352 405 2413 431 loco

223 461 332 488 adiutor
344 459 378 493 est
390 466 449 491 ⁰·7·
504 453 677 489 Triphonius
691 452 719 476 in
734 449 750 475 Ι,
770 447 944 481 Rescriptum,
958 445 991 471 D.
1010 442 1042 469 de
1060 439 1232 480 distractione
1248 438 1287 479 pi-
1347 438 1413 465 libet
1426 438 1598 477 Interponere
1611 441 1680 476 Nep.
1696 442 1738 473 16,
1753 446 1783 472 3,
1804 448 1822 465 1.
1894 439 1959 466 Non
1978 439 2044 466 libet
2063 440 2132 467 mihi
2156 441 2296 476 deplorare
2312 440 2413 473 vitain,

242 491 357 524 norum.
382 492 546 526 Rescriptum
566 490 601 517 est
618 487 649 514 ab
667 487 830 520 imperatore
847 482 953 510 libellos
971 484 1063 514 agente
1084 477 1237 517 lJapiniano.
1268 484 1286 499 1.
1322 514 1326 515 .
1348 473 1422 515 quod
1436 474 1514 500 multi
1529 472 1649 513 feceruut
1675 476 1731 503 Cic.
1747 475 1779 502 de
1799 474 1900 502 Sene&
1913 480 1926 505 8
1950 496 1955 502 .
1992 477 2024 501 Et
2042 477 2094 502 Att.
2109 486 2130 509 2,
2143 481 2168 507 18
2187 477 2226 503 De
2240 476 2343 512 Repub.
2358 484 2414 502 non

224 531 323 560 Libellis
336 516 404 565 a’pud
415 530 586 563 imperatorem
599 522 732 558 praeficio,
770 521 891 547 Budaeus.
922 512 1159 548 Libellispecmttm
1173 511 1286 536 diceban·
1304 516 1332 534 10
1348 509 1413 537 libet
1425 510 1498 545 plura
1514 508 1637 536 scribere.
1708 512 1824 543 Insanire
1840 510 1905 537 libet
1919 511 1938 537 ti
1960 510 1969 537 i
1995 512 2072 546 Virg.
2087 512 2139 538 Ecl.
2151 520 2179 545 3,
2199 514 2238 544 36.
2308 512 2366 539 Cic.
2380 511 2413 537 de

224 576 266 595 mr
274 567 372 603 scripta
410 565 496 600 quibus
509 559 672 593 accusationes
686 557 842 592 consignatae
855 559 942 582 erant,
973 549 1027 575 vid.
1043 549 1134 588 Calain.
1156 548 1192 573 ad
1208 544 1285 585 Apul,
1349 546 1412 572 Nat.
1427 547 1508 573 Deor.
1519 553 1540 579 1,
1552 550 1579 576 82
1606 545 1642 584 Vt
1655 546 1724 573 mihi
1736 547 1844 583 quidem
1857 546 1986 573 admirari
2000 547 2114 581 liberet,
2134 548 2162 574 in
2177 548 2286 574 homine
2298 549 2347 575 effe
2361 548 2414 574 Ro-

224 605 244 630 Α
265 604 290 630 01
311 610 344 638 pr
370 586 394 636 p'
408 609 461 632 232·
516 595 615 622 Libeffi
634 593 847 621 coniurationem
869 588 1022 615 nunciantes
1043 582 1098 610 dati
1118 591 1205 618 neque
1222 580 1286 607 16611
1348 590 1446 615 mano,
1465 590 1510 610 etc.
1583 581 1641 621 Cic.
1653 581 1705 607 Att.
1714 589 1750 615 14,
1763 592 1789 610 21
1828 582 1880 609 Cui
1893 582 1970 609 facile
1979 583 2099 617 persuasi,
2118 582 2187 610 inihi
2201 583 2239 616 id,
2254 581 2325 618 quod
2339 592 2415 618 roga-

224 613 282 666 νὲῃ
294 625 300 631 ’
318 646 334 664 2
346 622 352 629 ’
370 645 398 671 -7
434 644 457 660 2.
514 630 650 661 Libellus,
669 636 714 665 pro
734 625 932 656 Commentario,
953 630 1027 657 qaam
1041 617 1285 658 Memoriamamlgo
1350 623 1407 650 ret,
1428 627 1461 644 ne
1475 618 1555 644 licere
1569 616 1698 652 quidem,
1721 625 1777 642 non
1795 619 1877 646 niodo
1892 628 1946 645 non
1967 619 2060 645 libere.
2134 619 2230 652 Libet,
2247 619 2415 654 p‹·7sonaliter

222 659 319 701 vocant.
340 658 349 671 ¹
367 654 511 704 ’Q'uinffih
526 675 563 701 12,
583 672 597 698 8
633 664 753 693 Peffiinae
766 670 832 689 vero
846 657 1045 687 consuetudinis
1066 655 1101 682 est
1120 653 1218 682 libellis
1237 652 1286 679 else
1347 654 1451 688 positum
1464 664 1471 678 .·
1510 654 1566 680 Cic.
1580 653 1612 679 de
1626 653 1709 679 Fina.
1735 653 1788 678 Aut
1804 655 1874 687 quod
1889 655 1948 681 esset
1961 660 2053 681 natura
2066 655 2259 690 appetendum,
2278 661 2322 681 aut
2341 654 2414 689 quod

221 715 373 738 contentum
406 712 473 740 quos
485 701 622 738 componit
635 708 678 728 aut
692 700 821 733 litigator,
834 696 881 733 qui
894 693 1016 728 confugit
1028 692 1061 719 ad
1074 699 1228 731 patronum,
1241 693 1286 714 aut
1305 693 1331 720 15¹
1349 688 1496 724 prodesset,
1514 695 1558 716 aut
1572 688 1645 724 quod
1660 689 1781 720 iuuaret,
1800 693 1845 728 aut
1859 690 1929 723 quod
1943 690 2047 717 liberet.
2121 691 2228 718 Sueton.
2242 691 2272 716 in
2286 690 2415 720 Iul.Cae.s.

222 746 267 773 alii
280 754 310 771 ex
325 729 420 770 venere
433 737 635 768 aduocatorum.
671 737 741 763 Adtl.
763 734 820 761 Cic.
840 732 935 766 Philip.
955 739 981 763 1,
1000 731 1037 757 16.
1096 726 1284 754 Gladiatoruni
1349 734 1371 752 c.
1387 733 1421 765 zo
1454 725 1565 752 Caetera
1579 745 1587 758 ,
1620 725 1684 751 item
1703 733 1770 759 quae
1794 732 1890 758 cuique
1908 725 2049 753 libuissent.
2291 735 2307 753 2
2346 724 2414 760 Pqffi

221 781 305 809 libelli
324 765 380 805 Cic.
395 777 461 805 Phil.
476 785 501 809 2,
515 781 549 810 97
570 782 591 801 c.
605 778 640 806 38.
666 773 693 798 in
708 771 795 806 quibus
807 770 859 795 dies
873 767 998 799 muneris,
1022 767 1130 799 itemque
1146 762 1245 788 nomina
1261 768 1286 786 et
1348 760 1471 787 Libitum
1483 760 1519 787 est
1528 767 1573 796 pro
1589 760 1669 787 libet:
1707 761 1782 794 Qiae
1801 759 1886 786 facere
1900 768 1961 787 meo
1973 763 2063 789 animo
2076 760 2184 789 libitum
2198 761 2234 788 est
2280 772 2317 789 er.
2331 762 2415 789 Andr.

216 817 292 853 paria
300 815 471 849 gladiatorum
478 812 559 847 ful-ff}
571 811 698 835 videntur.
736 805 852 839 Illustrat
859 802 960 838 Lipsius
972 802 1076 829 Saturn.
1084 809 1109 832 2,
1123 804 1156 829 18.
1214 797 1284 836 Suet.
1348 805 1369 831 1,
1383 804 1407 830 ς,
1419 801 1458 827 28.
1496 798 1567 823 Add.
1586 795 1625 836 ld.
1639 796 1748 823 Phorm.
1764 803 1786 831 5,
1801 803 1828 830 7,
1841 803 1885 830 77.
1958 795 1985 822 Si
2004 798 2112 825 libitum
2126 798 2209 825 fuerit
2229 798 2268 825 Id.
2286 798 2368 824 Andr.
2390 807 2415 830 1,

220 854 247 880 in
261 851 310 878 Iul.
324 851 398 877 Caes.
413 860 435 876 c.
449 852 479 882 56
506 843 636 881 Epistolae
648 850 756 879 quoque
769 837 825 868 eius
837 840 870 867 ad
882 840 1006 866 Senatum
1019 842 1123 868 extant,
1149 842 1213 869 quas
1232 841 1286 867 pri·
1349 842 1378 866 3,
1392 838 1415 863 8.
1489 831 1562 858 Mllu
1581 831 1690 859 llbitum
1700 833 1735 859 est
1750 832 1831 859 Plaut.
1846 832 1924 858 Curc.
1939 839 1968 864 5,
1985 839 2015 864 2,
2027 839 2079 863 28-·
2137 835 2174 861 Vt
2193 834 2300 861 libitum
2319 834 2355 860 est
2375 833 2415 860 Id.

217 896 291 915 mum
303 886 411 913 videtur
423 885 455 912 ad
468 884 573 920 paginas
587 887 612 907 et
627 879 744 907 formam
757 876 923 904 memorialis
938 873 1024 901 libelli
1036 870 1204 910 conuertisse,
1224 877 1285 895 cum
1302 872 1337 894 20
1350 868 1442 909 Bacch.
1457 876 1480 901 5,
1493 877 1513 901 1,
1526 877 1552 901 9.
1627 868 1698 895 Ter.
1713 866 1788 894 Adel.
1804 875 1826 901 5,
1840 877 1866 901 1,
1881 876 1912 907 4-
1932 867 2153 897 Prodeambulare
2173 870 2225 897 huc
2245 870 2353 896 libitum
2372 869 2417 895 est.

216 929 293 951 antea
320 928 386 949 cos
396 929 418 948 s.
439 927 465 947 et
487 919 564 945 duces
582 926 637 943 non
657 915 705 942 nili
723 913 871 941 transuersa
892 911 983 938 charta
1001 909 1111 943 scriptos
1131 910 1285 932 mitterent:
1349 905 1405 931 Cle-
1421 904 1453 931 de
1467 904 1543 931 Orat.
1553 911 1583 944 ,2,
1595 909 1638 937 348
1648 904 1699 943 ,De
1714 913 1769 939 quo
1783 913 1880 938 genere
1895 903 2004 930 libitum
2018 903 2053 930 est
2067 904 2137 931 mihi
2149 906 2238 940 paullo
2251 907 2326 941 plura
2337 914 2418 940 quam

216 959 324 994 Oblongi
342 958 423 993 igitar
444 956 564 982 videntur
577 952 657 987 fm'ffb
677 950 763 978 libelli
789 947 969 976 memoriales.
1045 943 1183 975 Libellus,
1229 950 1285 966 nam
1347 940 1513 982 ostenderem
1533 939 1630 968 dicere.
1749 975 1754 979 .
1831 938 1852 978 ff
1881 948 1893 972 3
1930 943 1957 966 A
1981 940 2098 966 [fbrmffs
2113 947 2289 976 Permutatur
2306 941 2372 969 libet
2394 948 2417 968 et

286 995 291 1000 ’
616 983 623 988 ’
785 988 802 1012 6
822 984 877 1011 Vbi
885 990 914 1011 tu
926 993 962 1016 es,
975 978 1022 1017 qui
1038 990 1080 1007 me
1094 979 1187 1007 libello
1226 985 1285 1003 ene-
1346 977 1423 1004 licet:
1461 977 1515 1002 vid.
1530 974 1670 1002 Drackenb.
1682 976 1718 1001 ad
1730 975 1776 1001 Sil.
1790 982 1826 1008 15,
1841 980 1889 1006 ¹88·

215 996 357 1022 citationem
369 999 467 1019 vocant.
523 990 606 1017 Plaut.
620 989 700 1015 Curc.
714 995 734 1020 1,
748 996 771 1019 3,
989 1018 993 1022 ⁵
1129 1015 1134 1020 Ι
1180 1014 1185 1019 ,
2052 1012 2057 1016 ,

216 1032 260 1059 rio
273 1030 373 1057 citasti?
399 1037 458 1055 ecce
470 1035 526 1053 me:
547 1025 621 1052 filio:
647 1024 708 1051 ades
720 1027 823 1050 contra.
897 1018 996 1047 Libelli
1005 1037 1012 1051 ,
1038 1024 1084 1052 pro
1103 1017 1196 1042 Literis
1206 1034 1214 1046 ,
1241 1012 1286 1037 vel
1385 1020 1402 1039 L
1411 1020 1421 1039 1
1432 1019 1448 1039 B
1461 1019 1477 1039 E
1488 1019 1509 1039 N
1518 1019 1547 1046 S,
1574 1012 1591 1039 s.
1612 1017 1630 1037 L
1639 1018 1661 1037 v
1673 1017 1690 1037 Β
1702 1017 1719 1037 E
1731 1017 1754 1037 N
1764 1017 1776 1036 s
1787 1031 1795 1043 ‚
1827 1013 1893 1045 quod
1917 1011 1984 1046 conf:
2004 1018 2081 1038 entis.
2120 1012 2132 1046 [
2145 1008 2241 1044 ἅσμενος
2255 1013 2267 1047 ]
2314 1014 2418 1046 Volens,

215 1068 292 1094 etiam
307 1063 400 1097 edatis,
421 1064 478 1090 Cic.
493 1063 610 1094 Fani.1i,
631 1069 651 1087 11
679 1059 736 1087 Nec
752 1058 784 1085 de
798 1055 894 1085 Planco
907 1055 1017 1091 quidem
1028 1054 1098 1088 spem
1113 1050 1198 1077 adhuc
1214 1048 1284 1088 abie—
1300 1055 1332 1084 25·
1342 1049 1442 1084 facilis.
1501 1048 1558 1075 Cic.
1572 1048 1642 1074 Fam.
1658 1055 1692 1082 13,
1708 1049 1740 1078 65
1767 1046 1928 1073 Consecutus
1942 1056 1978 1078 ες,
1999 1054 2027 1075 vt
2041 1047 2216 1074 libentiffimis
2230 1048 2338 1077 Graecis
2350 1055 2417 1076 nutu

214 1103 251 1130 cit
287 1108 315 1128 vt
327 1111 358 1128 ex
378 1100 475 1127 libellis
493 1099 549 1125 eius
559 1095 748 1124 animaduerti.
822 1093 880 1120 Cic.
895 1093 973 1119 Verr.
987 1098 1019 1123 2,
1041 1094 1079 1121 ¹83
1104 1086 1195 1113 Recita
1214 1083 1283 1124 inihi
1347 1085 1421 1120 quod
1436 1085 1502 1111 velis
1518 1085 1702 1123 consequare3
1744 1082 1800 1109 Cic.
1815 1091 1864 1117 pro
1878 1083 2009 1110 Cluent.6
2025 1093 2045 1109 c.
2056 1092 2071 1109 2
2091 1085 2208 1118 Eamque
2219 1084 2316 1111 animis
2325 1084 2418 1111 vestris

215 1124 310 1174 qua⁷eso
339 1137 408 1164 hunc
440 1136 540 1162 rituum
554 1129 790 1165 libellum,deinde
803 1130 880 1156 illurn
893 1127 1006 1155 alterum
1021 1123 1141 1152 libellum
1149 1121 1283 1160 Canuleii.
1347 1128 1391 1147 aut
1407 1120 1552 1148 libentibus
1567 1126 1612 1146 aut
1626 1128 1718 1154 aequis
1731 1119 1883 1145 remittatis.
1956 1119 2017 1145 Liu.
2031 1127 2075 1152 29,
2089 1125 2102 1150 8
2126 1121 2162 1146 Vt
2175 1120 2293 1146 modicas
2307 1120 2419 1147 iniurias

215 1159 321 1210 Res-pici}
335 1174 368 1199 ad
380 1172 498 1199 Libellos
510 1169 543 1197 ab
558 1168 588 1197 L·
603 1168 733 1196 Canuleio
747 1165 835 1194 missos
847 1165 925 1192 sociis
939 1172 971 1190 ex
991 1168 1072 1197 portu
1086 1157 1231 1192 Syracusis,
1253 1165 1282 1182 111
1347 1166 1402 1184 11011
1416 1166 1502 1192 aequo
1515 1155 1598 1183 modo
1612 1156 1704 1191 animo
1718 1155 1788 1195 pati,
1815 1155 1857 1181 sed
1879 1155 1988 1190 proprie
2007 1154 2102 1181 libenti
2121 1154 2209 1182 videri
2227 1157 2335 1191 possent.
2372 1156 2418 1182 Al.

213 1210 310 1245 quibus
335 1214 390 1236 erat
411 1208 481 1235 1350
500 1207 594 1241 scripta
619 1203 746 1232 mensium
765 1201 947 1236 complurium
966 1207 1057 1226 rerum
1082 1200 1282 1230 exportatarum
1346 1193 1459 1220 lubenti.
1497 1193 1601 1219 Animis
1614 1190 1789 1219 libentissimis
1801 1192 1918 1226 aliquem
1931 1191 2050 1226 recipere
2064 1191 2137 1217 Caes.
2151 1191 2179 1218 B.
2189 1192 2220 1218 C.
2235 1200 2255 1225 1,
2268 1200 2303 1225 15.
2360 1192 2418 1220 Cic.

213 1246 286 1273 istius
301 1245 410 1272 nomine
422 1244 475 1271 line
495 1239 630 1278 portorio.
687 1241 735 1266 Sed
753 1240 829 1265 etiam
845 1236 981 1268 Libellus,
1010 1232 1116 1269 Epistola
1133 1230 1165 1267 est
1179 1229 1281 1265 afficto·
1297 1235 1330 1262 30
1346 1237 1396 1263 pro
1414 1229 1485 1264 Lege
1499 1229 1560 1263 Agr.
1574 1237 1595 1262 ¹,
1613 1233 1647 1261 48
1675 1227 1763 1260 Quam
1775 1236 1825 1262 ego
1841 1227 1997 1262 dignitatem
2016 1227 2060 1254 etsi
2075 1226 2174 1254 libente
2188 1227 2253 1260 illo,
2272 1232 2361 1256 tamen
2375 1227 2420 1254 ab·

212 1282 270 1314 ria,
295 1291 369 1317 quam
387 1281 462 1315 vulgo
483 1278 691 1311 certificationem
709 1283 840 1307 vocamus,
863 1279 893 1298 vt
912 1281 974 1307 quas
992 1270 1142 1296 tributorum
1162 1274 1186 1292 et
1206 1265 1281 1290 velli·
1345 1266 1416 1291 sente
1431 1265 1479 1291 illo
1493 1273 1540 1299 per
1552 1272 1600 1290 vos
1616 1263 1768 1303 consecutus
1777 1265 1847 1304 nsum,
1885 1299 1889 1304 .
1916 1264 1979 1304 Cic.
1989 1264 2087 1296 Att,1o,
2100 1272 2119 1297 4
2139 1263 2166 1290 Si
2179 1272 2241 1290 vera
2250 1264 2328 1303 sunt,
2342 1264 2419 1299 igno.

208 1318 309 1353 galium
322 1317 439 1343 immunes
454 1317 489 1342 ad
501 1310 644 1350 publicanos
656 1310 780 1349 destinare
786 1310 883 1345 solent,
903 1317 933 1334 ne
945 1313 990 1342 pro
1002 1305 1106 1331 vellara
1118 1312 1157 1329 res
1166 1302 1226 1338 suas
1239 1301 1282 1330 ad·
1345 1301 1414 1331 sces;
1443 1300 1459 1327 li
1475 1300 1536 1327 falsa
1546 1319 1554 1333 ,
1575 1308 1617 1326 me
1630 1298 1730 1325 libente
1744 1308 1841 1334 eripies
1855 1299 1923 1326 mihi
1937 1299 2007 1326 hunc
2019 1308 2149 1327 errorem.
2224 1300 2281 1327 Cic.
2292 1300 2345 1326 Att.
2358 1309 2387 1333 4,
2402 1307 2419 1326 2

212 1354 326 1379 vehentes
339 1352 530 1387 importantesue
543 1350 680 1376 inhibeant.
736 1346 840 1374 Paullus
854 1345 882 1371 in
899 1345 917 1371 1.
932 1343 958 1370 Si
973 1340 1136 1377 publicanus.
1179 1338 1218 1364 De
1236 1345 1282 1371 pu-
1344 1337 1420 1364 Illam
1436 1337 1569 1372 porticum
1583 1334 1749 1363 redemtores
1762 1334 1848 1361 statim
1868 1336 1928 1362 sunt
1946 1335 2069 1362 demoliti
2088 1335 2263 1362 libentiffimis
2281 1335 2419 1362 omnibus.

211 1389 340 1421 biit-anis,
358 1387 492 1423 Significet
505 1385 533 1414 id
548 1385 641 1413 libello
656 1393 735 1411 manu
748 1384 792 1410 sua
806 1380 967 1415 subscripto,
987 1384 1102 1410 euinque
1120 1373 1152 1400 ad
1166 1373 1282 1408 publica·
1343 1372 1459 1413 Libens,
1479 1381 1529 1407 pro
1548 1371 1692 1403 Libenter,
1711 1371 1809 1396 auc‘lore
1824 1371 1940 1398 Donato.
1995 1371 2065 1398 Ter.
2078 1371 2161 1398 Andr.
2175 1380 2206 1402 2,
2218 1381 2245 1406 1,
2264 1381 2295 1406 39
2322 1371 2418 1406 Fugin'

212 1434 276 1452 num
292 1425 386 1451 mittat.
423 1425 544 1450 Budaeus.
602 1420 735 1447 Libellum
747 1426 794 1455 pro
814 1418 928 1444 Taberna
950 1413 1061 1440 libraria
1070 1409 1154 1447 posuit
1180 1407 1279 1449 Catuli.
1302 1417 1330 1445 35
1346 1408 1429 1435 hinc?
1453 1415 1479 1437 Β.
1500 1417 1550 1443 ego
1564 1416 1630 1434 vero
1643 1416 1672 1433 ac
1684 1406 1787 1433 lubens.
1863 1407 1972 1434 Morior
1984 1407 2069 1435 libens
2097 1407 2177 1435 Ouid.
2191 1409 2254 1435 Met.
2272 1417 2311 1441 14,
2326 1415 2379 1442 7²¹·

212 1463 244 1493 56
280 1469 292 1493 3
320 1460 366 1487 Te
383 1468 476 1494 campo
491 1456 667 1493 quaeliuimus
686 1456 793 1482 minore
813 1454 858 1481 Te
872 1453 900 1479 in
913 1451 1002 1483 circo,
1029 1455 1055 1475 te
1069 1448 1098 1474 in
1111 1444 1237 1472 omnibus
1250 1443 1281 1469 11-
1382 1450 1399 1471 L
1409 1451 1419 1470 1
1430 1450 1446 1470 Β
1458 1451 1475 1470 Ε
1485 1451 1507 1470 N
1519 1450 1541 1470 Τ
1554 1450 1595 1470 iA
1605 1464 1613 1477 ,
1633 1452 1671 1469 ae.
1698 1442 1717 1470 f.
1751 1443 1768 1478 [
1776 1443 1924 1480 ἡδυπάθεια]
1966 1445 2093 1479 Voluptas,
2103 1444 2204 1479 gran-‘1‘
2260 1444 2328 1470 Gen⁴
2343 1452 2383 1476 ις,
2402 1450 2419 1469 2·

211 1481 298 1523 bel’lis.
343 1496 399 1522 Via'.
415 1495 451 1520 ibi
464 1495 555 1528 scalig.
577 1498 602 1518 et
622 1491 652 1526 Is.
677 1491 741 1527 Vqffl
766 1492 796 1516 it.
820 1488 883 1525 Vqffi
898 1494 975 1523 pater
994 1484 1053 1521 lnst.
1075 1486 1148 1509 Orat.
1163 1492 1177 1513 4
1198 1490 1222 1516 p.
1237 1488 1280 1512 131.
1344 1480 1399 1508 Cui
1413 1480 1540 1507 libentiae
1553 1480 1706 1515 gratiaeque
1724 1488 1817 1506 omnes
1838 1479 2031 1506 conuiuiorum
2050 1480 2200 1515 incognitae
2218 1479 2275 1506 lint.
2314 1479 2331 1505 ι’.
2351 1480 2419 1505 Com-

209 1529 230 1568 Ἴ
253 1540 268 1558 2
309 1531 415 1558 Videtur
428 1530 571 1564 quibusdam
580 1527 716 1560 Libellus,
744 1527 826 1553 Genus
838 1524 966 1559 mensurae
978 1522 1046 1556 apud
1052 1520 1148 1546 Caton.
1162 1518 1193 1544 R.
1209 1517 1240 1543 R.
1256 1522 1280 1548 15
1340 1517 1501 1553 placentiae,
1521 1518 1677 1552 voluptates,
1701 1516 1775 1550 quasi
1784 1515 1901 1541 libidines
1915 1518 2034 1550 quaedam
2049 1518 2168 1543 decentes.

212 1568 328 1596 Parietes
343 1567 422 1593 villae
436 1566 453 1592 si
467 1565 535 1592 locet
549 1565 576 1591 in
592 1563 669 1599 pedes
683 1570 806 1595 centum,
831 1559 860 1587 id
877 1559 929 1593 est,
957 1557 1035 1593 pedes
1055 1555 1137 1582 denos
1157 1561 1281 1589 quoquo·
1380 1559 1398 1579 L
1408 1559 1418 1578 1
1428 1559 1444 1579 Β
1454 1559 1598 1592 ENTEit.
1619 1551 1686 1578 Adu.
1708 1551 1847 1585 [aeneum.
1866 1551 1956 1586 ἤδέως]
1991 1554 2076 1586 Aequo
2089 1552 2179 1578 animo.
2217 1551 2274 1579 Cic.
2283 1551 2315 1579 de
2322 1549 2418 1586 Legib.

207 1602 420 1637 versiun,habeat
428 1601 549 1629 libellum
558 1601 585 1626 in
595 1599 672 1635 pedes
680 1599 821 1634 quinos,et
831 1596 959 1632 perticam
967 1602 1046 1621 vnam
1055 1590 1152 1627 pedum
1162 1595 1279 1616 111.C1x.
1293 1600 1331 1626 40
1345 1597 1373 1623 2,
1389 1598 1399 1615 1
1428 1589 1479 1617 Illo
1493 1589 1553 1615 loco
1567 1587 1736 1614 libentil'lime
1749 1588 1823 1614 soleo
1842 1588 1890 1615 vti.
1965 1587 2034 1614 Dare
2049 1586 2218 1615 libentiffime
2237 1588 2294 1615 Cic.
2309 1589 2388 1614 Verr.
2402 1596 2417 1619 4

211 1641 260 1665 Sed
271 1640 337 1665 locus
349 1638 383 1673 est
393 1634 594 1672 corrupnffimus.
632 1636 702 1662 Aliis
716 1636 818 1661 videtur
829 1633 964 1664 Libellus,
983 1640 1023 1656 res
1035 1628 1133 1655 culinae
1142 1626 1251 1662 Apic.7,
1261 1634 1279 1652 1.
1343 1634 1364 1653 c.
1379 1633 1420 1660 27.
1495 1624 1595 1651 Audire
1612 1633 1692 1659 quem
1707 1623 1874 1650 libentissime
1888 1624 1945 1650 Sen.
1961 1624 2006 1658 Ep.
2015 1632 2057 1656 30.
2113 1624 2234 1651 Studiose
2247 1624 2417 1658 libenterque

207 1675 295 1712 Lister,
309 1670 367 1700 verb
381 1675 428 1700 len,
442 1672 573 1700 lumbelli,
1342 1661 1445 1688 Audire
1459 1661 1517 1688 Cic.
1530 1661 1592 1689 Diu.
1606 1660 1720 1687 inVerr.
1735 1669 1755 1688 c.
1765 1668 1792 1688 12
1850 1660 1915 1687 Non
1928 1659 2044 1687 libenter
2058 1659 2119 1686 Erat
2132 1666 2193 1686 ante
2206 1661 2300 1687 oculos
2313 1659 2417 1686 ciuium

247 1718 264 1738 L
274 1717 284 1736 1
296 1717 312 1737 13
325 1717 342 1737 E
352 1715 370 1737 L
380 1698 427 1736 [ἳτ
438 1716 454 1736 1.
464 1716 486 1735 v
497 1716 509 1735 s
519 1728 527 1741 ‚
546 1709 565 1736 i,
586 1717 622 1735 m,
660 1706 762 1734 Dimin.
800 1707 882 1732 Mart.
897 1702 998 1739 Capell.
1010 1711 1020 1736 3
1042 1711 1068 1737 p.
1083 1708 1112 1736 71
1140 1697 1278 1732 Qiantum
1343 1697 1454 1724 suorum
1467 1698 1537 1731 Nep.
1548 1705 1584 1727 12,
1601 1707 1623 1731 3,
1636 1706 1658 1723 2.
1731 1696 1787 1724 Cic.
1801 1696 1854 1722 Att.
1868 1705 1897 1729 2,
1918 1704 1926 1722 1
1953 1696 2113 1731 Quanquam
2127 1695 2172 1722 illa
2186 1702 2230 1723 tua
2256 1696 2330 1731 (legi
2342 1695 2416 1722 enim

206 1747 262 1774 s010
277 1746 393 1773 indigum
414 1745 545 1772 libellulo⁸
1343 1733 1481 1768 libenter)
1502 1732 1644 1760 horridula
1656 1732 1726 1759 mihi
1740 1738 1820 1766 atque
1832 1732 1949 1759 incomta
1960 1732 2015 1758 visa
2029 1733 2096 1758 sunt.
2170 1732 2240 1759 Ter.
2258 1733 2324 1759 Eun.
2341 1739 2370 1766 5,
2383 1740 2418 1764 9,

246 1790 263 1810 L
276 1789 286 1809 1
297 1788 313 1809 Β
325 1789 366 1809 ΕΙ.
376 1788 392 1808 L
404 1789 426 1809 A
437 1788 458 1808 T
470 1779 482 1808 ἴ
492 1787 538 1808 cv
548 1786 577 1813 s,
643 1780 679 1805 ais
698 1779 753 1815 fft
766 1779 793 1804 in
804 1777 889 1803 veteri
908 1774 1032 1809 Ecclesia,
1059 1781 1090 1800 vt
1110 1769 1279 1806 intelligatur,
1295 1781 1329 1806 45
1343 1779 1382 1804 44
1410 1770 1441 1797 Et
1455 1769 1570 1797 libenter
1583 1769 1654 1796 viuis
1665 1789 1673 1802 ‚
1698 1768 1797 1795 etenim
1818 1767 1885 1794 bene
1905 1767 2021 1794 libenter
2040 1767 2156 1796 vinitas.
2218 1769 2264 1795 Vbi
2280 1768 2418 1796 Donarusz

201 1818 268 1854 satis
282 1819 332 1844 erit
341 1818 445 1854 posuisti
458 1827 534 1843 vnum
547 1819 624 1844 lot-um
641 1815 769 1850 Cypriani
789 1813 867 1848 Epist.
887 1820 915 1846 55
942 1812 985 1846 qui
998 1819 1075 1837 totam
1089 1818 1139 1834 rem
1154 1807 1278 1839 continet,
1342 1806 1472 1833 Libenter
1487 1806 1574 1839 viuis,
1593 1806 1610 1831 ἰ.
1625 1805 1764 1832 Bonorum
1774 1803 1898 1830 ciborum
1912 1803 1978 1830 edax
1990 1812 2026 1830 es.
2082 1804 2150 1830 Cato
2164 1807 2239 1837 c.156
2259 1804 2286 1831 Si
2299 1804 2373 1830 voles
2386 1803 2417 1830 in

208 1855 277 1882 Cum
290 1864 355 1889 ergo
369 1855 440 1880 inter
454 1851 541 1888 ipsos,
558 1852 605 1887 qui
617 1851 761 1879 sacrificant
783 1850 891 1882 (idolis,
912 1857 969 1883 quos
981 1845 1130 1873 turificatos
1143 1843 1276 1881 ait-ebant)
1342 1842 1474 1869 conuiuio
1488 1842 1602 1868 inultum
1616 1841 1710 1868 bibere
1719 1861 1728 1873 ‚
1748 1849 1916 1875 coenareque
1928 1839 2060 1873 libenter,
2087 1845 2147 1866 ante
2160 1848 2270 1867 coenam
2289 1840 2344 1868 esto
2357 1848 2417 1866 cru-

206 1890 289 1916 multa
309 1891 339 1916 fit
359 1889 513 1916 diuersitas:
547 1897 613 1922 quae
632 1887 802 1914 inclementia
821 1885 873 1917 est,
903 1889 929 1911 et
947 1892 1026 1918 quam
1047 1879 1141 1908 acerba
1161 1877 1277 1918 duritia,
1343 1877 1403 1903 dam
1417 1883 1545 1913 quantum
1558 1877 1632 1903 voles
1646 1885 1678 1902 ex
1691 1882 1792 1915 aceto..
1835 1878 1874 1902 De
1888 1873 1999 1908 Braffica
2013 1876 2133 1909 loquitur.
2191 1877 2266 1910 Conf,
2287 1876 2354 1903 Enn.
2374 1882 2416 1911 ap.

206 1925 363 1952 libellaticos
376 1933 435 1950 cum
450 1924 483 1949 iis
493 1944 501 1956 ,
511 1924 568 1957 'qui
580 1923 751 1948 sacrificarint
760 1942 768 1953 ,
789 1921 917 1954 iungere?
956 1917 1072 1952 Qiando
1086 1917 1107 1943 is
1117 1937 1125 1949 ‚
1146 1924 1188 1941 clu
1202 1913 1277 1940 llbel-
1343 1913 1412 1940 Gell.
1424 1922 1459 1946 12,
1473 1923 1496 1946 4.
1553 1913 1610 1946 Qui
1623 1911 1763 1938 dormiunt
1775 1910 1890 1938 libenter
1899 1932 1907 1944 ,
1926 1911 1979 1937 fine
1993 1911 2069 1937 lucro
2081 1917 2107 1937 et
2119 1920 2179 1938 curu
2192 1913 2264 1939 malo
2278 1912 2418 1947 quiescunt

204 1961 245 1988 lus
258 1966 375 1995 acceptus
390 1959 442 1993 est,
464 1959 548 1985 dicat:
587 1958 643 1992 Ego
658 1957 732 1991 prius
745 1956 877 1989 legeram,
897 1960 923 1979 et
938 1955 1068 1986 Episcopo
1083 1951 1213 1977 tractante
1234 1958 1276 1975 co-
1295 1959 1327 1983 50
1343 1949 1424 1976 Plaut.
1438 1948 1507 1975 Rud.
1519 1957 1555 1983 4,
1569 1958 1598 1982 2,
1612 1953 1646 1979 ¹8·
1720 1948 1832 1975 Causam
1847 1952 1912 1982 puto
1925 1955 1972 1973 cur
1986 1946 2038 1973 huc
2054 1946 2182 1973 libentius
2199 1948 2289 1974 venias
2310 1948 2366 1975 Cic.
2381 1947 2416 1975 de

204 2005 367 2032 gnoueram,
386 2004 442 2022 non
456 1993 653 2022 sacrificandum
669 1992 760 2024 idolis,
779 1999 826 2016 nec
839 1989 973 2015 limulacra
990 1987 1098 2012 seruum
1111 1985 1154 2009 dei
1163 1983 1277 2008 adorare
1342 1985 1422 2022 Legg.
1436 1992 1452 2010 2
1465 1994 1487 2010 c.
1495 1993 1519 2010 2.
1578 1986 1692 2018 Compar.
1732 1984 1802 2010 Hor.
1817 1983 1896 2018 Epist.
1912 1991 1939 2017 2,
1954 1992 1972 2015 1,
1991 1985 2043 2009 262
2069 1982 2151 2009 Discit
2159 1983 2232 2010 enim
2244 1983 2340 2018 citius,
2360 1992 2416 2010 me-

205 2033 317 2060 debere:
355 2031 497 2058 etidcirco
510 2039 545 2057 ne
559 2030 611 2056 hoc
625 2029 757 2059 facerem,
778 2025 851 2062 quod
865 2034 919 2051 non
936 2023 1048 2053 licebat,
1070 2020 1153 2053 (cuni
1175 2016 1275 2043 occasio
1341 2024 1475 2052 nunitque
1493 2018 1621 2044 libentius
1638 2019 1706 2044 illud
1726 2018 1808 2050 Qud
1826 2019 1886 2057 quis
1907 2018 2028 2052 deridet,
2058 2027 2139 2053 quani
2158 2019 2232 2054 quod
2250 2019 2363 2054 probat,
2388 2024 2415 2045 et

203 2068 290 2096 libelli
311 2068 398 2094 fuisset
417 2066 523 2099 oblata,
550 2074 629 2100 quem
648 2073 696 2090 nec
713 2064 799 2098 ipsum
821 2061 985 2096 acciperem,
1011 2057 1059 2084 nisi
1074 2055 1174 2097 ostensa
1188 2053 1276 2094 fuili'et
1340 2060 1493 2080 veneratur.
1872 2087 1877 2093 .
1897 2087 1902 2093 .
1925 2087 1931 2093 Ι
1954 2088 1960 2093 .

204 2104 325 2139 occatio)
346 2102 378 2129 ad
392 2101 572 2136 magistratum
589 2100 631 2126 vel
652 2099 731 2130 veni,
751 2099 795 2124 vel
806 2098 860 2123 alio
875 2103 954 2123 eunte
967 2093 1092 2121 mandaui
1104 2102 1110 2118 ι
1148 2089 1277 2118 Christia-
1377 2096 1395 2114 L
1405 2096 1415 2114 1
1425 2095 1441 2114 Β
1451 2095 1500 2114 ΕΝ
1510 2095 1550 2114 Ti
1560 2094 1614 2114 ΝΑ
1626 2108 1637 2125 ,
1657 2096 1696 2114 ae.
1728 2087 1749 2114 f.
1786 2090 1842 2114 Dea
1855 2088 1985 2121 l1b1d1n15‚
2010 2090 2097 2115 Venus.
2154 2088 2292 2124 Augustin.
2307 2088 2340 2115 de
2351 2088 2414 2118 Ciu.

206 2149 327 2167 numme
345 2139 411 2171 esse,
436 2136 581 2164 sacrificare
595 2134 664 2161 mihi
682 2142 736 2160 non
753 2133 851 2164 licere,
871 2131 903 2157 ad
923 2140 979 2157 aras
999 2128 1101 2155 diaboli
1121 2136 1163 2153 ine
1183 2125 1276 2151 venire
1294 2135 1322 2162 33
1341 2123 1392 2149 Dei
1410 2131 1444 2156 4,
1464 2128 1478 2153 8
1516 2122 1676 2149 Libentinae
1694 2132 1794 2150 nomen
1807 2132 1823 2149 a
1837 2122 1960 2150 libidine.
2004 2124 2078 2158 Conf.
2097 2124 2177 2153 Varr.
2199 2124 2232 2152 de
2249 2125 2280 2152 L.
2294 2125 2324 2152 L.
2342 2134 2372 2159 5,
2385 2127 2412 2152 6.

206 2185 261 2202 non
276 2176 345 2210 posse
369 2173 552 2207 (rhetoricatur
571 2171 719 2205 Cyprianus
735 2179 741 2195 z
767 2177 834 2194 nemo
854 2166 920 2202 istud
930 2165 1032 2201 firijfit
1052 2164 1154 2203 totidem
1174 2161 1275 2191 verbis,
1338 2159 1442 2186 Arnob.
1456 2168 1481 2194 p.
1496 2167 1546 2191 132.
1857 2193 1864 2198 .

199 2211 249 2248 sed
257 2213 301 2237 ho.-
311 2211 407 2246 potuit,
427 2209 526 2240 debuit,
545 2208 673 2240 cogitare)
707 2205 770 2231 dai-e
783 2211 826 2230 me
843 2203 879 2230 ob
894 2202 945 2228 hoc
958 2208 1107 2236 praemium
1117 2219 1124 2231 ,
1150 2206 1183 2223 ne
1202 2194 1275 2230 quod
1345 2229 1355 2238 Α
1377 2202 1393 2221 L
1405 2201 1486 2222 1311·
1496 2202 1517 2235 Y
1527 2201 1569 2225 M,
1581 2193 1606 2230 s.
1623 2201 1640 2220 L
1650 2200 1696 2235 vri
1706 2201 1715 2219 1
1727 2199 1750 2221 'r
1762 2200 1817 2221 VM
1827 2214 1836 2226 ,
1855 2202 1875 2234 ιἶ
1895 2203 1922 2221 η,
1948 2195 1980 2221 Ε,
1994 2201 2029 2221 Li
2038 2200 2054 2220 B
2063 2201 2073 2220 1
2082 2200 2104 2221 T
2115 2201 2138 2222 v
2149 2201 2163 2222 3
2175 2194 2199 2230 J:
2213 2201 2231 2222 L
2241 2201 2263 2222 v
2272 2201 2290 2223 B
2301 2203 2311 2222 Ι
2320 2203 2342 2223 T
2351 2203 2412 2230 VS,

204 2256 259 2274 non
275 2247 335 2273 licet
349 2245 452 2272 faciam.
511 2236 590 2270 Nunc
606 2248 692 2268 tamen
704 2241 784 2267 etiam
798 2237 864 2272 iste,
891 2238 937 2273 qui
958 2236 1050 2263 libello
1065 2233 1208 2261 maculatus
1222 2231 1276 2272 est,
1341 2240 1380 2258 us,
1406 2240 1443 2257 m,
1485 2232 1527 2256 810
1545 2232 1621 2265 vulgy
1641 2231 1738 2256 dimm-
1757 2238 1807 2264 pro
1820 2229 1925 2263 lubitu,
1949 2229 1983 2257 ad
2004 2230 2121 2258 libitum.
2173 2233 2265 2267 Vsque
2283 2233 2316 2260 ad
2334 2233 2413 2260 libita

205 2283 373 2317 posteaquam
397 2280 475 2307 nobis
495 2277 701 2305 admonentibus
721 2275 816 2302 didicit
830 2293 839 2308 ,
871 2283 919 2300 nec
939 2273 990 2300 hoc
1008 2273 1033 2298 se
1054 2271 1141 2296 facere
1159 2268 1275 2307 debuisse
1341 2267 1465 2294 Pallantis
1478 2266 1622 2306 prouoluta
1639 2266 1708 2292 Tac.
1721 2266 1789 2292 Ann.
1804 2274 1844 2299 14,
1858 2274 1884 2298 2,
1899 2274 1927 2298 4.
1965 2268 2035 2295 Add.
2048 2267 2086 2296 ib.
2099 2270 2126 2301 6,
2141 2277 2159 2294 1.
2173 2276 2237 2295 extr.
2250 2276 2274 2294 ct
2289 2278 2330 2302 12,
2344 2272 2376 2303 6,
2390 2278 2413 2302 3.

205 2334 251 2339 —-
271 2318 315 2344 flet
329 2316 425 2343 auditis
438 2316 532 2348 nobis,
554 2320 579 2340 et
592 2314 750 2340 lamentatur
763 2319 809 2338 etc.
868 2308 910 2344 Es?
924 2307 1006 2344 igitur
1020 2305 1190 2334 Libellaticus
1200 2325 1208 2338 ,
1233 2311 1276 2329 cui
1291 2307 1326 2333 60
1341 2303 1397 2336 Qui
1413 2303 1514 2329 faciunt
1527 2302 1603 2329 libita
1617 2301 1665 2329 libi
1679 2301 1799 2329 Tertull.
1813 2301 1846 2327 de
1859 2301 1954 2328 idolol.
1969 2312 1990 2330 c.
1999 2310 2026 2336 4.
2048 2304 2094 2329 huc
2106 2303 2180 2330 etiam
2195 2313 2212 2329 a
2229 2305 2352 2331 nonnullis
2372 2315 2412 2332 re-

204 2354 310 2382 libellus
323 2359 443 2387 acceptus
457 2351 508 2384 est,
535 2351 558 2376 h.
571 2360 591 2376 e.
611 2349 655 2383 qui
674 2347 806 2375 libelluma
823 2341 972 2381 magistratu
994 2342 1088 2376 accepit
1103 2341 1153 2382 sim
1168 2339 1276 2381 jae-cunia
1336 2340 1463 2379 feruntur
1486 2338 1541 2363 alia
1562 2339 1631 2371 loca,
1661 2347 1724 2373 quae
1740 2345 1821 2364 tamen
1847 2338 1934 2363 melius
1950 2337 2148 2373 impeisonalim·
2166 2339 2249 2375 accipi
2272 2341 2412 2368 videmur:

204 2392 354 2423 redemtum,
373 2398 418 2423 quo
432 2387 581 2424 testaretur,
598 2385 662 2420 falso
678 2385 792 2419 quidem,
812 2381 988 2418 nmgifhatus,
1014 2379 1092 2414 ipsum
1108 2379 1227 2417 jaerisira
1240 2384 1277 2415 ηε,
1340 2376 1396 2402 vid.
1416 2380 1433 2400 L
1443 2383 1451 2402 1
1463 2380 1478 2401 B
1489 2379 1545 2400 ET.
2062 2388 2068 2396 .

205 2427 223 2452 i.
233 2425 357 2462 Christum
364 2424 404 2450 illo
413 2425 465 2450 ritu
472 2416 641 2457 abneqaſjc,vt
650 2420 872 2453 tutusfitdcindea
879 2416 1042 2452 quaesitorum
1050 2414 1156 2439 aliorum
1163 2420 1276 2436 iniuriis.
1379 2417 1396 2437 1,
1404 2417 1415 2436 1
1424 2416 1440 2437 Β
1452 2417 1460 2436 i
1471 2416 1489 2436 D
1499 2416 1519 2436 0
1528 2429 1536 2442 ‚
1563 2409 1581 2435 s.
1603 2416 1619 2435 L
1628 2415 1650 2435 V
1659 2415 1694 2435 Bi
1707 2415 1725 2435 D
1734 2415 1753 2435 Ο
1762 2428 1771 2442 ,
1802 2409 1869 2443 quod
1887 2407 1954 2442 conf.
1974 2409 2035 2436 inis.
2069 2409 2090 2437 f.
2128 2410 2262 2444 [ἐπιθυμία
2271 2431 2279 2443 ,
2297 2412 2413 2448 navist]

241 2468 276 2488 LI
287 2467 302 2488 Β
312 2468 352 2487 EL
362 2468 379 2487 L
390 2467 406 2487 E
416 2468 438 2487 N
447 2467 460 2486 S
472 2467 479 2485 i
490 2466 502 2486 S
513 2480 521 2493 ,
530 2453 572 2485 ἵε.
594 2468 630 2484 in.
668 2458 721 2494 Qi
735 2455 824 2482 libellis
835 2452 931 2491 praeest
944 2449 1161 2488 autsuscipiendis
1175 2454 1218 2472 aut
1236 2455 1275 2472 re·
1341 2446 1382 2473 Est
1397 2447 1514 2479 (oraclore
1529 2446 1636 2472 Donato
1649 2445 1682 2471 ad
1696 2446 1761 2472 Hcc.
1770 2453 1795 2480 2,
1804 2453 1830 2478 ι,
1842 2445 1874 2480 3)
1897 2445 2167 2480 quaelibetVoluntas
2181 2452 2280 2473 temere
2287 2447 2410 2484 suscepta.

204 2498 322 2524 citandis.
361 2497 377 2525 1.
390 2505 425 2529 32.
445 2495 512 2523 Cod.
526 2494 559 2521 de
573 2494 676 2528 Appell.
906 2502 909 2503 ⁷
1291 2485 1322 2518 65
1339 2482 1460 2510 Intestini
1479 2481 1566 2509 libido
1586 2481 1708 2508 Scribon.
1728 2489 1783 2515 142.
1865 2481 1976 2508 Incitata
1994 2481 2125 2516 libidine,
2152 2482 2230 2518 ipsius
2253 2482 2345 2511 morbi
2363 2493 2412 2512 112.

243 2540 260 2559 L
270 2540 279 2559 1
289 2539 305 2559 Β
315 2540 331 2560 Ε
341 2540 356 2559 L
366 2539 382 2559 L
394 2534 484 2560 111113
493 2552 501 2564 ,
521 2540 544 2558 e.
582 2529 674 2557 Sidon.
688 2527 768 2562 Epist.
782 2535 808 2560 9,
823 2534 843 2553 ii
872 2526 946 2560 Opus
960 2521 1080 2551 libellare
1095 2518 1235 2548 conficere.
1336 2520 1353 2546 i.
1370 2518 1545 2545 Dcfideriuiu.
1583 2519 1654 2544 Add.
1673 2527 1736 2552 quae
1744 2517 1852 2544 Rhodius
1863 2516 1958 2552 collegit
1971 2518 1998 2543 in
2011 2519 2071 2545 Lex.
2086 2519 2197 2545 Sci-ibon.
2255 2519 2312 2546 Cic.
2326 2520 2412 2550 Tusc.

243 2576 279 2595 Li
292 2574 308 2595 Β
318 2576 361 2596 131,
372 2576 388 2595 Ι.
397 2576 418 2595 Α
428 2575 447 2595 R
457 2575 466 2594 1
477 2574 497 2594 V
508 2574 532 2594 M
543 2587 551 2600 ‚
572 2566 591 2593 i.
619 2575 645 2592 11.
684 2565 713 2590 ei
724 2563 748 2589 l..
762 2564 805 2588 vel
817 2561 899 2596 capsa,
914 2564 939 2586 sn
954 2570 1003 2595 qua
1023 2558 1116 2586 conditi
1134 2557 1272 2593 seruantur
1337 2565 1363 2589 4,
1376 2563 1402 2581 iz
1424 2555 1556 2582 Voluntas
1566 2553 1611 2590 est,
1618 2563 1685 2589 quae
1700 2552 1765 2588 quill
1779 2562 1838 2580 cum
1850 2553 1956 2581 ratione
1964 2553 2105 2581 deciderat:
2128 2563 2195 2590 quae
2208 2561 2297 2582 autem
2304 2557 2411 2584 ratione

206 2604 290 2632 libelli.
349 2605 462 2639 Cic.pro
476 2603 572 2631 Milon.
585 2610 611 2635 33
631 2608 687 2629 c.12
724 2598 826 2626 Exhibe
839 2598 1003 2625 libellarium
1017 2594 1092 2622 illud.
1129 2594 1272 2619 Sici-‘arcus
1337 2591 1446 2618 aduersa
1464 2591 1572 2630 inci-tata
1592 2589 1628 2629 est
1649 2589 1852 2624 vehementius,
1876 2597 1906 2629 ea
1924 2589 2012 2616 libido
2031 2590 2084 2623 est,
2117 2591 2160 2617 vel
2181 2591 2310 2626 cupiditas
2334 2592 2411 2620 effre.

206 2642 266 2668 Lex.
281 2641 348 2667 Crit.
367 2642 424 2668 h.v.
461 2640 520 2667 Alii
532 2640 619 2674 legunt
630 2636 795 2664 Librarium.
1337 2633 1413 2660 nata,
1434 2635 1501 2662 quae
1515 2635 1543 2652 in
1555 2625 1681 2652 omnibus
1695 2625 1779 2653 stultis
1793 2626 1941 2652 inuenitur.
2014 2626 2096 2653 Plaut.
2113 2626 2189 2662 Epid.
2204 2637 2229 2657 i,
2248 2637 2273 2661 1,
2294 2633 2328 2663 87
2354 2629 2407 2656 Ne.

243 2684 279 2703 Li
289 2683 304 2703 Β
314 2683 330 2703 Ε
340 2683 357 2703 Ι.
369 2684 384 2702 1.
394 2683 449 2709 10,
469 2675 539 2702 onis.
564 2684 600 2702 m.
637 2674 754 2700 Minatus
763 2678 897 2707 paruorum
910 2669 1030 2695 librorum
1041 2665 1158 2702 institor,
1183 2663 1226 2698 qui
1247 2669 1271 2689 et
1286 2671 1322 2700 70
1337 2672 1417 2698 quain
1431 2662 1515 2689 homo
1529 2670 1555 2688 es
1567 2661 1691 2697 Epidice,
1717 2661 1759 2687 cui
1774 2660 1861 2688 libido
1879 2660 1915 2687 est
1937 2662 2006 2688 male
2019 2662 2104 2698 loqui.
2152 2663 2321 2694 Audaeter,¹
2339 2664 2358 2691 fi
2378 2666 2410 2693 li-

205 2712 375 2740 Librariolus
389 2712 441 2739 dici
455 2711 538 2747 poffit.
611 2711 672 2737 Stat.
687 2709 750 2736 Silu.
764 2716 799 2740 4,
820 2716 853 2739 9,
874 2714 899 2732 21
936 2704 1033 2738 Capsac
1046 2702 1136 2741 mise-ri
1157 2699 1271 2741 111101110-
1289 2706 1292 2710 ’
1335 2698 1400 2738 bido
1414 2698 1449 2725 est
1465 2697 1575 2738 perdere
1596 2698 1678 2737 l'laut.
1693 2697 1760 2724 Pers.
1781 2705 1812 2731 2,
1825 2705 1857 2730 2,
1877 2699 1903 2723 6.
1980 2698 2065 2733 Magis
2083 2698 2171 2726 libido
2185 2698 2238 2732 est,
2263 2699 2408 2728 obseruare

205 2749 248 2775 nis
263 2749 407 2775 mentionem
415 2749 502 2783 facit,
522 2749 553 2773 de
567 2756 615 2782 qua
629 2754 704 2771 emtus
716 2744 754 2778 sit
774 2744 845 2769 liber.
909 2741 989 2767 Glossl
1006 2740 1065 2765 Vct.
1086 2736 1202 2764 Libellio
1212 2756 1219 2769 ,
1240 2735 1272 2776 .¹.¹·
1335 2733 1400 2769 quid
1412 2740 1486 2769 agat:
1524 2743 1549 2760 ci
1564 2742 1603 2760 rei
1617 2742 1730 2774 ‘operam
1743 2732 1812 2760 dabo
1825 2733 1906 2760 Plaut.
1923 2733 2005 2760 Trin.
2019 2745 2054 2768 4,
2072 2743 2099 2768 2,
2112 2743 2150 2767 23.
2225 2735 2296 2763 Ter.
2311 2737 2408 2764 Heaiit.

206 2785 328 2818 brarjns²
348 2783 519 2817 ‘mam-alme,
538 2785 714 2817 {31ss2107843206·
769 2780 818 2806 Sed
829 2776 966 2805 Onomast.
985 2775 1032 2802 Gr.
1055 2775 1111 2800 Lat.
1137 2773 1271 2802 Vulcami,
1335 2779 1367 2803 2,
1390 2780 1413 2803 1,
1431 2779 1451 2803 4
1482 2770 1520 2796 Ex
1541 2770 1584 2796 sua
1604 2769 1717 2796 libidine
1730 2769 1920 2803 moderantur,
1947 2779 2014 2805 quae
2027 2779 2097 2797 nunc
2110 2770 2161 2804 cst,
2187 2780 2244 2798 non
2256 2780 2323 2807 quae
2338 2773 2407 2800 olim

205 2820 370 2848 Libellioncs
383 2821 538 2853 φραμματιῗς.
594 2820 682 2845 Varro
697 2824 737 2853 ap.
752 2817 825 2843 Non.
836 2825 857 2848 2,
871 2823 925 2848 409
964 2812 1041 2838 Tum
1056 2809 1088 2836 ad
1101 2818 1143 2835 me
1152 2808 1271 2839 fuerunt,
1334 2806 1396 2833 fuit.
1549 2804 1570 2843 ‘ff
1591 2813 1607 2832 2
1645 2806 1752 2841 Speciali
1765 2813 1848 2832 tamen
1862 2813 1886 2832 et
1900 2808 1970 2832 velut
1987 2807 2094 2843 pra-pria
2108 2807 2297 2843 significatione
2311 2810 2348 2834 ad
2364 2819 2407 2835 ve-

204 2856 277 2892 quod
291 2856 456 2883 libellionem
472 2857 520 2882 esse
540 2853 662 2881 sciebant,
717 2854 774 2890 Qo
795 2853 845 2878 loa-0
866 2851 969 2876 videtur
984 2846 1133 2883 fignificare
1151 2845 1270 2869 librorum
1287 2848 1320 2877 75
1336 2851 1423 2869 ner-eas
1437 2842 1575 2882 volnptatcs
1587 2851 1719 2876 earumque
1735 2842 1897 2877 cupiditatem
1911 2842 2030 2877 pertinet.
2088 2843 2179 2876 Qium
2193 2842 2242 2870 lint
2260 2844 2407 2874 multarum

205 2900 354 2926 amatorem,
393 2899 417 2918 et
450 2893 594 2924 helnonem,
630 2890 745 2916 vocabulo
774 2885 925 2920 ὗποκοριςικῷ
945 2892 968 2912 et
987 2884 1035 2909 ioci
1059 2880 1132 2916 causa
1158 2881 1193 2905 ad
1217 2887 1270 2904 con·
1335 2886 1427 2905 rerum
1442 2877 1584 2912 libidines,
1604 2884 1692 2904 tamen
1704 2887 1786 2913 quum
1805 2877 1890 2904 libido
1910 2878 2024 2912 dicitur,
2058 2888 2146 2914 neque
2166 2879 2240 2906 cuius
2259 2879 2302 2906 rei
2318 2880 2406 2909 libido

202 2935 301 2954 mmm„
320 2929 424 2954 detorto.
1333 2913 1487 2943 fitadditur‚
1507 2923 1561 2940 non
1575 2914 1630 2940 fere
1645 2914 1709 2940 solet
1722 2914 1772 2940 alia
1785 2922 1936 2948 occurrere,
1950 2915 1998 2941 nili
2012 2915 2072 2947 illa,
2092 2924 2144 2950 qua
2158 2915 2305 2943 obscoenae
2318 2924 2405 2950 partes

241 2971 257 2990 L
267 2971 276 2990 i
286 2970 301 2990 n
311 2970 330 2990 R
339 2970 363 2990 A
372 2970 390 2990 R
400 2971 409 2989 1
419 2970 441 2989 V
450 2969 462 2989 S
471 2981 479 2993 ,
499 2963 518 2989 i.
539 2972 576 2989 in.
612 2959 816 2995 [βιξλιονράφος]
854 2958 908 2995 Qi
920 2957 996 2982 libros
1003 2952 1172 2988 transscribit.
1201 2950 1268 2992 Cic.
1334 2951 1455 2985 corporis
1463 2950 1610 2990 ercitautur
1618 2949 1755 2985 Augustin.
1769 2950 1802 2977 de
1814 2951 1845 2976 C.
1856 2951 1887 2977 D.
1898 2959 1941 2984 14,
1959 2953 1994 2977 16.
2049 2951 2106 2978 Cic.
2119 2951 2151 2978 de
2163 2952 2289 2978 Prouinc.
2303 2953 2381 2979 Cons.
2391 2959 2406 2984 8

205 3009 255 3035 pro
274 3000 344 3034 Lege
363 3001 425 3034 Agr.
447 3008 476 3032 14
512 2997 663 3033 Aliquando
677 2996 781 3022 tandcm
796 3004 838 3021 me
858 2993 990 3028 dclignato
1012 2992 1052 3018 lex
1075 2991 1104 3017 in
1133 2988 1270 3027 publicum
1334 2987 1444 3013 Lateaiit
1471 2986 1596 3012 libidines
1617 2986 1674 3012 eius
1693 2987 1754 3013 illae
1773 2986 1970 3020 tenebricosae,
2001 2996 2064 3022 quas
2086 2987 2177 3014 fronte
2199 2994 2225 3014 et
2246 2988 2406 3022 supercilio,

204 3037 381 3070 proponitur:
406 3041 568 3061 concurrunt
584 3034 648 3060 iuffu
663 3041 723 3059 meo
733 3031 820 3066 plures
835 3039 889 3056 vno
902 3037 1023 3064 tempore
1036 3025 1157 3057 librarii,
1177 3024 1271 3050 deseri·
1287 3028 1319 3053 80
1334 3032 1389 3050 non
1403 3022 1506 3057 pudore
1520 3028 1545 3048 et
1557 3023 1731 3062 temperantia
1744 3022 1908 3057 contegebat.
1946 3023 2042 3050 Inualit
2060 3022 2147 3049 libido
2167 3023 2322 3059 plerosque,
2348 3025 2404 3051 vid,

224 3078 274 3097 tam
291 3072 374 3106 legem
389 3071 421 3098 ad
435 3080 478 3097 me
491 3070 606 3097 afferunt
650 3069 720 3095 Add.
735 3067 773 3095 Id.
787 3067 857 3093 Fam.
871 3068 909 3098 16,
923 3074 955 3091 21.
970 3072 992 3090 et
1007 3066 1100 3094 Att.6‚
1114 3063 1139 3088 6.
1196 3060 1270 3086 Men.
1335 3064 1473 3085 INVADO.
1527 3058 1581 3085 Vbi
1593 3058 1680 3084 libido
1694 3058 1857 3091 dominatur,
1877 3059 2044 3085 innocentiae
2059 3059 2118 3085 leue
2131 3058 2289 3093 praefidium
2300 3059 2336 3086 est
2345 3060 2402 3087 Cic.

205 3080 284 3133 Sosus
298 3107 422 3134 librarius
432 3127 440 3140 ,
462 3108 515 3133 vicl.
529 3113 552 3132 M
564 3112 580 3132 E
589 3112 612 3130 N
621 3108 640 3131 D
650 3111 680 3131 Α.
701 3132 705 3137 ,
754 3103 854 3130 Scrinia
870 3101 1044 3128 librariorum
1073 3095 1160 3125 Catul.
1173 3106 1200 3129 14
1210 3117 1217 3129 ‚
1232 3102 1269 3129 17.
1335 3095 1364 3122 in
1378 3095 1451 3121 Orat,
1466 3096 1535 3127 c.6‚·.
1612 3094 1716 3121 Foedus
1729 3103 1758 3120 ac
1771 3094 1917 3122 maculosus
1931 3094 2042 3120 auaritia
2056 3100 2082 3120 et
2095 3093 2208 3121 libidine
2231 3094 2323 3123 Tacit.
2335 3097 2403 3124 Hist.

206 3142 266 3168 Liu.
282 3148 324 3175 38,
344 3151 372 3176 55
402 3144 432 3169 In
451 3142 480 3168 L.
503 3142 625 3176 Scipione
644 3140 736 3169 malim
756 3138 880 3174 equidem
900 3136 1005 3163 librarii
1023 3134 1165 3165 mendum,
1190 3140 1270 3167 quarn
1333 3140 1353 3165 i,
1366 3139 1392 3166 7.
1449 3130 1737 3171 Ministerlibidinum,
1761 3131 1815 3156 vid.
1830 3136 2044 3157 MJNISTRO.
2104 3129 2238 3157 Adulandi
2252 3131 2321 3159 Tac.
2341 3152 2346 3158 .
2367 3153 2374 3160 .
2393 3152 2402 3161 .

207 3178 372 3205 mendacium
386 3177 523 3213 scriptoris
535 3178 583 3203 csse
598 3177 625 3203 in
639 3176 739 3203 summa
753 3175 812 3202 auri
825 3180 904 3209 atque
921 3171 1032 3207 argenti.
1106 3170 1162 3196 Cic.
1178 3170 1270 3202 Agrar.
1334 3166 1484 3195 Assentandi
1498 3167 1566 3193 Tac.
1578 3189 1585 3193 .
1601 3187 1607 3192 .
1623 3186 1629 3192 .
1687 3166 1818 3202 Daiunqsa
1832 3165 1918 3192 libido
1947 3166 2015 3192 Hor.
2030 3165 2109 3200 Epist.
2129 3174 2156 3200 2,
2174 3176 2198 3199 1,
2223 3175 2277 3202 107.
2336 3168 2401 3195 Dira

208 3222 240 3247 2,
256 3222 280 3245 13
299 3222 320 3240 c.
331 3222 343 3246 5
368 3215 422 3240 Lex
436 3215 464 3241 in
479 3213 614 3248 publicum
627 3212 797 3246 proponitur.
860 3210 1033 3237 Concurrunt
1053 3206 1117 3232 iussu
1132 3214 1193 3231 meo
1214 3204 1270 3238 plu·
1288 3208 1316 3236 85
1334 3204 1439 3230 Lucret.
1452 3211 1485 3238 4,
1499 3208 1558 3237 708.
1573 3210 1597 3228 et
1610 3202 1677 3229 Pers.
1692 3211 1714 3235 3,
1728 3204 1768 3242 36.
1826 3202 1972 3242 Epularum
1992 3201 2061 3228 Tac.
2075 3222 2080 3228 .
2095 3222 2102 3228 .
2116 3223 2124 3230 .
2179 3202 2305 3231 Feminea
2319 3203 2400 3232 Ouid,

207 3258 249 3276 res
261 3258 316 3276 vno
331 3256 451 3283 tempore
470 3248 589 3276 librarii:
622 3248 777 3281 descriptam
791 3247 876 3281 legem
889 3245 920 3272 ad
935 3253 976 3271 nie
990 3244 1112 3270 afferunt.
1334 3240 1366 3267 de
1379 3241 1441 3266 Arte
1449 3240 1508 3265 Am.
1525 3249 1542 3273 l,
1558 3247 1610 3272 34¹·
1686 3237 1796 3265 Furiosa
1817 3237 1898 3265 Ouid.
1913 3236 1945 3264 de
1959 3238 2023 3264 Arte
2038 3239 2126 3271 Am.1,
2141 3244 2191 3268 281.
2266 3241 2399 3274 Importu.

243 3292 277 3311 Li
290 3290 306 3311 R
318 3291 338 3311 R
347 3292 367 3311 Α
379 3291 395 3310 R
409 3291 443 3311 10
454 3291 470 3310 L
481 3292 502 3310 v
513 3292 525 3311 s
536 3305 545 3318 ‚
566 3284 585 3311 i.
604 3291 640 3310 m.
678 3283 780 3309 Dimin.
812 3279 1071 3317 [βιῑλωγραφόηων]
1110 3279 1159 3303 Pro
1168 3274 1269 3315 Serjuulo
1334 3275 1449 3303 niffimae
1472 3274 1598 3301 libidines
1611 3292 1619 3306 ,
1657 3274 1710 3300 vid.
1737 3281 1780 3300 iM
1790 3280 1804 3300 r>
1814 3280 1860 3300 on
1871 3279 1893 3300 'r
1905 3279 1926 3299 v
1936 3280 1958 3300 N
1968 3280 2022 3300 vs.
2095 3274 2259 3302 Inextin6tae
2277 3274 2399 3302 libidinis

208 3331 224 3347 a
240 3331 322 3347 manu.
379 3321 435 3348 Cic.
453 3321 506 3347 Att.
521 3330 556 3353 4,
575 3329 594 3353 4
619 3319 704 3346 Etiam
718 3319 814 3344 vellem
830 3316 898 3344 mihi
911 3317 999 3343 mittas
1012 3315 1044 3342 de
1057 3314 1109 3340 tuis
1124 3311 1270 3339 librariolis
1333 3312 1419 3339 homo
1445 3310 1526 3338 Ouid.
1542 3311 1605 3337 Fast.
1620 3319 1639 3344 1,
1653 3318 1706 3344 4¹3·
1780 3308 1948 3337 Intoleranda
1958 3330 1966 3342 ‚
1991 3310 2045 3336 vid,
2066 3316 2165 3337 INTo
2175 3317 2274 3338 LERA
2285 3317 2307 3335 N
2317 3315 2398 3338 Dvs,

208 3356 275 3383 duos
289 3357 403 3392 aliquos,
418 3355 514 3391 quibus
529 3356 673 3388 Tyrannio
687 3360 776 3381 vtatur
790 3352 1007 3388 glutinatoi-ibus.
1061 3353 1093 3376 lat
1106 3348 1137 3376 de
1146 3348 1237 3383 chib.
1253 3355 1272 3377 ¹,
1335 3349 1405 3375 Mala
1417 3347 1477 3374 Liu.
1492 3357 1517 3380 1,
1531 3354 1570 3381 57.
1585 3355 1650 3373 extr.
1724 3346 1853 3372 Masculae
1872 3345 1993 3372 libidinis
2008 3346 2108 3372 femina
2133 3346 2203 3374 Hor.
2217 3344 2299 3380 Epod.
2314 3356 2344 3380 5,
2357 3355 2398 3380 4¹-

208 3399 225 3426 7
245 3401 290 3419 c.2
316 3392 400 3419 Cuius
413 3392 556 3427 loquacitas
570 3391 648 3417 habet
660 3389 760 3425 aliquid
772 3389 954 3423 argutiarum,
975 3397 1022 3415 nec
1035 3386 1062 3414 id
1076 3393 1163 3413 tamen
1178 3393 1208 3411 ex
1224 3383 1269 3410 illa
1283 3387 1318 3413 90
1335 3385 1430 3411 Potens
1449 3384 1536 3411 Senec.
1569 3383 1664 3409 Odiau.
1691 3391 1714 3415 7.
1793 3382 1873 3408 Saeua
1901 3380 2017 3408 habendi
2054 3382 2152 3409 Lucan.
2176 3382 2206 3409 ad
2230 3381 2317 3408 Pison.
2336 3389 2397 3413 208.

206 3428 310 3455 erudita
328 3429 492 3455 Graecorum
506 3427 598 3462 copia,
622 3427 662 3453 sed
677 3425 868 3457 exflibrariolis
880 3424 990 3451 Latinis.
1334 3420 1474 3455 Sanguinis
1487 3420 1555 3446 Tac.
1575 3440 1581 3446 .
1604 3438 1610 3444 .
1631 3439 1636 3445 .
1680 3418 1768 3445 Tetra
1788 3418 1856 3444 Hor.
1870 3418 1954 3444 Serm.
1964 3426 2016 3451 1‚2‚
2026 3427 2061 3451 33.
2098 3418 2185 3445 Vetita
2205 3417 2396 3453 Ouid.Met.9,

245 3470 306 3490 L113
319 3470 484 3496 RARivs,
504 3472 534 3496 a,
552 3472 607 3490 um.
646 3462 703 3490 Adi.
741 3460 897 3497 [γραφικὸς]
933 3461 1009 3496 rol
1022 3460 1057 3484 ad
1070 3457 1268 3492 libraspertinet.
1334 3459 1392 3490 576.
1450 3456 1550 3484 Vitiosa
1574 3455 1641 3480 Hor.
1656 3454 1735 3489 Epist.
1757 3465 1780 3487 ι,
1801 3464 1827 3486 ι,
1846 3460 1883 3486 85.
1958 3453 2107 3481 Vlciscendi
2129 3453 2183 3479 Cic.
2205 3452 2288 3480 Tusc.
2308 3464 2338 3488 4,
2361 3474 2368 3481 .
2387 3474 2395 3482 .

209 3499 273 3527 Plin.
286 3508 323 3531 35.
337 3502 353 3525 6
379 3502 465 3526 Omne
479 3505 567 3526 autem
580 3504 755 3525 atramentum
771 3497 824 3524 sole
838 3496 988 3530 perficitur,
1007 3494 1146 3521 librarium
1156 3493 1269 3528 gummi,
1333 3493 1352 3518 i.
1372 3492 1420 3518 ira.
1475 3493 1573 3519 Gerere
1593 3499 1633 3516 res
1648 3490 1777 3524 libidine,
1802 3500 1856 3516 non
1878 3490 1983 3517 ratione
2015 3491 2071 3518 Cic.
2089 3488 2138 3522 pro
2157 3488 2251 3521 Quint.
2275 3498 2303 3522 ¹4
2329 3499 2350 3516 c.
2366 3499 2393 3523 4.

206 3534 350 3561 tectorium
364 3536 467 3570 glutino
480 3535 601 3562 admisto.
674 3535 793 3567 Scriptor
815 3532 939 3559 librarius
971 3532 1037 3557 Hor.
1059 3529 1091 3556 de
1110 3531 1173 3556 Arte
1195 3530 1267 3556 Po'et.
1333 3526 1354 3566 q
1370 3537 1381 3559 3
1408 3529 1538 3554 Verborum
1546 3527 1685 3561 formulae:
1703 3527 1832 3553 Amittci·e
1846 3526 1997 3561 libidinem,
2010 3527 2063 3552 vid.
2079 3530 2229 3551 ΑΜΙΤΤΟ.
2257 3526 2335 3560 Capit
2348 3526 2395 3553 ali.

207 3578 264 3611 3543
319 3571 374 3597 Cic.
394 3571 507 3606 Philipp.
522 3579 554 3605 2,
574 3579 601 3598 21
622 3579 643 3597 c.
658 3578 675 3603 9
706 3569 763 3596 Nisi
781 3570 806 3596 se
834 3567 880 3596 sub
899 3567 975 3594 scalas
996 3566 1118 3593 tabernae
1139 3565 1267 3592 librariae
1281 3566 1314 3592 93
1333 3563 1572 3599 quenilibidoLiu.
1582 3572 1600 3595 1,
1611 3569 1723 3596 57.cxtr.
1741 3562 2041 3592 Commeantlibidines,
2060 3559 2394 3595 Constringilibidinibus,

203 3606 360 3634 coniecisset.
1332 3602 1482 3634 Contegere
1496 3598 1627 3626 libidines.
1679 3598 1781 3625 Dedere
1794 3600 1818 3625 sc
1832 3598 2005 3628 libidinibus,
2022 3594 2120 3630 ὦτί-Αἱ
2131 3595 2153 3623 ll.
2198 3597 2336 3632 Plerasque
2351 3607 2393 3624 res

246 3648 264 3668 L
277 3649 286 3668 1
301 3648 316 3669 Β
327 3649 345 3668 R
355 3649 374 3668 Α
385 3649 403 3668 R
414 3649 454 3668 iv
466 3650 508 3675 M,
530 3643 548 3668 i.
569 3652 595 3668 n.
632 3640 707 3677 cista,
722 3640 749 3666 in
757 3639 948 3675 quasa-uantur
961 3637 1033 3664 libri.
1078 3638 1133 3664 Cic.
1148 3637 1175 3663 in
1191 3637 1265 3664 Orat.
1331 3637 1440 3663 fortuna
1455 3636 1491 3662 Ex
1504 3634 1622 3662 lubidine
1637 3635 1679 3660 sua
1687 3634 1767 3669 agitat
1781 3635 1879 3661 Sallust.
1894 3635 1926 3660 de
1939 3630 1996 3659 ord.
2009 3639 2064 3665 rep.
2079 3638 2146 3658 orat.
2160 3639 2184 3664 2,
2196 3639 2237 3667 pr.
2310 3633 2392 3659 Exsti-

208 3686 258 3711 pro
272 3678 366 3704 Milon.
381 3686 409 3710 33
428 3687 483 3705 c.iz
511 3677 612 3704 Exhibe
627 3678 739 3711 quaeso,
759 3676 816 3702 Sex.
830 3675 927 3708 Clodi,
945 3673 1190 3702 exhibelibmrium
1200 3672 1266 3699 illud
1330 3673 1413 3699 mulat
1426 3673 1515 3698 innata
1528 3669 1614 3697 libido
1628 3669 1697 3696 hunc
1722 3671 1802 3697 Ouid.
1818 3672 1881 3697 Met.
1897 3672 1923 3701 6,
1935 3672 1991 3699 458-
2066 3667 2160 3694 Facere
2172 3667 2278 3694 delicias
2292 3676 2316 3694 et
2330 3668 2390 3695 libi-

206 3713 292 3748 legum
307 3713 542 3748 vestraruni,qiiod
550 3720 574 3739 te
582 3711 905 3747 aiuntcripuisl'eedomo.
925 3710 983 3737 Atii
991 3711 1074 3745 legunt
1085 3709 1267 3735 Libellarium.
1331 3708 1406 3735 dines
1420 3708 1448 3734 in
1462 3716 1518 3734 vno
1539 3707 1625 3734 Catul.
1640 3716 1683 3738 43,
1703 3715 1742 3738 2⁴·
1818 3705 1912 3734 Inualit
1930 3702 2016 3729 libido
2035 3703 2185 3739 plerosque.
2259 3703 2390 3730 Obsistere

246 3757 280 3775 Li
292 3756 309 3776 Β
320 3755 466 3781 RARIA,
485 3758 524 3776 ae.
551 3750 570 3775 f.
609 3748 776 3783 [βιξλωοιῖκη]
814 3748 896 3779 Locus,
919 3749 945 3772 in
958 3755 1003 3781 quo
1023 3751 1176 3779 reponuntur
1195 3745 1264 3771 libri.
1275 3744 1449 3771 ioolibidini.
1522 3743 1629 3769 Occlusa
1644 3742 1729 3769 libido
1744 3739 1926 3771 contumeliis,
1953 3739 2008 3765 vid.
2019 3740 2057 3774 ff:
2069 3749 2114 3765 vv.
2186 3738 2264 3772 Qiafi
2283 3740 2331 3766 Per
2350 3740 2390 3766 lu-

210 3785 302 3811 Graece
316 3782 475 3811 Bibliotheca.
533 3785 600 3811 Gell.
617 3793 646 3818 5,
659 3794 677 3818 4
708 3783 784 3819 Apud
805 3782 936 3817 Sigillaria
957 3782 1028 3809 forte
1046 3782 1073 3808 in
1092 3779 1202 3806 libraria
1214 3789 1265 3814 ego
1330 3780 1449 3807 bidincm
1464 3778 1521 3806 dari
1540 3779 1598 3805 Sall.
1618 3778 1649 3804 de
1667 3779 1725 3805 oid.
1747 3789 1801 3814 rep.
1820 3781 1885 3804 orat.
1901 3784 1917 3800 1.
1937 3781 1978 3810 pr.
2054 3776 2153 3810 Regnat
2173 3774 2286 3801 ebrietas
2305 3776 2388 3810 genii-

208 3825 232 3845 et
247 3821 328 3847 lulius
340 3820 443 3847 Paullus
458 3821 547 3852 Poeta,
568 3820 749 3847 virinemoria
764 3819 852 3846 nostra
867 3818 1042 3852 ἀοᾶἰίΓιιιιυς,
1057 3815 1265 3844 consederamus.
1327 3822 1387 3843 nata
1406 3814 1519 3843 libidine
1552 3813 1633 3841 Ouid.
1660 3815 1724 3842 Met.
1752 3823 1792 3848 η,
1819 3813 1877 3838 226-
1956 3811 2090 3846 Rumpere
2107 3809 2208 3837 affiduis
2228 3810 2387 3837 libidinibus

245 3862 277 3881 Ll
291 3862 306 3882 Β
318 3863 337 3882 R
347 3863 368 3882 A
379 3862 447 3882 Riv
457 3863 486 3889 S,
504 3866 520 3882 a
534 3856 628 3890 Libra,
658 3857 712 3883 vid.
727 3862 742 3881 L
754 3863 762 3881 1
776 3861 792 3882 Β
805 3862 822 3881 R
832 3861 865 3881 Α.
1327 3852 1446 3879 membra
1465 3852 1582 3886 Propert.
1596 3858 1621 3882 2,
1637 3852 1672 3882 16.
1687 3860 1725 3883 ¹4-
1923 3843 1943 3884 ff
1962 3856 1980 3880 4
2017 3846 2134 3878 Libido,
2158 3847 2275 3873 Voluntas
2282 3847 2386 3872 hominis

246 3890 486 3925 LIBRICGLA,
505 3899 542 3917 ae.
570 3900 604 3919 111.
642 3891 738 3919 Sarisb.
754 3891 782 3918 in
802 3891 893 3918 Carm.
912 3889 1102 3924 Numinipetae
1116 3896 1175 3914 cum
1190 3886 1264 3913 libri·
1328 3889 1420 3915 incerti
1438 3898 1467 3913 a.-
1486 3887 1555 3913 leuis.
1612 3886 1641 3913 ld
1664 3887 1749 3913 libido
1767 3883 1802 3911 est
1819 3882 1895 3909 semel
1916 3884 1998 3910 Plaut.
2017 3882 2092 3918 Epid.
2113 3890 2146 3914 2,
2159 3890 2187 3913 2,
2208 3884 2247 3913 56·
2322 3882 2387 3908 For.

206 3925 269 3951 colis
283 3934 415 3961 nequeunt
436 3927 510 3955 linml
524 3927 579 3954 else.
1270 3924 1314 3950 ¹03
1328 3925 1387 3951 tall'e
1401 3922 1544 3959 aliquando
1557 3922 1679 3957 iniquior
1691 3926 1793 3958 praeter
1813 3919 1868 3946 cius
1885 3918 2027 3946 libidinem
2045 3918 2115 3945 Ter.
2138 3918 2232 3945 Heaut.
2252 3928 2276 3951 1,
2292 3925 2323 3950 2,
2341 3925 2385 3952 27.

2329 3954 2385 3979 vid.
