2517 4231
246 226 312 270 233
667 207 716 248 M
778 205 793 245 i
853 203 891 244 L

281 312 307 333 M
317 312 328 331 1
337 311 353 330 L
362 311 370 330 1
380 308 401 329 Α
410 308 449 329 Ri
458 306 518 334 Vs,
538 308 570 332 a,
589 307 644 325 um.
681 296 740 323 Adi.
778 291 951 328 [κεγχριαῖσς]
987 287 1064 328 Qud
1074 285 1110 311 ad
1119 283 1215 326 milium
1226 281 1307 324 perti.

246 349 288 368 net
326 340 369 365 vel
387 338 501 372 reftrtur
527 335 644 363 Miliaria
669 332 740 362 auis,
780 330 853 364 Qae
878 327 946 365 milita
975 325 1085 359 vescitur
1111 320 1306 361 egptnguescit.

248 362 335 403 Veii-0
347 374 379 401 de
394 375 425 400 R.
440 374 471 400 R.
484 381 513 407 3,
527 381 555 405 5,
572 379 596 397 2.
668 365 785 394 Miliaria
798 362 880 390 herba
892 361 1007 392 dicitur,
1026 359 1102 391 Qiae
1115 357 1222 383 nulium
1234 360 1308 382 necat

247 413 313 475 Phili·
319 419 377 473 ¹251,
384 418 517 473 ΔΑιζινΜ
557 443 576 468 i.
603 449 630 466 n.
677 439 724 462 Vas
744 434 791 470 ff
810 434 893 460 altum
911 437 938 458 et
955 428 1093 465 angustum
1111 429 1212 455 totidem
1228 425 1311 453 verbis
1336 434 1349 456 5

248 486 317 511 docet
337 483 388 510 Pall
410 481 493 516 April.
507 464 565 513 8’7.
620 475 687 500 Idem
700 471 837 497 luculenter
849 467 953 504 ostendit
966 467 1073 493 Colum.
1084 474 1111 499 9,
1124 474 1160 497 ια,
1175 473 1199 497 9.
1238 465 1311 500 Qin

249 520 307 546 anti
325 504 444 551 uiffin'mm
463 500 531 542 hanc,
548 512 593 546 effi
612 509 745 536 nationem,
765 512 794 531 vt
812 505 953 539 cylindrum
971 512 1058 529 cauum
1070 500 1213 537 fignificat,
1245 502 1313 524 docet

250 528 430 591 vsusqcatonis
445 561 478 578 20
515 560 532 576 ι.
553 554 576 573 et
590 553 638 577 22,
657 552 675 569 1.
734 540 810 567 Talia
822 539 884 576 vasa
896 540 1009 566 adhibita
1023 537 1086 574 sunt
1104 538 1140 563 ad
1148 545 1238 570 aquam
1252 535 1314 560 cale-

245 592 392 626 fiici'endam
413 590 439 614 in
458 572 546 612 cu'linis
564 589 587 607 et
603 578 715 610 balneis,
737 576 784 612 sed
798 575 876 611 magis
890 575 996 610 subinde
1014 576 1143 600 elaborata
1154 578 1178 597 et
1193 571 1316 606 perftfla.

251 628 301 654 sen
324 627 376 658 Q».
391 625 451 650 Ναί.
465 630 488 653 3,
502 628 536 652 24
561 617 656 643 Facere
669 613 783 640 solemus
796 611 922 639 dracones
934 618 959 637 et
971 610 1086 637 miliaria
1096 629 1104 641 ,
1115 614 1153 648 *et
1166 606 1316 648 complures
1335 612 1363 631 10

253 647 354 690 forinas
394 661 421 685 in
441 655 537 692 quibus
556 661 616 679 aere
628 650 703 677 tenui
718 648 813 675 fistulas
827 648 969 680 struimus,
994 654 1040 681 per
1054 644 1158 685 decline
1171 641 1317 670 circumda-

249 693 290 726 'tas
325 681 425 731 (sliu-‘ae
444 694 510 716 modo
529 687 647 714 interiori
662 685 756 721 parieti
774 684 886 719 cylindri
913 684 994 718 ignem
1019 682 1162 716 captentls)
1195 685 1224 705 vt
1245 680 1318 717 saep-e

254 733 366 761 eundem
382 730 467 761 ignem
481 724 601 752 ambiens
618 728 684 758 aqua
702 730 749 756 per
769 725 870 747 tantum
889 718 952 746 fluat
972 718 1065 752 spatii,
1095 721 1223 751 quantum
1238 712 1318 741 effici-

253 769 322 797 endo
336 758 418 792 caloii
431 764 466 789 sat
479 761 524 788 est.
583 756 690 794 Frigida
703 759 792 792 itaque
806 755 904 788 intrat,
930 754 1013 781 effluit
1027 752 1119 780 calida.
1175 750 1271 791 Pallad.
1291 758 1318 781 1,

253 815 289 838 40
313 812 323 834 3
350 799 500 827 Miliarium
513 796 683 832 plumbeum,
703 794 746 819 cui
768 801 843 819 aerea
863 790 951 826 patina
972 789 1072 829 subest,
1099 789 1169 815 inter
1187 786 1319 825 soliorum
1339 789 1363 814 15

253 825 374 873 (bs'ilnei)
393 835 480 870 Spatia
493 832 638 860 forinsecus
651 830 808 861 statuamus,
828 827 937 854 fornace
957 825 1089 855 subiefia3
1127 823 1159 851 ad
1179 822 1251 858 quod
1264 830 1319 862 ¹nii-

252 874 360 902 liarium
381 870 465 897 fistula
483 868 624 904 frigidaria
644 866 791 900 dirigatur,
825 870 851 890 et
868 863 901 888 ab
922 863 973 888 hoc
998 860 1146 900 (miliario)
1171 859 1203 886 ad
1222 857 1320 884 solium

252 909 385 944 (labrum,
408 908 434 933 in
449 909 495 941 quc>
502 905 591 940 sedent
603 904 741 935 laniantes)
765 899 856 926 similis
877 895 1165 935 magiiitudiius'fistula
1178 893 1320 934 procedat,

252 953 319 981 quae
332 949 433 970 tantum
448 942 545 968 calidae
561 939 636 966 ducat
649 937 777 974 interius,
801 939 930 970 quantum
944 932 1028 958 fistula
1040 931 1082 957 illi
1095 929 1190 965 frigidi
1205 929 1320 963 liquoris

251 980 383 1008 intulerit.
445 979 501 1004 Vid.
516 977 637 1010 Schocttg.
657 981 679 999 et
699 972 774 1007 Grsn.
790 973 825 997 «d
836 970 898 1009 hd..
1025 1004 1030 1008 ·
1145 1002 1150 1006 ι
1168 1002 1172 1006 .
1209 1001 1213 1006 ι
1261 1001 1265 1005 ¹
1283 1001 1287 1004 .

253 1017 316 1044 Nat.
332 1025 350 1049 4
375 1025 392 1049 9
417 1011 652 1048 Qieniadiiiodum
666 1009 770 1035 minora
784 1007 916 1033 balnearia
928 1023 935 1038 ,
956 1011 981 1030 et
994 1011 1100 1030 minora
1111 1002 1231 1042 miliaria
1245 1006 1323 1027 citius

254 1038 376 1079 calefiiu'it
388 1059 432 1076 etc.
487 1051 517 1075 ln
538 1047 675 1074 balneario
696 1044 872 1071 instrumento
890 1042 963 1067 etiam
972 1039 1045 1075 pom't
1059 1039 1207 1065 miliarium
1220 1037 1324 1064 Paullus

253 1089 322 1116 Sent.
335 1097 347 1121 3
356 1108 364 1121 ‚
377 1091 408 1119 6,
422 1089 461 1119 65.
518 1085 577 1111 Vet.
591 1082 670 1109 Gloii'.
686 1079 797 1113 θερμηρὲν
815 1080 935 1112 zelandam
995 1077 1044 1102 Sed
1056 1074 1158 1101 culinae
1171 1083 1264 1108 quoque
1272 1072 1326 1109 ser-

254 1126 312 1150 vit.-
349 1123 476 1157 leianus
492 1121 520 1147 iu
535 1121 551 1146 l.
571 1120 632 1152 Qui
860 1114 886 1140 Si
900 1112 952 1139 ciii.
974 1113 1005 1140 D.
1025 1110 1057 1138 de
1069 1120 1126 1137 aur.
1139 1116 1165 1138 et
1177 1118 1232 1144 arg.
1246 1110 1323 1143 legat.

254 1161 334 1188 Certe
348 1158 366 1185 fi
379 1157 488 1184 cacabos
499 1161 638 1191 argenteos

254 1196 388 1231 taginem,
407 1193 449 1219 vel
462 1191 535 1219 aliud
549 1200 594 1218 vas
607 1190 638 1216 ad
660 1187 828 1224 coquendum
842 1195 862 1226 ς.
917 1221 933 1225 ..
958 1220 962 1225 η
1117 1219 1122 1223 ᾖ

255 1231 356 1259 escario
368 1229 551 1261 contineatur,
572 1233 598 1253 et
612 1226 675 1253 haec
688 1224 770 1259 magis
784 1229 937 1258 coquinarii
956 1220 1125 1247 instrumenti
1138 1217 1206 1245 sunt.

257 1271 526 1295 MILLiARiVM.

636 1127 662 1143 m
676 1126 779 1143 aurum.
800 1116 823 1149 §.

889 1183 1007 1211 dubitari
1022 1183 1139 1218 poterit,
1161 1190 1194 1208 an
1213 1187 1324 1216 argento

1250 1217 1326 1252 Conf.

293 1309 429 1331 MiLLF.
467 1298 657 1336 Sub-[laminam.
685 1305 711 1321 n.
755 1294 864 1329 [ziam
882 1294 979 1327 ximat]
1024 1291 1123 1317 Plural.
1144 1290 1247 1320 Millia⁷
1271 1296 1326 1315 uni.

259 1340 375 1366 Genitiuo
389 1338 511 1372 iungitur.

257 1381 299 1403 tus
313 1375 348 1401 est
357 1396 365 1408 ,
386 1373 433 1409 qui
445 1373 475 1399 L.
489 1369 607 1397 Antonio
620 1368 693 1395 tuille
706 1364 817 1394 numiiin
831 1365 914 1407 ferret
924 1364 1092 1405 eapenstnn?

256 1421 361 1439 marum
386 1410 456 1436 Ter.
469 1407 565 1434 Heaut.
580 1415 608 1438 3,
621 1414 649 1437 3,
662 1413 706 1437 40.
756 1420 766 1425 -
790 1409 901 1427 numum
920 1401 980 1426 ibid.
1001 1409 1026 1426 v.
1041 1408 1082 1432 45.
1297 1434 1301 1438 .

258 1457 324 1474 num
351 1447 408 1473 Cic.
423 1454 473 1480 pro
487 1444 547 1470 Mil.
561 1449 633 1468 (κιο.
674 1440 730 1466 Vid.
749 1437 849 1478 &¹¹:¹⁵
865 1439 898 1463 i6.
953 1436 1074 1476 Macrob.
1088 1435 1139 1461 Sat.
1154 1443 1173 1465 1,
1187 1442 1225 1474 ς..
1270 1435 1327 1459 an.

260 1485 367 1509 Gronau.
384 1485 412 1507 ile
426 1478 481 1507 Per.
499 1481 550 1505 Ver.
565 1487 587 1512 1,
600 1487 621 1504 ι.
678 1475 755 1502 Mille
771 1474 885 1509 palium,
902 1478 1003 1505 antiqua
1017 1480 1097 1502 min-e,
1118 1477 1164 1504 pro
1182 1468 1255 1494 Mille
1271 1468 1328 1502 pas-

252 1519 328 1556 suum
359 1517 444 1544 Lucil.
465 1517 533 1550 apud
553 1514 621 1540 Geli.
643 1521 666 1546 1,
788 1547 792 1550 η
900 1544 908 1549 ἡ
1139 1542 1144 1552 )
1265 1548 1271 1553 ⁴

258 1554 372 1581 duobus.
432 1552 512 1578 Plaut.
524 1551 597 1576 Men.
612 1557 631 1581 1,
646 1556 672 1580 z,
686 1550 720 1580 64
754 1545 831 1573 Mille
851 1545 949 1579 palium
968 1548 1135 1569 commoratu
1162 1540 1329 1567 canthaiuni.

257 1593 279 1617 i.
298 1597 349 1615 tum
362 1589 422 1620 diu,
443 1594 473 1612 vt
485 1585 588 1612 interim
601 1585 696 1617 aliquis
713 1582 777 1608 mille
792 1580 876 1616 pqffics
884 1580 974 1613 facere
989 1578 1111 1614 potuiffct.
1171 1577 1254 1604 Plaut.
1269 1576 1328 1602 Mil.

257 1635 288 1661 4,
302 1634 328 1658 2,
343 1630 374 1660 87
400 1623 475 1656 Qiin
488 1621 562 1648 mille
575 1628 706 1659 annornm
721 1623 849 1653 perpetuo
863 1616 976 1656 viuunt,
996 1615 1029 1641 ab
1044 1614 1146 1640 saeculo
1159 1613 1191 1639 ad
1206 1613 1328 1639 saeclum.

261 1663 367 1689 Viama-
381 1658 576 1694 ellkAa'latiuus,
589 1663 619 1681 vt
633 1653 712 1681 milli.
750 1655 822 1680 Plur.
860 1652 918 1678 Liu.
934 1661 972 1684 10,
988 1659 997 1677 1
1019 1652 1092 1678 Intus
1107 1650 1184 1676 fumo
1196 1656 1221 1675 et
1229 1656 1330 1683 vapore

1147 1362 1224 1389 Mille
1238 1360 1330 1387 drach-

1153 1399 1230 1425 Mille
1243 1397 1330 1424 homi-

258 1697 291 1724 ad
304 1696 358 1723 duo
371 1691 455 1723 millia
467 1695 640 1720 Armatorum
652 1690 756 1717 ruentia
769 1687 908 1715 nouissime
922 1687 950 1714 in
964 1688 1030 1722 ipsas
1044 1687 1179 1719 flammas,
1197 1685 1261 1711 dum
1270 1691 1330 1711 cua·
1341 1692 1378 1718 40
1392 1685 1417 1709 se
1431 1683 1496 1709 feris
1511 1683 1679 1710 lact-randum
1694 1683 1826 1717 praebuit.

664 1726 788 1752 Ambulet
801 1725 875 1751 milia
888 1724 1005 1759 pass'uuin
1034 1721 1155 1749 Sci-ibon.
1170 1730 1202 1752 ις.
1257 1722 1331 1747 Intra

899 1759 971 1786 0810
992 1759 1075 1785 millia
1089 1766 1235 1785 munorum
1262 1757 1330 1819 icior.

1287 1801 1330 1818 cn-

259 1732 322 1759 dere
335 1732 462 1763 tendunt,
478 1730 606 1756 absumta.

260 1769 335 1795 mille
353 1775 486 1794 annorum
519 1765 597 1790 Varr.
617 1763 650 1789 R.
661 1763 693 1789 R.
714 1771 742 1795 3,
759 1771 784 1793 ι,
799 1770 825 1794 4.

259 1803 339 1838 Epist.
354 1811 379 1836 2,
393 1812 416 1835 2,
430 1812 452 1836 ς.
508 1800 596 1826 Poena
609 1798 697 1824 decem
713 1798 831 1823 millium
852 1793 964 1822 numum
991 1795 1068 1830 Apul.
1082 1795 1147 1821 Met.
1161 1797 1186 1822 6.

260 1846 318 1866 tum
333 1839 418 1865 millia
432 1835 562 1863 frumenti
582 1835 650 1861 Hor.
665 1834 746 1860 Serm.
760 1841 780 1865 i,
794 1839 814 1864 i,
828 1838 870 1864 45.
901 1831 1054 1865 subauditur
1068 1830 1191 1858 Modiam.
1248 1830 1330 1855 Cura.

262 1884 322 1903 rum
335 1874 422 1901 millia
450 1872 571 1906 propert.
585 1880 610 1903 1,
624 1877 653 1902 ς,
668 1878 707 1901 50.
822 1903 827 1907 .
960 1903 964 1906 η
991 1902 994 1906 Ι
1064 1902 1068 1906 .
1166 1902 1170 1906 ⁴

261 1919 345 1939 vnum
362 1909 483 1937 Ouidex
498 1908 572 1934 Pont.
587 1915 612 1938 2,
626 1913 649 1938 3,
665 1914 693 1931 ιι.
749 1903 842 1930 Multis
856 1911 915 1928 cuin
929 1901 1047 1928 millibus
1063 1901 1117 1928 ibat
1139 1903 1214 1936 Virg.
1228 1903 1293 1926 Aen.
1308 1909 1331 1931 5,

260 1955 302 1983 75.
360 1946 448 1972 Millia
467 1942 652 1970 remediorum
671 1949 703 1966 ex
716 1949 749 1966 eo
763 1937 873 1965 animali
893 1937 1107 1964 demonstrantur
1140 1937 1206 1964 Pliu.
1228 1942 1271 1967 28,
1295 1945 1330 1962 io.

260 1986 349 2017 Itaque
359 1988 403 2016 per
415 1979 585 2014 appqfitiunem
600 1978 690 2001 ninum
705 1977 806 2000 videtur
819 1974 881 2000 illud
894 1974 1005 2008 Argenti
1024 1973 1104 2008 probi
1116 1972 1257 1999 duodecim
1272 1971 1331 1997 mil.

262 2019 314 2049 lia,
342 2016 428 2043 Attica
448 2014 560 2044 talenta,
580 2011 643 2037 dato
675 2010 735 2036 Liu.
756 2012 799 2041 38,
814 2015 843 2040 38
863 2017 928 2034 extr.
1005 2010 1129 2040 Qiamor
1147 2008 1233 2035 millia
1255 2007 1332 2041 pedes

260 2054 368 2080 Colum.
385 2059 408 2084 ς,
422 2059 440 2083 ι,
456 2057 494 2075 10.
1216 2076 1220 2080 Ι

260 2086 371 2117 nuinsim
401 2092 476 2122 potes
495 2091 550 2111 vno
575 2088 702 2117 quaerere
723 2083 838 2104 centum.
916 2079 967 2102 Hoc
991 2076 1023 2111 est
1043 2079 1106 2109 quod
1129 2077 1219 2100 Graeci
1242 2080 1333 2098 vocant

260 2127 380 2159 χιλιάδας.
438 2123 479 2147 Sic
493 2120 574 2146 Plaut.
589 2116 673 2144 Tria.
687 2124 721 2149 4,
734 2123 760 2147 z,
776 2121 815 2148 117
841 2112 920 2139 Enim
934 2121 1000 2138 vero
1013 2120 1064 2146 ego
1078 2119 1147 2137 nunc
1161 2109 1334 2144 sycophantae

261 2161 325 2189 huic
347 2156 529 2193 sycophantari
551 2154 631 2182 volo:
670 2151 688 2178 fi
714 2151 784 2178 hunc
804 2149 906 2185 poffinn
925 2148 974 2174 illo
993 2147 1067 2174 inille
1083 2144 1196 2173 numum
1210 2145 1334 2178 Philippo

261 2195 475 2224 circumducere:
511 2192 529 2216 ι’.
557 2189 607 2215 illis
627 2188 690 2214 mille
705 2187 794 2213 numis.
876 2184 942 2212 Mile
954 2185 1052 2218 qus'dcm
1066 2182 1182 2218 scr-ibunt
1196 2191 1245 2206 vni]
1259 2181 1284 2213 l,
1304 2186 1334 2205 vt

262 2234 342 2260 Varr.
357 2231 388 2257 de
405 2231 435 2256 R.
443 2229 474 2254 R.
489 2235 516 2260 2,
530 2234 541 2258 3
554 2245 562 2258 ‚
574 2231 604 2251 to
633 2223 699 2250 Mile
713 2229 861 2255 caprarum.

348 2266 457 2293 Notauit
468 2266 495 2289 in
510 2261 594 2289 Indice
608 2260 765 2293 Sylbmgius.
821 2257 889 2281 Adcl.
904 2254 1026 2280 Brouckz«.
1041 2258 1074 2279 ml
1088 2256 1207 2288 Propert.
1221 2262 1246 2285 1,
1261 2262 1283 2285 ς,
1297 2260 1334 2277 ιο.

306 2312 321 2330 2
358 2300 435 2329 Mille
449 2300 523 2326 etlam
536 2296 684 2323 a1liec7iu1m1
698 2292 746 2329 est,
773 2299 797 2317 et
819 2298 879 2316 tunc
896 2297 993 2316 tantum
1008 2291 1108 2324 plurali
1124 2290 1230 2324 ponitur
1259 2288 1334 2320 Virg.

287 2340 319 2366 cl.
333 2348 345 2364 2
377 2346 403 2363 21
435 2335 512 2362 Mille
524 2340 598 2359 meae
613 2329 706 2357 Siculis
719 2334 809 2356 errant
823 2327 851 2353 in
865 2324 1002 2352 montibus
1015 2333 1104 2364 agnae.
1162 2323 1295 2362 Columel.
1308 2330 1336 2354 3,

264 2386 277 2409 3
312 2359 448 2407 Per’cipere
476 2369 553 2396 debet
574 2368 602 2394 iii
628 2374 711 2392 annos
731 2363 845 2399 singulos
864 2362 938 2388 mille
964 2361 1142 2395 septingentos
1161 2359 1336 2394 quadraginta

264 2411 425 2475 i-{giiniid'islle
438 2442 522 2469 cadis:
559 2439 628 2466 niliil
642 2437 692 2464 est:
731 2440 877 2463 tercentum
892 2432 1028 2464 millibus;
1063 2441 1121 2458 acre
1137 2433 1211 2458 Potet
1223 2436 1336 2457 acetum.

266 2483 343 2511 Mille
361 2482 420 2507 vsus
455 2479 521 2505 Plii-i.
541 2485 580 2510 12,
602 2486 618 2502 i.
810 2469 831 2509 fl
859 2479 869 2502 3
908 2470 1001 2501 Mille,
1030 2475 1075 2503 pro
1097 2470 1203 2493 Numero
1228 2467 1336 2506 infinit..

267 2520 344 2552 Virg.
360 2520 422 2543 Aen.
438 2524 466 2548 4,
479 2522 524 2549 7οι
552 2512 628 2538 Mille
640 2509 746 2536 trahens
757 2507 847 2534 varios
862 2504 975 2532 aduerso
989 2505 1043 2531 sole
1057 2504 1169 2530 colores.
1208 2505 1247 2529 De
1258 2503 1336 2528 [mle.

266 2555 343 2583 Mille
357 2561 429 2580 meae
444 2550 536 2578 Siculis
550 2553 640 2575 errant
654 2546 682 2572 in
694 2543 831 2571 montibus
845 2551 927 2577 agnae
947 2540 1084 2575 Virg.Ecl.
1100 2548 1131 2572 2,
1145 2548 1179 2565 21.
1275 2534 1296 2574 q
1318 2546 1335 2570 4

265 2591 353 2619 Millia
363 2610 371 2622 ‚
390 2596 433 2623 pro
447 2585 518 2613 Mille
529 2585 659 2621 passuum,
679 2581 794 2616 absalme.
1284 2610 1287 2613 Ι
1313 2610 1316 2613 Ι

267 2628 309 2655 sus
323 2626 359 2652 est
375 2625 473 2656 dicere,
488 2627 555 2657 quot
570 2618 655 2646 millia
670 2616 768 2643 fundus
785 2616 845 2641 suus
857 2614 951 2641 abesset
963 2612 996 2640 ab
1012 2611 1094 2652 vrbe,
1114 2620 1174 2638 nam
1190 2609 1342 2651 cuurdixis-

267 2665 305 2691 set
319 2661 407 2688 minus
421 2659 504 2686 abesse
520 2664 535 2683 L
546 2664 555 2682 1
566 2663 575 2681 1
585 2663 594 2681 1
604 2675 612 2688 ,
631 2653 745 2689 populus
758 2660 817 2678 cuin
832 2651 887 2677 risu
898 2649 1052 2676 acclamauit
1065 2649 1118 2683 ipsa
1132 2648 1189 2674 effe.
1239 2648 1270 2672 Jzt
1285 2646 1338 2671 Att-

269 2709 290 2732 3,
303 2709 313 2731 3
349 2696 463 2731 Rogatio
485 2691 608 2721 conscela
626 2690 672 2725 cli,
685 2695 713 2716 vt
727 2688 796 2715 mihi
817 2687 886 2713 vltra
899 2685 1073 2721 quadraginta
1094 2684 1179 2711 millia
1192 2683 1269 2709 liceat
1283 2682 1340 2708 eise.

269 2733 344 2767 Conf.
356 2733 451 2758 omnino
466 2730 567 2757 Gellius
581 2738 601 2761 1,
615 2729 651 2753 16.
791 2759 796 2764 ¹
954 2754 960 2766 x

309 2765 581 2797 MiLLFsssins,
606 2772 637 2796 a,
656 2770 711 2788 um.
748 2759 807 2787 Adi.
847 2758 991 2798 [χαψε-ος]
1105 2791 1108 2795 .
1315 2790 1320 2793 q

271 2807 431 2839 Qanquam
445 2802 473 2829 id
487 2800 627 2828 millesimo
641 2804 700 2825 ante
713 2805 784 2823 anno
798 2794 929 2830 Apollinis
943 2793 1053 2820 oraculo
1067 2791 1186 2832 edic-‘tum
1200 2791 1269 2816 effet.
1298 2794 1340 2829 *lit

271 2843 324 2869 Act.
343 2850 372 2871 2,
392 2849 418 2872 4.
483 2836 600 2865 quenal.
619 2842 652 2870 7,
673 2843 719 2860 ioo
749 2832 873 2866 Namque
892 2829 978 2857 oblita
996 2827 1071 2855 modi
1091 2827 1227 2854 milleiima
1246 2832 1341 2861 pagina

273 2877 356 2912 surgit
375 2874 509 2903 omnibus.

310 2915 582 2942 MILLIARIVS,
602 2916 632 2941 a,
652 2915 706 2934 um.

273 2949 339 2985 Apri
357 2946 495 2978 milliarii,
522 2945 669 2971 dicebantur
686 2941 757 2968 Mille
776 2941 900 2967 librarum
1161 2972 1164 2976 ἱ
1227 2969 1231 2973 “
1259 2969 1263 2973 .
1301 2968 1304 2972 .

274 2987 438 3012 Romanorum
465 2983 543 3008 Varr.
557 2980 589 3006 de
609 2980 640 3005 R.
654 2979 686 3005 R.
699 2987 725 3010 3,
745 2985 769 3004 2.
824 2976 883 3003 Sen.
903 2974 982 3009 Epist.
998 2981 1042 3006 19,
1057 2980 1086 3012 ρ..
1143 2972 1174 2996 Et
1193 2969 1339 3010 Milliariae

273 3022 363 3053 oleae,
383 3028 397 3046 a
410 3018 527 3054 pondere
540 3016 613 3048 olei,
634 3016 700 3049 apud
712 3014 778 3040 Pliu.
794 3019 832 3047 17,
845 3021 878 3038 ιε.
952 3008 1095 3037 Milliariae
1109 3006 1231 3033 decuriae
1263 3005 1340 3030 Varr.

274 3057 307 3084 de
322 3057 350 3083 L.
365 3057 396 3083 L.
409 3060 432 3088 8,
446 3062 490 3088 49.
548 3051 692 3078 Milliarius
705 3057 768 3084 grex
778 3069 786 3081 ‚
805 3051 829 3074 h.
841 3058 860 3074 e.
880 3045 953 3073 Mille
961 3047 1079 3085 capitum,
1115 3079 1120 3084 .
1134 3044 1217 3082 Varr.
1230 3041 1262 3067 de
1270 3041 1300 3066 R.
1310 3042 1339 3068 R,

274 3100 290 3120 2
317 3102 354 3125 io,
369 3100 389 3119 it
424 3092 454 3117 Iu
467 3087 593 3124 gregibus
608 3086 718 3115 ouium,
738 3085 780 3111 sed
794 3083 912 3118 magnis,
932 3091 998 3117 quos
1013 3081 1154 3107 milliarios
1169 3078 1269 3104 faciunt
1284 3085 1342 3111 qui-

274 3115 334 3155 d’am
372 3127 476 3154 facilius
495 3125 527 3152 de
546 3123 646 3151 sumina
661 3121 802 3147 hominum
817 3118 954 3145 detrahere
970 3118 1073 3153 possunt

273 3151 365 3198 ribus',
384 3170 411 3190 vt
426 3163 484 3189 sunt
496 3160 586 3189 Attici.
643 3157 763 3185 Porticus
776 3155 916 3182 inilliariae
944 3154 1014 3180 Suet.
1029 3154 1056 3180 in
1069 3153 1173 3180 Neron.
1187 3159 1251 3183 c.31.

274 3203 323 3235 (vt
337 3201 442 3236 opinor)
467 3198 538 3223 Mille
555 3194 678 3232 puffimm.
830 3226 842 3231 —
927 3224 932 3230 .
1190 3224 1194 3229 Ι

313 3243 337 3263 Μ
350 3235 590 3265 iLLiiiRivM,
609 3231 627 3258 i.
646 3237 670 3256 et
691 3234 762 3255 MiL
773 3232 911 3259 LiARE,
924 3234 956 3252 is.
977 3234 1002 3252 n.
1022 3225 1132 3259 [μίλιον]
1153 3221 1340 3258 lelepqffiaeum

271 3269 389 3307 spatium.
446 3270 503 3296 Cic.
518 3270 571 3295 Att.
587 3270 618 3298 6,
633 3275 641 3293 i
657 3273 698 3301 pr.
731 3263 826 3298 Accepi
846 3268 902 3290 tuas
921 3261 1009 3288 literas
1029 3260 1060 3286 ad
1078 3262 1201 3294 quintum
1224 3259 1339 3297 milliare

277 3306 436 3339 Laodiceae,
458 3314 521 3340 quas
536 3303 587 3339 legi
601 3300 774 3329 libentiffitne.
831 3300 879 3325 Sed
888 3298 937 3324 alii
950 3297 1026 3322 aliter
1040 3298 1133 3331 legum.
1193 3295 1298 3334 Paullus
1308 3302 1339 3333 ιιιι
1356 3305 1384 3330 35

276 3342 294 3370 l.
309 3342 394 3368 Plane.
421 3343 451 3368 D.
467 3341 499 3367 de
510 3337 721 3368 excusationibus
733 3342 871 3368 tutorum,
892 3334 969 3361 Plane
982 3332 1049 3359 vltra
1063 3329 1231 3357 centesimum
1246 3330 1341 3356 millia-

276 3378 348 3406 rium
362 3377 394 3403 ab
407 3378 496 3410 Vrbe,
521 3377 640 3403 filiorum
659 3371 831 3405 Collegarum
845 3371 953 3397 suorum
967 3368 1076 3396 tutelam
1091 3367 1218 3406 suscipere
1232 3375 1284 3391 non
1298 3375 1340 3404 co·-

276 3420 383 3450 guntur.
440 3414 510 3440 Intra
526 3411 702 3439 Centesimum
718 3409 734 3435 l.
748 3416 757 3433 ι
771 3405 820 3443 §.4
847 3406 878 3433 D.
893 3406 925 3432 de
939 3405 993 3431 Off.
1008 3402 1092 3430 Praef.
1112 3402 1189 3429 Vrbi.
1244 3401 1339 3441 Albani

277 3450 310 3476 ab
324 3449 390 3475 vrbe
404 3449 489 3474 Roma
511 3448 676 3474 Duodecimn
696 3442 824 3471 milliario
844 3442 936 3468 absunt
957 3442 1067 3473 Eutrop.
1084 3448 1106 3471 i,
1127 3449 1147 3471 3.
1206 3439 1226 3463 Λ
1249 3439 1339 3464 Primo

278 3485 406 3512 milliario
427 3483 599 3511 Alexandriae
621 3483 637 3509 l.
652 3492 669 3516 4
700 3481 732 3507 D.
746 3479 778 3505 de
792 3477 891 3504 Hcrcd,
906 3476 964 3503 inst.
984 3476 1102 3516 §·.¹’¹¹‘.0·

278 3522 338 3548 Val.
353 3522 421 3547 Max.
434 3529 459 3551 1,
478 3526 505 3553 8,
527 3529 551 3551 4.
606 3520 678 3545 Intra
696 3515 826 3544 Tertium
840 3513 920 3540 castra
934 3511 1091 3551 Hannibalis
1120 3511 1187 3536 Vcll.
1202 3516 1295 3549 2,.27,
1311 3517 1338 3541 4.

278 3555 298 3594 q
320 3566 331 3583 2
370 3557 546 3588 Milliarium,
566 3556 683 3580 Columna
696 3553 831 3587 quaedam,
851 3558 912 3584 quae
929 3548 956 3573 i»
975 3555 1053 3581 captu*
1073 3546 1244 3579 Romum'furt
1261 3551 1337 3580 pape

277 3596 359 3619 aedem
374 3592 478 3617 Saturni
495 3593 594 3624 fuerat,
617 3590 643 3614 in
664 3598 735 3623 quam
756 3595 834 3613 omnes
847 3586 938 3613 ltaliae
953 3584 1010 3608 viae
1024 3584 1237 3622 1e7*7711'›iabiziiftri*;
1274 3580 1340 3619 φημί

277 3629 352 3654 etiam
367 3622 524 3654 Milliarium
537 3635 647 3652 aureum
668 3625 757 3649 ait-'lum
772 3622 812 3658 (ΙΙ.
882 3621 947 3647 ΡΙιιι.
962 3627 991 3651 3,
1012 3626 1024 3650 ς
1044 3617 1140 3658 'Roma
1162 3615 1293 3643 diuiditur
1313 3623 1341 3640 in

278 3664 400 3698 regiones
416 3672 447 3695 ιι.
477 3663 591 3696 compita
605 3670 695 3687 earum
713 3661 765 3690 263.
784 3659 843 3693 pals.
857 3655 973 3683 eiusdem
987 3655 1062 3689 spatii
1078 3654 1197 3679 mensura
1217 3658 1340 3677 currente
1356 3664 1385 3690 95

278 3707 292 3725 a
306 3699 434 3725 milliario
449 3699 475 3724 in
490 3705 574 3733 capite
596 3696 709 3723 Romani
730 3695 785 3720 sori
799 3694 895 3720 statuto
906 3691 938 3718 ad
950 3690 1059 3725 singulas
1075 3696 1162 3728 portas
1172 3710 1180 3721 ,
1204 3688 1341 3729 quaesunt

278 3733 359 3761 hodic
374 3743 486 3760 numero
501 3741 536 3768 37.
610 3733 700 3758 Tacit.
715 3729 781 3757 Hist.
797 3738 806 3756 1
818 3751 826 3762 ,
845 3737 875 3764 73
908 3727 982 3755 Otho
995 3726 1100 3752 innixus
1115 3724 1212 3750 liberio
1228 3731 1274 3757 per
1298 3723 1340 3748 Γι-

278 3770 413 3797 berianain
429 3769 538 3795 donnini
554 3770 580 3795 in
595 3768 756 3799 Velabrum,
776 3766 838 3792 inde
850 3765 882 3791 ad
897 3762 1052 3790 milliarium
1066 3770 1175 3787 aureum
1190 3759 1236 3799 sul)
1247 3759 1340 3799 aedem

557 3804 713 3838 Tranquill.
731 3812 820 3836 [simque
841 3801 869 3826 in
889 3800 997 3827 Othone
1009 3807 1031 3824 c.
1043 3800 1059 3823 6
1093 3798 1266 3822 Pracinonitis
1279 3803 1339 3819 con-

740 2903 801 2932 Adi.
834 2903 974 2938 [χιλιαῖσς]
1012 2898 1085 2927 Mille
1102 2899 1240 2926 librarum.-
1271 2897 1339 2921 vnde

1288 3151 1312 3176 h.
1320 3158 1340 3175 e.

279 3805 384 3833 Saturni
403 3805 499 3840 pergit.

279 3843 349 3871 sciis,
371 3847 398 3867 vt
412 3842 436 3868 se
449 3841 476 3867 in
491 3840 553 3866 soro
566 3840 611 3866 sub
625 3839 688 3865 aede
697 3837 840 3864 Saturniad
856 3836 1013 3862 milliarium
1021 3832 1336 3865 aureumopperirentur.
1347 3847 1394 3865 100

280 3879 410 3904 Plutarch.
430 3879 457 3902 in
478 3876 533 3901 'vita
547 3877 653 3904 Galbae,
678 3876 708 3899 ln
719 3874 805 3907 simum
821 3873 875 3898 ibat
889 3876 922 3896 ad
935 3881 986 3897 eam
996 3877 1108 3905 partem,
1130 3868 1156 3892 in
1178 3867 1339 3902 qua-linerat

280 3923 355 3939 aurca
370 3910 508 3942 columella,
528 3914 562 3936 ml
574 3920 645 3944 quam
659 3918 737 3934 onmes
750 3909 841 3933 ltaliae
850 3908 908 3933 viae
921 3913 1098 3932 terminantur.
1154 3905 1221 3929 Idem
1236 3901 1338 3937 appella-

278 3956 320 3974 tur
334 3948 490 3974 Milliariuiu
503 3945 583 3972 Vrbis
597 3946 613 3972 l.
623 3954 661 3977 154
681 3943 713 3970 D.
728 3943 760 3970 de
775 3945 805 3969 V.
821 3944 844 3969 S.
902 3943 973 3974 Conf.
988 3942 1065 3968 Grut.
1080 3940 1158 3968 Inscr.
1173 3947 1211 3980 134
1221 3958 1229 3970 ‚
1244 3948 1274 3977 4'.
1302 3974 1305 3977 ι

278 3990 385 4045 Μιέἶιῖἰι
396 3991 411 4009 L
422 3992 430 4010 1
441 3990 456 4010 Ε
467 3990 490 4009 ς.
527 3981 593 4008 Adu.
631 3979 770 4014 [χιιιάκις]
807 3979 876 4004 Τετ,
891 3978 970 4004 Andr.
984 3988 1007 4010 5,
1021 3988 1045 4009 4,
1060 3986 1096 4009 44
1124 3977 1161 4002 Ex
1174 3974 1226 4009 ipsa
1241 3973 1336 4000 millies

653 1152 781 1184 habebat,
805 1149 847 1177 vel
860 1149 1007 1175 miliarium
1021 1153 1192 1182 argenteum,
1217 1146 1259 1173 vel
1274 1145 1325 1171 sar·
1342 1151 1369 1177 25
1388 1155 1449 1172 cum
1462 1145 1572 1172 clauulis
1599 1146 1669 1179 (alii
1691 1146 1780 1181 legunt
1798 1144 1900 1179 clauis)
1934 1146 2070 1180 capitatis,
2098 1154 2165 1180 quae
2179 1145 2248 1171 intra
2269 1146 2350 1179 capita

546 2047 623 2073 Mille
631 2046 658 2070 in
671 2043 792 2070 Ablatiuv
809 2043 911 2068 Gellius
924 2052 943 2074 ι,
959 2045 987 2068 16
1007 2051 1039 2068 ex
1053 2044 1159 2068 Lucilio
1194 2042 1244 2067 Tu
1259 2042 1333 2065 mille
1346 2048 1378 2069 50

920 2222 950 2245 Et
963 2221 1035 2246 Intra
1049 2219 1115 2245 Mile
1129 2226 1262 2244 annorum
1278 2226 1299 2249 3,
1315 2224 1334 2247 i,
1350 2225 1377 2251 55
1396 2214 1505 2250 pestates
1519 2213 1648 2247 praedicit
1670 2213 1736 2239 Plin.
1749 2221 1787 2245 32,
1802 2222 1824 2240 2.

478 2406 547 2432 Hor.
562 2404 644 2430 Semi.
655 2410 687 2433 2,
702 2410 730 2433 3,
747 2403 783 2426 116
817 2399 844 2425 Si
858 2398 946 2433 posstis
961 2398 1033 2422 intus
1048 2396 1110 2423 Chii
1125 2395 1276 2430 veterisque
1291 2394 1336 2420 Fa·
1349 2396 1383 2420 60
1398 2393 1478 2419 tribus
1492 2391 1595 2426 Syllabis
1605 2392 1687 2417 Bentl.

866 2578 923 2604 Cic.
937 2586 986 2612 pro
1000 2576 1106 2602 Caeciii.
1123 2581 1150 2605 28
1183 2576 1207 2602 is
1220 2583 1275 2600 non
1294 2582 1337 2599 au-
1353 2579 1384 2607 σς

1037 2755 1093 2782 Cic.
1110 2755 1143 2781 de
1163 2754 1227 2781 Fato
1246 2762 1268 2786 ¹3
1289 2762 1310 2781 c.
1323 2759 1340 2786 7
1353 2765 1386 2789 70
1400 2751 1489 2790 rapaci
1503 2751 1611 2784 dicitur,
1630 2757 1677 2784 per
1690 2750 1890 2776 translationem.

908 2958 916 2972 ,
946 2937 990 2972 qui
1007 2936 1191 2972 apponebantur
1209 2935 1236 2958 in
1258 2934 1339 2958 coenis
1355 2944 1382 2968 75

1081 3137 1089 3150 ,
1114 3124 1193 3151 quain
1208 3113 1240 3140 de
1253 3113 1341 3139 mino·
1353 3125 1386 3149 30

1156 3473 1187 3499 ad
1206 3474 1337 3505 Quartum
1353 3486 1386 3510 90

441 4020 497 4047 Cic.
520 4026 568 4052 pro
587 4017 617 4044 C.
636 4015 746 4042 Rabirio
767 4014 881 4048 perduci.
901 4022 949 4039 reo
970 4022 991 4047 ις
1023 4013 1072 4039 Sed
1092 4017 1244 4038 moreretur
1263 4010 1335 4043 prius
1350 4027 1390 4049 ¹05
1399 4009 1476 4038 vrsas.

1775 194 2031 239 ΜιΜ.
2353 201 2432 245 284

1369 285 1529 312 acerbissima
1543 291 1630 313 morte
1648 285 1745 313 millies
1767 283 1917 318 Gracchus,
1944 294 2024 320 quain
2042 285 2071 312 in
2092 284 2149 312 eius
2169 283 2299 312 concione
2318 285 2438 312 carnifex

1371 320 1528 360 consisteret.
1585 322 1629 348 Bis
1654 323 1711 349 Val.
1724 322 1793 348 Max.
1809 331 1837 354 3.
1851 329 1884 356 7,
1899 330 1917 347 i.
1993 322 2142 357 Qiinquies
2156 321 2254 347 millies
2288 321 2388 353 Plin.2,
2399 328 2440 352 23.

1373 356 1473 395 Millics
1485 362 1640 384 reuocatum
1653 358 1688 384 cst
1714 359 1769 385 Cic.
1785 366 1835 392 pro
1848 357 1916 384 Sext.
1931 364 1970 390 123
1983 362 2047 388 258·
2104 359 2136 384 Et
2150 357 2204 384 Off.
2218 365 2238 392 i,
2252 365 2286 390 113
2304 355 2356 389 631
2377 356 2440 383 Mil.

1374 390 1422 417 lies
1435 398 1559 426 oppetere
1573 402 1687 421 mortem
1697 415 1705 425 ,
1732 401 1811 429 quani
1827 392 1872 420 illa
1886 394 1939 428 pati
1953 392 2090 420 maluisset.

1413 432 1438 452 M
1448 433 1483 466 ιι.
1492 434 1508 452 L
1519 434 1535 453 F.
1547 435 1564 454 F
1575 436 1594 455 o
1603 437 1619 457 L
1629 437 1639 456 1
1649 437 1687 463 Α,
1707 439 1746 456 ae.
1773 430 1792 456 f.
1830 428 2043 463 [ἐκκΊὸμφυΛλον]
2081 429 2177 456 Herbae
2185 438 2274 464 genus.
2312 428 2379 455 Plin.
2397 437 2443 461 25,

1377 470 1390 496 ς
1417 462 1508 502 aliqui
1521 469 1547 489 et
1560 464 1625 499 hanc
1639 475 1753 501 panacen
1766 465 1907 492 heracleon
1916 486 1924 499 ,
1949 464 1996 491 alii
2009 463 2153 497 fideritim,
2172 471 2197 492 et
2211 464 2278 500 apud
2295 473 2345 491 nos
2358 463 2444 491 milie-

1378 497 1472 538 foliain
1486 504 1597 537 vocant,
1617 501 1727 529 cubitali
1740 501 1832 537 scapo,
1852 501 1982 529 ramosam
1991 521 1999 534 ‚
2020 499 2213 527 minutioribus
2225 510 2305 537 quam
2313 499 2444 527 foeniculi

1380 533 1455 561 foliis
1472 533 1592 560 vestitam
1610 535 1643 561 ab
1656 537 1722 565 imo.
2434 552 2437 556 ⁴

1416 576 1460 610 Mi
1472 576 1488 596 L
1500 576 1516 610 L
1530 576 1546 596 E
1559 575 1602 610 3²⁰.
1613 575 1630 595 1.
1640 577 1680 597 iv
1689 579 1713 599 M
1722 593 1731 606 ,
1756 573 1775 602 i,
1799 583 1826 600 n.
1870 573 1883 607 [
1895 568 2054 606 μυςιέφυιλον
2068 572 2082 606 ]
2125 570 2343 606 Myriophyllon,
2370 567 2445 606 quod

1379 606 1464 633 nostri
1478 605 1651 632 millefolium
1666 615 1769 642 vocant,
1789 609 1870 636 caulis
1885 608 1920 635 est
1938 615 2012 634 tener
2022 628 2030 641 ,
2050 606 2140 634 iimilis
2153 607 2302 640 foeniculo,
2321 606 2445 642 plurimis

1382 643 1456 669 foliis
1466 663 1474 674 ,
1494 641 1562 667 vnde
1576 647 1601 667 et
1616 650 1714 667 nomen
1735 645 1841 680 accepit.
1897 646 1964 671 Haec
1977 651 2000 670 et
2012 644 2066 669 alia
2080 643 2144 669 Plin.
2159 652 2208 676 24,
2223 646 2251 671 16
2269 644 2288 670 s.
2299 651 2340 676 95.

1419 684 1443 704 Μ
1453 684 1463 704 1
1472 685 1488 704 L
1500 684 1541 704 LE
1551 683 1594 703 FO
1603 684 1622 704 R
1634 683 1659 703 M
1672 684 1681 703 1
1693 683 1706 704 S
1716 698 1726 710 ,
1751 687 1774 705 e.
1814 680 1875 708 Adi.
1922 680 2009 707 Vtitur
2028 678 2187 707 Prudentius
2205 679 2305 711 Hymn.
2316 687 2350 712 9,
2363 686 2400 712 ςς.
2422 683 2446 704 et

1383 713 1542 748 Augustinus
1564 713 1594 739 C.
1608 713 1640 740 D.
1660 723 1703 746 22,
1725 722 1761 740 22.

1419 758 1444 777 M
1454 757 1463 776 1
1475 757 1490 776 L
1501 756 1516 776 L
1527 756 1543 776 E
1551 757 1566 776 P
1575 747 1593 776 ἔ
1602 754 1621 776 D
1630 756 1652 775 Α
1661 770 1670 781 ,
1687 758 1727 775 ae.
1747 749 1766 776 f.
1803 748 1927 787 [ὄνίσκης]
1966 752 2006 779 Ab
2019 751 2078 778 aliis
2092 748 2238 786 Centipeda
2249 749 2450 785 autMultipeda

1382 786 1468 815 dicim
1505 786 1609 812 Animal
1624 786 1659 812 est
1672 794 1686 811 e
1699 785 1836 812 vermibus
1849 792 1934 814 terrae
1946 789 2077 823 pilosum,
2094 787 2185 813 inultis
2198 785 2308 821 pedibus
2320 786 2450 812 arcuatim

1382 831 1493 857 repenS,
1512 821 1638 857 tacitique
1659 821 1817 848 contrahens
1830 822 1873 855 se,
1898 822 2016 851 Oniscon
2034 823 2128 851 Graeci
2149 829 2261 856 vocant,
2285 821 2332 849 alii
2346 821 2450 855 Tylon.

1383 861 1451 885 Haec
1464 858 1529 884 Plin.
1546 866 1596 890 29,
1612 861 1627 884 6
1646 859 1662 884 s.
1677 866 1716 891 39.

1423 899 1703 926 MILLIARIVM,
1729 898 1926 927 Μιιιιιῖς,
1962 895 2017 921 vid.
2037 901 2170 922 MiLLr.

1421 934 1683 956 M1LLiMonvs
1699 936 2038 962 autMiLLEMODVS‚
2055 938 2079 963 a,
2099 940 2155 958 um.
2173 930 2233 957 Adi.
2256 927 2471 957 Hicvbimiiii..

943 970 983 994 De
996 968 1034 993 his
1055 970 1144 992 iterum
1159 966 1254 991 Seneca
1267 965 1320 997 Qi.
1335 967 1368 986 20
1384 963 1479 991 modas
1491 965 1612 991 animalis
1633 966 1751 1001 adegerit
1771 966 1823 992 iras
1836 967 1904 992 Ven.
1920 966 2057 993 Fortunat.
2072 966 2101 992 in
2112 967 2174 994 Vita
2190 967 2301 993 Martini
2313 976 2342 999 3,
2361 975 2415 998 303.

1423 1007 1497 1028 MIL
1508 1006 1525 1026 1.
1536 1007 1590 1033 io,
1610 1002 1679 1028 onis.
1705 1012 1741 1029 m.
1781 1001 1864 1028 Genus
1882 1002 2025 1037 accipitris.
2069 1002 2151 1028 Marc.
2164 1003 2264 1037 Empir.
2275 1012 2297 1029 c.
2311 1011 2345 1035 3³·
2448 1026 2451 1031 .

1425 1043 1496 1064 MlL
1509 1043 1527 1063 L
1538 1043 1559 1063 v
1570 1044 1611 1070 M,
1630 1037 1647 1063 i.
1669 1047 1695 1064 n.
1723 1038 1766 1064 vel
1785 1044 1948 1071 MiLLVS,
1967 1038 1986 1065 i.
2013 1047 2049 1064 m.
2086 1036 2180 1063 Collare
2191 1048 2284 1064 canum.
2328 1039 2408 1064 Varr.
2421 1035 2455 1064 de

1386 1074 1419 1100 R.
1434 1074 1464 1100 R.
1481 1082 1510 1106 2,
1526 1082 1559 1106 9,
1577 1081 1600 1104 15
1634 1073 1665 1099 Et
1678 1083 1711 1099 nc
1724 1072 1924 1100 vulnerentura
1943 1073 2050 1106 bestiis,
2073 1073 2250 1109 imponuntur
2268 1073 2309 1100 his
2329 1073 2458 1106 collaria,

1387 1118 1454 1144 quae
1466 1117 1596 1136 vocantur
1614 1109 1717 1135 millum
1726 1131 1735 1144 ‚
1761 1108 1790 1135 id
1810 1108 1847 1134 est-
1864 1109 2001 1144 cingulum
2014 1111 2114 1136 clrcum
2128 1109 2227 1135 colluin
2241 1117 2272 1135 ex
2285 1110 2361 1136 corio
2374 1109 2456 1136 firmo

2395 1147 2419 1172 h.
2433 1154 2455 1171 r.

1387 1183 1456 1208 inter
1473 1190 1536 1216 quae
1555 1183 1637 1216 capita
1655 1182 1781 1207 clauorum
1800 1188 1824 1207 et
1838 1179 1921 1207 collum
1935 1183 2044 1216 canum)
2078 1180 2193 1208 insuitur
2208 1180 2282 1215 pellis
2297 1146 2402 1214 monii,
2422 1188 2456 1206 ne

1389 1225 1483 1245 noceat
1495 1218 1566 1244 collo
1581 1217 1680 1244 duritia
1692 1217 1769 1244 ferri.
1807 1216 1906 1251 Aliqua
1918 1216 2071 1252 exemplaria
2085 1217 2173 1243 babent
2183 1216 2320 1243 Maelium.
2360 1216 2459 1248 Festus,

1388 1254 1480 1280 Millus
1490 1274 1498 1286 ,
1515 1253 1614 1280 collare
1629 1262 1723 1279 canum
1735 1253 1919 1279 venaticornm
1928 1273 1936 1286 ,
1955 1252 2058 1280 factum
2071 1260 2104 1279 ex
2116 1252 2192 1279 corio
2206 1252 2296 1278 inultis
2310 1252 2391 1278 clauis
2407 1252 2460 1283 fer,

1389 1290 1443 1315 reis
1464 1289 1643 1316 eminentibus
1664 1289 1788 1315 aduersus
1808 1289 1938 1323 impetum
1951 1288 2087 1324 luporum.
2145 1288 2234 1323 Scipio
2249 1288 2412 1314 Aemilianus
2426 1286 2460 1314 ad

569 1333 626 1359 Cic.
642 1332 737 1365 Philip.
750 1334 777 1363 6,
792 1339 816 1362 ις
842 1330 910 1361 Qiis
922 1336 1039 1363 vnquaiu
1055 1328 1082 1353 in
1096 1327 1143 1354 illo
1159 1328 1223 1353 Iano
1237 1327 1328 1351 inucn-
1345 1330 1375 1353 30
1390 1325 1536 1360 populum,
1558 1325 1647 1352 Nobis
1657 1345 1664 1358 ,
1685 1326 1790 1360 inquit,
1811 1325 1913 1359 Reique
1927 1325 2049 1360 publicae
2061 1322 2191 1359 praesidio
2204 1323 2295 1356 eritis,
2313 1322 2384 1358 quafi
2400 1323 2465 1364 113in

1391 1361 1432 1388 lus
1448 1362 1515 1387 cani.
1570 1361 1642 1394 Cmf.
1656 1361 1729 1399 Quae
1741 1362 1872 1396 disputant
1884 1361 1939 1386 viri
1953 1361 2019 1387 duffii
2033 1363 2069 1387 ad
2081 1360 2169 1387 Gratii
2182 1359 2283 1394 cyneg.
2296 1368 2352 1392 40²·

1430 1404 1454 1423 M
1466 1405 1474 1424 1
1486 1404 1502 1423 L
1514 1403 1533 1423 ο
1543 1415 1551 1429 ,
1570 1397 1613 1421 vel
1632 1402 1657 1422 M
1668 1404 1677 1422 i
1689 1403 1705 1421 L
1717 1403 1736 1422 o
1747 1402 1781 1422 N.
1819 1396 1933 1430 [Μίλων]
1970 1395 2153 1424 Crotoniensis
2167 1396 2278 1429 athleta,
2303 1396 2348 1430 qui
2358 1402 2462 1421 taurum

1393 1434 1421 1459 iu
1437 1434 1563 1468 Olympico
1577 1433 1711 1458 certamine
1729 1432 1779 1457 iliu
1797 1434 1878 1457 nudae
1892 1435 1999 1458 dextrae
2012 1432 2123 1467 cecidi-'ffb
2136 1432 2246 1465 dicitur,
2264 1438 2289 1458 et
2296 1432 2353 1464 fine
2359 1431 2464 1466 fatiga-

1392 1469 1458 1494 tione
1469 1476 1513 1504 per
1519 1468 1601 1504 stadii
1609 1467 1720 1502 spatium
1728 1467 1810 1503 supra
1826 1468 1936 1494 humeros
1947 1467 2073 1504 po›·t‹ffl‚
2099 1475 2223 1502 totumque
2235 1477 2261 1493 eo
2274 1467 2316 1493 die
2329 1468 2421 1493 comedi
2441 1466 2462 1494 ἑ.

686 1514 714 1538 16
758 1511 836 1536 Hunc
857 1508 930 1534 inille
951 1507 1047 1542 paffiun
1067 1505 1113 1541 qui
1134 1505 1229 1531 vicerit
1249 1510 1328 1538 atque
1348 1507 1374 1530 35
1394 1504 1459 1530 Plin.
1473 1512 1500 1538 7,
1514 1513 1546 1530 20
1579 1504 1766 1530 Crotoniatam
1780 1503 1912 1529 Milonem
1926 1502 2067 1537 athletam,
2095 1512 2178 1539 quum
2192 1502 2361 1536 constitisset,
2381 1511 2463 1529 nemo

1392 1539 1506 1573 vestigio
1519 1539 1661 1572 educebat,
1687 1540 1786 1566 malum
1806 1539 1907 1566 tenenti
1919 1549 1998 1566 neino
2012 1539 2125 1575 digitum
2140 1537 2300 1574 corrigebat.
2357 1539 2400 1571 Is,
2425 1539 2465 1564 in·

1392 1576 1447 1611 quit
1462 1575 1585 1602 Valerius
1600 1576 1670 1602 Max.
1685 1584 1717 1608 9,
1735 1584 1757 1601 12
1778 1582 1844 1601 extr.
1858 1583 1876 1608 9
1907 1576 2013 1602 tandem
2032 1576 2083 1602 suis
2102 1575 2207 1603 viribus
2228 1575 2344 1601 nimium
2362 1572 2464 1608 fidens,

1393 1621 1476 1646 quum
1497 1612 1525 1638 iu
1547 1611 1609 1638 silua
1630 1611 1731 1638 vidiffet
1751 1611 1886 1646 ingentem
1905 1610 2031 1638 arborem
2049 1611 2157 1638 caudice
2177 1611 2320 1645 discissam,
2346 1609 2464 1638 immiffis

1391 1647 1514 1674 manibus
1528 1648 1632 1682 penitus
1646 1646 1793 1674 discindere
1801 1647 1926 1682 cupiens,
1943 1647 2102 1682 reclusisque
2114 1646 2209 1673 timoris
2217 1646 2355 1673 deficiente
2368 1651 2465 1673 conatu

1901 1682 1983 1710 Ouid.
1995 1682 2071 1710 Ibide
2088 1685 2140 1716 609
2172 1683 2263 1717 thue
2277 1682 2366 1709 Milon
2378 1681 2466 1709 robur

1393 1719 1518 1745 diducere
1534 1719 1604 1745 fiinie
1620 1724 1719 1751 tentes,
1741 1718 1798 1745 Nec
1811 1718 1886 1753 possis
1902 1725 1987 1753 captas
2000 1719 2062 1745 inde
2074 1718 2177 1745 referre
2189 1726 2293 1745 manuS.
2406 1715 2428 1755 ff
2449 1726 2467 1746 2.

1393 1755 1433 1782 T.
1448 1756 1550 1782 Annius
1564 1754 1632 1781 Milo
1648 1755 1730 1779 Clo.1ii
1741 1754 1833 1786 interf.
1839 1755 1890 1778 Hor
1901 1754 2013 1779 eratione
2027 1755 2153 1779 Ciceronis
2166 1754 2291 1789 definsur.
2347 1753 2467 1781 quenal.

1393 1800 1422 1824 2,
1437 1793 1467 1818 26
1496 1791 1565 1817 inter
1576 1789 1763 1823 intolerabilia,
1779 1789 1810 1822 st
1823 1787 1935 1815 Clodius
1949 1787 2049 1814 accuset
2067 1788 2211 1820 moechos,
2236 1789 2372 1815 homicida
2385 1789 2466 1816 Milo-

1392 1837 1462 1854 nem.
1654 1835 1664 1858 3
1703 1825 1742 1861 Est
1755 1833 1778 1851 et
1796 1825 1883 1857 Milo,
1902 1823 1954 1850 siue
1968 1824 2066 1857 Milus,
2083 1833 2181 1850 noiiien
2196 1824 2295 1850 montis
2309 1824 2417 1856 Indiae,
2435 1825 2467 1851 in

770 1868 827 1894 Nec
845 1866 922 1892 facile
941 1866 1061 1893 inuenies
1077 1866 1171 1893 Multis
1183 1875 1198 1892 e
1211 1864 1331 1891 millibus
1346 1873 1375 1896 45
1393 1872 1447 1897 quo
1460 1863 1583 1890 homines
1596 1824 1709 1889 aduersis
1728 1861 1823 1897 plantis
1836 1862 1994 1894 nascuntur,
2021 1859 2135 1887 oistonos
2149 1859 2248 1895 digitos
2261 1860 2290 1886 in
2304 1859 2411 1895 lingulis
2423 1869 2467 1895 pe-

1393 1900 1470 1925 dibus
1484 1899 1610 1925 habentes
1638 1899 1703 1924 Plin.
1717 1905 1751 1932 7,
1770 1905 1792 1925 2.

1430 1942 1454 1961 M
1465 1942 1473 1960 1
1483 1942 1500 1961 L
1510 1940 1528 1960 Ο
1540 1941 1562 1960 Ν
1575 1942 1616 1961 1A
1627 1940 1648 1959 Ν
1660 1940 1680 1959 v
1690 1940 1702 1959 s
1716 1952 1725 1966 ‚
1752 1942 1776 1960 et
1795 1932 1945 1960 Miloniana
1958 1930 2098 1958 Ciceronis
2112 1930 2210 1959 oratio.

1430 1977 1455 1996 M
1465 1978 1474 1997 1
1485 1977 1500 1995 L
1510 1976 1530 1995 T
1540 1977 1548 1996 1
1558 1976 1579 1995 A
1590 1976 1608 1997 D
1621 1976 1638 1995 E
1649 1976 1671 1996 S.
1709 1971 1771 1995 Dux
1786 1970 1869 1994 clarus
1888 1968 2088 2001 Atheniensium,
2106 1969 2150 2002 qui
2161 1968 2260 2003 primus
2273 1963 2468 1994 ducumAttho-

1394 2016 1449 2032 rum
1460 2006 1607 2040 profligauit
1619 2005 1744 2040 inji‘nt'tam
1758 2005 1944 2030 multitudinem
1958 2005 2090 2039 Persarum
2104 2006 2131 2029 in
2144 2004 2234 2038 campis
2248 2002 2430 2030 Marathoniis.

1432 2048 1457 2066 M
1467 2049 1476 2066 i
1489 2047 1505 2065 L
1516 2047 1538 2065 T
1549 2048 1556 2064 i
1566 2047 1588 2065 Τ
1598 2048 1614 2066 E
1624 2048 1637 2065 s
1647 2060 1656 2072 ,
1676 2049 1715 2067 ae.
1735 2049 1772 2066 in.
1810 2040 1971 2065 Haematitae
1979 2040 2083 2075 specles.
2122 2039 2188 2066 Plin.
2201 2042 2246 2072 36,
2264 2047 2307 2065 20.

1432 2080 1457 2098 M
1467 2081 1477 2098 1
1490 2080 1504 2097 L
1514 2079 1563 2098 To
1573 2080 1595 2098 N
1607 2093 1615 2105 ,
1637 2075 1654 2099 i.
1675 2083 1701 2099 n.
1739 2074 1851 2100 Minium
1865 2076 1909 2099 vel
1920 2075 2083 2102 cinnabaris.
2120 2075 2228 2101 Vitruu.
2238 2083 2265 2108 9,
2273 2084 2293 2106 3-
2321 2074 2389 2101 Plin.
2397 2082 2433 2108 33,
2440 2081 2468 2109 7.

1433 2114 1459 2133 M
1470 2115 1479 2133 1
1489 2113 1582 2140 LVA,
1604 2116 1642 2133 ae.
1693 2109 1763 2133 Idem
1777 2109 1842 2142 quod
1852 2108 1958 2136 Miluus.
2009 2109 2114 2135 Tratm
2132 2111 2239 2137 Petron.
2259 2120 2281 2136 c.
2294 2117 2327 2144 75
2361 2105 2469 2137 Bonuin'

1396 2149 1472 2171 tuum
1487 2151 1654 2177 concoquas,
1679 2142 1773 2169 miliia.

1431 2187 1456 2206 M
1468 2187 1477 2205 ι
1486 2186 1502 2205 L
1511 2185 1531 2204 v
1542 2180 1591 2205 Ᾱο
1600 2185 1619 2205 ο
1628 2199 1637 2211 ,
1655 2176 1719 2205 inis.
1744 2178 1763 2204 f.
1802 2176 1880 2204 Piscis
1899 2186 1981 2213 genus
1990 2199 1999 2212 ,
2019 2178 2067 2214 qui
2079 2185 2151 2207 extra
2164 2188 2261 2216 aquam
2273 2180 2389 2208 volitans
2403 2185 2470 2208 tei-ii-
2494 2188 2499 2194 ‘

1867 2215 1922 2239 Vid.
1940 2221 2113 2249 Mivas,
2134 2223 2157 2242 et
2171 2218 2462 2247 etias11M1LAGO.‚

1405 2278 1408 2281 ⁴
1432 2255 1616 2276 MiLvivs.
1655 2249 1749 2273 Nomen
1768 2249 1896 2284 proprium
1912 2250 2022 2282 parasiti
2046 2254 2116 2285 apud
2140 2252 2210 2278 Hor.
2232 2252 2314 2279 Serm.
2327 2261 2356 2286 2,
2375 2259 2410 2286 7,
2428 2253 2468 2285 36.

1397 2285 1509 2314 Miluius
1521 2291 1547 2311 ct
1561 2284 1680 2316 scurrae,
1701 2291 1746 2310 etc.
1800 2283 1921 2310 Muluius
1936 2285 2017 2310 Bentl.

1434 2328 1458 2347 M
1470 2328 1478 2346 i
1489 2327 1505 2346 i.
1516 2327 1536 2346 v
1546 2327 1566 2346 v
1578 2327 1590 2346 s
1603 2341 1611 2352 ‚
1638 2321 1682 2346 vel
1707 2327 1729 2347 M
1739 2327 1748 2345 i
1760 2327 1774 2346 L
1784 2325 1804 2346 v
1815 2326 1825 2345 1
1835 2326 1856 2344 v
1868 2325 1897 2352 S,
1918 2319 1937 2347 i.
1971 2329 2007 2349 in.
2051 2320 2063 2355 [
2077 2321 2176 2357 ὶκΊῖνας]
2217 2321 2284 2348 Auis
2302 2319 2467 2358 rapaciffima.

1397 2356 1469 2384 Ter.
1480 2355 1588 2382 Phorm.
1602 2366 1625 2389 2,
1639 2365 1662 2388 2,
1678 2357 1705 2381 16
1726 2356 1790 2382 Non
1804 2360 1859 2382 rete
1867 2354 1987 2390 accipitri
1995 2356 2124 2390 tenditur,
2132 2366 2217 2392 neque
2230 2357 2337 2384 miluio.
2377 2357 2469 2383 Miluo

1748 2392 1874 2417 Nimirum
1889 2391 1990 2418 Miluus
1998 2392 2109 2427 semper,
2131 2393 2158 2417 in
2172 2400 2286 2418 veterum
2299 2392 2373 2419 libr1's
2381 2391 2406 2427 J.
2419 2391 2472 2428 difi

1393 2427 1514 2464 syllabam
1521 2428 1574 2460 fit,
1592 2427 1648 2460 flue
1666 2424 1835 2460 trisyllabum,
1860 2426 1973 2450 inuenit-1⁴
1985 2429 2075 2453 volunt
2096 2428 2186 2461 G‘fin·
2205 2429 2293 2454 Indice
2311 2430 2346 2454 ad
2364 2428 2471 2457 Luci-et.

1399 2464 1500 2497 Ciofan.
1514 2464 1544 2490 it.
1560 2463 1643 2500 Heius,
1657 2470 1680 2487 ct
1695 2464 1780 2488 Burm.
1793 2465 1827 2487 ad
1840 2460 1923 2488 Ouid.
1959 2471 2017 2496 eug.
2038 2463 2131 2489 Amor.
2145 2473 2169 2496 ε,
2183 2467 2212 2496 6,
2227 2473 2263 2496 34.

1400 2502 1474 2526 Grut.
1488 2501 1523 2525 ad
1534 2499 1618 2526 Plauti
1633 2497 1692 2524 Aul.
1702 2507 1723 2530 2,
1739 2507 1767 2531 4,
1780 2505 1826 2532 40.
1885 2498 1934 2522 Sed
1947 2505 2035 2523 contra
2046 2504 2145 2533 pugnat
2160 2500 2272 2528 Bam-ich,
2286 2500 2367 2534 Cogit.
2378 2506 2405 2533 p.
2419 2503 2471 2532 163.

1400 2535 1467 2562 Plin.
1482 2544 1521 2568 io,
1537 2545 1564 2562 10
1592 2534 1672 2561 Miiui
1685 2543 1716 2560 ex
1730 2534 1825 2561 eodem
1840 2533 1998 2567 accipitrum
2011 2542 2123 2568 genere,
2141 2534 2325 2569 magnitudine
2333 2534 2471 2564 differunt.

1400 2571 1556 2598 Notandum
1571 2571 1599 2597 in
1614 2570 1655 2597 his
1665 2590 1673 2604 ,
1694 2569 1879 2605 rapaciffimam
1893 2576 1918 2595 et
1933 2569 2084 2596 famelicam
2093 2569 2194 2605 semper
2201 2570 2302 2604 alitem,
2323 2569 2471 2599 nihilescu.

1400 2607 1467 2634 lenti
1481 2616 1573 2642 rapere
1586 2615 1702 2641 vnquam
1716 2615 1748 2643 eit
1761 2606 1887 2632 funerum
1900 2603 2009 2632 ferculis
2018 2625 2026 2638 ,
2047 2615 2093 2631 nec
2103 2606 2243 2641 Olympiae
2250 2615 2342 2634 exara.
2379 2607 2470 2635 Miluo

1399 2643 1435 2670 est
1442 2643 1576 2678 quoddam
1585 2642 1684 2669 bellum
1697 2642 1816 2668 naturale
1824 2650 1884 2668 cum
1892 2649 1976 2669 corno
1993 2642 2048 2669 Cic.
2057 2642 2093 2668 N.
2101 2641 2156 2668 1).2
2170 2651 2243 2676 c.49.
2301 2642 2470 2678 Rapidissima

1399 2680 1518 2706 volucris
1532 2680 1632 2706 miluus
1660 2677 1742 2704 Ouid.
1757 2678 1823 2705 Met.
1836 2684 1867 2710 2⁴,
1886 2679 1942 2712 716.
2018 2678 2099 2704 Diues
2113 2684 2169 2704 arat
2185 2677 2319 2712 Curibus,
2339 2684 2470 2714 quantum

1401 2724 1455 2742 non
1470 2716 1568 2741 miluus
1581 2714 1689 2741 oberret
1721 2715 1789 2740 Pers.
1801 2723 1836 2747 4,
1857 2716 1898 2740 26.
2070 2712 2090 2751 fl
2113 2721 2128 2739 z
2164 2714 2294 2748 Miluius,
2321 2717 2351 2740 de
2366 2716 2472 2741 Homine

1963 2749 2044 2776 Plaut.
2057 2749 2125 2776 Rud.
2139 2759 2169 2783 4,
2183 2758 2218 2783 4,
2232 2755 2264 2781 80
2297 2750 2361 2777 Vidi
2380 2757 2471 2786 petere

1400 2787 1526 2813 militium
1536 2807 1544 2819 ,
1563 2787 1643 2813 etiam
1657 2795 1739 2820 quum
1753 2784 1823 2812 nihil
1835 2786 1953 2812 auferret
1965 2793 2062 2812 tamen.
2118 2787 2188 2813 Adtl.
2207 2786 2246 2813 Id.
2260 2786 2339 2813 Poen.
2355 2794 2386 2820 ς,
2399 2795 2428 2820 ς,
2448 2794 2472 2819 3.

1400 2822 1469 2848 Hor.
1483 2822 1532 2848 Sat.
1548 2831 1573 2854 2,
1586 2828 1613 2856 7,
1627 2825 1666 2854 35.
1845 2819 1867 2860 Ἴ
1889 2831 1901 2854 3
1940 2821 2049 2854 Miluus,
2063 2821 2152 2856 Piscis.
2179 2843 2181 2847 .
2225 2821 2292 2848 Plin.
2306 2831 2333 2855 9,
2347 2830 2381 2857 27
2401 2824 2471 2850 Item

1401 2858 1499 2884 miluus
1512 2858 1581 2884 subit
1595 2859 1622 2883 in
1635 2859 1734 2884 sumn-ia
1749 2856 1832 2884 maria
1843 2879 1851 2891 ,
1879 2857 1955 2893 piscis
1975 2865 2007 2884 ex
2018 2863 2177 2892 argumento
2191 2858 2334 2892 appellatus
2346 2859 2472 2892 lucerna,

1400 2894 1544 2927 linguaque
1558 2895 1633 2928 ignea
1648 2902 1693 2928 per
1707 2903 1736 2920 os
1750 2900 1856 2927 exerta,
1883 2893 2035 2928 tranquillis
2054 2893 2179 2920 noc'iibus
2198 2894 2307 2920 relucet.
2362 2894 2470 2922 Attollit

1399 2939 1414 2956 e
1426 2930 1494 2956 mari
1508 2929 1696 2964 sesquipedalia
1710 2930 1767 2956 fere
1781 2938 1898 2964 cornua,
1926 2938 1994 2965 quae
2011 2929 2045 2957 ab
2064 2929 2105 2956 his
2118 2939 2218 2957 nomen
2232 2930 2320 2957 traxit.
2379 2931 2470 2966 Nigro

1399 2973 1507 3000 tergore
1522 2966 1600 2992 inilui
1628 2965 1709 2993 Ouid.
1723 2965 1783 2993 Hal.
1796 2974 1833 2999 33.
2454 2978 2457 2981 ·

1436 3009 1461 3029 M
1474 3010 1481 3029 i
1496 3009 1512 3028 L
1524 3009 1544 3028 v
1554 3004 1567 3028 ι·
1576 3010 1597 3028 Ν
1607 3009 1627 3028 ν
1637 3009 1650 3027 s
1659 3021 1667 3035 ‚
1688 3010 1701 3028 a
1711 3021 1718 3034 ‚
1738 3011 1792 3029 uin.
1831 3001 1890 3029 Adi.
1929 3001 2067 3037 [2n7mnae]
2102 3002 2179 3040 Qod
2190 3003 2226 3028 ad
2237 3001 2339 3028 miluum
2347 3001 2469 3036 pertinet.

1400 3038 1467 3065 Plin.
1482 3045 1527 3073 37,
1548 3047 1576 3065 10
1610 3037 1733 3065 Miluinis
1753 3038 1886 3073 nigricans
1905 3039 1990 3065 veluti
2009 3037 2115 3074 plumis:
2184 3038 2301 3070 Mulier,
2321 3037 2469 3066 miluinuin

1402 3075 1490 3101 Genus
1505 3076 1610 3102 Petroii.
1626 3084 1647 3101 c.
1656 3082 1699 3108 42.
1772 3074 1855 3101 Plaut.
1870 3075 1940 3102 Men.
1955 3082 1981 3108 1,
1996 3083 2026 3108 3,
2040 3083 2071 3108 29
2105 3074 2213 3102 Madida
2226 3082 2293 3109 quae
2306 3073 2375 3100 inihi
2389 3081 2471 3109 appo.

1401 3110 1443 3137 fita
1460 3111 1487 3137 in
1501 3111 1615 3138 mensam
1626 3131 1634 3144 ‚
1654 3108 1797 3137 miluinam
1811 3110 1965 3145 suggerant,
1985 3110 2062 3136 intell.
2071 3110 2176 3144 famem.
2249 3111 2300 3135 Per
2319 3110 2470 3136 translatio·

1400 3155 1462 3173 nem.
1536 3147 1592 3173 Cic.
1613 3148 1650 3181 Q
1667 3146 1736 3172 Frat.
1752 3154 1776 3179 i,
1790 3154 1806 3173 2
1840 3146 1913 3180 Qiid
1927 3155 1993 3173 vero
2007 3146 2038 3172 ad
2053 3146 2147 3173 Caium
2163 3144 2274 3172 Fabium
2287 3145 2375 3171 nescio
2389 3153 2471 3180 quem

1399 3183 1481 3217 (nam
1496 3191 1552 3209 cam
1567 3191 1675 3217 quoquc
1690 3181 1827 3217 epistolam
1841 3183 1880 3210 T.
1889 3182 2014 3208 Catienus
2029 3181 2231 3216 circumgestat)
2250 3181 2405 3207 renuntiare
2417 3181 2470 3208 tibi

1400 3219 1534 3246 Licinium
1560 3219 1718 3253 plagiarium
1746 3227 1806 3244 cum
1825 3220 1871 3245 suo
1892 3218 1967 3253 pullo
1987 3217 2103 3244 miluino
2125 3217 2226 3243 tributa
2246 3217 2372 3252 exigere?
2426 3217 2469 3243 Sic

1399 3255 1529 3283 Miliiinae
1543 3254 1663 3289 Vngulae
1688 3254 1770 3281 Plaut.
1784 3254 1873 3281 Pseud.
1888 3262 1910 3286 3,
1923 3261 1955 3286 2,
1969 3255 2009 3286 63.
2083 3253 2215 3280 Miluinus
2230 3262 2290 3288 pes,
2317 3253 2414 3279 Hei-bae
2426 3260 2469 3278 uo.

1400 3300 1453 3318 men
1479 3291 1610 3316 Columcl.
1628 3298 1665 3323 12,
1679 3298 1705 3325 7,
1722 3299 1739 3318 ι.
1813 3289 1853 3325 Est
1865 3297 1889 3315 et
2048 3286 2069 3327 ff
2092 3297 2107 3315 2
2144 3290 2258 3316 lviiluina
2278 3289 2367 3316 Genus
2387 3287 2468 3314 tibiae

1401 3326 1537 3355 acutiss'nni
1552 3326 1624 3359 soni,
1644 3327 1703 3361 uste
1717 3324 1800 3353 Solin.
1813 3333 1863 3351 c.ii
1889 3333 1950 3359 quae
1963 3325 2039 3350 milui
2045 3334 2125 3351 vocem
2139 3326 2294 3352 imitaretur.

1437 3368 1508 3390 MiL
1520 3369 1612 3387 vivs
1629 3383 1636 3395 ‚
1656 3363 1680 3397 s.
1701 3364 1767 3396 quud
1781 3361 1932 3395 praiforunt
1957 3361 2136 3395 accuratiores,
2165 3369 2220 3389 MV
2233 3367 2248 3387 L
2260 3367 2281 3387 v
2292 3368 2300 3386 1
2311 3365 2354 3385 vs
2380 3367 2467 3384 nomen

1398 3399 1508 3435 gentile,
1527 3406 1556 3424 vt
1570 3399 1637 3425 Pons
1652 3398 1762 3424 Miluius
1776 3397 1875 3422 Romae
1885 3417 1892 3427 ‚
1918 3397 1986 3422 cuius
2005 3398 2136 3423 meminere
2150 3398 2268 3425 Laetam.
2283 3406 2301 3429 ι,
2313 3402 2349 3420 21.
2404 3395 2465 3421 Am·

1402 3436 1481 3463 mian.
1494 3442 1538 3470 27,
1549 3441 1571 3466 3.
1629 3433 1769 3461 Claudian.
1782 3432 1861 3460 Cous.
1876 3432 1982 3460 Honor.
1998 3435 2031 3466 6,
2050 3442 2107 3467 543.

1813 3505 2059 3540 MIM

1438 3585 1481 3608 Mi
1493 3586 1519 3607 M
1529 3586 1550 3608 A
1564 3585 1580 3605 ι,
1592 3585 1628 3606 ιο
1638 3584 1661 3605 N
1670 3598 1678 3612 ,
1706 3578 1741 3605 al.
1762 3585 1786 3605 M
1797 3585 1806 3605 1
1817 3585 1832 3605 L
1843 3584 1864 3605 Α
1873 3585 1895 3605 N
1905 3584 1914 3604 t
1924 3586 1942 3606 0
1954 3584 1989 3604 N.
2025 3575 2194 3611 [Μαναιων]
2237 3574 2396 3610 Adolescens,
2421 3575 2465 3609 qm·

1401 3618 1552 3642 Atalantam
1562 3614 1664 3650 puellum
1678 3616 1808 3640 Arcadiae
1821 3623 1974 3640 venatui-cm
1989 3614 2093 3640 amauit.
2165 3610 2283 3645 propert,
2299 3619 2322 3644 1,
2338 3620 2356 3644 1,
2370 3620 2386 3643 9
2413 3611 2465 3637 Mi-

1402 3653 1503 3678 malion
1517 3652 1601 3678 nullos
1615 3650 1742 3684 fugiendo
1757 3650 1841 3677 Tulle
1856 3651 1977 3682 labores,
1997 3649 2135 3676 Saeuitiam
2144 3644 2223 3672 dui-ae
2233 3646 2352 3673 contudit
2362 3646 2465 3673 Iasidos.

1403 3688 1484 3715 Ouid.
1499 3686 1531 3714 de
1545 3688 1606 3714 Arte
1621 3688 1677 3712 Am.
1692 3695 1718 3719 ς,
1732 3693 1782 3721 775
1815 3686 1956 3713 Mimalion
1978 3684 2095 3713 humeris
2108 3682 2243 3708 Atalantae
2255 3691 2332 3710 crura
2345 3682 2465 3715 ferebat,

1402 3731 1449 3750 ets.
1506 3724 1551 3751 Al.
1569 3721 1716 3753 Milanion,
1743 3724 1808 3756 quod
1816 3723 1906 3757 probat
1921 3721 2007 3756 Heius.
2101 3752 2106 3757 ¹

1438 3764 1649 3787 MIMALLIS.
1688 3759 1753 3784 Piin.
1768 3767 1802 3791 4,
1822 3766 1847 3784 ιε
1880 3766 1893 3783 a
1915 3752 2076 3784 Callimacho
2099 3753 2182 3780 insula
2198 3753 2312 3783 elicitum
2349 3762 2416 3788 quae
2430 3751 2463 3780 ab

1402 3796 1461 3822 aliis
1473 3796 1575 3827 Melos,
1603 3802 1616 3819 a
1631 3795 1765 3821 nonnullis
1778 3794 1918 3831 Zephyria.
1991 3821 2002 3828 ν
2049 3821 2058 3828 υ

1437 3829 1662 3858 aiiMALLdN
1674 3837 1727 3862 rs,
1741 3830 1796 3862 siue
1817 3829 2054 3856 MiMALLONI
2070 3830 2146 3851 DES.
2172 3824 2363 3859 [Mruzamveg]
2403 3825 2464 3851 ΒΜ·

1401 3868 1459 3893 clm.»
1479 3869 1606 3895 mulierem
1641 3876 1655 3890 a
1676 3867 1805 3892 Mimante
1825 3866 1909 3892 Ioniae
1919 3867 2011 3888 monte;
2041 3861 2084 3884 vel
2099 3871 2114 3885 α
2134 3867 2260 3893 amioum.
2293 3870 2354 3895 quau
2375 3862 2464 3887 lmitor

1394 3903 1540 3938 fignificat,
1566 3903 1632 3936 quod
1649 3903 1762 3927 Lim-rum
1774 3908 1872 3936 patrem
1883 3897 2061 3928 imitarentur,
2085 3904 2109 3921 et
2124 3899 2159 3921 aa(
2170 3897 2219 3922 eius
2235 3896 2398 3921 imitationem
2412 3905 2463 3921 cor.

1401 3949 1450 3965 mm
1462 3934 1572 3968 ‘ferreum
1628 3938 1736 3963 lim-chai-
1750 3945 1814 3963 cea-te
1821 3936 1860 3970 fic
1871 3939 1942 3958 vocat
1956 3930 2019 3957 Stat.
2033 3931 2125 3958 Theb.
2141 3942 2165 3965 4,
2181 3934 2233 3958 640
2265 3931 2323 3958 Post
2336 3932 2463 3958 exsultan-

1401 3981 1438 4001 tes
1451 3969 1539 4009 Spolia
1551 3974 1704 3999 armentalia
1721 3967 2030 4007 portantSeniinecesque
2039 3966 2114 4001 lupos
2124 3989 2131 4000 ,
2152 3968 2285 4002 scissasque
2294 3967 2464 3994 Mimallones

1533 4009 1709 4036 Macedonum
1722 4009 1811 4043 lingua
1822 4003 1930 4032 Bacchas
1943 4002 1976 4029 fic
1988 4003 2114 4038 appellari
2129 4005 2167 4030 ait
2187 4006 2222 4030 aa
2233 4004 2284 4030 hul.
2303 4002 2462 4064 Lactag'tiug.

2409 4046 2436 4064 ui
2457 4059 2461 4064 .

2319 2464 2432 2491 LambIn.
2445 2470 2470 2490 et
2511 2483 2515 2486 ⁴
