2517 4231
8 3474 10 3479 ‚
52 3449 212 3483 implicandos
237 3449 322 3476 litibus
341 3452 484 3482 innoeentes.

66 177 125 215 5¹3
467 161 503 202 O
568 162 596 203 B
657 161 696 203 L
1586 169 1624 210 O
1686 165 1813 213 B'wL
2161 197 2230 236 514

99 250 205 286 oprium
216 251 267 278 est:
286 250 318 278 ad
330 250 399 277 bona
412 260 494 285 quum
508 251 670 285 traducitur,
689 255 750 278 tunc
764 252 920 278 translatum
933 252 977 279 est.
1021 254 1117 281 Caesar
1211 261 1256 282 01³
1267 261 1284 281 L
1296 262 1334 283 1G
1344 264 1365 284 V
1376 263 1396 285 R
1407 259 1420 285 i·
1431 264 1453 286 Τ
1466 264 1486 286 0
1496 265 1514 286 R
1525 280 1534 293 ‚
1553 260 1618 288 oris.
1656 270 1690 290 m.
1729 261 1859 290 Firmicus
1873 271 1902 296 ς,
1916 273 1943 298 5,
1959 277 1971 294 2
1996 271 2033 297 ¹1„
2048 271 2144 300 Tam-0
2161 273 2232 300 Mars

66 260 175 315 flitmum
188 286 368 320 promittendo
381 288 545 314 consulatum
558 296 612 314 non
625 286 790 321 obligauerat
816 287 885 314 Vell.
901 297 925 322 2,
940 292 978 321 ςό,
994 298 1015 321 3.
1058 290 1116 316 Nec
1176 290 1195 318 si
1207 291 1288 317 fuerit
1302 292 1435 325 iuuentus,
1454 295 1577 323 homines
1594 296 1673 324 faciet
1687 297 1804 331 audaces,
1825 302 1990 336 temerarios,
2010 306 2209 341 obliguritorcs.

66 321 125 349 fatis
137 321 174 348 est
188 321 308 350 homines
317 343 325 354 ,
344 321 445 357 obligat
460 323 506 350 ille
518 323 581 350 deos
605 322 686 349 Ouid.
698 321 763 348 Fast.
776 331 806 354 2,
819 326 858 350 62.
931 325 981 351 Pro
1000 334 1116 359 quorum
1214 332 1234 352 o
1243 332 1258 352 B
1269 333 1284 352 L
1297 329 1309 352 s
1318 335 1342 354 M
1352 336 1370 355 o
1379 350 1386 362 ‚
1406 335 1460 358 arc.
1498 332 1645 368 [κατυλῦω]
1683 334 1749 360 Limo
1762 335 1867 369 opplere,
1886 337 1930 361 vel
1943 339 2065 368 obducere,
2125 344 2181 371 Cic.
2200 344 2233 371 de

66 357 147 384 salute
158 358 183 384 se
196 357 281 385 Sullae
294 357 459 393 obligauerat
485 359 542 386 Cic.
556 367 605 393 pro
619 357 687 385 Sulla
707 366 728 384 c.
741 360 781 385 26.
853 358 892 386 Id.
907 361 944 394 Q
955 361 1022 387 Frat.
1037 370 1057 393 3,
1072 371 1090 394 1,
1104 370 1117 393 ς
1177 361 1241 389 Nat.
1256 362 1336 389 Deor.
1352 373 1377 396 2,
1391 375 1431 398 130
1452 377 1472 394 c.
1488 376 1518 399 52
1550 369 1696 404 Aegyptum
1709 369 1787 396 Nilus
1803 369 1909 405 irrigat,
1930 379 1955 399 et
1969 381 2050 407 quum
2072 382 2126 404 tota
2139 379 2233 407 aestate

65 393 189 420 Scaurum
210 392 343 420 Beneficio
367 394 526 421 defentionis
550 393 626 420 valde
645 392 774 428 obligaui.
847 395 934 429 Papin.
956 396 983 422 in
1005 397 1021 423 l.
1044 398 1117 424 Bona
1135 398 1149 424 5
1177 396 1301 423 obrutam
1315 400 1501 436 oppletamque
1524 405 1624 438 tenuit,
1645 412 1701 432 tum
1723 405 1838 439 recedit,
1856 406 2029 442 mollitosque
2048 417 2073 436 et
2091 412 2234 441 oblimatos

65 427 126 456 fide.
145 427 168 466 §.
190 429 272 455 onr.
294 429 327 456 D.
350 429 390 456 Ad
408 430 432 456 S.
451 431 481 457 C.
500 429 664 456 Velleianum
678 451 687 464 ‚
723 429 754 455 Et
775 428 793 455 fi
808 429 899 457 Fidem
913 432 983 458 suam
1004 441 1054 467 pro
1077 440 1116 465 ea,
1176 440 1253 466 agros
1266 432 1297 458 ad
1311 434 1445 463 serendum
1461 438 1598 475 relinquit.
1671 441 1746 476 Virg.
1759 442 1857 476 Georg.
1872 445 1944 477 3,136
1982 445 2013 471 Et
2026 445 2108 472 sulcos
2123 448 2235 476 oblimet

65 472 144 498 quam
155 464 297 499 delegauit,
315 465 384 500 apud
399 466 487 493 virum
499 464 672 498 obligauerit:
693 464 791 498 locum,
808 473 852 493 etc.
883 468 994 502 vtsalua
1004 469 1057 502 fide
1069 476 1116 492 mm
1177 467 1289 508 inertes.
1316 503 1321 509 ⁸
1485 471 1505 510 q
1527 485 1539 501 2
1576 476 1731 510 oblimare,
1751 484 1796 513 per
1808 479 2014 513 translationem,
2030 488 2075 516 pro
2088 482 2234 518 Obcaecare,

62 497 134 536 poffie
147 500 221 526 aliud
229 509 311 535 agere,
329 511 402 536 quam
414 503 479 536 quod
485 500 602 536 promisit.
676 499 792 527 Foedere
804 501 936 536 obligatus
963 504 1020 530 Liu.
1034 509 1069 536 38,
1083 511 1116 534 33.
1177 509 1201 528 et
1215 506 1284 537 quast
1298 503 1358 529 lrmo
1371 513 1462 532 memus
1476 513 1599 544 claudere,
1614 512 1659 547 seu
1671 513 1813 548 obtundere,
1832 515 1876 540 vel
1886 514 2019 549 inquinare
2029 516 2111 551 posuit
2141 518 2235 546 Claud.

66 534 191 569 Obligare
204 537 295 564 omnia
309 536 377 563 bona
390 538 433 564 sua
447 534 552 571 pignori
580 536 704 562 Scaeuola
717 536 744 562 in
759 537 774 563 l.
791 537 895 565 Titius.
923 539 955 565 D.
992 538 1049 571 Qui
1071 546 1117 577 po·
1177 537 1210 564 dc
1223 539 1296 578 Rapt.
1310 539 1428 580 Proserp.
1444 551 1464 576 3,
1479 552 1507 576 29
1543 546 1591 573 Sed
1612 548 1684 581 quod
1698 548 1824 575 diss‘uasor
1836 548 1941 578 honesti
1977 551 2081 584 Luxus,
2105 558 2130 579 et
2145 552 2236 580 huma-

65 570 147 597 tiores
161 571 188 597 in
203 571 255 606 pig.
269 578 294 598 et
307 572 417 606 hypoth.
431 579 476 598 etc.
516 573 546 597 Vt
565 580 614 596 non
628 571 702 597 liceat
720 571 762 598 illa
777 574 896 601 alienare.
970 573 1059 600 Rediit
1077 581 1116 598 n1-
1133 577 1163 595 10
1177 581 1222 599 nas
1234 573 1347 601 oblunat
1359 584 1435 610 cop1a
1448 585 1558 607 mentes.
1791 582 1813 622 q
1848 594 1860 618 3
1917 585 2056 614 Oblimare
2074 596 2132 614 rem
2154 591 2237 623 patris

63 605 122 632 hilo
141 607 311 642 opulentior,
331 614 359 634 vt
379 607 424 641 qui
441 615 522 642 prope
540 605 694 634 labefae'tata
713 607 781 642 fide,
801 609 894 636 omnia
912 608 1017 643 praedia
1038 608 1116 634 fratri
1142 615 1147 619 ¹
1177 609 1273 636 Horat.
1286 610 1369 650 Serm.
1386 620 1412 644 1,
1427 620 1456 645 2,
1471 616 1504 640 62,
1542 617 1591 641 Per
1611 619 1815 655 translationem,
1834 628 1879 656 pro
1899 622 2056 658 Coqsumere,
2074 631 2099 650 et
2118 625 2237 652 deterere.

64 641 196 676 obligant
215 643 283 670 Suet.
296 644 371 676 vesp,
386 652 408 668 c.
421 652 443 673 4·
523 641 653 676 Obligare
667 652 712 677 per
725 643 822 671 libram
853 645 929 671 Varr.
945 643 976 669 dc
989 644 1018 670 L.
1026 644 1054 670 L.
1063 647 1088 675 6,
1103 652 1116 675 ς
1181 645 1297 671 Tranum
1309 656 1325 671 a
1339 646 1419 678 1111121,
1445 658 1495 683 qua
1507 651 1584 683 fabri
1602 660 1724 686 veantur,
1742 663 1771 679 vt
1784 657 1822 681 ait
1835 664 1886 684 vet.
1900 659 1980 685 Schol.
2016 659 2068 684 Sed
2081 668 2157 694 neque
2177 662 2238 686 male

65 678 151 712 versus
171 679 213 711 fin.
303 678 427 712 Obligare
441 677 466 703 se
477 676 567 704 sceleri
594 679 651 704 Sen.
665 678 697 705 de
711 679 856 714 Tranquil.
871 679 948 705 virae
968 687 990 706 2.
1061 678 1116 706 Ob·
1178 681 1292 706 conuenit
1305 690 1320 706 a
1337 681 1404 708 limo
1415 684 1458 709 hoc
1470 694 1562 719 quoque
1575 688 1701 723 αἰ-νίιιανε,
1720 690 1793 723 quast
1795 692 1832 723 fit
1845 693 1902 720 limo
1915 702 1966 720 mer
1983 703 2034 727 ere,
2052 701 2083 721 vt
2096 695 2123 720 in
2139 696 2241 722 Germa-

66 713 150 747 ligare
162 708 262 749 poenae
287 713 358 740 Idem
372 712 404 739 de
418 712 531 739 Beneflc.
601 713 705 741 Iudicio
719 715 809 750 aliquo
823 714 944 747 distringi
959 720 985 740 et
999 714 1116 748 obligari
1178 725 1266 756 nora-m
1277 718 1408 750 prouerblo
1419 720 1522 755 prodigi
1535 721 1653 748 dicuntur
1661 725 1792 758 pecuniam
1810 727 1836 751 in
1851 728 1929 754 lutum
1944 739 1960 754 a
1976 730 2058 758 istere.
2096 740 2137 757 con
2155 751 2161 758 .
2182 731 2239 758 Te-

64 748 271 776 Cic.Verr.Aet.
281 757 299 780 1,
312 756 353 781 24.
423 747 594 776 Liberalitate
608 750 652 776 sua
665 750 712 777 fibi
725 751 842 785 aliquem
868 748 905 775 Id·
919 750 958 782 Q
969 750 1038 790 Frat.
1048 758 1071 782 2,
1081 758 1114 781 ¹4-
1134 756 1161 783 15
1177 757 1290 791 [ennam
1303 753 1393 780 Maur·
1413 753 1445 780 de
1459 756 1550 783 metris
1569 766 1595 791 p.
1609 766 1665 791 24¹9
1691 760 1789 794 Puesch.
1802 762 1846 787 vbi
1865 772 1942 790 voces
1963 765 2076 793 oblimat
2095 765 2239 794 adhaerens

65 784 144 811 Nexu
163 784 280 819 obligare
293 784 318 810 se
351 783 388 810 Id.
405 792 455 818 pro
471 784 592 811 Muracn.
612 795 632 817 3.
740 784 909 814 Pafflonibus
930 793 1114 819 praemiorum
1175 786 1263 814 litera.
1359 824 1373 829 -
1723 828 1728 834 .

63 820 170 847 sitorum
183 820 286 853 aliquos
314 818 353 845 Id.
369 819 425 853 post
438 819 495 847 red.
508 820 536 846 in
549 821 634 848 Senat.
646 830 680 855 31.
696 827 697 830 ’
770 819 809 848 Id.
819 820 896 846 Verr.
912 829 934 856 2,
951 827 996 861 177
1012 822 1115 862 ‘Quini
1179 857 1186 863 ⁶
1213 829 1258 849 οΒ
1269 829 1286 849 ῑ.
1296 829 1306 849 1
1316 830 1371 864 ¹⁸⁴.st
1384 830 1407 851 'r
1417 831 1439 851 v
1450 831 1465 852 s
1477 846 1486 859 ,
1514 835 1544 860 a,
1565 835 1620 854 um.
1660 828 1752 856 Partic.
1791 831 1860 858 Suet.
1875 833 1914 858 Au
1936 854 1941 860 .
1963 843 1984 861 c.
1998 841 2022 866 18
2049 837 2133 864 Fotsas
2146 847 2240 866 omnes

63 854 310 888 interrogabantur,
329 854 483 890 obligentur
495 866 549 882 non
563 856 649 884 solum
662 854 833 895 iurisiurandi
847 862 926 891 atque
943 856 1116 897 existimatio·
1178 867 1207 885 111
1229 868 1292 893 quas
1312 860 1393 887 Nuus
1413 861 1558 896 exaestuat,
1590 862 1731 891 oblimatas
1750 866 1829 901 longa
1849 874 1909 894 vetu
1933 875 1990 903 ate,
2022 873 2134 901 militari
2159 883 2241 910 opere

62 890 105 917 nis
118 889 246 922 Periculo,
260 890 302 916 sed
316 891 397 918 etiam
411 892 548 918 communi
563 892 634 918 inter
646 894 671 919 se
685 891 852 918 conscientia.
926 892 963 919 Id.
976 892 1008 919 de
1022 893 1114 928 Legtb.
1177 894 1309 936 detes-fin„

99 934 127 958 ²9
151 925 243 952 Statuit
259 925 403 960 collegium
417 928 505 954 locum
517 927 652 962 publicum
666 935 719 952 non
731 927 843 960 potuisse
856 927 958 962 priuata
974 929 1116 964 Religione
1129 934 1164 954 20
1214 937 1258 957 013
1268 938 1284 958 L
1295 938 1304 958 1
1317 937 1389 959 Nlo
1400 952 1408 965 ,
1428 933 1485 967 1111,
1506 936 1593 968 itum,
1618 939 1668 962 xre.
1706 936 1882 972 [καταλείψω]
1920 940 2106 971 Circumlinire.
2162 945 2240 973 Obli-

59 933 183 994 zbligari.
255 961 293 988 Id.
308 962 362 989 Off.
377 972 393 992 1,
407 971 436 997 39
461 964 527 990 Cato
540 961 571 988 ad
586 961 747 996 Pompilium
759 962 875 997 scripfir,
896 969 925 990 vt
940 964 958 991 fi
971 964 1057 991 filium
1073 974 1116 999 pa·
1178 966 1260 993 nierit
1283 966 1405 995 Scribon.
1422 977 1477 1000 230.
1541 970 1664 998 Oblinita
1678 972 1745 999 cinis
1757 980 1823 1006 aqua
1837 974 1971 1009 conspersa
1996 986 2047 1011 245.
2107 981 2240 1009 Columel.

57 995 123 1021 titur
134 995 162 1022 iu
176 996 293 1023 exercitu
309 1006 455 1031 remanere,
468 997 579 1024 secundo
590 1006 650 1023 eum
666 996 797 1031 obligaret
810 998 925 1026 militiae
938 1000 1115 1027 Sacramento.
1177 1010 1212 1035 12,
1227 1011 1254 1035 39
1269 1002 1287 1028 s.
1301 1012 1313 1028 2
1341 1002 1473 1030 Oblinitis
1488 1005 1551 1031 valis
1564 1006 1708 1035 includere.
1798 1008 1873 1035 Idem
1888 1018 1911 1043 5,
1924 1021 1939 1044 9
1960 1012 1977 1038 s.
1991 1023 2001 1045 3
2039 1014 2088 1041 Sed
2103 1017 2240 1051 oportebit

55 1030 130 1058 Idem
146 1041 196 1066 pro
210 1033 300 1059 Domo
315 1043 346 1060 20
373 1034 429 1067 Qii
450 1041 531 1066 quum
544 1033 601 1065 lege
613 1033 714 1059 nefaria
728 1034 907 1062 Ptolemaeum
920 1044 1008 1070 regem
1023 1036 1117 1072 Cypri,
1177 1037 1305 1064 talearum
1316 1039 1410 1074 capita,
1431 1046 1457 1066 et
1470 1040 1536 1067 imas
1550 1048 1636 1075 partes
1650 1043 1729 1069 misto
1743 1043 1808 1070 flmo
1822 1053 1882 1071 cum
1896 1046 1984 1074 cinere
1999 1049 2125 1078 oblinire.
2173 1054 2240 1080 Scri·

55 1065 168 1093 fratrem
182 1068 252 1101 regis
268 1069 437 1095 Alexandrini
452 1068 547 1094 eodem
566 1068 626 1094 iure
647 1075 801 1103 regnantem
821 1071 894 1097 causa
913 1071 1050 1105 incognita
1070 1081 1116 1106 pu·
1177 1072 1241 1099 bon.
1258 1074 1385 1109 Compos.
1400 1083 1447 1108 245
1477 1075 1585 1104 Prodest
1600 1084 1625 1105 et
1638 1079 1705 1106 cinis
1717 1079 1750 1107 de
1764 1079 1833 1107 filice
1847 1081 1925 1115 faeta,
1942 1092 2009 1118 aqua
2022 1087 2174 1122 conspersa,
2192 1089 2240 1116 ob-

58 1101 184 1135 blicaffes,
204 1104 385 1139 Populumque
400 1104 548 1130 Romanum
558 1104 659 1131 Scelere
673 1104 818 1140 obligass'es.
890 1106 1035 1141 Sponfione
1048 1107 1116 1134 obli.
1132 1118 1164 1144 25
1177 1109 1262 1136 linita.
1303 1142 1314 1150 ..
1449 1146 1455 1151 .
1620 1148 1626 1153 —

55 1138 113 1172 gari
140 1139 196 1165 Cic.
205 1139 237 1166 de
249 1139 338 1174 Legib.
348 1148 373 1170 2,
382 1149 415 1171 4¹·
487 1139 678 1174 Superstitione
705 1140 743 1168 Id.
756 1141 789 1168 de
804 1140 898 1169 Diuin.
912 1152 930 1175 1,
942 1149 968 1176 7.
1040 1143 1116 1171 Idem
1213 1150 1233 1171 Ο
1243 1151 1260 1171 Β
1271 1151 1288 1171 L
1299 1152 1309 1171 1
1323 1151 1346 1171 N
1357 1151 1377 1171 0
1387 1166 1396 1179 ,
1415 1148 1472 1178 1111,
1491 1147 1532 1174 fui
1546 1155 1570 1174 et
1584 1151 1627 1175 ἔ111
1636 1169 1644 1181 ,
1665 1149 1733 1177 'itum
1742 1170 1750 1183 ,
1769 1152 1824 1178 ere.
1861 1153 2021 1191 [καταχςΙω]
2042 1158 2138 1186 Circum
2150 1160 2240 1186 linere.

56 1183 108 1208 pro
121 1174 226 1201 Caecin.
241 1183 282 1206 c.7
308 1175 334 1201 Si
347 1175 406 1209 quis
420 1175 491 1210 quod
504 1175 657 1210 spopondit,
681 1184 732 1210 qua
746 1177 775 1204 in
789 1186 819 1204 re
832 1177 925 1205 Verbo
939 1179 964 1204 se
978 1188 1033 1206 vno
1046 1179 1116 1206 obli·
1175 1180 1264 1207 Varro
1278 1180 1310 1207 de
1323 1181 1396 1208 R.R.
1410 1190 1422 1214 3
1437 1183 1455 1209 s.
1470 1192 1483 1214 7
1524 1184 1580 1216 Qii
1601 1184 1637 1211 ita
1656 1185 1826 1220 decipiuntur
1839 1197 1921 1223 quum
1940 1191 1965 1217 se
1984 1191 2135 1219 obleuerint
2157 1194 2239 1222 visco.

56 1211 139 1243 gauit,
155 1209 183 1237 id
197 1219 249 1236 non
265 1210 327 1237 facit
345 1219 391 1238 etc.
463 1211 541 1238 Votis
555 1218 632 1246 caput
644 1210 784 1247 obligasti,
809 1213 829 1240 i.
849 1214 987 1250 Deuouisti,
1006 1224 1055 1241 non
1068 1216 1115 1241 im·
1181 1217 1239 1243 Vid.
1257 1216 1380 1244 Scribon.
1394 1226 1435 1250 43.
1473 1218 1600 1246 Frontem
1615 1219 1738 1247 oblinere
1752 1232 1775 1254 4.
1813 1223 1932 1251 Strumae
1948 1226 2105 1255 oblinendae
2120 1229 2179 1256 sunt
2199 1237 2241 1260 80.

52 1247 144 1280 plendo
153 1241 266 1281 promiffiae
293 1247 360 1274 Hor.
374 1248 461 1273 Cat-in.
474 1255 503 1279 2,
515 1253 545 1282 8,
560 1257 583 1278 ς.
654 1248 711 1274 Cic.
726 1248 840 1284 Philipp.
854 1259 883 1282 5,
901 1258 925 1282 51
954 1250 1066 1278 Audebo
1079 1257 1117 1278 et·
1176 1251 1291 1286 Specillo
1304 1252 1427 1281 oblinere-
1453 1260 1505 1283 228.
1598 1255 1655 1283 cic.
1670 1256 1703 1283 de
1716 1257 1787 1285 Clar.
1802 1259 1877 1287 Orat.
1891 1269 1916 1293 51
1950 1262 1986 1288 Vt
2009 1264 2088 1290 semel
2111 1274 2125 1290 e
2146 1266 2240 1293 Piraeo

57 1280 110 1307 iam
125 1281 242 1316 obligare
256 1281 345 1308 Fidem
359 1291 444 1309 meam
459 1289 484 1309 Ρ.
504 1289 531 1309 C.
544 1282 632 1317 vobiS‚
651 1290 677 1310 P.
694 1290 726 1323 Q
746 1292 776 1312 R.
849 1285 933 1312 Aedes
946 1285 1067 1322 obligare
1080 1287 1116 1314 ob
1130 1298 1163 1323 30
1175 1288 1331 1323 eloquentia
1344 1289 1436 1315 media
1448 1289 1500 1323 est,
1519 1298 1613 1317 omnes
1634 1294 1784 1331 peragrauit
1801 1294 1914 1329 insulas,
1933 1303 2012 1333 atque
2024 1299 2060 1325 ita
2073 1301 2241 1335 peregrinata

56 1317 157 1343 amoris
170 1317 309 1351 prandium
333 1318 414 1345 Plaut.
429 1318 516 1345 Truc.
529 1327 553 1352 2,
567 1328 585 1352 1,
601 1330 625 1352 4.
697 1321 774 1348 Furti
788 1321 813 1347 se
827 1320 958 1356 obligare,
976 1322 994 1349 i.
1009 1323 1115 1357 furtum
1177 1328 1233 1351 tota
1246 1324 1303 1351 Asia
1315 1324 1361 1357 est,
1381 1331 1411 1351 vt
1423 1325 1448 1351 se
1460 1327 1577 1352 externis
1590 1326 1724 1355 oblmeret
1734 1330 1856 1357 moribus
1865 1352 1874 1365 ,
1897 1332 1915 1360 i.
1938 1334 2067 1368 Foedaret,
2086 1338 2241 1371 inquinaret.

56 1353 215 1386 committere,
223 1353 297 1386 furti
305 1359 407 1387 poenam
420 1355 511 1380 mereri
548 1355 647 1388 Gell.7‚
663 1364 695 1386 15.
768 1356 870 1383 Vadem
890 1357 1012 1392 obligare
1031 1359 1115 1385 trium
1176 1359 1379 1401 Verfibusflatris
1392 1360 1515 1388 oblinere
1527 1362 1645 1397 aliquem
1651 1384 1670 1404 ,1
1681 1364 1705 1391 h.
1718 1374 1739 1392 e.
1752 1366 1882 1400 Infamare
1912 1368 1981 1395 Hor.
1994 1370 2073 1405 Epist.
2089 1381 2113 1406 1,
2129 1381 2167 1406 19,
2182 1382 2223 1405 30.

53 1387 171 1414 millium
186 1388 254 1414 aeris
281 1389 340 1416 Liu.
354 1397 378 1422 3,
392 1398 424 1422 13.
496 1389 614 1425 Obligor
628 1396 657 1418 vt
669 1397 774 1427 tangam
789 1392 860 1419 laeui
873 1393 931 1420 fera
943 1393 1023 1421 litora
1036 1394 1115 1421 Ponti
1214 1402 1234 1422 o
1245 1402 1260 1422 B
1270 1403 1305 1422 1.1
1319 1402 1342 1422 Τ
1355 1403 1376 1422 ν
1386 1403 1416 1428 S,
1448 1405 1478 1429 a,
1511 1406 1566 1424 um.
1602 1399 1696 1426 Partic.
1733 1401 1918 1439 [κατάχςιςος]
1954 1405 2126 1434 circumlitus.
2182 1410 2240 1436 Cic.

55 1422 137 1450 Ouid.
152 1423 237 1451 Trist.
251 1433 270 1458 1,
286 1432 311 1458 2,
325 1431 360 1457 83.
433 1424 516 1452 Paull.
535 1425 551 1453 Ι.
565 1434 587 1458 ς.
608 1427 725 1454 Sentent.
744 1428 807 1455 Tit.
821 1437 858 1461 23.
878 1427 934 1466 §.9
967 1430 1024 1463 Qui
1043 1430 1115 1457 sacra
1176 1431 1255 1457 Verr.
1270 1440 1298 1466 5,
1313 1438 1358 1465 172
1389 1431 1465 1459 Nolo
1478 1441 1544 1473 ego,
1563 1433 1677 1467 Iudices,
1696 1445 1763 1470 quos
1778 1446 1828 1472 ego
1842 1439 1979 1473 probarim
1993 1448 2072 1476 atque
2085 1442 2241 1479 delegerim,

53 1457 137 1493 impia
149 1459 324 1494 no6hnnaue,
343 1465 372 1487 vt
385 1469 463 1495 quem
477 1461 659 1496 obcantarent,
679 1462 876 1498 interficerent,
896 1465 1059 1500 obligarent,
1078 1466 1115 1491 fe·
1130 1474 1159 1501 35
1177 1465 1209 1492 fic
1222 1466 1250 1492 in
1264 1465 1312 1492 hac
1325 1466 1391 1493 vrbe
1404 1474 1518 1502 notat08‚
1531 1469 1582 1497 isto
1597 1469 1718 1498 absoluto
1731 1472 1877 1507 ambulare,
1897 1481 1927 1501 vt
1939 1485 1994 1503 non
2009 1485 2078 1514 cera,
2098 1479 2140 1506 sed
2154 1489 2239 1507 coeno

54 1494 139 1521 εει-1111
157 1495 310 1524 faciendaue
329 1497 499 1531 emanet-int,
519 1503 565 1524 aut
584 1499 657 1525 cruci
676 1497 852 1534 suffiguntur,
870 1507 915 1528 aut
935 1500 1025 1528 bestiis
1045 1500 1115 1528 obii·
1175 1501 1256 1528 obliti
1270 1503 1320 1529 else
1333 1502 1485 1531 videantur.
1559 1506 1618 1532 Sen.
1632 1507 1680 1541 Ep.
1699 1516 1735 1540 123
1756 1515 1815 1534 ante
1834 1511 1897 1537 med.
1930 1512 2059 1540 Omnium
2080 1515 2241 1551 paedagogia

53 1530 169 1558 ciuntur,
1176 1537 1261 1564 oblita
1276 1538 1346 1564 facie
1360 1538 1504 1576 vehuntur,
1524 1550 1557 1568 ne
1570 1541 1617 1575 sol,
1630 1551 1663 1568 nc
1676 1542 1771 1580 frigus,
1782 1550 1900 1572 teneram
1913 1553 2000 1575 cutem
2015 1548 2109 1578 laedat.
2183 1553 2240 1579 Ob-

94 1572 114 1592 0
123 1573 139 1593 Β
148 1573 165 1592 L
174 1574 184 1594 1
196 1571 218 1593 G
230 1568 254 1594 K
263 1573 286 1594 'r
296 1574 317 1595 v
330 1574 344 1595 s
356 1588 365 1600 ,
391 1576 422 1602 a,
437 1577 492 1595 um.
528 1569 623 1596 Partic.
659 1570 877 1608 [καταδεδεμένοε]
914 1571 1067 1599 Obuolutus
1087 1577 1114 1599 et
1175 1573 1238 1600 litus
1253 1573 1358 1600 Faciem
1371 1575 1418 1601 suo
1432 1584 1537 1609 cruore,
1551 1586 1584 1603 ne
1596 1579 1749 1606 nosceretur
1778 1580 1870 1607 Tacit.
1885 1583 1953 1609 Ann.
1967 1591 1998 1617 2,
2011 1592 2046 1619 17.
2120 1587 2239 1614 Libellus

53 1600 184 1636 obligatus
198 1603 275 1630 corio
302 1604 405 1631 Διιξὶοι·
419 1603 453 1630 ad
466 1604 587 1632 Herenn.
604 1615 624 1638 1,
635 1614 657 1633 c.
671 1615 700 1638 13.
771 1608 883 1643 Metuph.
909 1608 1013 1635 Vellem
1027 1608 1115 1634 existi·
1175 1608 1276 1635 oblitus
1289 1618 1304 1636 a
1318 1610 1397 1636 caede
1431 1611 1514 1638 Ouid.
1529 1613 1606 1646 Epist.
1622 1623 1658 1646 11,
1678 1623 1699 1640 2.
1776 1616 1866 1650 Lupus
1880 1617 1978 1645 oblitus
1991 1620 2089 1654 spumis
2118 1622 2157 1650 Id.
2172 1624 2239 1650 Met.

55 1645 127 1671 mes,
145 1637 197 1664 tibi
210 1647 252 1665 me
265 1639 411 1674 obligatum
424 1640 484 1667 fore
511 1640 568 1668 Cic.
588 1642 641 1667 Att.
657 1643 699 1673 16,
715 1643 750 1669 16.
822 1643 938 1678 Populus
952 1645 1032 1670 Rom.
1046 1642 1116 1670 obli·
1130 1651 1205 1677 4011,
1217 1646 1273 1680 367.
1347 1645 1440 1685 Oblita
1448 1647 1503 1673 Ora
1517 1649 1689 1675 vrceolorum
1708 1649 1768 1677 Col.
1778 1659 1811 1684 12,
1826 1655 1862 1682 16,
1875 1662 1899 1684 4.
1971 1654 2125 1683 Stomachus
2140 1658 2241 1685 oblitus

54 1678 129 1707 gatus
141 1682 157 1700 a
171 1673 299 1702 tribunali
321 1682 381 1708 tuo,
400 1684 454 1701 nou
476 1682 598 1702 exoratus
615 1676 715 1702 reeessit
740 1677 807 1704 Plin.
822 1678 917 1713 Paneg.
935 1689 956 1706 c.
971 1684 1009 1709 28.
1080 1680 1113 1705 In
1175 1679 1242 1706 cibis
1275 1679 1342 1707 Plin.
1358 1681 1438 1714 Ep1st.
1450 1688 1482 1715 7,
1501 1691 1547 1714 123.
1619 1684 1675 1710 Cic.
1690 1684 1803 1720 Philipp.
1819 1696 1856 1720 11,
1870 1696 1900 1720 27
1936 1688 2022 1723 Atque
2040 1699 2102 1718 eum
2118 1693 2240 1720 nondum

55 1709 180 1744 Principe
192 1718 283 1737 rerum
299 1720 328 1737 ac
340 1719 423 1745 prope
433 1710 570 1736 insolitum
584 1709 635 1744 est,
672 1716 701 1737 vt
721 1712 748 1737 se
768 1718 843 1746 putat
861 1713 1009 1748 obligatum
1047 1714 1114 1740 Plin.
1175 1721 1250 1742 tanto
1265 1715 1414 1742 Parricidio
1427 1716 1557 1751 oblitum,
1578 1717 1680 1745 hostem
1700 1721 1743 1747 sua
1763 1722 1892 1749 sententia
1904 1723 2041 1753 indicauit.
2112 1727 2241 1757 Libidine

53 1744 147 1775 Paneg.
162 1754 184 1771 e.
198 1747 242 1772 60.
308 1745 455 1772 Medicinae
468 1744 600 1778 obligatus
612 1745 732 1780 legitime
749 1746 872 1775 Scribon.
886 1749 933 1783 Ep.
1009 1749 1056 1776 Tu
1071 1758 1115 1776 tne
1174 1750 1305 1786 flagitiosa
1319 1751 1403 1778 oblita
1417 1752 1453 1778 est
1466 1753 1648 1781 Antoniorum
1663 1756 1725 1782 Vita
1755 1756 1794 1784 Id.
1811 1756 1876 1785 ibid.
1891 1768 1931 1792 14,
1944 1769 1959 1793 9
1981 1769 2002 1787 c.
2014 1770 2034 1793 3.
2105 1763 2144 1791 Id.
2160 1765 2240 1793 Verr.

54 1773 159 1813 aliqu'id
172 1788 265 1806 eorum
278 1780 343 1806 doce
361 1788 408 1814 per
426 1787 493 1814 quae
511 1780 689 1814 obligantium
708 1786 734 1808 et
751 1781 936 1817 obligatorum
955 1785 1038 1812 animi
1059 1794 1115 1812 cer·
1176 1796 1202 1820 3,
1215 1792 1228 1817 8
1255 1787 1409 1821 Contraque
1422 1788 1480 1815 sunt
1492 1790 1584 1816 omnia
1596 1799 1657 1817 cum
1671 1791 1774 1818 summo
1793 1792 1924 1822 dedecore
1936 1804 1965 1822 ac
1979 1797 2161 1833 turpitudine,
2182 1807 2240 1828 tum

50 1819 111 1840 tent
133 1815 192 1841 Sen.
207 1814 297 1841 Benef.
310 1823 329 1847 1,
343 1824 366 1846 4.
439 1815 604 1850 obligatior,
625 1818 737 1852 Compar.
764 1817 831 1845 Plin.
841 1820 920 1854 Epist.
930 1827 954 1853 8,
967 1829 983 1848 2
1004 1822 1113 1855 Qanto
1126 1828 1161 1855 43
1176 1823 1301 1858 fingulari
1315 1823 1432 1850 Stultitia
1445 1829 1524 1859 atque
1538 1825 1732 1854 inhumanitate
1745 1828 1838 1856 oblita.
1910 1831 2011 1867 Scripta
2027 1833 2111 1861 oblita
2131 1836 2238 1865 Sueton.

50 1849 112 1882 quis
122 1849 219 1876 melior
231 1854 256 1876 et
269 1849 399 1884 probior,
418 1855 493 1877 tanto
506 1851 574 1878 mihi
589 1851 736 1887 obligatior
747 1853 814 1882 abit.
887 1856 991 1891 Magnis
1004 1864 1030 1884 et
1044 1857 1112 1884 mul·
1176 1858 1208 1886 de
1223 1859 1309 1886 Claris
1323 1860 1444 1887 Gramm.
1465 1869 1488 1887 c.
1504 1870 1532 1887 10
1544 1868 1587 1896 pr.
1659 1862 1715 1890 Cic.
1729 1864 1800 1892 Fam.
1816 1874 1842 1899 9,
1856 1875 1879 1897 15
1904 1867 1960 1902 Ego
1972 1875 2058 1896 autem
2071 1870 2185 1899 mirifice
2200 1880 2240 1899 ca-

49 1885 84 1911 tis
97 1884 261 1919 »pignoribus
279 1895 340 1912 eum
361 1886 519 1921 Respublica
542 1887 691 1923 obligatum
710 1894 781 1917 tenet
817 1891 874 1918 Cic.
894 1892 1011 1928 Philipp.
1032 1903 1071 1927 13,
1090 1899 1112 1924 8.
1174 1895 1237 1930 pior
1255 1895 1376 1931 facetiis,
1395 1896 1512 1923 maxime
1531 1898 1705 1926 nostratibus:
1725 1901 1878 1935 praesertim
1898 1911 1981 1937 quum
2000 1913 2042 1931 eas
2060 1906 2164 1934 videam
2184 1909 2238 1944 pri-

48 1919 150 1955 Dapem
167 1920 311 1956 obligatam
330 1921 411 1949 redde
431 1923 508 1957 Ioui,
526 1924 546 1950 i.
566 1924 715 1959 Promiffi4m
735 1935 764 1952 ae
782 1927 892 1954 debitam
930 1929 999 1956 Hor.
1020 1930 1111 1956 Carm.
1174 1940 1249 1957 mum
1269 1931 1364 1958 oblitas
1379 1932 1474 1965 Latio,
1500 1935 1519 1959 i.
1539 1934 1668 1969 Aspersas,
1686 1935 1822 1972 intermisto
1841 1938 1929 1971 Latio,
1948 1947 1979 1964 vt
1993 1940 2125 1974 paullatim
2144 1945 2238 1971 ciuitas

48 1965 78 1991 2,
89 1963 116 1990 7,
128 1965 161 1990 ¹7·
1175 1977 1228 1992 tum
1239 1967 1353 2001 pluribus
1367 1968 1402 2002 est
1415 1968 1610 2001 communicata,
1631 1970 1670 1994 ita
1682 1971 1829 1996 vrbanitati
1844 1973 1947 2007 aliquid
1958 1975 2086 2010 admistum
2098 1979 2236 2014 peregrini.

87 1998 241 2019 OBLIGA
256 1999 278 2020 Τ
291 1999 346 2026 10,
370 1993 439 2020 onis.
476 1994 496 2022 f.
532 1994 642 2028 [ἓνοχιὶ]
679 1997 794 2022 conditio
813 1998 918 2023 hominis
939 2000 984 2024 vel
1000 2000 1039 2024 rei
1052 2000 1111 2024 obli·
1126 2006 1158 2031 50
1175 2001 1295 2027 oblitam
1320 2002 1472 2027 orationem
1498 2002 1613 2029 reddunt
1634 2005 1823 2031 exornationes
1849 2006 1868 2032 fi
1892 2008 2001 2036 crebrae
2021 2011 2236 2042 collocabuntur:

50 2033 140 2064 gatae.
212 2028 269 2056 Cic.
282 2029 315 2055 ad
327 2030 401 2056 Brut.
429 2035 454 2058 18
488 2030 530 2055 Est
546 2036 635 2056 autem
655 2030 767 2063 grauior
780 2036 806 2062 et
826 2031 964 2058 difficilior
977 2033 1069 2059 Animi
1085 2039 1112 2058 et
1174 2043 1241 2068 quae
1254 2035 1271 2061 fi
1285 2043 1360 2061 rarae
1374 2035 1563 2070 disponentur,
1583 2037 1734 2067 distindiam
1754 2039 1828 2068 ficuti
1842 2042 1980 2070 coloribus
2009 2046 2112 2075 Auctor
2129 2049 2162 2076 ad
2181 2050 2236 2078 He-

50 2063 211 2096 sententiae,
233 2064 356 2090 maximis
373 2064 527 2098 praesertim
546 2064 576 2089 in
591 2064 671 2090 rebus
691 2073 742 2098 pro
760 2065 865 2098 altero,
886 2075 966 2100 quam
984 2067 1112 2101 pecuniae
1171 2078 1247 2096 xenn.
1259 2078 1292 2104 4,
1314 2072 1349 2098 16.

50 2098 198 2133 obligatio:
217 2098 345 2131 difficilia
358 2098 393 2134 est
403 2098 530 2134 praeliare
543 2100 648 2125 alterius
654 2099 823 2134 sententiam,
841 2110 915 2136 quam
926 2103 1055 2137 pecuniam
1066 2109 1112 2137 pro
1214 2111 1234 2132 ο
1246 2111 1289 2132 Βι.
1300 2106 1315 2131 1“
1322 2112 1374 2143 QV
1382 2113 1404 2133 v
1413 2112 1426 2132 S
1436 2126 1444 2140 ,
1469 2114 1499 2141 a,
1518 2116 1573 2134 um.
1611 2109 1673 2136 Adi.
1709 2110 1829 2145 [πλᾶγιος
1837 2133 1847 2146 ,
1866 2117 1947 2151 Αοξὸς,
1973 2117 2083 2153 σκολιὸς]
2119 2120 2177 2146 Non
2196 2130 2235 2147 re.

49 2133 92 2160 illo
104 2134 256 2168 promittere.
327 2133 417 2168 Papin.
433 2133 462 2159 in
481 2133 498 2160 l.
518 2132 714 2170 Obligationes.
734 2136 767 2162 D.
785 2135 818 2162 de
837 2137 989 2164 actionibus
1002 2144 1028 2164 et
1042 2138 1111 2164 obli·
1173 2140 1236 2165 Ham
1244 2141 1392 2175 fignificat,
1405 2141 1455 2177 sed
1470 2144 1585 2170 adlatus
1607 2145 1743 2180 defleae‘lens.
1791 2175 1794 2178 ,
1834 2149 1890 2177 Cic.
1910 2150 2000 2179 Somn.
2014 2153 2081 2188 Scip,
2102 2164 2125 2186 ¹4
2160 2156 2234 2182 Hos-

49 2168 219 2205 gafionibus,
244 2168 428 2203 obligationes
441 2176 507 2203 quae
520 2179 574 2196 non
594 2170 712 2204 propriis
726 2171 832 2198 viribus
851 2173 1004 2204 consistant,
1024 2182 1111 2207 neque
1127 2179 1156 2206 ςς
1173 2184 1236 2210 que,
1251 2177 1299 2211 qui
1313 2177 1435 2204 incolunt
1447 2184 1545 2205 terram
1559 2188 1614 2206 non
1627 2181 1710 2207 modo
1723 2182 1888 2218 interruptos
1902 2186 1938 2212 ita
1950 2189 2014 2221 effe,
2033 2196 2062 2215 vt
2079 2189 2148 2216 nihil
2163 2191 2233 2220 inter

50 2203 142 2232 officio
162 2204 274 2236 iudicis,
293 2213 379 2238 neque
393 2204 524 2230 Praetoris
539 2205 665 2238 imperio,
686 2214 772 2239 neque
784 2206 849 2241 legis
867 2207 993 2242 potestate
1006 2208 1111 2236 Confir-
1171 2212 1241 2245 ipsos
1253 2211 1286 2238 ab
1301 2212 1361 2238 aliis
1374 2213 1407 2239 ad
1418 2213 1486 2239 alios
1499 2223 1605 2241 manare
1620 2216 1704 2249 potiit,
1724 2217 1766 2244 sed
1781 2220 1879 2253 partim
1893 2221 2029 2257 obliquos,
2050 2226 2146 2259 partim
2158 2236 2234 2255 auer-

51 2246 164 2269 mantur.
236 2239 343 2266 Constat
355 2238 502 2264 verborum
515 2239 662 2274 obligatio,
680 2240 698 2267 fi
714 2240 786 2268 inter
803 2243 989 2270 contrahentes
1008 2244 1037 2270 id
1049 2253 1109 2279 aga·
1170 2249 1222 2279 sos,
1239 2247 1337 2281 partim
1351 2248 1432 2275 etiam
1444 2248 1568 2277 aduersos
1587 2250 1654 2277 stare
1664 2251 1752 2279 vobis.
1849 2255 1961 2285 Oblieus
1985 2266 2009 2285 et
2029 2259 2179 2296 Obliquus,
2200 2274 2231 2290 ex

49 2282 96 2304 tur
126 2275 229 2302 Paullus
242 2275 271 2301 in
285 2275 301 2302 l.
314 2283 335 2307 3.
357 2274 388 2300 D.
405 2273 437 2300 de
449 2274 602 2301 actionibus
621 2282 647 2302 et
660 2274 770 2311 obligat.
863 2278 1044 2306 Constituitur
1061 2279 1109 2306 ob·
1172 2281 1216 2308 Ob
1231 2289 1256 2308 et
1268 2282 1369 2317 Liquus
1383 2284 1428 2309 vel
1439 2283 1534 2319 Liquis
1546 2286 1645 2312 deriuat
1672 2288 1766 2323 Scalig.
1781 2290 1808 2314 in
1823 2289 1889 2318 Fest.
1896 2292 1943 2328 sub
1955 2303 2012 2321 voce
2023 2295 2149 2325 Sublices.
2169 2308 2196 2326 v.
2205 2308 2232 2328 v.

49 2311 144 2346 ligatio
179 2310 282 2338 Paullus
297 2310 327 2336 in
339 2310 357 2336 l.
370 2318 392 2343 3.
411 2310 444 2337 D.
462 2310 493 2337 de
507 2310 658 2338 actionibus
672 2317 697 2338 et
709 2311 820 2348 obligat.
930 2314 1109 2345 Contrahitur
1171 2318 1268 2344 Cursus
1293 2318 1448 2346 Ouid.Met.
1457 2329 1481 2355 9,
1497 2326 1529 2350 18.
1601 2322 1701 2349 Cursus
1715 2324 1842 2359 obliquos
1856 2335 1933 2362 agere
1959 2330 2045 2360 senec,
2058 2332 2168 2368 Hipp0L
2183 2336 2231 2366 [5.

50 2347 155 2375 Paullus
166 2345 195 2372 in
208 2346 226 2372 l.
245 2346 272 2372 Si
286 2345 336 2372 tibi
350 2345 449 2377 decem,
462 2346 490 2373 in
504 2346 587 2381 princ.
607 2348 640 2374 D.
654 2347 687 2374 de
699 2348 793 2382 padiis.
907 2349 1046 2377 Deducere
1063 2351 1109 2377 ali.
1122 2350 1158 2375 60
1171 2354 1257 2381 Dente
1272 2353 1386 2388 obliquo
1400 2355 1531 2382 timendus
1545 2365 1608 2392 aper
1639 2359 1721 2386 Ouid.
1739 2361 1818 2395 Epist.
1833 2372 1864 2396 4,
1878 2373 1935 2398 ¹04·
1961 2375 2007 2401 quo
2024 2377 2041 2392 a
2053 2369 2130 2395 latere
2149 2377 2232 2404 petere

53 2381 120 2416 quid
133 2381 162 2407 in
174 2381 368 2416 obligationem
402 2382 563 2417 Pomponius
575 2383 604 2409 in
622 2384 640 2410 l.
678 2384 704 2409 Si
717 2384 754 2410 ita
770 2384 906 2420 stipulatus
918 2386 1007 2413 fuero.
1029 2387 1061 2413 D.
1075 2386 1108 2413 de
1163 2389 1237 2425 solet.
1334 2389 1406 2418 Ιᾶυς
1422 2391 1546 2427 obliquus
1561 2399 1587 2420 ct
1600 2393 1712 2421 inflexus
1738 2396 1805 2424 Plin.
1822 2407 1858 2433 u,
1870 2407 1907 2430 25-
2003 2403 2104 2431 Itinere
2118 2405 2231 2441 obliquo

54 2416 199 2444 verborum
219 2417 327 2453 obligat.
435 2417 581 2445 Difl'oluere
618 2419 722 2446 Paullus
741 2420 772 2447 in
792 2421 809 2447 l.
846 2422 877 2448 Et
896 2421 998 2449 heredi.
1020 2423 1044 2456 §.
1060 2422 1109 2451 vlt.
1170 2426 1243 2452 Caes.
1256 2425 1286 2452 B.
1300 2426 1331 2453 C.
1349 2436 1368 2459 1,
1383 2429 1427 2453 60.
1500 2428 1581 2455 Latus
1608 2429 1690 2457 Ouid.
1705 2432 1799 2459 Amor.
1814 2442 1839 2467 1,
1852 2436 1884 2470 6,
1897 2445 1921 2468 4.
1994 2437 2109 2467 Lumine
2123 2450 2232 2469 cernere

54 2453 88 2480 D.
106 2452 138 2479 de
149 2451 237 2487 pactis.
344 2453 422 2479 Caius
441 2454 469 2480 111
488 2454 504 2481 l.
524 2463 549 2487 4.
563 2453 586 2491 §.
611 2456 636 2483 Is
650 2464 766 2491 quoque.
804 2457 837 2483 D.
859 2457 892 2484 de
910 2458 1062 2486 affionibus
1080 2465 1107 2486 et
1168 2461 1288 2495 aliquem
1327 2462 1366 2489 Id.
1383 2463 1449 2490 Met.
1463 2472 1484 2498 2,
1498 2469 1541 2497 787
1579 2467 1617 2491 ad
1628 2466 1750 2494 inuidiam
1761 2470 1889 2505 pertinet,
1906 2478 1936 2498 vt
1949 2479 1974 2499 et
2000 2474 2122 2510 Obliquo
2143 2477 2233 2504 Oculo

53 2488 160 2522 obligat.
184 2488 238 2521 Qui
252 2488 323 2515 enim
336 2489 415 2516 soluit
427 2499 474 2524 per
487 2499 618 2524 errorem,
637 2492 719 2527 magis
733 2492 923 2520 Distrahendae
936 2494 1108 2529 obligationis
1169 2498 1265 2524 limare
1278 2498 1419 2525 commoda
1431 2499 1543 2526 alicuius
1569 2501 1638 2528 Hor.
1650 2502 1728 2537 Epist.
1743 2512 1762 2540 1,
1777 2514 1811 2538 14,
1823 2513 1862 2541 37.
1898 2509 1969 2536 Add.
1983 2518 2040 2536 mox
2054 2512 2149 2539 Vultus
2162 2513 2233 2540 obli-

39 2523 152 2556 ·animo,
170 2532 248 2558 quam
261 2524 454 2552 contrahendae
466 2525 528 2553 dare
540 2526 657 2554 videtur.
755 2529 859 2556 Paullus
873 2529 901 2556 in
915 2529 933 2557 l.
953 2531 1008 2563 Qu
1021 2531 1107 2556 vsum-
1121 2528 1154 2560 6,-
1171 2542 1247 2568 quus.
1322 2534 1399 2561 Ordo
1413 2534 1539 2570 obliquus
1566 2537 1639 2564 Caes.
1653 2538 1717 2565 Bell.
1725 2540 1793 2567 Gall.
1806 2548 1833 2576 7,
1847 2551 1882 2574 73.
1899 2544 1926 2569 in
1939 2545 2000 2578 acie,
2015 2544 2131 2583 πέψιος,
2147 2557 2232 2576 trans-

52 2558 134 2586 fruEt.
155 2559 186 2585 D.
200 2559 231 2586 de
246 2560 320 2587 verb.
334 2560 444 2595 oblIgat.
479 2562 563 2589 Tunc
576 2563 648 2590 enim
662 2562 754 2597 priore
766 2564 934 2599 obligatione
945 2566 1109 2602 Exspirante,
1171 2569 1271 2604 versus.
1345 2570 1422 2597 Ordo
1437 2571 1562 2605 obliquus
1581 2572 1715 2608 tignorum
1748 2576 1823 2611 Virg.
1837 2579 1936 2614 Georg.
1950 2589 1976 2614 1,
1988 2590 2042 2616 239.
2065 2585 2095 2609 de
2113 2583 2234 2620 diptica,

51 2603 84 2627 ex
97 2594 205 2622 secunda
217 2595 398 2623 introducitur
411 2597 516 2632 petitio.
625 2598 808 2633 Exstinguitur
844 2600 948 2627 Paullus
963 2600 993 2627 in
1012 2602 1029 2629 l.
1051 2602 1108 2629 Plu·
1171 2612 1196 2631 et
1210 2605 1256 2630 via
1262 2605 1334 2640 solis.
1409 2607 1476 2634 Pede
1488 2608 1634 2636 claudicare
1661 2611 1742 2639 Ouid.
1758 2614 1852 2640 Amor.
1865 2623 1894 2648 2,
1909 2625 1942 2649 17,
1955 2625 1996 2643 20.
2070 2619 2168 2647 Radice
2187 2620 2234 2648 ob-

50 2627 127 2657 'ribus
141 2630 226 2658 rebus.
245 2632 277 2658 D.
290 2631 322 2659 de
337 2632 483 2660 verborum
496 2633 606 2669 obligat.
716 2635 856 2663 Infirmare
885 2637 989 2664 Paullus
1001 2638 1030 2664 in
1044 2638 1061 2666 l.
1081 2638 1107 2665 Si
1173 2641 1246 2676 liqua
1258 2640 1341 2668 arbor
1355 2647 1381 2669 et
1395 2642 1516 2671 imitante
1531 2645 1622 2671 auium
1636 2646 1714 2681 pedes
1741 2648 1888 2683 Plin.12,12.
1961 2651 2045 2680 Riuus
2064 2655 2133 2683 Hor.
2142 2657 2233 2685 Carm.

51 2665 98 2694 sub
111 2675 171 2693 vna.
191 2668 225 2694 D.
236 2667 268 2694 de
283 2667 427 2695 verborum
442 2669 552 2704 obligat.
660 2670 787 2698 Nascitur
816 2672 919 2699 Paullus
937 2673 965 2700 in
980 2673 996 2699 l.
1016 2674 1041 2701 Si
1057 2674 1109 2702 tibi
1171 2686 1202 2709 2,
1214 2686 1242 2710 3,
1256 2687 1286 2704 11.
1359 2679 1476 2712 Spatium
1492 2680 1633 2716 obliquum
1647 2682 1758 2711 litorum
1784 2685 1852 2713 Plin.
1867 2696 1880 2717 5
1894 2688 1977 2721 praef.
2050 2690 2171 2719 Sublicae
2185 2693 2231 2720 ob-

53 2702 152 2734 decem,
165 2702 192 2729 in
206 2703 288 2738 princ.
308 2704 340 2730 D.
354 2704 386 2732 de
399 2705 492 2739 patSlis.
596 2706 690 2733 Parere
709 2707 793 2742 potest
806 2707 1002 2744 obligationem
1017 2710 1107 2737 condi.
1119 2716 1155 2744 70
1171 2713 1260 2747 liquae
1289 2713 1361 2741 Caes.
1376 2715 1441 2742 Bell.
1456 2716 1524 2743 Gall.
1537 2728 1559 2750 ⁴·
1575 2725 1611 2752 17.
1649 2727 1696 2744 non
1716 2722 1753 2746 ad
1768 2723 1969 2755 perpendiculum
1983 2724 2169 2761 descendentes,
2201 2730 2235 2755 ed

51 2737 92 2765 tio
128 2739 271 2766 Venuleius
285 2740 312 2766 in
326 2740 343 2766 l.
363 2743 385 2767 A
398 2741 489 2768 Titio.
511 2741 544 2768 D.
559 2740 591 2768 de
605 2742 752 2770 verborum
770 2744 891 2779 obligat.·
995 2746 1107 2773 Pei-imit
1171 2759 1223 2775 cum
1240 2750 1382 2785 deflexione.
1456 2753 1518 2779 Stat.
1533 2753 1599 2780 Silu.
1615 2763 1645 2787 2,
1659 2756 1690 2789 6,
1709 2764 1751 2782 102
1783 2756 1957 2794 Obliquoque
1981 2767 2056 2789 notat
2075 2763 2232 2799 Proserpina

0 2771 1 2778 ¹
49 2773 242 2809 obligationem
261 2775 382 2803 conditio
418 2777 583 2804 Modestinus
601 2777 631 2804 in
650 2779 668 2805 l.
689 2779 828 2807 Conditio.
847 2781 880 2808 D.
902 2780 935 2809 de
953 2782 1105 2810 verborum
1170 2785 1246 2812 vultu
1255 2792 1358 2820 puerum
1370 2787 1519 2822 delicatum,
1533 2789 1558 2824 s.
1570 2791 1605 2815 ad
1615 2790 1707 2816 amoris
1722 2792 1798 2818 initia
1814 2795 1990 2828 referendum,
2002 2797 2026 2832 s.
2041 2800 2076 2824 ad
2088 2807 2185 2832 metum,
2202 2809 2232 2826 ne

6 2822 10 2823 ν
49 2809 159 2844 obligat.
283 2812 440 2846 Perpetuare
478 2813 581 2841 Paullus
601 2813 629 2839 in
644 2814 663 2841 l.
685 2815 712 2841 Si
725 2816 839 2843 seruum.
857 2817 880 2850 §.
899 2818 1018 2852 sequitur
1031 2824 1057 2846 et
1069 2819 1106 2845 se-
1168 2823 1242 2847 Pluto
1255 2821 1364 2848 animum
1382 2825 1419 2849 ad
1435 2823 1503 2850 illum
1519 2826 1636 2853 adiiciat.
1709 2828 1823 2861 Compar.
1851 2829 1917 2857 Plin.
1930 2838 1962 2863 2,
1983 2841 2012 2864 77
2042 2833 2141 2861 Potitio
2160 2835 2229 2862 obli.

49 2845 192 2879 quentibus
209 2843 254 2882 §§.
273 2847 307 2875 D.
327 2848 360 2874 dc
381 2848 529 2876 verborum
544 2848 655 2884 obligat.
761 2852 839 2879 Prior
852 2852 983 2889 obligatio
996 2864 1051 2881 non
1065 2864 1106 2881 re·
1168 2857 1256 2892 quior.
1328 2857 1428 2886 Natant
1442 2859 1547 2895 obliqui
1562 2860 1589 2887 in
1602 2867 1687 2895 caput,
1707 2862 1726 2889 i.
1750 2863 1775 2889 T
1772 2865 1901 2898 ransuerfi
1916 2865 1954 2893 Id.
1970 2876 1995 2901 9,
2008 2876 2051 2901 29.
2071 2873 2101 2896 cle
2117 2872 2229 2898 cancris.

47 2881 185 2908 suscitatur
198 2890 230 2909 ex
242 2891 316 2910 nouo
336 2884 413 2917 patilo
443 2885 546 2911 Paullus
565 2884 594 2911 in
607 2885 626 2912 l.
652 2886 679 2913 Si
697 2896 773 2914 vnuS.
793 2889 816 2922 §.
836 2888 910 2916 Idem
927 2889 1049 2917 dicimus.
1071 2891 1104 2918 D.
1117 2896 1150 2924 75
1166 2894 1243 2928 Virg.
1258 2893 1356 2928 Georg.
1371 2904 1391 2928 1,
1405 2901 1435 2928 93
1456 2896 1553 2922 Rursus
1567 2896 1595 2923 in
1609 2897 1751 2932 obliquum
1767 2900 1843 2926 verso
1857 2903 2006 2937 perrumpit
2017 2911 2116 2932 aratro.
2173 2907 2230 2933 Fle-

50 2916 83 2943 de
98 2917 189 2951 pactis.
296 2919 427 2946 Reuocari
446 2920 475 2946 in
491 2920 684 2955 obligat-ionem
718 2923 822 2951 Paullus
841 2924 871 2951 in
890 2925 907 2954 l.
934 2927 1007 2953 Inter
1024 2926 1104 2962 stipu-
1168 2938 1215 2956 xus
1228 2929 1256 2956 in
1271 2929 1413 2964 obliquum
1441 2932 1506 2958 Plin.
1522 2941 1548 2965 9,
1561 2940 1595 2964 31.
1685 2933 1776 2961 Setius
1789 2934 1818 2962 in
1835 2936 1978 2971 obliquum
1990 2940 2026 2967 est
2038 2941 2114 2968 limes
2146 2941 2227 2968 Ouid.

49 2952 156 2979 lautem.
176 2954 198 2987 §.
217 2954 319 2981 Sacram
334 2964 400 2982 rem.
427 2956 459 2983 D.
479 2955 511 2983 de
529 2956 674 2984 verborum
692 2958 802 2994 obligat.
908 2962 1029 2990 Soluitur
1049 2968 1105 2989 tota
1168 2966 1234 2992 Met.
1249 2974 1276 2998 2,
1290 2974 1343 2998 ¹30·
1415 2961 1575 3002 Obliquum,
1595 2969 1794 2998 Aduerbialiter.
1845 2973 1921 3008 Apul.
1933 2975 1998 3002 Met.
2011 2984 2023 3008 3
2045 2986 2068 3010 p.
2084 2985 2131 3009 140
2159 2978 2229 3003 Ocu-

2 3016 4 3024 Ι
48 2986 179 3022 obligatio
205 2989 309 3016 Paullus
322 2990 352 3017 in
366 2991 384 3018 l.
403 2992 429 3018 Si
443 3001 520 3019 vnus.
534 2993 557 3026 §.
574 2993 601 3019 Si
615 3003 675 3020 eum
687 2995 764 3022 mihi.
784 2997 817 3023 D.
831 2996 864 3024 de
875 2997 968 3033 paffis.
1040 2998 1104 3026 Sub·
1167 3002 1200 3028 lis
1213 3001 1354 3035 obliquum
1367 3003 1515 3037 respiciens.
1756 3014 1772 3032 2
1808 3009 1856 3033 Ad
1873 3018 1964 3043 mmsses,
1983 3020 2110 3045 eorumque
2122 3012 2227 3044 simula.

4 3044 5 3048 ,
38 3030 172 3055 ‚mouetur
185 3030 240 3052 tota
255 3025 386 3061 obligatio
423 3027 526 3055 Paullus
547 3028 608 3056 inl.
628 3030 655 3056 Si
669 3039 744 3058 vnus.
764 3033 786 3066 §.
810 3033 837 3060 Si
850 3043 911 3060 cum
924 3034 1002 3061 mihi.
1023 3035 1056 3062 D.
1071 3034 1104 3061 de
1168 3047 1227 3069 cra,
1247 3037 1323 3064 verba
1343 3039 1450 3064 relatum
1470 3039 1512 3064 boc
1526 3047 1612 3064 nomen
1630 3041 1748 3067 occultum
1767 3043 1902 3077 quiddam,
1922 3046 2072 3080 malignum,
2108 3048 2225 3082 dolosum,

49 3059 140 3094 pactis.
257 3062 404 3089 Venuleius
422 3063 451 3090 in
471 3064 488 3090 l.
513 3064 611 3099 Sipreus
625 3066 806 3100 promittendi.
828 3069 861 3097 D.
881 3070 914 3096 de
932 3069 1036 3097 duobus
1051 3071 1103 3097 reis
1117 3072 1150 3098 80
1160 3073 1300 3108 significat,
1320 3073 1469 3108 Metaphora
1482 3074 1512 3099 ab
1527 3074 1641 3108 obliquo
1647 3075 1766 3109 ferarum
1782 3082 1936 3112 quw-undam
1947 3082 2035 3115 dente,
2054 3088 2098 3107 aut
2110 3083 2197 3109 illinus
2208 3093 2226 3110 a

53 3094 239 3123 constituendis
251 3106 260 3123 1
296 3098 323 3124 51
343 3107 403 3125 reus
422 3100 599 3134 promittendi
617 3101 693 3129 alteri
712 3112 760 3131 reo
778 3103 854 3132 heres
873 3105 1014 3133 exstiterit:
1041 3106 1105 3133 duas
1166 3109 1247 3134 latere
1258 3109 1413 3134 venientibus
1426 3110 1517 3136 trm‘t'a.
1589 3110 1721 3144 Qtinffil..
1735 3122 1766 3146 9,
1781 3122 1811 3146 2,
1824 3121 1855 3148 37
1886 3114 2019 3149 Obliquae
2034 3117 2226 3152 Allocutiones,

55 3127 228 3163 obligationes
245 3132 378 3160 Sustinere
389 3143 451 3162 eum
464 3135 605 3163 dicendum
619 3137 668 3164 est:
694 3147 754 3166 nam
767 3140 814 3167 vbi
834 3141 943 3175 quidem
958 3142 1039 3169 altera
1055 3142 1106 3169 dif-
1166 3153 1272 3178 quarum
1287 3144 1371 3169 auxflor
1389 3154 1436 3170 non
1457 3153 1606 3172 memoratur
1620 3147 1651 3172 ab
1667 3147 1787 3182 hzstorico.
1859 3150 1988 3185 Ambages
2007 3152 2133 3187 obliquae
2153 3155 2225 3182 Mer-

5 3195 6 3198 *
54 3162 165 3191 ferentia
175 3167 368 3202 obligationum
382 3172 430 3198 etse
451 3172 525 3206 potiit
544 3175 591 3205 (vt
612 3173 640 3199 in
660 3173 811 3203 fideiuffore
830 3183 856 3204 et
876 3187 924 3205 reo
943 3178 1106 3213 principali)
1167 3179 1235 3206 curii
1260 3179 1384 3207 Martian.
1399 3181 1506 3215 Capella
1521 3190 1540 3208 1.
1611 3183 1673 3210 Stat.
1686 3183 1777 3210 Theb.
1792 3194 1831 3217 12,
1846 3188 1889 3216 ς36
1915 3186 2036 3213 Atthides
2050 3187 2175 3224 obliquae
2188 3192 2226 3218 se-

55 3198 152 3225 constat
167 3200 270 3230 alteram
284 3205 316 3232 ab
329 3206 409 3233 altera
428 3208 541 3242 perimi3
561 3217 643 3243 quum
663 3219 729 3236 vero
748 3211 815 3239 duae
834 3213 954 3240 eiusdem
972 3214 1105 3249 potestatis
1167 3224 1228 3241 cum
1257 3215 1391 3243 mirantur
1408 3223 1504 3251 operto
1523 3226 1675 3252 murmure,
1696 3219 1767 3254 quod
1789 3220 1870 3246 nitidi
1888 3222 1973 3248 crines
1992 3231 2035 3249 etc.
2060 3227 2180 3258 inuidae,
2199 3234 2224 3253 ee

52 3233 116 3274 tint:
138 3243 192 3261 non
207 3239 288 3270 potest
306 3242 429 3277 reperiri,
446 3252 527 3277 quare
540 3244 620 3271 altera
634 3246 722 3279 potius
737 3256 815 3282 quam
827 3250 908 3276 altera
923 3251 1106 3282 consumatur,
1122 3252 1151 3281 83
1166 3252 1305 3276 clanculum
1319 3251 1481 3287 suspicientes
1498 3254 1565 3280 limis
1577 3255 1662 3280 oculis.
1733 3254 1773 3282 Id.
1788 3255 1851 3284 Silu.
1866 3265 1875 3283 1
1885 3277 1893 3290 ,
1907 3266 1937 3291 2,
1956 3264 1986 3292 27
2018 3260 2134 3287 Carmen
2155 3261 2225 3288 obli-

52 3268 170 3305 ideoque
187 3277 215 3310 ct
228 3272 246 3299 st
258 3282 317 3302 reus
334 3278 474 3313 stipulandi
492 3279 568 3307 heres
583 3280 725 3308 exstiterit:
747 3283 810 3310 duas
822 3285 919 3320 species
932 3286 1105 3321 obligationis
1167 3295 1249 3321 quum
1268 3286 1304 3313 est
1316 3288 1457 3323 obscurum,
1481 3290 1525 3315 vbi
1542 3289 1710 3315 Violantillam
1724 3290 1798 3324 suam
1813 3291 1888 3317 Stella
1906 3293 1966 3319 terto
1978 3294 2109 3330 Asteridos
2126 3299 2223 3324 nomine

55 3314 118 3345 eum
134 3305 267 3335 sustinere.
359 3314 475 3342 Iulianus
495 3316 522 3342 in
544 3317 561 3343 l.
582 3318 657 3350 Quae
670 3318 839 3347 extrinsecus.
859 3321 891 3348 D.
911 3321 944 3349 de
958 3323 1105 3349 verborum
1165 3323 1311 3350 celebrabat.
1385 3324 1457 3351 Flor.
1470 3334 1504 3358 4,
1525 3333 1555 3357 2,
1572 3333 1588 3358 9
1620 3325 1686 3351 Cato
1698 3326 1820 3354 aduersus
1833 3334 1951 3362 potentes
1970 3330 2070 3365 semper
2086 3331 2223 3368 Obliquus,

55 3340 163 3375 obligat.
201 3342 252 3382 Pro
269 3343 433 3379 superuacuis
450 3349 631 3386 habebuntur,
657 3363 705 3381 nec
731 3355 872 3383 Vitiabunt
900 3358 1104 3392 obligationem.
1164 3358 1184 3384 ι’.
1205 3358 1336 3391 infidiam.
1409 3360 1476 3387 Sext.
1491 3362 1554 3388 Aur.
1568 3360 1639 3387 Vici.
1658 3361 1726 3395 Epit.
1747 3371 1762 3395 9
1794 3364 1823 3387 a'e
1840 3363 1998 3401 Vespasiano,
2022 3367 2222 3396 Causidicorum

53 3373 76 3414 q
96 3386 108 3403 2
155 3378 312 3406 Societatem
324 3382 395 3410 coire
414 3384 446 3412 ad
467 3386 659 3422 obligationem
679 3390 864 3419 innocentium
895 3394 912 3421 l.
928 3403 936 3419 1
956 3395 989 3420 D.
1005 3395 1028 3428 §.
1043 3403 1051 3419 1
1071 3393 1103 3419 ad
1167 3393 1276 3429 obliqua
1291 3394 1370 3422 Dicta
1382 3402 1570 3423 contemneret.
1624 3397 1725 3423 Ductus
1739 3398 1867 3424 orationis
1881 3398 2016 3437 obliquus,
2032 3409 2071 3438 ap.
2084 3403 2220 3432 Fortunat.

51 3412 82 3440 L.
96 3413 177 3440 Corn.
197 3413 229 3440 de
250 3414 304 3441 fals.
324 3419 389 3450 quod
403 3419 582 3456 interpretante
594 3424 729 3459 Bynkersh.
744 3428 799 3464 Obs.
814 3437 842 3462 3,
858 3438 884 3463 ¹9
905 3439 930 3464 p.
946 3439 989 3462 303
1016 3429 1050 3465 est
1070 3431 1107 3455 ad
1116 3434 1152 3459 90
1165 3430 1242 3456 Rhct.
1257 3439 1265 3456 1
1283 3439 1309 3465 p.
1325 3440 1351 3463 41
1366 3439 1390 3457 et
1402 3440 1438 3464 42
1463 3441 1545 3466 quum
1560 3432 1644 3466 palam
1659 3433 1745 3459 dicere
1760 3433 1905 3468 periculum
1919 3436 2040 3472 impedit.
2115 3441 2221 3467 Sueton.

77 3484 82 3489 ,
130 3485 136 3489 ,
581 3461 720 3496 Obligatio
739 3463 843 3499 linguae
877 3465 968 3492 Iustin.
984 3474 1020 3498 13,
1033 3472 1066 3498 7,
1083 3475 1101 3492 1.
1165 3465 1267 3492 Domit.
1287 3475 1309 3493 c.
1323 3476 1336 3493 2
1370 3467 1532 3494 Defuudhim
1555 3468 1680 3501 (fratrem
1698 3469 1801 3503 Titum)
1823 3470 1895 3504 saepe
1915 3473 2005 3507 carpsit
2025 3473 2142 3510 obliquis
2163 3485 2221 3502 ora-

51 3483 184 3511 Ftrmtcus
197 3486 222 3517 6,
237 3494 260 3518 ¹7
290 3486 414 3514 Saturnus
428 3495 453 3516 et
466 3492 612 3522 Mercurius
625 3497 743 3532 linguam
760 3500 837 3527 tardo
854 3501 920 3527 sono
934 3501 1007 3529 vocis
1022 3501 1103 3535 impe·
1162 3502 1283 3529 tionibus
1298 3509 1323 3529 et
1336 3502 1443 3530 Edictis.
1504 3503 1619 3530 Martial.
1628 3511 1655 3538 7,
1665 3506 1691 3529 61
1711 3504 1742 3530 Et
1756 3510 1830 3532 notet
1843 3506 1951 3542 obliqua
1963 3510 2116 3543 garrulitate
2129 3512 2221 3545 cliens,

53 3518 146 3560 diunt,
166 3520 203 3546 ita
216 3527 245 3560 yt
264 3521 291 3548 111
312 3522 379 3563 ipsis.
390 3524 523 3564 faucibus,
542 3531 621 3558 tardis
639 3535 778 3562 conatibus
796 3536 927 3572 impedita
945 3536 1026 3563 verba
1039 3536 1102 3564 defi.
1163 3538 1181 3564 i.
1199 3539 1293 3564 occulta
1307 3540 1342 3564 ad
1352 3548 1436 3564 aurem
1447 3547 1472 3565 et
1484 3540 1605 3574 maligna.
1671 3538 1814 3568 Tar-nnn.
1824 3550 1863 3575 14,
1880 3552 1929 3576 ¹¹24
1955 3545 2095 3573 insufflatio
2110 3547 2219 3581 obliqua

10 3563 11 3566 ¹
54 3561 132 3589 ciant,
151 3561 196 3583 aut
208 3556 311 3592 linguae
324 3558 488 3594 obl1gat10ne
502 3566 704 3596 confundantur.

1163 3580 1314 3608 temporum
1330 3573 1549 3602 Claudianorum.
1622 3574 1731 3607 innct.
1747 3585 1772 3609 9,
1788 3585 1812 3610 2,
1823 3584 1858 3612 79
1882 3579 1993 3606 Iaculari
2007 3581 2034 3607 in
2050 3591 2158 3609 vxorcm
2172 3583 2220 3609 ob-

94 3597 113 3617 o
124 3597 165 3618 BL
175 3598 244 3618 rGA
254 3599 277 3618 M
287 3600 304 3619 Ε
314 3600 336 3620 Ν
347 3600 370 3621 Τ
383 3601 404 3620 V
416 3602 441 3622 M
452 3617 460 3629 ,
487 3597 506 3624 i.
542 3609 583 3627 ns
605 3602 722 3632 Tei-tull.
735 3605 768 3633 de
782 3607 891 3634 Corona
908 3618 929 3635 c.
946 3618 970 3641 14
985 3615 1027 3644 pr.
1052 3609 1100 3635 Ca·
1113 3612 1145 3639 95
1162 3609 1243 3644 liquis
1259 3610 1403 3636 sententiis.
1466 3612 1497 3636 Et
1517 3609 1583 3637 ibid.
1597 3618 1633 3642 94
1661 3610 1844 3640 Postulandum
1857 3614 1903 3649 est,
1923 3622 1950 3642 vt
1963 3616 2030 3643 illud
2045 3619 2131 3644 nescio
2144 3617 2219 3651 quid,

57 3631 104 3659 put
122 3635 154 3653 ne
173 3627 321 3656 velamento
340 3631 446 3664 quidem
467 3632 631 3670 obnoxium,
649 3641 746 3668 nedum
764 3642 954 3678 obligamento.
1027 3644 1102 3672 Idem
1163 3645 1236 3680 quod
1247 3645 1391 3672 aduersarii
1407 3645 1525 3680 obliquis
1539 3645 1673 3672 sententiis
1692 3646 1838 3681 significare
1858 3651 2009 3685 voluerint,
2029 3652 2046 3679 si
2066 3653 2160 3680 fiducia
2179 3653 2218 3685 fit,

46 3659 90 3687 de
105 3660 199 3689 Idolol.
212 3672 233 3689 c.
247 3672 271 3697 ις
299 3666 513 3695 Consecrationis
526 3670 740 3706 obligamentum,
1162 3681 1292 3708 obiiciant
1305 3682 1404 3716 palam;
1427 3688 1471 3708 aut
1492 3687 1561 3708 certe
1574 3690 1627 3707 non
1643 3682 1763 3717 exigant,
1782 3690 1825 3717 vt,
1845 3686 1917 3720 quod
1936 3687 1981 3721 ipsi
1995 3697 2049 3715 non
2063 3689 2159 3715 audent
2178 3688 2216 3714 di-

96 3701 116 3724 Ο
126 3703 142 3723 Β
152 3703 169 3723 1.
179 3704 246 3726 IGA
257 3706 280 3727 Τ
291 3702 341 3728 &R
351 3709 373 3729 Α
384 3723 392 3735 ,
412 3712 451 3730 ac.
488 3704 507 3730 f.
545 3706 624 3733 Glofl‘.
638 3709 696 3738 Vet.
710 3713 765 3740 Lat.
781 3714 829 3741 Gr.
850 3718 1007 3746 καταδέσμσε.
1163 3726 1232 3750 cere,
1247 3717 1273 3743 id
1287 3717 1387 3743 iudices
1402 3726 1457 3744 non
1471 3717 1552 3743 modo
1565 3716 1721 3751 intelligant,
1739 3719 1781 3746 sed
1795 3721 1875 3748 etiam
1887 3722 2000 3750 credant.
2072 3723 2216 3755 symmach.

95 3737 116 3758 0
126 3737 142 3757 li
151 3738 167 3759 1.
176 3739 244 3761 IGA
253 3742 275 3763 ‘r
287 3738 308 3764 ὁ
318 3743 337 3763 R
350 3746 359 3764 1
370 3745 410 3765 vs
421 3757 429 3770 ,
448 3749 462 3766 a
471 3761 479 3773 ‚
498 3750 552 3768 um.
584 3742 643 3769 Adi.
673 3746 751 3774 Gloff,
761 3750 820 3776 vet,
835 3751 890 3777 Lat,
904 3752 950 3777 Gr,
965 3752 1101 3783 thomtay,
1165 3753 1211 3787 Ep,
1223 3763 1250 3785 3,
1264 3758 1292 3783 38
1324 3753 1413 3786 Qare
1426 3762 1502 3788 parce
1515 3752 1628 3786 obliquo
1641 3753 1701 3780 stilo
1720 3755 1844 3789 caedere,
1867 3758 1939 3792 quod
1960 3758 2093 3793 displicere
2107 3758 2215 3785 auribus

58 3766 108 3799 5¹⁶⁶,
126 3767 274 3798 M³¹¹d³tum
287 3772 477 3809 obligatorium
507 3777 568 3804 Inst.
583 3777 624 3804 tit.
639 3778 671 3805 de
684 3781 806 3811 Mandato
825 3784 848 3822 §.
862 3793 885 3815 8.
1108 3789 1214 3815 motuis
1236 3789 1323 3815 timul.
1526 3786 1547 3824 ff
1573 3797 1583 3820 3
1625 3791 1704 3824 Apud
1717 3791 1895 3818 Grammaticos
1914 3793 2039 3828 obliquus
2053 3795 2120 3820 casus
2139 3792 2214 3818 reolo

12 3828 13 3836 1
56 3822 57 3825 ¹
95 3807 142 3843 ,ΟΒ
153 3809 170 3829 Ῑ·
179 3807 294 3834 1Gx7R1
303 3814 340 3843 0,
375 3811 414 3837 5¹¹1
441 3813 485 3837 'vel
508 3811 528 3839 ii
538 3833 546 3846 ‚
578 3815 645 3839 itum
654 3833 662 3846 ,
688 3818 735 3843 ire.
777 3820 976 3857 [καταλιχνιύω]
1014 3823 1101 3848 Multa
1162 3825 1300 3860 opponitur,
1316 3833 1342 3849 v.
1351 3833 1380 3858 g.
1401 3823 1532 3856 Qunetil.
1547 3833 1564 3856 1,
1578 3827 1605 3858 6,
1619 3833 1658 3852 22.
1729 3827 1779 3852 Sed
1788 3828 1865 3853 latius
1874 3835 1944 3862 pqtet
1955 3829 1998 3855 illa
2011 3828 2134 3864 appellatio
2147 3827 2215 3861 apud

12 3844 13 3851 ¹
57 3838 131 3879 ‘'ufdff
150 3838 298 3878 ‘mn-sumen,
320 3852 345 3870 θ’
355 3845 509 3881 suauitatem
529 3858 561 3874 ex
580 3850 716 3876 edulivrum
737 3855 895 3888 consumtione
913 3865 1014 3893 capere:
1034 3860 1101 3884 vnde
1160 3861 1260 3886 eundem
1274 3869 1292 3890 1,
1305 3861 1330 3891 6,
1343 3868 1370 3885 10
1399 3859 1486 3886 Prima
1499 3859 1594 3894 politio
1613 3869 1644 3887 ex
1658 3860 1774 3896 obliquis
1789 3862 1939 3891 inuenitur:
1958 3872 1983 3890 et
2001 3866 2081 3890 vritur
2097 3862 2212 3896 exemplo,

56 3880 132 3898 ettam
140 3880 187 3908 pro
199 3875 349 3905 patrimonii
357 3883 498 3916 profufione
504 3883 620 3919 sumitur.
693 3885 749 3913 Cic.
761 3887 790 3914 in
801 3890 878 3920 Catil.
892 3901 917 3926 2,
931 3902 959 3919 10
981 3903 1001 3920 c.
1016 3903 1028 3924 5
1055 3894 1100 3920 Pa·
1159 3897 1226 3930 quod
1237 3895 1325 3930 pepigi
1344 3904 1375 3919 ex
1388 3903 1473 3929 pango
1485 3895 1590 3930 probari
1598 3895 1677 3931 poffit.

55 3907 184 3948 ίΐῖξῐῑοηίᾶ
197 3910 240 3936 sua
257 3914 448 3951 profuderunt,
466 3919 585 3946 fortunas
606 3921 662 3947 suas
681 3921 890 3962 obligurierunt:
911 3938 952 3956 res
971 3938 1017 3957 eos
1036 3938 1101 3957 1am-
1196 3931 1292 3957 OBLi
1301 3936 1354 3970 ἦν
1366 3936 1393 3957 E.
1430 3930 1498 3957 Adu.
1535 3932 1673 3971 [Τλαγίωὴ
1705 3932 1813 3968 δὸκμιπ]
1848 3934 1890 3959 cui
1906 3934 2055 3974 ⁶03¹!'‘{'³'i¹‘m
2074 3930 2109 3970 ‘st
2130 3932 2209 3960 Rem·

14 3971 15 3985 ξ
50 3943 175 3979 pridem,
191 3944 261 4010 ligea
268 3948 380 4017 {effelmi}
399 3963 483 3990 nuper
497 3956 593 3992 coepit.
628 3958 674 3984 Al.
695 3957 902 3993 Abligurierunt.
1108 3968 1154 3996 105
1162 3966 1220 3995 Cic.
1234 3967 1267 3994 de
1279 3965 1367 4029 finib.
1376 3974 1394 3999 1,
1402 3975 1432 3993 20
1448 3969 1494 3993 c.6
1519 3967 1637 3995 Primum
1651 3968 1702 3996 erit
1715 3968 1767 3995 hoc
1779 3968 1848 4004 quati
1860 3976 2011 4004 prouincias
2026 3974 2121 3992 atomis
2136 3967 2208 4037 dlq'raee,

14 3993 15 4018 3
287 4003 295 4011 .
381 4008 389 4016 .
1360 4007 1370 4028 ἴ
1383 4007 1393 4029 ⁸
