2517 4231
31 265 151 308 -1089
456 254 486 295 P
569 255 602 295 R
685 255 723 296 O

58 344 207 374 curatorib.
277 345 420 373 Veterator
442 344 554 380 quidam
580 344 770 381 procuratorio
791 342 903 372 nomine
925 350 1002 381 caput
1023 345 1123 373 extulit

56 382 207 414 Synuuach.
218 381 264 416 Ep.
279 389 302 414 5,
315 383 359 408 66.
435 381 562 417 Exceptio
581 381 769 418 procuratoria
782 380 944 415 Pomponius
963 382 993 408 in
1008 382 1026 409 l.
1039 382 1073 410 ad
1087 382 1125 410 le-

59 424 151 453 gatum
164 418 197 445 D.
217 416 250 444 de
263 417 492 452 procuratoribus.

95 460 140 481 PR
151 459 171 480 0
181 459 199 479 C
208 459 230 479 V
241 459 260 480 R
271 460 288 480 R
299 460 335 485 Ο,
357 455 447 486 curri,
465 453 587 485 cursum,
608 454 661 480 ἕιε.
697 451 861 487 [προτρέχω]
904 454 996 486 Vlera,
1005 452 1060 488 flue
1072 454 1125 480 10⁷1-

78 498 91 516 e
108 498 218 517 currere.
256 489 389 516 Columcl.
403 492 429 520 6,
442 499 469 522 2,
483 498 499 523 9
531 490 570 516 Ex
584 488 696 515 domitis
711 487 812 520 bubus,
826 489 1028 516 valentissimum
1038 510 1047 523 ,
1060 498 1126 516 eun-

59 499 178 561 gemque
195 525 397 560 placidissimum
419 534 480 552 cum
499 525 637 552 indomito.
649 524 801 558 iungimus,
814 527 862 560 qni
880 531 906 552 et
922 533 1125 560 procurrentem

59 563 197 594 retrahat,
211 567 237 588 et
256 562 426 589 cunc'tantem
440 561 576 597 producat.
632 560 706 586 Caes.
722 561 750 586 B.
764 562 797 587 G.
813 569 836 596 ς,
852 569 885 595 34
911 561 1028 596 Qioties
1045 569 1126 596 quae-

59 607 114 634 que
132 597 230 624 cohors
248 604 438 632 procurrerat,
457 598 490 624 ab
503 605 534 623 ea
550 600 626 631 parte
645 605 755 631 magnus
774 596 890 624 hostium
910 606 1036 624 numerus
1050 596 1126 624 cade-

60 632 115 661 bat.
151 633 225 660 Idem
239 635 269 662 B.
283 635 315 661 C.
330 643 353 667 3,
367 643 406 667 93.
444 634 486 661 Sic
503 641 520 659 α
537 631 572 658 ud
587 631 664 666 Virg.
682 634 749 659 Aen.
765 641 793 666 9,
806 635 859 665 690
885 634 1045 660 Procurrere
1066 633 1126 660 lon-

59 670 130 706 gius.
186 670 229 696 Ad
248 677 362 697 mortem
385 670 451 696 Plio.
465 669 523 702 Epis
539 687 545 694 .
567 677 586 700 ι,
606 676 646 694 22.
683 667 724 695 Ad
744 677 805 696 oras
827 669 933 696 Lucret.
954 677 975 702 Ι,
998 672 1056 703 968.
1094 670 1125 696 In

59 706 118 740 vias
131 705 193 732 Liu.
207 715 234 739 4,
246 715 293 741 40.
332 707 362 733 In
378 705 515 740 publicum
536 703 610 730 Idem
626 713 669 736 34,
682 713 707 731 2.
746 706 777 730 In
796 713 912 740 pugnam
932 705 1041 732 Colum.
1062 714 1089 741 7,
1105 714 1127 738 3.

60 743 94 769 In
110 742 215 775 aciem,
234 742 290 770 vid.
311 749 411 769 Aeliis.
448 739 524 776 Conf.
540 740 667 766 Drakcnl».
689 740 724 767 ad
742 740 789 768 Sil.
804 748 833 776 7,
853 743 911 773 566.
969 743 1130 768 Procurrere

0 789 7 799 κ
30 785 34 791 ·
60 780 138 805 etlam
157 777 277 805 dicuntur
297 779 405 809 milites,
419 785 491 812 quum
512 783 584 802 extra
604 776 705 802 ordines
718 777 898 812 praeliantur,·
920 778 985 812 quod
1004 781 1079 804 ceiam
1095 776 1131 804 ad

59 821 189 847 oratorum
210 812 364 848 excursiones
383 819 458 838 tram
476 820 562 838 crtur:
581 811 634 838 vicl.
651 813 736 838 Burm.
756 812 791 839 ad
808 811 942 846 Qine'til.
958 823 985 846 4,
1000 822 1012 846 3
1035 823 1059 848 p.
1073 816 1128 846 356.

61 850 143 876 Vitae
164 851 277 885 spatium
302 848 370 884 pede
393 849 524 874 inorienso
544 847 627 875 Ouid.
647 848 734 874 Trisl.
756 857 783 880 3,
803 857 838 882 4,
857 856 895 880 33.
914 851 948 874 ol.
970 850 1129 877 Decurrere.

59 886 177 922 Meeaph.
198 887 360 913 Procurrere
375 884 403 910 in
416 884 591 911 Occidentem
606 883 741 910 Columel.
757 886 784 916 6,
798 892 842 919 27,
858 892 884 919 7.
898 883 928 910 dc
942 892 1031 911 monte.
1089 886 1131 913 Sic

59 921 145 948 Ouid.
161 921 227 949 Fast.
240 931 269 955 4,
282 929 332 954 419
361 921 455 947 Terra
473 920 561 947 tribus
583 920 697 955 scopulis
709 920 812 946 vallum
829 921 967 955 procurrit
984 921 1012 947 in
1028 929 1131 956 aequor

38 978 40 980 »
59 956 215 990 Trinacris,
227 964 274 984 etc.
292 961 311 983 ι’.
332 956 507 984 protenditur.
580 957 611 982 In
631 964 704 982 marc
722 956 861 991 procurrit
879 957 1036 991 Apenninus
1058 958 1128 984 Hor.

58 993 81 1021 Ε
101 993 145 1020 od.
161 994 191 1020 16
214 1002 229 1020 2
252 1013 258 1019 .

0 1054 1 1063 ,
81 1001 112 1055 p?
123 1035 143 1056 R
156 1035 176 1056 ο
187 1014 204 1056 ὅ
214 1001 264 1056 v9R
273 1035 293 1055 R
303 1035 320 1055 F.
329 1035 351 1055 N
359 1036 372 1055 s
381 1049 390 1062 ,
417 1028 494 1055 entis.
525 1027 620 1054 Partie.
659 1028 837 1063 [προτρὲχων]
873 1028 1037 1055 Procurrens
1059 1027 1130 1055 sinus

26 1063 29 1066 “
57 1064 132 1092 inter
145 1064 201 1092 duo
214 1065 300 1092 maria
314 1065 381 1092 Plin.
397 1074 424 1097 4,
440 1073 473 1091 11.
545 1064 624 1099 Virg.
638 1066 704 1090 Aen.
718 1071 742 1096 5,
755 1072 810 1097 204
830 1064 928 1091 Infelix
944 1065 1011 1091 saxis
1024 1064 1052 1090 in
1066 1073 1130 1099 pro-

56 1101 230 1128 currentibus
251 1101 342 1128 hacsit.
369 1103 388 1127 i.
403 1109 427 1127 e.
455 1099 701 1131 Praeminemibus,
716 1106 742 1126 et
763 1100 850 1126 veluti
871 1101 982 1128 obuiam
997 1101 1130 1128 venienti-

57 1137 110 1165 bus
125 1138 243 1165 Seruius.
299 1138 463 1164 Procurrens
476 1136 582 1170 gurgite
597 1143 694 1170 pontus
713 1135 791 1171 Virg.
807 1136 874 1163 Aen.
892 1145 924 1169 11,
937 1139 998 1170 624.
1055 1138 1130 1164 Vnus

57 1182 92 1201 ex
107 1174 282 1201 multitudine
302 1181 461 1208 procurrens
483 1173 558 1199 Caes.
573 1173 602 1199 B.
617 1173 650 1199 G.
666 1181 689 1206 5,
702 1180 743 1205 43.
814 1173 976 1200 Procurrens
991 1174 1020 1200 in
1042 1173 1130 1209 longi-

60 1210 185 1238 tudinem
200 1210 277 1237 radix
293 1210 361 1237 Plin.
377 1214 414 1241 ιε,
431 1217 466 1242 ¹3·

97 1252 112 1272 r
123 1252 144 1272 R
154 1253 173 1274 ο
182 1253 200 1274 c
209 1253 230 1273 v
240 1253 260 1273 R
270 1253 283 1273 s
296 1252 315 1272 v
325 1253 356 1278 s,
376 1245 415 1272 iis.
444 1254 480 1272 m.
516 1241 723 1279 [προδρὸμημα]
761 1244 824 1272 Liu.
839 1252 883 1276 22,
897 1254 927 1279 4¹
940 1253 981 1282 pr.
1009 1245 1130 1273 Tumul-

57 1282 151 1309 mario
170 1282 289 1318 praelio,
307 1291 336 1309 ae
351 1282 479 1316 procursu
493 1280 577 1315 magis
596 1280 735 1313 militum,
748 1290 829 1316 quam
842 1291 874 1308 ex
891 1289 1063 1317 praeparato,
1084 1287 1131 1309 aut

60 1318 128 1344 iussu
151 1319 348 1354 imperatorum
361 1324 440 1350 orto,
467 1317 675 1352 haudquaquam
698 1325 746 1352 par
773 1317 869 1344 Poenis
895 1319 1035 1346 dimicatio
1066 1319 1130 1345 fuit.

60 1353 180 1389 Rapidus
200 1353 343 1390 procursus
368 1354 444 1388 Virg.
466 1355 533 1383 Aen.
555 1361 591 1384 12,
611 1360 662 1388 711.
766 1354 867 1389 Magno
887 1356 1015 1390 procursu
1035 1355 1131 1389 agebat

56 1398 142 1426 equos
162 1391 225 1418 Stat.
238 1390 334 1417 Theb.
349 1386 375 1423 ’9,
395 1397 430 1423 25.
492 1385 604 1416 ‘Faciles
625 1388 720 1416 sternit
738 1390 908 1425 procursibus
933 1391 1029 1418 herbas
1054 1391 1130 1418 Idem

57 1425 127 1454 ibid.
141 1436 165 1459 4,
179 1432 240 1462 787.
314 1428 346 1453 Et
359 1425 455 1453 Theb.
469 1427 496 1458 6,
511 1430 564 1460 847
591 1425 661 1452 Petit
680 1434 783 1461 aequor
804 1433 918 1462 vterque
933 1427 1064 1455 Procursu
1076 1437 1131 1454 me-

57 1462 145 1491 dium.
219 1463 370 1490 Procurs'usv
382 1461 526 1496 angulosus
545 1461 611 1488 Plin.
625 1469 648 1495 5,
664 1471 701 1488 10.
773 1463 879 1491 Lucret.
900 1472 922 1495 2,
937 1472 991 1499 454
1011 1464 1039 1490 de
1058 1464 1131 1491 rebus

51 1498 164 1535 fluidis,
187 1499 220 1525 Et
240 1499 382 1534 procursus
405 1498 472 1525 item
490 1497 520 1524 in
539 1497 661 1532 procliue
679 1497 811 1526 volubilis
830 1499 922 1526 exstat.
998 1501 1132 1536 Aequoris

58 1534 150 1571 infesti
164 1534 334 1569 procursibus
355 1531 452 1561 Auie'n.
466 1534 569 1569 Perieg.
585 1542 636 1567 555.
720 1535 835 1563 Tralata.
864 1536 924 1563 Val.
940 1537 1012 1563 Max.
1024 1545 1047 1570 3,
1060 1545 1076 1564 2
1083 1543 1130 1573 pr.

57 1571 142 1599 Initia
159 1571 358 1606 procursusque
370 1571 481 1597 virtutis
496 1570 679 1606 patefecimus.
906 1576 908 1580 ’

96 1613 112 1633 Ρ
123 1613 225 1634 Rocv
234 1613 253 1634 ι(
263 1613 276 1633 s
288 1614 344 1640 10,
364 1607 434 1633 ὂηὶς.
455 1607 475 1633 f.
512 1604 671 1642 [ηοδρομὴ]
709 1605 843 1642 Excurfio,
855 1609 897 1635 vel
912 1607 1029 1645 digrcffio
1045 1618 1061 1635 α
1073 1619 1132 1636 cau.

49 1641 95 1680 sti.
132 1642 267 1677 Qtintffil.
282 1652 311 1676 4,
325 1652 348 1676 3,
362 1651 378 1676 9
403 1643 469 1670 Non
490 1643 595 1678 semper
608 1642 646 1669 est
659 1644 803 1670 necessaria
815 1644 873 1678 post
886 1646 1071 1671 narrationem
1084 1645 1132 1672 illa

59 1679 207 1714 procursio.
248 1679 308 1706 Via.
324 1678 438 1714 Egredi,
452 1686 502 1715 pro
521 1679 650 1715 Digredi,
671 1682 699 1704 in
721 1686 896 1708 EGREDIOR.
970 1681 1017 1708 Sed
1028 1685 1133 1717 proprie

59 1714 194 1749 Quinfilil.
209 1723 242 1746 11,
253 1723 279 1748 3,
294 1717 341 1742 126
361 1716 404 1742 vbi
423 1715 453 1741 de
466 1714 556 1750 pedum
567 1713 676 1751 gestibus
688 1716 818 1751 loquitur:
853 1717 982 1743 Varicare
997 1717 1077 1752 pedes
1092 1719 1133 1744 su-

59 1759 108 1786 pra
122 1749 251 1784 modum,
271 1758 298 1778 et
317 1752 346 1777 in
367 1751 460 1778 stando
473 1750 598 1777 deforme
617 1750 669 1782 est,
684 1757 710 1777 et
723 1752 864 1778 accedente
885 1759 961 1779 motu
982 1762 1068 1787 prope
1082 1753 1130 1779 ob-

60 1787 178 1814 scenum.
212 1787 353 1814 Procurlio
372 1793 540 1822 opportuna,
555 1787 662 1817 breuis,
674 1787 829 1819 moderata,
843 1796 919 1813 rara:
943 1789 1072 1813 conuenit
1082 1794 1130 1814 ‘et-

57 1823 114 1850 iam
132 1829 160 1849 et
179 1822 329 1849 ambulatio
356 1822 487 1858 quaedam
502 1829 614 1857 propter
641 1821 800 1848 immodicas
821 1821 1009 1848 laudationum
1029 1828 1132 1848 moras:

57 1867 225 1901 quamquam
241 1859 340 1885 Cicero
360 1867 453 1885 rarum
473 1858 615 1888 incessum,
634 1865 725 1891 neque
743 1856 782 1883 ita
801 1856 913 1891 longum
928 1857 1035 1891 probat.
1071 1857 1130 1884 Dis-

57 1895 165 1921 eursare
179 1902 246 1920 vero
258 1893 466 1928 ineptissimum,
484 1899 532 1918 etc.

92 1935 167 1964 Ριζο
177 1935 195 1956 c
206 1935 256 1955 VR
266 1935 308 1956 so
321 1949 330 1962 ,
356 1933 411 1955 are.
449 1929 594 1962 Frequent.
632 1926 786 1962 [ἔκ-τρέχω]
822 1928 885 1954 Liu.
904 1936 950 1963 27,
970 1937 983 1955 2
1016 1929 1062 1956 Ibi
1082 1938 1132 1965 per

55 1963 238 2001 dies'aliquot
257 1973 342 2000 quum
362 1965 395 1992 ab
408 1963 570 1991 stationibus
589 1965 801 1998 procursaretur.
856 1963 925 1990 Plin.
939 1970 964 1997 8,
977 1972 991 1998 5
1016 1967 1131 1993 Procur-

55 2001 175 2029 rantibus
187 2001 260 2035 inter
274 2009 322 2026 eos
335 2001 384 2034 qui
397 2000 564 2032 lacesserent,
579 2008 634 2026 non
648 2000 760 2034 potuisse
775 1998 856 2032 effici,
869 2007 917 2026 erc.

92 2042 110 2064 Ρ
118 2043 139 2063 R
151 2041 173 2062 0
184 2041 202 2061 C
212 2041 235 2060 V
243 2041 264 2060 R
273 2036 317 2061 SR
327 2041 348 2060 T
358 2042 377 2061 O
385 2041 406 2062 R
415 2054 423 2066 ‚
446 2035 513 2060 oris.
530 2043 567 2060 m.
611 2036 720 2065 Velius,
739 2037 835 2061 milites
853 2037 897 2070 qui
911 2035 1039 2069 praelium
1053 2036 1130 2073 Iaces:

52 2070 127 2108 sunt.
163 2071 227 2097 Liu.
240 2078 288 2102 42,
303 2071 340 2103 64
367 2070 453 2097 Breue
466 2075 602 2096 certamen
615 2069 685 2096 leuis
698 2075 851 2096 armaturae
864 2070 982 2096 maxime
995 2079 1056 2097 cum
1069 2080 1132 2106 pro-

59 2105 242 2134 cursatoribus
260 2106 323 2133 fuit.

9 2158 10 2168 ι
96 2148 112 2169 1>
121 2150 141 2170 R
151 2148 171 2169 o
182 2149 199 2170 c
208 2150 230 2170 v
239 2148 258 2168 R
267 2147 280 2169 s
289 2149 310 2168 A
320 2147 343 2167 ‘r
352 2148 362 2167 1
372 2147 392 2168 o
401 2158 410 2172 ,
426 2140 497 2167 onis.
518 2140 538 2167 f.
576 2137 719 2175 [ἒκδρυμῆ]
755 2140 818 2168 Liu.
832 2145 873 2172 28,
886 2149 914 2174 33
920 2148 965 2176 pr.
994 2143 1016 2168 A
1029 2142 1130 2178 quibus

8 2178 11 2198 ¹
57 2177 109 2206 vbi
126 2187 174 2214 per
188 2177 418 2214 procursationem
437 2176 573 2204 commissa
592 2186 679 2211 pugna
692 2177 764 2209 esset,
775 2183 824 2203 etc.
881 2176 957 2204 Idem
971 2186 993 2211 5,
1008 2187 1037 2212 ¹9
1066 2180 1130 2207 Pro-

57 2216 224 2247 eui-sationes
238 2214 338 2240 multae
354 2219 455 2240 temere
469 2214 542 2240 inter
554 2222 663 2239 murum
678 2219 703 2239 et
717 2212 819 2240 vallum
832 2211 941 2240 fiebant.
986 2215 1018 2240 Et
1031 2223 1075 2249 22,
1089 2224 1129 2249 44

0 2271 5 2276 .
57 2250 198 2278 Hannibal
218 2250 316 2285 dirigit
334 2250 437 2283 aciem,
452 2249 602 2284 laceffitque
615 2249 801 2276 Numidarum
814 2250 1018 2284 procursatione
1033 2251 1131 2279 hostes.

0 2286 5 2317 Ι
93 2283 273 2314 Ριιόςνιιε
283 2292 330 2313 or<
341 2292 423 2320 ivs,
442 2293 473 2318 a,
491 2295 547 2322 um.
584 2286 774 2312 Procursorius
792 2285 874 2313 index
893 2287 1029 2314 Ammian.
1050 2295 1087 2321 31,
1097 2297 1126 2322 9.

62 2322 146 2360 Vates.
167 2321 376 2358 praecursorius.

94 2366 112 2386 r
123 2366 144 2386 R
155 2365 359 2390 ocvnvvs,
377 2366 410 2393 a,
428 2365 485 2384 um.
526 2356 587 2384 Adi.
624 2356 849 2392 [πολυκαμπύλυς
862 2358 876 2393 ]
924 2358 1004 2386 Valde
1024 2369 1126 2388 curuus.

50 2395 134 2430 virg.
148 2395 249 2430 Georg.
264 2403 290 2428 2,
302 2403 351 2429 42¹
392 2395 495 2421 Contra
513 2402 569 2434 nori
587 2393 641 2420 vlla
662 2394 699 2420 est
716 2394 784 2421 oleis
803 2394 925 2428 cultura,
952 2404 1040 2431 neque
1059 2396 1125 2424 illae

54 2431 221 2460 Procuruam
234 2431 386 2466 exspectant
398 2431 504 2457 falcem.
578 2430 674 2457 Litora
691 2430 766 2465 Virg.
781 2431 846 2457 Aen.
861 2439 885 2464 5,
898 2433 959 2466 765.

91 2465 230 2495 PRoc'v
243 2473 323 2494 Rvo
337 2485 346 2498 ‚
371 2470 426 2494 are.
462 2466 572 2494 Celsum
597 2471 744 2501 procuruat
771 2466 882 2502 Agyllea
909 2467 1025 2500 Tydeus
1057 2468 1122 2495 Stat.

56 2502 152 2531 Theb.
165 2505 193 2536 6,
207 2509 254 2536 852
274 2503 304 2530 de
319 2506 438 2539 gymnico
456 2505 602 2530 certamine.
674 2502 797 2530 Tei-tull.
811 2504 837 2531 S.
851 2504 933 2539 cypr.
949 2504 1045 2531 Genes.
1057 2512 1079 2540 1,
1094 2512 1127 2539 14

53 2538 243 2575 Pomiferique
259 2539 336 2566 simul
351 2544 516 2574 procui-nant
529 2537 639 2565 brachia
650 2538 731 2565 rami.

92 2582 262 2607 rnocvs,
298 2575 354 2602 vid.
393 2580 545 2607 raeco,
567 2583 605 2601 as.

94 2616 363 2644 rnocvs'res,
397 2611 454 2637 vid.
491 2616 758 2639 PROCRVSTES.

91 2652 219 2674 ruocv
229 2653 360 2678 MAEA,
379 2655 419 2673 ae.
450 2647 471 2672 f.
515 2647 700 2682 [προκυμία]
742 2647 826 2675 Moles
855 2644 966 2682 opposita
990 2644 1126 2684 flufiibur.

58 2680 150 2708 Rufin.
161 2682 221 2708 Lat.
233 2682 337 2716 Ioseph.
350 2683 416 2709 Bell.
432 2681 490 2709 Iud.
506 2690 526 2713 1,
545 2679 575 2716 i7
600 2683 714 2718 Expleto
733 2683 817 2718 spatio
832 2683 905 2717 quod
925 2683 995 2710 vnda
1013 2683 1126 2717 celabat,

58 2717 90 2743 in
102 2717 239 2751 ,ducentos
259 2717 338 2752 pedes
358 2727 467 2744 murum
485 2718 632 2752 dilatauit,
656 2728 689 2745 ex
709 2720 808 2754 quibus
833 2725 940 2746 centum
963 2719 1125 2755 repellendis

58 2759 136 2780 erant
148 2752 288 2784 fluetibus,
301 2758 362 2779 ante
375 2753 538 2786 constructi,
550 2754 622 2781 vnde
637 2764 795 2790 procymaea
809 2755 977 2783 dicebantur.

95 2787 292 2816 PR'ocY“0N
309 2808 318 2821 ,
347 2789 416 2815 onis.
451 2798 488 2815 m.
523 2789 673 2825 [Προκύων]
713 2793 752 2818 De
771 2791 816 2818 hoc
838 2791 906 2817 Plin.
929 2797 971 2824 18,
997 2797 1028 2823 28
1052 2792 1070 2820 s.
1090 2795 1124 2824 68

59 2826 182 2861 Aegypto
207 2839 253 2845 --
277 2825 401 2857 Procyon
421 2839 467 2844 -—
483 2825 558 2859 quod
577 2824 645 2852 sidus
666 2826 736 2860 apud
751 2828 887 2853 Romanos
906 2836 962 2854 non
981 2827 1061 2855 habet
1076 2838 1126 2856 no-

39 2858 43 2864 ’
57 2871 136 2893 men,
153 2860 204 2888 nisi
218 2860 376 2888 Caniculam
392 2861 460 2887 hanc
471 2859 587 2887 velimus
602 2861 733 2897 intelligi,
747 2862 800 2889 hoc
813 2862 860 2896 est,
873 2863 1009 2891 minorem
1022 2874 1125 2899 canem,

55 2904 86 2925 vt
104 2899 134 2924 in
151 2897 227 2924 astris
244 2897 373 2932 pingitur.
415 2897 506 2923 Verum
525 2895 660 2934 distinguit
673 2908 689 2924 a
702 2898 832 2926 Canicula
848 2899 987 2927 Columel.
1004 2909 1038 2935 11,
1051 2910 1078 2935 2,
1093 2911 1124 2936 52

55 2934 128 2962 Idib.
143 2933 221 2961 Iuliis
234 2934 357 2966 Procyon
377 2933 501 2960 exoritur
519 2942 614 2966 mane,
627 2939 654 2961 et
672 2934 853 2969 tempestatem
873 2935 1009 2970 significat.
1051 2938 1124 2965 Post-

56 2977 104 3004 ea,
117 2973 219 3008 inquit,
233 2976 281 2996 Vll
295 2969 352 2997 Cal.
367 2969 495 3004 Augusti,
509 2970 638 2996 Canicula
650 2977 774 3006 apparet,
787 2971 875 3007 estque
892 2973 980 3007 caligo
994 2973 1122 2999 aestuosa.

58 3008 153 3042 Nempe
165 3006 208 3033 bic
219 3006 377 3033 Caniculam
390 3006 470 3042 ipsimi
484 3005 586 3032 Sirium
599 3006 700 3033 videtur
712 3006 802 3035 dicere.
832 3040 834 3042 ι
855 3009 924 3034 Ηοι·.
936 3009 1027 3035 Carm.
1042 3017 1062 3040 3,
1076 3017 1121 3041 29,

0 3062 4 3071 .
59 3047 87 3074 18
104 3043 162 3069 Iam
174 3043 295 3075 Procyon
314 3042 395 3074 furit,
433 3042 464 3069 Et
484 3042 559 3069 stella
578 3043 670 3069 vesani
684 3043 792 3070 Leonis.
862 3046 964 3071 Latinis
978 3047 1053 3070 eriam
1068 3045 1121 3070 An-

0 3076 16 3111 s*
57 3078 153 3107 titanis
165 3078 263 3105 dicitur
281 3079 340 3106 Cic.
354 3079 386 3106 de
399 3078 464 3106 Nat.
478 3079 562 3106 Deor.
582 3088 604 3111 2,
619 3087 663 3113 114
689 3079 826 3107 Anticanis
839 3081 961 3113 Procyon
975 3080 1060 3107 Graio
1073 3080 1122 3115 qui

59 3115 172 3143 nomine
184 3114 281 3141 fertur.

95 3157 111 3178 P
122 3158 142 3178 R
150 3158 169 3178 O
177 3157 196 3177 D
205 3157 222 3177 E
232 3158 254 3177 A
261 3157 287 3178 M
295 3156 311 3178 Β
321 3149 343 3178 θ’
353 3157 368 3177 L
378 3158 398 3179 O
407 3170 416 3184 ‚
441 3153 496 3178 Ere.
538 3150 551 3185 [
564 3151 726 3187 ἒκπεριπσιτέω
740 3153 751 3186 ]
793 3153 898 3181 Prodire
928 3151 1121 3179 deambulatum.

60 3186 131 3215 Ter.
143 3186 219 3214 Adel.
233 3195 257 3220 5,
271 3195 290 3221 1,
302 3196 322 3221 4
347 3187 575 3214 Prodeambulare
588 3188 640 3215 huc
652 3187 762 3214 libitum
776 3189 821 3218 est.

95 3228 251 3250 PRODEO
263 3242 272 3256 ,
296 3223 338 3250 iui
358 3225 400 3250 vel
418 3224 456 3258 ii,
484 3226 569 3257 itum,
588 3227 638 3251 ire.
675 3224 862 3260 [προέρχομαι,
882 3225 1004 3261 παρὲῐμι]
1043 3225 1123 3252 Foras

59 3259 113 3289 ire,
138 3260 167 3284 in
181 3259 319 3294 publicum.
376 3261 414 3286 Ex
434 3261 500 3291 Pro,
519 3267 543 3286 et
563 3261 618 3294 Eo,
632 3260 669 3292 is,
689 3266 708 3286 D
728 3261 888 3298 interposita,
909 3268 938 3288 vt
957 3264 984 3287 in
1023 3261 1122 3294 rodest,

59 3293 193 3327 prodesse:
209 3298 315 3331 amiqua
328 3295 374 3322 illa
383 3295 560 3330 produe'tiorze,
574 3306 623 3332 qua
634 3303 833 3326 PVCNANDOD
852 3305 875 3325 ct
886 3297 984 3332 similia
1015 3297 1120 3324 scebant.

65 3328 126 3355 Vid.
141 3330 195 3356 Lit.
209 3329 233 3356 D
246 3339 272 3356 n.
286 3339 309 3363 3.
364 3331 436 3358 Ter.
450 3333 518 3359 Eun.
534 3341 557 3367 5,
571 3341 597 3368 7,
609 3342 629 3368 4
656 3332 736 3360 Nunc
749 3334 777 3360 id
790 3335 905 3369 prodeo,
920 3340 949 3360 vt
961 3334 1121 3360 conueniam

59 3365 260 3406 Parmenonem.
281 3370 300 3393 i.
322 3366 362 3394 Ob
379 3367 409 3393 id
421 3377 493 3399 exeo,
506 3376 550 3401 ut,
564 3378 611 3396 etc.
683 3369 767 3397 Plaut.
783 3371 867 3398 Calin.
890 3379 912 3402 2,
928 3378 954 3405 7,
968 3378 996 3396 12
1032 3370 1121 3405 Atque

61 3401 107 3427 1111
127 3401 162 3441 ad
177 3409 220 3427 me
239 3401 380 3436 prodeunt.
450 3403 563 3431 Prodire
582 3405 616 3432 ad
637 3404 806 3442 colloquium
831 3407 905 3435 Caes.
928 3407 956 3433 B.
980 3406 1013 3432 G.
1031 3414 1055 3440 5,
1075 3409 1120 3433 26.

61 3438 82 3464 E
95 3437 191 3464 limine
211 3436 320 3465 Tibull.
333 3447 357 3472 3,
369 3447 391 3472 3,
405 3449 424 3471 3.
498 3440 536 3466 Ex
548 3447 629 3476 portu
649 3443 723 3470 Caes.
737 3443 767 3469 B.
780 3444 810 3470 C.
829 3452 853 3478 3,
867 3451 892 3478 7.
964 3442 1020 3469 Cic.
1034 3441 1088 3469 Off.
1101 3451 1121 3474 1,

59 3481 109 3507 140
147 3473 303 3500 Cauendum
321 3475 374 3508 est,
395 3475 551 3510 praesertim
570 3477 589 3504 si
614 3478 670 3513 ipse
689 3478 827 3511 aedifices,
852 3490 885 3507 ne
912 3485 986 3505 extra
1006 3478 1119 3505 modum

27 3524 29 3531 ι
59 3510 148 3536 sumtu
173 3515 200 3536 et
220 3509 417 3544 magnificentia
436 3511 557 3546 prodeas.
627 3515 659 3541 In
673 3515 780 3549 netem,
806 3516 860 3543 vid.
886 3521 1007 3542 ACIES-
1087 3515 1120 3541 In

16 3554 19 3579 j
62 3545 241 3581 Conspedlum
255 3546 363 3573 alterius
376 3547 446 3574 Ter.
462 3547 571 3574 Phorm.
591 3557 615 3582 2,
628 3559 655 3583 4,
674 3558 696 3583 3.

60 3590 82 3614 1,
94 3583 138 3616 69.
174 3581 245 3608 Ter.
260 3582 344 3609 Andr.
358 3590 378 3615 1,
391 3591 412 3615 1,
425 3588 463 3614 88.
534 3585 565 3610 In
574 3585 684 3613 Hostem
697 3587 795 3616 Lucan.
809 3597 837 3626 7,
851 3597 901 3621 231.
973 3587 1004 3613 In
1024 3588 1121 3614 Pascua

59 3617 174 3652 pecudes
188 3617 320 3653 prodeunt
339 3618 474 3645 Columel.
492 3627 519 3654 7,
535 3629 571 3646 10.
645 3622 675 3648 In
695 3624 829 3652 Praelium
848 3624 919 3652 Caes.
935 3624 963 3650 B.
981 3623 1012 3650 C.
1035 3632 1058 3655 3,
1077 3625 1120 3653 86.

62 3654 120 3680 Cic.
131 3655 209 3681 Verr.
228 3662 247 3685 1,
261 3659 291 3687 98
317 3653 471 3681 Prodeundi
484 3655 537 3682 tibi
555 3657 585 3682 in
598 3655 741 3686 Publicum
752 3661 905 3694 potestatem
918 3659 1017 3686 fae'tam
1030 3668 1117 3694 negas.

60 3689 132 3716 Add.
151 3690 192 3717 Id.
213 3690 266 3716 Att.
287 3694 312 3722 8,
333 3697 365 3716 ΙΙ.
437 3691 494 3718 Cic.
511 3692 564 3719 Off.
588 3700 609 3725 1,
623 3700 670 3725 129
707 3695 738 3720 In
753 3696 859 3725 Scenam
880 3697 933 3724 fine
954 3696 1120 3731 subligaculo

61 3724 173 3759 prodeat
190 3735 279 3753 nemo.
317 3726 410 3761 Nepos
429 3727 513 3761 praef.
533 3735 555 3760 5.

0 3791 3 3797 ,
61 3761 120 3787 Cic.
132 3762 208 3789 Verr.
225 3771 247 3796 2,
261 3764 292 3795 65
318 3763 457 3789 Eiusmodi
471 3762 560 3790 literas
573 3761 606 3790 ad
619 3772 664 3791 eos
679 3765 766 3800 misit,
778 3775 806 3796 vt
826 3770 889 3797 huic
902 3769 1056 3803 frequentes
1065 3768 1120 3795 Ob-

0 3802 9 3819 Γ
62 3797 136 3823 viam
151 3797 299 3831 prodirent.
353 3798 475 3825 Obuium
489 3799 598 3833 prodire
612 3800 705 3827 reduci
718 3803 801 3831 Ouid.
814 3806 893 3841 Epist.
906 3812 929 3838 g,
943 3812 988 3840 97.
1059 3805 1122 3830 Pro—

63 3832 160 3874 cedere:
190 3833 264 3869 Virg.
281 3836 347 3862 Aen.
361 3836 388 3867 6,
405 3843 452 3868 199
490 3835 555 3862 Illae
568 3841 671 3863 tantum
685 3838 795 3872 prodire
807 3841 943 3873 volando,
980 3841 1120 3874 Qiantum

63 3877 120 3894 acle
137 3868 237 3903 possent
255 3871 328 3898 oculi
351 3872 455 3897 seruare
475 3871 640 3906 sequentum.
709 3874 866 3909 Intestinum
887 3876 978 3913 prodit
997 3875 1119 3903 Scribon.

63 3912 118 3935 232.
135 3940 141 3944 1
190 3904 278 3931 Infans
297 3907 389 3941 prodit
407 3914 486 3934 vtero
505 3907 599 3933 matris
619 3907 702 3935 Ouid.
717 3908 782 3937 Fast.
797 3920 816 3944 1,
830 3921 869 3947 33,

63 3939 174 3974 prodire
187 3945 263 3966 tenus
277 3941 298 3974 fi,
315 3952 370 3971 non
388 3943 465 3971 datur
484 3943 553 3970 vltra
571 3943 641 3971 Hor.
660 3944 740 3979 Epist.
756 3955 775 3977 1,
789 3955 810 3981 1,
821 3958 859 3982 3²-

61 3976 148 4002 nebris
163 3975 263 4001 verbum
275 3975 318 4009 ςΠὶ·
329 3979 441 4015 obseruat
449 3979 572 4007 Brouckh.
587 3979 622 4006 ad
632 3980 742 4008 Tibull.
757 3991 780 4015 1,
793 3992 829 4016 10,
843 3993 887 4021 70.
960 3984 1120 4020 Prodinunt‚

43 4049 46 4050 .
56 4018 108 4047 pro
124 4010 264 4042 Prodeant,
283 4013 336 4039 vid.
356 4017 396 4045 ιῐΝ
408 4023 424 4043 ι·-
434 4024 453 4044 R
463 4024 494 4043 Α.
565 4015 706 4048 prodimur,
726 4019 828 4054 Impers.
855 4022 913 4048 Cic.
933 4020 966 4048 de
978 4021 1084 4048 Inuent.
1098 4028 1121 4053 1,

64 4055 99 4080 29
119 4056 141 4073 c.
154 4056 189 4090 ²⁰.
217 4047 263 4073 Ne
281 4047 319 4090 ab·
335 4049 432 4091 vltimo
450 4057 600 4089 repetatur:
624 4060 659 4079 ne
678 4052 711 4079 ad
729 4060 879 4085 extremum
895 4057 1055 4093 prodeatur:
1090 4059 1119 4084 in

57 4089 202 4119 praeceptis
216 4090 383 4111 narratmms.
934 4103 939 4107 .

224 4123 315 4146 vor.
348 4120 411 4149 ΙΙΙ.

950 3950 1055 3983 Pompae
1069 3956 1122 3974 mu-

763 3554 794 3580 In
802 3554 892 3580 Funus
904 3553 981 3578 Varr.
994 3551 1027 3577 de
1040 3551 1072 3577 R.
1087 3551 1119 3580 R.
1131 3566 1168 3591 90

648 3729 722 3756 Intus
745 3733 853 3765 prodire
868 3753 875 3766 ,
901 3731 954 3759 uid.
982 3739 1118 3759 INTVS.
1135 3737 1169 3764 93

1132 4102 1177 4130 105
1186 4093 1285 4131 fiu'bus.

1611 254 1873 296 Pno
2159 280 2230 318 ‚09

1228 344 1432 376 Pkonico,
1451 344 1507 372 &re-
1544 345 1613 372 Ante
1633 344 1724 373 dicere.
1761 344 1840 373 Varr.
1861 345 1894 373 de
1913 347 1945 374 L.
1966 350 1996 376 L.
2015 360 2038 385 ς,
2059 361 2076 388 7
2115 355 2186 382 Hinc
2206 355 2263 388 5113,

1193 380 1294 407 Indicit
1310 381 1402 413 illum,
1417 381 1516 408 indixit
1539 381 1637 415 sunus,
1651 381 1773 417 prodixit
1809 382 1876 414 iem,
1889 390 1936 409 etc.
1958 387 2002 411 ΑΙ.
2018 388 2158 417 Praedixjt,
2200 392 2261 418 Mu,

1193 424 1218 448 3,
1231 424 1258 449 57
1294 417 1439 443 Tribunus
1459 417 1485 443 ei
1506 417 1577 443 diem
1596 419 1726 452 prodixit.
1757 418 1818 445 Vni.
1838 421 1893 445 viri
1914 417 1984 446 doffl
1997 421 2067 448 adh.
2081 426 2098 450 1.
2170 427 2263 454 Tacit.

1195 454 1307 514 &nuh-2,
1321 460 1356 488 79
1384 452 1555 486 Affiuurum,
1568 454 1616 481 vbi
1630 455 1741 482 Praetor
1753 463 1801 482 reo
1814 461 1894 490 atque
1906 455 2103 484 accusatoribus
2117 461 2186 488 diem
2203 471 2263 497 pro.

1154 494 1169 522 5
1216 496 1255 514 ixi
1277 495 1312 514 et.

1154 526 1164 551 l
1233 530 1275 564 ¹³¹³.
1287 530 1333 550 on
1344 531 1352 551 1
1364 530 1382 552 c
1394 530 1415 550 ‘r
1426 531 1486 556 vs,
1506 533 1536 558 a,
1557 534 1611 552 um.
1641 527 1736 554 Partic.
1774 527 1834 554 Cic.
1848 536 1898 562 pro
1913 527 2003 555 Domo
2015 534 2050 561 45
2063 536 2086 554 c.
2101 536 2129 563 ι]
2149 530 2200 563 Nc,
2213 533 2262 561 „1st

1197 559 1321 595 prodiela
1338 561 1382 587 die
1395 561 1455 595 quis
1469 562 1613 589 accusetur.

1235 601 1411 657 esquier
1423 603 1430 621 1
1442 602 1479 630 0,
1506 598 1574 624 onis.
1601 598 1622 624 f.
1659 598 1729 634 Qcae
1748 607 1777 625 ex
1795 598 1872 626 Festo
1889 598 2019 633 afflreur,
2034 598 2158 626 Proditio
2176 599 2223 634 gli,
2235 603 2263 629 cle

1216 641 1247 657 ua
1280 642 1294 657 u
1338 638 1453 659 PRODO.

1151 677 1181 696 ιο
1198 640 1214 668 q
1234 634 1376 695 rliootc
1387 674 1408 693 Τ
1419 668 1441 694 Ᾱ
1450 673 1547 699 TOR,
1564 668 1630 696 bris.
1652 678 1690 696 m.
1720 666 1932 706 [nomimis-ae]
1970 671 2023 706 Qi
2035 669 2268 698 extraordinariam

1198 701 1364 730 DiHaturam
1381 706 1458 739 gerit.
1504 703 1566 729 Liu.
1582 713 1623 741 22,
1639 710 1652 735 8
1680 704 1893 733 Prodic‘tatorem
1912 708 2027 741 populus
2047 707 2150 734 creauit
2165 708 2205 741 Q
2223 707 2271 733 Fa-

1201 739 1279 766 bium
1293 739 1453 765 Maximum.
1506 740 1621 775 porique
1640 741 1713 767 MSS.
1735 741 1919 775 metatorem,
1935 742 2001 778 quod
2019 746 2103 770 minus
2124 745 2229 773 mirum,
2246 741 2269 776 li

1198 777 1310 811 cogites,
1324 784 1384 810 quae
1396 774 1479 811 refert
1493 774 1554 801 Liu.
1570 784 1613 808 22,
1628 784 1651 807 31
1681 778 1812 806 Omnium
1832 787 1916 812 prope
1930 778 2036 805 annales
2050 779 2164 806 Fabium
2178 779 2271 811 Didia-

1202 818 1289 838 torem
1305 811 1430 838 aduersus
1444 811 1624 837 Hannibalem
1639 820 1695 837 rcm
1711 813 1805 847 gelliss‘e
1819 815 1937 843 tradunt.
1984 815 2091 841 Caelius
2105 815 2187 841 etia'm
2205 823 2270 841 eum

1151 858 1178 886 ις
1201 847 1321 883 primuni
1342 855 1357 874 a
1376 846 1477 882 populo
1499 854 1617 873 creatum
1632 847 1799 875 Die'tatorem
1821 849 1920 876 scribit.
1983 850 2034 877 Sed
2053 857 2080 877 et
2099 850 2221 878 Caelium
2243 855 2271 878 et

1205 890 1323 911 caeteros
1338 883 1425 918 fugit,
1445 882 1492 910 vui
1506 883 1616 910 Consuli
1632 884 1663 910 C.
1678 884 1812 918 Seruilio,
1827 886 1874 920 qui
1891 892 1947 912 tum
1961 887 2054 920 procul
2069 887 2097 913 in
2105 885 2193 914 Gallia
2208 895 2269 922 pro·

1203 920 1292 946 vincia
1310 919 1418 951 aberat,
1442 919 1482 945 ius
1504 920 1579 946 fuine
1599 919 1707 946 dicendi
1726 920 1881 947 afflator-is:
1909 930 1990 956 quam
2009 931 2129 956 moram,
2145 924 2208 958 quia
2227 930 2269 949 ex-

1203 956 1322 991 spe&are
1336 956 1431 983 territa
1448 955 1502 982 iam
1523 955 1598 982 clade
1614 956 1778 983 ciuitasnon
1792 963 1912 991 poterat,
1932 966 1966 984 eo
1980 957 2118 985 decursum
2131 961 2195 990 csl'e,
2213 966 2242 985 vt
2254 967 2271 986 a

1204 992 1306 1027 populo
1319 997 1470 1024 crearetur,
1492 992 1540 1027 qui
1563 1001 1611 1027 pro
1624 991 1763 1019 Dic‘latore
1779 994 1848 1019 esset.
1887 994 1938 1019 Res
1957 994 2020 1020 inde
2036 994 2132 1029 gestas,
2145 995 2273 1030 gloriam-

1142 1035 1184 1061 '20
1203 1037 1256 1063 que
1269 1028 1399 1063 insignem
1413 1027 1487 1054 ducis
1496 1048 1505 1060 ,
1527 1034 1553 1054 et
1565 1034 1691 1063 augentes
1705 1028 1814 1055 titulum
1827 1029 1954 1064 imaginis
1968 1030 2102 1065 posteros,
2116 1037 2145 1058 vt
2158 1032 2206 1066 qui
2218 1039 2271 1067 pro

1141 1060 1146 1068 “
1202 1064 1342 1091 Dictatore
1355 1064 1457 1098 (erat)
1471 1063 1586 1091 dictator
1604 1064 1745 1091 diceretur.

1239 1106 1310 1127 PRO
1320 1107 1338 1126 D
1349 1100 1387 1127 ic
1397 1106 1417 1125 V
1428 1107 1458 1132 S,
1475 1100 1495 1126 i.
1519 1109 1556 1127 in.
1593 1098 1748 1136 [Πρόδικος]
1785 1100 1950 1136 Philosophus
1965 1101 2047 1135 Cous,
2062 1106 2133 1130 cuius
2152 1102 2182 1129 de
2206 1104 2274 1131 Her-

1200 1138 1269 1168 cute,
1283 1137 1428 1163 conculcata
1440 1138 1569 1171 volupiam
1581 1140 1703 1163 virtutem
1717 1138 1810 1163 colente
1817 1138 1939 1173 fabulam
1952 1137 2070 1174 seruauit
2080 1139 2230 1175 Xenophon,
2249 1145 2275 1166 et

1200 1172 1260 1200 inde
1284 1172 1343 1199 Cic.
1358 1170 1437 1199 offic.
1452 1180 1472 1204 1,
1488 1177 1526 1202 ¹18
1545 1181 1567 1199 c.
1583 1181 1619 1204 32.
1640 1172 1690 1207 qui

1238 1214 1254 1234 P
1264 1214 1283 1235 R
1293 1215 1313 1235 O
1322 1215 1359 1235 DI
1369 1214 1388 1235 C
1399 1215 1408 1234 1
1420 1215 1440 1234 V
1451 1215 1463 1235 s
1486 1208 1615 1235 Hercules
1629 1209 1687 1235 inde
1700 1208 1730 1235 ab
1744 1208 1798 1244 ipfh
1810 1209 1926 1236 Cicerone
1939 1209 1958 1236 1.
1972 1218 1996 1236 c.
2010 1216 2123 1238 vocatur.
2160 1212 2277 1238 Exorna-

1202 1247 1245 1271 vit
1262 1253 1315 1271 eam
1329 1244 1449 1281 fabulam
1469 1251 1493 1270 et
1514 1244 1549 1271 ad
1567 1245 1705 1280 Scipionem
1723 1246 1879 1280 Africanum
1898 1244 2032 1278 transtulit
2053 1246 2098 1272 Sil.
2118 1256 2153 1280 ις,
2170 1257 2200 1273 20
2215 1248 2274 1282 sqq.

1203 1281 1247 1308 vbi
1265 1282 1330 1308 alios
1344 1280 1451 1308 landant
1469 1281 1582 1316 Dan-filu.
1597 1288 1620 1307 ετ
1636 1280 1764 1307 Drakenb.
1787 1281 1923 1314 Quinctil.
1944 1290 1971 1314 9,
1991 1290 2012 1313 ρ,
2035 1285 2065 1314 36
2102 1284 2151 1310 Sed
2170 1284 2273 1309 formas

1204 1326 1314 1352 quoque
1335 1316 1462 1352 'fingimus
1482 1315 1574 1352 saepe,
1595 1322 1624 1343 vt
1638 1317 1736 1343 famam
1751 1316 1898 1351 Virgilius,
1916 1324 1945 1343 vt
1959 1317 2125 1352 voluptatem
2139 1325 2165 1345 et
2180 1320 2273 1346 Virtu-

1203 1359 1259 1380 tem
1272 1356 1372 1388 (quem
1386 1353 1418 1380 ad
1433 1353 1544 1380 modum
1564 1362 1578 1379 a
1594 1352 1772 1388 Xenophonte
1785 1353 1919 1385 traditur)
1937 1354 2071 1379 Prodicus.

1240 1396 1361 1417 PRODI
1374 1395 1498 1417 GALlS
1512 1410 1520 1422 ,
1558 1395 1885 1423 PRODlGALlTAs,
1921 1388 2220 1425 vid.post1›1‹oD1Go.

1242 1431 1539 1458 PRODIGIALIS,
1557 1432 1602 1452 etc.
1640 1425 1694 1452 vid.
1714 1425 1797 1462 infra.

1238 1467 1255 1488 P
1266 1468 1286 1489 R
1296 1468 1315 1489 Ο
1325 1469 1344 1489 D
1354 1463 1364 1487 ἰ’
1373 1468 1393 1488 G
1403 1469 1413 1488 1
1422 1469 1443 1488 V
1451 1469 1477 1489 M
1486 1482 1492 1493 ‚
1514 1462 1532 1488 i.
1559 1471 1585 1488 n.
1623 1461 1730 1497 [τέρας,
1751 1457 1925 1497 τερκτόδευμα
1933 1480 1942 1494 ,
1963 1460 2088 1496 reprimor]
2125 1459 2195 1496 quast
2211 1461 2275 1488 Pro·

1204 1497 1324 1531 dicium,
1339 1499 1379 1525 uel
1393 1498 1598 1532 Porrodicium,
1617 1498 1684 1534 quod
1691 1505 1770 1534 porro
1788 1498 1872 1528 dicat,
1892 1504 1970 1532 porro
1978 1497 2124 1534 ,significem
2138 1504 2163 1522 et
2176 1499 2226 1532 alni
2237 1495 2276 1523 Ad

1196 1535 1319 1571 futurum
1339 1533 1384 1568 effe
1399 1534 1548 1570 portendat.
1603 1534 1709 1566 Festus,
1734 1533 1876 1568 Prodigia,
1895 1533 1969 1568 quod
1990 1534 2150 1568 praedicunt
2172 1534 2275 1566 futura,

1151 1582 1180 1608 ὃς
1203 1572 1403 1606 permutatione
1417 1577 1438 1597 G
1454 1571 1562 1598 literae:
1589 1580 1651 1597 nam
1671 1579 1738 1605 quae
1757 1579 1827 1596 nunc
1843 1575 1860 1596 C
1884 1570 2048 1604 appellatur,
2067 1570 2100 1596 ab
2116 1568 2235 1604 antiquis
2250 1575 2274 1596 G

1201 1606 1359 1634 vocabatur.
1401 1608 1515 1644 Scaliger
1529 1617 1544 1634 a
1559 1606 1744 1642 prodigendo,
1766 1606 1816 1639 flue
1830 1615 1913 1640 porro
1926 1606 2029 1641 agendo
2039 1626 2046 1637 ,
2066 1606 2095 1632 id
2107 1605 2140 1638 cst
2153 1615 2273 1631 auerrun—

1201 1643 1298 1676 cando,
1311 1642 1408 1670 diHum
1421 1646 1501 1681 censet
1522 1644 1631 1670 Nonius
1645 1652 1668 1677 5,
1684 1651 1718 1676 54
1745 1642 1888 1676 Prodigia,
1903 1642 2017 1669 deorum
2032 1642 2138 1674 minae,
2151 1642 2194 1667 vel
2208 1642 2274 1667 irae.

1201 1680 1279 1714 Virg.
1296 1680 1362 1707 Aen.
1377 1688 1399 1712 3,
1413 1682 1460 1714 365
1488 1680 1548 1706 Sola
1566 1689 1670 1706 nouum
1687 1678 1816 1713 dieiuque
1832 1678 1906 1704 nefas
1921 1678 2041 1712 Harpyia
2054 1678 2172 1704 Celaeno
2211 1678 2276 1703 Pro-

1203 1715 1308 1751 digium
1323 1716 1404 1742 canit.
1476 1716 1534 1742 Cic.
1547 1716 1626 1742 Verr.
1639 1724 1669 1749 4,
1685 1723 1732 1749 107
1751 1715 1858 1740 Etenim
1874 1714 1958 1740 multa
1975 1715 2050 1747 saepe
2067 1712 2203 1748 prodigia,
2216 1713 2275 1738 vim

1142 1758 1180 1784 40
1202 1751 1260 1777 eius
1282 1759 1438 1785 numenque
1462 1751 1597 1776 declarant
1616 1751 1734 1776 Cereris.
1826 1748 1901 1775 Idem
1924 1748 1958 1774 de
1978 1749 2073 1774 Diuin.
2094 1757 2121 1780 1,
2142 1756 2172 1780 93
2198 1757 2219 1773 c.
2239 1756 2276 1780 42.

1204 1787 1279 1819 Qiia
1306 1787 1380 1812 enim
1405 1785 1568 1817 ostendunt,
1587 1784 1769 1818 portendunt,
1787 1783 1952 1814 monstrant,
1973 1783 2145 1818 praedicunt,
2165 1784 2277 1815 ostenta,

1202 1826 1345 1854 portenta,
1363 1820 1498 1852 monstra,
1524 1819 1650 1855 prodigia
1669 1819 1807 1846 dicuntur.
1846 1819 1937 1845 Eadem
1955 1818 1988 1845 de
2003 1819 2068 1846 Nat.
2083 1820 2164 1846 Dcor.
2179 1828 2194 1844 2
2218 1828 2240 1846 c.
2253 1828 2276 1852 3.

1202 1856 1266 1882 Heu
1282 1856 1409 1891 prodigia
1422 1856 1526 1883 ventris
1535 1876 1544 1888 ,
1564 1859 1583 1882 ι’.
1603 1855 1758 1883 admiranda
1770 1858 1796 1881 in
1811 1855 1875 1881 cibis
1889 1856 2090 1882 luxurias-plin.
2106 1865 2169 1889 19,4
2182 1857 2198 1881 s.
2208 1864 2244 1888 19,
2254 1865 2276 1883 2.

1203 1892 1334 1927 Prodigio
1347 1892 1434 1919 simile
1455 1892 1529 1918 Idem
1543 1900 1581 1924 12,
1596 1894 1640 1918 26.
1712 1892 1786 1918 Haec
1807 1900 1864 1917 non
1881 1890 2022 1918 mirabilia
2039 1892 2113 1924 sunt,
2128 1892 2171 1918 scd
2186 1891 2278 1926 prodi-

1150 1936 1186 1964 45
1203 1928 1254 1963 giis
1268 1928 1367 1955 similia
1385 1928 1441 1954 Cic.
1455 1937 1504 1963 pro
1517 1927 1608 1961 Ligar.
1622 1937 1644 1954 c.
1658 1937 1686 1962 4.
1759 1927 1845 1954 Locus
1867 1934 1946 1953 notus
1965 1928 2094 1962 prodigio
2110 1927 2193 1954 Ouid.
2208 1928 2276 1956 Met.

1204 1967 1235 1995 6,
1250 1972 1298 1996 321.
1371 1965 1399 1990 P.
1415 1964 1528 1991 Clodius
1548 1963 1628 1990 fatale
1648 1968 1821 1998 portentum,
1835 1962 2047 1998 prodigiumque
2066 1964 2144 1998 Reip.
2168 1964 2225 1990 Cic.
2246 1964 2277 1990 in

1204 2000 1293 2026 Pison.
1308 2007 1326 2032 9
1338 2009 1361 2027 e.
1375 2010 1403 2034 4.
1476 1999 1544 2026 Plin.
1559 1999 1640 2033 Epist.
1655 2008 1683 2032 9,
1696 2005 1735 2033 17,
1748 2008 1761 2031 3
1782 1999 1925 2033 CinaedoS,
1938 1999 2046 2031 stultos,
2061 2001 2199 2026 moriones
2214 2009 2277 2035 pro-

1202 2035 1277 2070 digia
1290 2042 1378 2066 vocat,
1388 2034 1434 2070 fi‘u
1447 2038 1536 2062 vocari
1549 2046 1564 2061 a
1578 2036 1696 2061 Genitore
1707 2036 1756 2071 suo
1769 2038 1864 2067 amico,
1878 2042 2013 2062 memorat:
2040 2044 2102 2070 quae
2123 2035 2220 2072 quidem
2233 2037 2277 2063 vel

1201 2074 1309 2097 maxime
1322 2071 1356 2098 ad
1367 2071 1503 2098 Cinaedos
1516 2071 1650 2107 appellatio
1668 2074 1797 2107 pertinere
1812 2071 1923 2097 uidetur:
1984 2071 2130 2105 .Qain&i1.
2146 2080 2167 2104 1,
2182 2081 2221 2105 10,
2235 2079 2275 2107 47

1143 2116 1177 2143 50
1201 2107 1335 2143 Sulpicius
1351 2107 1441 2134 Gallus
1455 2108 1482 2134 in
1502 2108 1622 2134 exercitu
1637 2108 1667 2135 L.
1680 2107 1767 2133 Paulli
1783 2106 1815 2133 de
1830 2107 1907 2133 lunae
1921 2105 2074 2134 defeetione
2089 2107 2226 2139 disseruit,
2238 2117 2273 2135 ne

1200 2144 1276 2170 velut
1288 2143 1416 2179 prodigio
1429 2144 1562 2171 diuinitus
1576 2144 1649 2170 fac'lo
1662 2143 1782 2170 militum
1799 2143 1883 2170 animi
1899 2148 2074 2171 terrerentur.
2149 2145 2274 2178 Laetum,

1200 2180 1254 2207 vid.
1278 2186 1420 2208 LAETVs.
1493 2180 1648 2207 Miser-abile
1662 2178 1757 2206 diustm
1772 2179 1939 2206 Stat.Theb.
1954 2188 1988 2211 ιι,
2002 2188 2064 2213 454.
2135 2180 2271 2215 Prodigiis

1198 2215 1253 2242 affl
1265 2216 1420 2243 caelestibus
1433 2217 1485 2243 ossa
1504 2216 1618 2252 p'iabunt
1637 2216 1713 2250 Virg.
1729 2217 1793 2242 Aen.
1807 2218 1831 2247 6,
1845 2224 1904 2250 379.
1977 2215 2045 2242 Plin.
2061 2224 2101 2248 10,
2116 2221 2142 2246 18
2162 2216 2193 2242 dc
2208 2218 2269 2244 Pico

1199 2253 1317 2285 Martio,
1338 2252 1508 2288 Respondere
1522 2259 1612 2285 vateS,
1629 2252 1743 2279 exitium
1767 2253 1883 2286 imperio
1898 2252 2024 2286 portendi
2037 2252 2054 2278 si
2071 2251 2272 2280 dimitteretur:

1147 2299 1177 2327 55
1198 2294 1226 2315 at
1248 2288 1266 2315 si
1287 2289 1503 2320 exanimaretur,
1518 2288 1648 2315 Praetori.
1684 2288 1716 2314 Et
1737 2287 1783 2314 ille
1801 2297 1877 2314 auem
1896 2289 2019 2323 protinus
2039 2288 2200 2323 concerpsit,
2221 2298 2271 2315 nec

1198 2324 1286 2351 multo
1305 2324 1363 2360 post
1383 2324 1511 2359 impleuit
1530 2324 1697 2360 prodigium.
1724 2328 1743 2350 i.
1763 2326 1882 2351 Mortuus
1899 2323 1942 2357 qli.
2013 2325 2149 2358 Qiinffil.
2166 2333 2184 2360 7
2198 2326 2240 2352 Pr.
2253 2333 2272 2352 2

1198 2360 1227 2387 Si
1240 2369 1322 2396 quam
1337 2361 1366 2387 in
1380 2360 1541 2395 corporibus
1563 2361 1660 2387 nostris
1675 2360 1828 2387 aliorumue
1849 2360 2006 2386 animalium
2022 2367 2123 2395 partem
2136 2368 2270 2396 permutes

1196 2403 1279 2431 atque
1300 2397 1462 2430 transferas,
1486 2397 1565 2424 liceat
1585 2396 1681 2424 habeat
1700 2397 1792 2423 eadem
1811 2397 1922 2428 omnia,
1942 2396 2099 2431 prodigium
2121 2397 2151 2424 sit
2170 2404 2269 2425 tamen.

1198 2433 1273 2459 Idem
1286 2438 1300 2464 8
1318 2433 1360 2460 Pr.
1378 2440 1445 2460 extr.
1475 2433 1637 2461 Orationem
1659 2433 1747 2460 laudat
1774 2432 1980 2464 admirabilem,
1999 2442 2055 2459 non
2078 2433 2111 2460 fic
2131 2433 2273 2469 quomodo

1141 2472 1178 2497 60
1195 2469 1322 2505 prodigia
1342 2470 1483 2496 miramur.

1234 2512 1251 2532 P
1260 2512 1280 2532 R
1289 2512 1336 2533 oo
1345 2513 1356 2533 1
1365 2512 1386 2533 G
1397 2513 1406 2531 1
1418 2507 1442 2532 Ᾱ
1451 2512 1473 2532 Τ
1482 2512 1502 2531 0
1513 2510 1534 2532 R
1544 2526 1552 2538 ,
1570 2505 1636 2532 oris.
1660 2513 1698 2532 m.
1733 2504 1948 2540 [τερατοσκόπος]
1988 2506 2041 2540 Qi
2053 2514 2083 2531 ex
2091 2505 2214 2542 prodigio
2222 2505 2272 2541 fu-

1196 2548 1257 2569 tura
1272 2545 1450 2576 praenuntiat.
1489 2542 1596 2575 Festus,
1617 2540 1835 2576 Prodigiatores,
1855 2542 2006 2576 aruspices,
2019 2540 2208 2576 prodigiorum
2230 2543 2271 2569 in-

1198 2583 1337 2612 terpretes.
1361 2578 1421 2605 Vid.
1436 2579 1541 2615 Buleng.
1556 2577 1585 2604 de
1600 2578 1714 2605 Sortibus
1727 2587 1749 2604 c.
1761 2588 1785 2613 5.

1234 2620 1250 2639 P
1259 2620 1278 2639 R
1289 2620 1309 2640 Ο
1319 2621 1339 2641 D
1347 2621 1387 2641 IG
1397 2621 1407 2640 1
1418 2616 1459 2641 68
1469 2621 1491 2641 V
1500 2622 1513 2642 S
1522 2634 1532 2646 ,
1551 2623 1564 2640 a
1573 2634 1581 2647 ,
1602 2623 1658 2641 um.
1687 2613 1750 2640 Adi.
1794 2610 1964 2648 [τερατῶδης,
1988 2611 2155 2649 τερατεργός]
2191 2612 2270 2648 Quod

1144 2655 1177 2689 65
1191 2649 1341 2691 prodigium
1353 2650 1444 2687 facit,
1464 2652 1506 2677 vel
1519 2650 1586 2686 quod
1600 2656 1703 2686 praeter
1716 2657 1834 2676 naturam
1854 2648 1888 2683 est
1907 2656 1931 2676 et
1949 2646 2152 2685 consiaeeludinem.
2191 2649 2267 2676 Astra

1197 2686 1353 2721 prod1giosa
1368 2687 1432 2714 Stat.
1447 2686 1541 2714 Theb.
1555 2695 1579 2720 3,
1593 2695 1647 2720 523.
1721 2687 1844 2720 Corpora
1863 2685 1996 2719 Qiinc‘iil.
2010 2694 2031 2716 1,
2046 2693 2065 2710 1.
2139 2685 2266 2711 Defectus

1196 2722 1260 2749 solis
1278 2723 1427 2758 prodigiosi
1448 2729 1476 2750 et
1492 2723 1631 2758 longiores
1649 2722 1717 2749 Plin.
1731 2731 1754 2755 2,
1767 2731 1808 2755 30.
1876 2723 1974 2747 Honor
1994 2719 2089 2747 Claud.
2108 2721 2137 2746 in
2155 2721 2266 2755 praefat.

1196 2758 1247 2786 lib.
1260 2767 1277 2786 2
1291 2759 1320 2785 in
1327 2760 1438 2794 Eutrop.
1453 2764 1489 2786 12.
1549 2758 1690 2786 Mendacia
1703 2765 1827 2785 veterum
1842 2764 1933 2783 vatum
1946 2756 2028 2783 Ouid.
2038 2757 2129 2783 Amor.
2144 2765 2166 2790 3,
2180 2759 2207 2789 6,
2226 2764 2264 2792 17.

1194 2795 1310 2830 Compar.
1330 2795 1420 2823 Treb.
1435 2795 1502 2822 Poll.
1516 2795 1622 2832 Tyron.
1642 2805 1664 2822 c.
1679 2803 1706 2827 31
1731 2792 1853 2820 Studiose
1867 2793 1895 2818 in
1909 2792 2000 2818 medio
2014 2792 2127 2818 feminas
2141 2794 2216 2827 posui
2231 2792 2265 2820 ad

1141 2832 1177 2861 70
1194 2830 1347 2859 ludibrium
1366 2832 1503 2865 Gallieni,
1524 2841 1579 2866 quo
1600 2831 1669 2857 nihil
1688 2828 1868 2864 prodigiosius
1888 2829 1954 2863 passa
1975 2828 2012 2855 est
2030 2828 2189 2863 Respublica
2210 2830 2265 2856 Ro-

1194 2876 1280 2895 mana.
1353 2868 1444 2895 Partus
1457 2867 1602 2901 aliquando
1616 2865 1722 2900 singuli,
1735 2864 1809 2900 quod
1823 2864 2008 2900 prodigiosum
2021 2871 2132 2900 putant,
2151 2865 2181 2891 de
2195 2869 2266 2892 cani—

1192 2904 1238 2931 bus
1256 2903 1325 2931 Plin.
1341 2912 1381 2936 ιο,
1395 2906 1436 2935 63.

1230 2945 1246 2964 1>
1257 2945 1277 2965 R
1289 2945 1308 2964 0
1318 2945 1337 2964 D
1347 2946 1357 2964 1
1366 2945 1388 2965 G
1399 2945 1408 2963 1
1418 2939 1438 2965 ὁ
1446 2943 1494 2964 SE.
1526 2936 1594 2964 Adu.
1631 2933 1807 2972 [τερατωδῶς]
1843 2937 1948 2963 Praeter
1967 2943 2086 2963 naturam
2103 2938 2145 2964 vel
2163 2946 2263 2963 morem.

1193 2973 1264 3000 Plin.
1278 2982 1311 3005 11,
1326 2981 1359 3008 37
1371 2974 1389 3000 s.
1404 2978 1437 3003 80
1466 2973 1536 2999 Lien
1554 2982 1615 2999 cum
1635 2974 1756 3000 iecinore
1776 2973 1867 2999 locum
1885 2973 2030 3008 aliquando
2048 2978 2196 3007 permutat,
2216 2971 2261 2999 sed

1192 3009 1357 3045 prodigiose.
1430 3008 1498 3035 Ptin.
1514 3017 1555 3042 30,
1572 3018 1596 3036 ιι
1626 3008 1749 3036 Bubonis
1767 3015 1839 3036 certe
1851 3009 1994 3036 oculorum
2009 3010 2124 3035 cinerem
2143 3009 2214 3035 inter
2229 3016 2262 3036 ea

1192 3045 1292 3081 quibus
1306 3044 1462 3080 prodigiose
1473 3046 1558 3072 viram
1572 3044 1757 3079 ludificantur,
1776 3046 1935 3081 acceperim.
2006 3044 2081 3078 Qud
2093 3043 2154 3070 fieri
2167 3044 2260 3079 prodi—

1192 3081 1293 3118 giosius
1306 3082 1395 3117 potuit
1411 3081 1526 3108 Saluian.
1540 3081 1574 3107 de
1588 3081 1658 3108 Gub.
1672 3089 1691 3116 7
1710 3091 1736 3116 p.
1751 3086 1800 3112 281.

1234 3118 1532 3150 PRODtGIALIS,
1551 3126 1574 3143 e.
1594 3117 1656 3144 Adi.
1693 3117 1840 3153 [πράως]
1876 3117 1939 3142 Late
1955 3114 2085 3142 admodum
2102 3121 2197 3150 patens
2213 3124 2260 3142 no-

1182 3163 1255 3184 wen.
1276 3163 1302 3181 υ.
1315 3164 1341 3191 g.
1364 3154 1447 3181 Plaut.
1461 3153 1560 3188 Amph.
1573 3163 1594 3185 2,
1606 3162 1633 3187 2,
1647 3161 1695 3188 107
1722 3154 1771 3181 Sed
1785 3152 1884 3180 mulier
1897 3151 2036 3186 postquam
2050 3151 2204 3185 experrecta
2220 3160 2259 3184 es,

1192 3190 1342 3226 prodigiali
1354 3191 1418 3217 Ioui
1445 3197 1490 3216 aut
1510 3189 1582 3216 mola
1600 3190 1664 3217 salsa
1683 3189 1782 3221 hodie,
1811 3194 1856 3214 aut
1876 3194 1938 3230 ture
1955 3194 2151 3221 comprecatum
2177 3196 2258 3222 opor-

1191 3228 1262 3259 tuit,
1282 3229 1300 3253 i.
1315 3226 1439 3263 prodigia
1457 3229 1571 3252 mittenti
1590 3233 1614 3253 rt
1633 3230 1660 3252 in
1681 3226 1768 3252 bonum
1789 3227 1906 3250 vertenti.
1978 3224 2087 3249 Rubens
2107 3221 2258 3258 prodigiale

1190 3269 1325 3296 cometes,
1348 3264 1374 3290 h.
1387 3273 1407 3289 e.
1429 3262 1613 3298 prodigialiter
1620 3272 1630 3292 ;
1651 3264 1745 3288 Nomen
1755 3268 1803 3296 pro
1811 3259 1937 3286 Aduerbio
1944 3258 2037 3286 Claud.
2051 3259 2083 3286 de
2092 3260 2168 3294 Rape.
2183 3260 2258 3287 Pros.

1192 3308 1213 3332 1,
1228 3308 1282 3332 23²·
1356 3300 1444 3334 Caput
1457 3298 1606 3334 prodigiale
1620 3296 1714 3324 Claud.
1731 3295 1819 3323 Rufin.
1835 3305 1859 3326 2,
1872 3303 1934 3328 434.
2007 3295 2145 3322 Daemone
2164 3295 2258 3329 prodi-

1190 3335 1256 3371 giali
1277 3334 1406 3362 distentus
1439 3335 1552 3363 Paullin.
1572 3334 1638 3361 Nol.
1658 3332 1747 3361 Natal.
1762 3333 1845 3359 Felic.
1864 3336 1892 3362 8,
1911 3335 1968 3363 318.
2076 3332 2176 3358 Rerum
2196 3341 2257 3366 pro-

1190 3371 1336 3407 digialium
1348 3371 1424 3406 gnari
1450 3372 1586 3399 Ammian.
1599 3377 1641 3403 25,
1654 3377 1696 3402 32.
1779 3368 1860 3403 Signa
1876 3366 2039 3402 prodigialia
2062 3367 2188 3394 Prudent.
2203 3368 2258 3395 Ha-

1189 3415 1269 3436 mart.
1312 3410 1326 3433 (⁷
1348 3428 1355 3434 .

1228 3451 1270 3471 PR
1281 3416 1352 3471 (ib—Il
1364 3449 1405 3471 G1
1414 3451 1437 3471 Α
1447 3450 1465 3470 L
1476 3442 1517 3470 ἵΤ
1527 3448 1581 3469 ER.
1617 3440 1687 3468 Adu.
1724 3439 1890 3475 [τεραςικιῗς]
1929 3438 1998 3466 Idem
2015 3438 2082 3475 quod
2099 3438 2254 3476 prodigiosi.

1190 3480 1328 3507 Colmnel.
1343 3489 1364 3513 3,
1377 3491 1389 3514 3
1414 3480 1486 3508 Nam
1500 3478 1547 3505 illa
1560 3476 1687 3505 videntur
1705 3475 1892 3511 prodigialiter
1906 3475 1935 3501 in
1951 3474 2048 3502 nostris
2061 3475 2200 3502 Ceretanis
2212 3484 2256 3502 ac*

1190 3517 1288 3544 cidisse.
1313 3516 1382 3544 Add.
1396 3515 1498 3543 Arnob.
1513 3523 1523 3541 1
1537 3523 1563 3549 p.
1580 3522 1616 3540 ιο.
1687 3512 1799 3539 Variare
1811 3520 1870 3539 rem
1884 3520 1965 3538 vnam
1979 3510 2171 3546 prodigialiter
2184 3512 2253 3539 Hor.

1191 3553 1221 3580 in
1233 3554 1299 3580 Arte
1312 3554 1385 3580 Puer.
1398 3560 1431 3585 29
1446 3550 1481 3577 ad
1497 3551 1643 3577 miraculum
1655 3557 1740 3584 vsquc.

1228 3591 1423 3620 PROD'iGO‚
1450 3586 1510 3621 egi,
1534 3588 1588 3613 ere.
1626 3584 1766 3619 [σπαθοέω,
1785 3581 1958 3616 ἐσωτεύομαι]
2000 3582 2164 3618 Conficmere,
2184 3584 2255 3610 oltra

1189 3625 1288 3653 modum
1309 3632 1427 3661 erogare:
1445 3622 1601 3658 compositum
1618 3630 1648 3647 ex
1667 3621 1733 3651 Pro,
1747 3626 1771 3646 et
1785 3621 1843 3654 Ago
1853 3639 1861 3651 ,
1874 3617 1946 3653 vtfit
1956 3617 2022 3645 idem
2033 3619 2110 3655 fere,
2122 3619 2189 3655 quod
2200 3620 2254 3645 abi·

1188 3661 1246 3699 ger‘e
1275 3662 1345 3689 domo
1358 3662 1468 3695 exigere,
1485 3658 1551 3694 quod
1558 3658 1666 3694 faciunt
1679 3659 1781 3691 iuquos
1801 3655 1927 3690 prodigos
1945 3664 2074 3688 vocamus,
2093 3659 2137 3691 qui
2152 3657 2252 3682 Plutum

1190 3683 1262 3725 domo'
1273 3701 1384 3734 exigant.
1418 3694 1477 3721 Vid.
1492 3704 1518 3721 n.
1533 3703 1554 3720 2.
1592 3692 1675 3720 Plaut.
1690 3692 1752 3719 Aul.
1768 3701 1789 3723 2,
1804 3700 1831 3724 9,
1845 3699 1874 3717 10
1899 3690 1976 3717 Festo
1988 3691 2032 3717 die
2045 3691 2063 3718 si
2077 3690 2144 3726 quid
2155 3689 2253 3725 prode-

1190 3735 1277 3769 geris,
1303 3730 1422 3768 profesto
1442 3739 1520 3765 egere
1540 3730 1634 3762 liceat,
1655 3728 1705 3755 nifi
1726 3727 1883 3764 peperceris.
1945 3726 2044 3753 Sallust.
2066 3727 2169 3761 Fragm.
2191 3733 2216 3754 1,
2231 3731 2249 3764 ,ς

1191 3770 1251 3798 Nisi
1265 3770 1350 3796 aliena
1363 3766 1432 3793 bene
1445 3766 1518 3801 parta
1533 3764 1716 3800 prodegerint.
1771 3763 1840 3790 Gell.
1856 3771 1890 3795 ις,
1904 3770 1918 3796 5
1942 3763 2089 3798 Profligare
2097 3770 2144 3797 per
2160 3758 2249 3793 prodi-

1190 3816 1254 3842 gere
1267 3811 1293 3832 et
1307 3802 1452 3838 deperdere
1465 3803 1582 3837 explicat.
1657 3803 1688 3829 In
1710 3799 1834 3827 meliorem
1853 3805 1952 3833 partem
1974 3803 2057 3826 utitur
2083 3795 2174 3824 (laud,
2189 3795 2249 3834 M?-

1190 3848 1267 3869 mert.
1285 3839 1353 3876 apud
1371 3838 1462 3865 Sidon.
1477 3837 1555 3872 Epist.
1576 3848 1599 3869 4,
1616 3846 1633 3864 2
1667 3837 1744 3864 Tuas
1767 3844 1830 3869 opes
1853 3836 1881 3861 in
1904 3835 1965 3861 rsus
1987 3836 2096 3873 inopum
2110 3829 2247 3871 prodigis.

1190 3877 1295 3909 Palline.
1317 3875 1435 3902 Laoant.
1452 3875 1479 3906 6,
1494 3882 1516 3900 ιι
1547 3873 1751 3900 Leuiffimorum
1772 3871 1913 3897 hominum
1932 3872 2091 3906 patrimonia
2108 3875 2134 3892 m
2154 3875 2195 3892 res
2209 3867 2247 3892 su-

1150 1215 1179 1241 ²5

1149 1399 1181 1423 30

1139 3014 1172 3042 75

1140 3194 1174 3221 80

1138 3379 1178 3407 85-

940 3912 982 3939 Est
1000 3912 1118 3947 quodam
1131 3921 1180 3940 100
1191 3920 1334 3949 peruacuas
1347 3910 1534 3946 prodiguntur.
1570 3909 1736 3937 Modestinus
1749 3908 1776 3933 in
1793 3907 1810 3934 l.
1824 3907 1966 3942 plebiscito
1974 3907 2005 3933 D.
2013 3906 2044 3930 de
2057 3900 2124 3928 offic-
2134 3901 2245 3928 Praesid-

1191 3949 1333 3978 Plebiscito
1352 3947 1522 3978 continetur,
1537 3952 1566 3972 vt
1577 3954 1610 3972 ne
1625 3945 1684 3980 quis
1696 3943 1843 3978 praesidum
1863 3952 1959 3969 munus
1979 3941 2113 3980 donumve
2133 3943 2248 3978 caperet,

1191 3985 1240 4013 nisi
1256 3983 1420 4011 esculentum
1440 3981 1661 4017 potulentumuc,
1676 3980 1748 4015 quod
1767 3980 1838 4006 intra
1858 3979 1913 4006 dies
1931 3983 2065 4014 proximos
2080 3973 2247 4008 prodigatur.

1192 4025 1210 4049 i.
1231 4020 1402 4056 Confhmatur.
1603 4014 1624 4054 ff
1646 4025 1663 4043 2
1698 4017 1803 4052 Proprie
1818 4016 1863 4042 hoc
1875 4015 1947 4053 verso
1959 4018 2017 4046 vJus
2030 4010 2116 4050 Varro
2131 4007 2163 4049 de
2175 4008 2248 4034 KR.

1193 4066 1220 4091 2,
1239 4067 1265 4091 4,
1285 4061 1299 4087 8
1327 4054 1489 4082 Admissus-as
1508 4061 1592 4089 quum
1612 4053 1730 4084 faciunt,
1754 4051 1900 4087 prodigunt
1919 4056 1947 4074 m
1969 4045 2068 4086 lutosos
2087 4045 2195 4084 limites.
2220 4043 2249 4069 de

1338 4090 1413 4120 ldem
1433 4098 1456 4122 a,
1470 4098 1496 4123 9,
1511 4098 1541 4122 14
1572 4088 1733 4124 Prodigendi
1753 4088 1781 4115 in
1794 4087 1878 4114 solem
1895 4090 1921 4110 et
1941 4081 2207 4118 sterquilinium‚·vt
2223 4079 2249 4105 se

1394 4127 1412 4154 6
1438 4126 1458 4152 Y
2129 4114 2251 4143 volutare
