2517 4231
1 1834 3 1839 ‘
39 1850 52 1855 κ
84 1838 198 1865 maritus.
251 1838 369 1865 Maerob.
383 1839 432 1865 Sat.
449 1848 466 1872 ι,
480 1847 502 1865 21
524 1839 583 1866 Nec
600 1840 630 1867 in
642 1844 747 1869 occulto
762 1844 813 1877 est,
840 1854 926 1881 neque
940 1847 1011 1875 aliud
1026 1851 1075 1876 esse
1087 1851 1143 1878 Ofi-
1158 1859 1188 1887 45
1204 1861 1257 1881 tam
1270 1855 1381 1882 nefariis
1399 1857 1559 1886 criminibus
1572 1881 1580 1893 ‚
1617 1867 1670 1888 tani
1683 1863 1773 1890 multis

48 1940 50 1942 η
84 1923 131 1929 -
167 1909 236 1936 Hinc
250 1910 372 1944 Aegyptii
387 1910 493 1944 Osirin,
525 1916 554 1937 vt
567 1911 651 1939 solem
662 1915 712 1941 esse
730 1915 856 1950 aflerant,
886 1919 992 1953 quoties
1009 1920 1144 1958 hierogly-
1203 1927 1301 1954 Heaut.
1316 1938 1344 1961 4,
1359 1939 1377 1961 i,
1390 1938 1413 1956 21
1441 1931 1502 1957 Tot
1516 1932 1620 1959 Peccata
1634 1933 1663 1959 in
1676 1933 1725 1961 hac
1739 1944 1768 1962 re

111 186 184 235 637
503 181 769 225 osc
1619 196 1891 242 osi*
2207 220 2279 268 638

109 277 198 299 turum
210 270 270 298 otio
280 269 461 299 concedamus.
555 271 675 300 oscitans
694 274 838 309 Epicurus,
875 273 972 310 otiosus
989 284 1013 303 et
1025 279 1161 314 negligens.
1258 287 1280 309 o
1292 288 1304 307 s
1313 288 1335 309 τ
1345 290 1365 309 Α
1376 290 1390 310 r
1400 305 1408 317 ‚
1427 293 1511 313 arum.
1540 283 1633 322 [ἇςιι]
1670 289 1760 317 Motus
1771 295 1867 325 terrae,
1880 293 1978 327 quibus
1991 297 2075 326 solum
2089 305 2224 337 quantun
2245 316 2274 334 v:

107 307 163 334 Cic.
174 305 206 333 de
220 307 280 334 Nat.
292 307 374 334 neor.
389 316 408 340 l,
421 316 449 341 72
466 306 515 334 ma
528 315 544 334 a
559 309 637 336 vobis
650 310 720 345 quasi
733 310 829 337 difflata
844 309 1006 345 redduntur,
1027 323 1092 349 quae
1100 317 1160 351 Epi·
1219 318 1336 353 describit
1349 321 1425 353 Apul.
1440 321 1472 348 de
1486 322 1588 349 Mundo
1603 333 1626 358 p.
1639 326 1678 355 (ις.

107 351 184 369 curus
198 342 310 369 oscitans
320 342 494 370 hallucinatus
507 344 560 377 est,
584 354 666 379 quum
678 345 786 381 quidem
797 345 973 381 gloriaretur,
994 355 1022 376 vt
1037 351 1157 379 vidi-inus
1257 359 1278 380 ο
1289 359 1302 380 s
1314 360 1336 379 'r
1348 357 1370 380 ri
1383 362 1403 381 Ν
1414 364 1428 382 i:
1440 365 1452 382 s
1462 379 1470 390 ‚
1490 359 1532 383 vt!
1546 365 1565 385 0
1578 366 1590 385 s
1601 367 1622 385 ‘r
1631 367 1651 386 ii
1661 368 1681 388 A
1691 369 1713 388 Ν
1725 368 1740 389 ε
1751 369 1765 389 s
1773 383 1782 397 ,
1803 364 1847 390 vel
1857 370 1878 392 H
1887 370 1908 391 0
1917 371 1930 391 s
1940 371 1964 392 ‘r
1974 372 1995 392 Α
2006 374 2027 394 N
2039 375 2055 395 Ε
2065 376 2077 395 ς
2085 392 2092 404 ‚
2113 374 2141 400 ῖς,
2164 385 2198 404 „L
2214 379 2272 404 pm.-

106 377 136 405 in
146 377 263 413 scriptis,
281 378 307 404 se
320 377 474 413 magistrum
488 379 606 408 habuisse
617 381 728 408 nullum.
819 381 966 410 oscitantes
979 384 1096 414 hesterna
1112 397 1157 422 po·
1211 389 1244 423 ja
1262 398 1356 422 niuem.
1396 394 1433 417 De
1446 403 1490 426 quo
1507 395 1573 421 Plin.
1589 404 1630 429 30,
1646 406 1663 424 i.
1683 398 1760 434 Apul.
1774 399 1851 435 Apol.
1878 401 1998 429 Tertull.
2014 404 2046 430 de
2059 406 2153 435 Anima
2167 420 2187 440 c,
2201 421 2228 446 57
2246 421 2270 440 et

105 413 203 441 tatione
228 413 360 446 Qiinctil.
375 420 399 448 8,
413 423 434 448 3.
651 414 672 454 fl
693 424 709 442 2
744 416 890 444 oscitantes
901 422 969 453 apud
980 422 1075 449 Catuli.
1088 433 1122 456 23,
1143 431 1157 457 ς
1179 426 1193 453 ⁵
1217 424 1284 451 Min.
1299 425 1351 451 liei.
1366 425 1426 452 O6t.
1442 437 1466 461 p.
1481 431 1507 455 61
1524 440 1544 456 c.
1558 433 1597 457 26.

103 448 137 484 1s,
157 447 244 482 Voffius
255 449 438 484 interpretatur
450 454 647 486 λαξυνινιζῃντις,
681 452 699 477 i.
724 451 772 478 imo
789 454 821 479 de
833 460 941 488 gutture
958 465 1037 483 voce-m
1053 460 1157 493 profun-
1252 465 1294 486 OS
1306 466 1328 486 T
1341 467 1358 486 Ε
1370 467 1391 487 N
1404 468 1421 487 D
1431 470 1449 489 υ
1460 483 1467 495 ,
1493 464 1536 497 di,
1568 467 1624 493 suni
1639 475 1661 493 et
1676 474 1749 503 nim,
1771 473 1826 498 ere.
1862 471 1992 508 [δάκννμι,
2012 475 2163 512 ἐπιδείκνυμι,
2182 485 2272 519 φαίνω]

102 485 185 511 dentes
222 491 247 510 et
259 484 386 512 oscinum
398 487 482 513 auium
493 489 618 524 proprium
630 486 676 522 effi
694 486 741 514 aie.
831 490 880 515 Sed
892 491 1004 527 Scaliger
1016 501 1078 520 aues
1091 495 1156 522 osci-
1217 495 1397 531 Demonstrat-e.
1443 500 1498 524 Non
1511 503 1540 525 ab
1550 503 1587 528 Os
1601 510 1623 528 et
1637 504 1733 537 tendo3
1757 506 1806 542 sed
1815 507 1846 533 ab
1859 509 1907 542 ob,
1917 516 1963 544 pro
1974 519 2020 545 quo
2032 513 2060 537 in
2074 515 2206 548 compulsas
2218 522 2272 551 qni.

102 505 201 547 tantes’
218 519 238 546 ι’.
256 520 369 553 hiantes,
388 528 461 557 putat
476 521 688 558 antonomasticam
702 522 886 558 descriptionem
898 527 1016 555 larorum.
1217 529 1317 556 busdam
1331 531 1379 558 obs
1395 535 1516 559 videnum·
1527 537 1634 571 fixisti,
1658 547 1688 566 vt
1699 541 1744 567 abs
1754 549 1800 577 pro
1811 543 1853 570 ab.
1910 545 1950 580 Fst
1962 547 2042 581 igitur
2052 547 2191 576 ostendere
2204 554 2272 581 velut

140 560 160 582 0
171 562 184 581 s
195 561 213 582 c
226 561 266 582 [Τ
274 562 296 582 Α
306 563 329 583 N
341 562 363 583 T
374 563 392 583 13
401 564 430 584 R„
451 558 519 585 Adu-
553 558 719 592 [χᾳσμωὸὂς]
756 560 930 595 Negligemcr.
968 564 1024 591 cic.
1040 565 1072 592 de
1084 566 1154 593 Clar.
1215 564 1253 592 ob
1267 567 1310 591 vel
1320 567 1404 602 versus
1417 569 1517 603 uliquis!
1529 572 1653 604 tendere,
1682 583 1782 610 tenere,
1814 580 1945 615 porrigere
1959 582 2060 617 aeIIqut'd

2129 595 2157 611 ua
2169 587 2180 611 i
2189 597 2195 609 ν
2207 597 2219 612 o
2233 591 2272 614 de-

102 591 174 618 Orat.
187 593 233 623 276
246 601 268 618 c.
281 596 313 622 80
346 593 437 626 Quim
451 593 548 620 indicia
561 593 655 620 mortis
671 595 695 620 se
709 596 863 629 comperisse
879 599 1019 627 manifesto
1035 608 1060 628 ct
1075 610 1153 628 manu
1171 609 1199 628 ιο
1215 600 1381 636 monstramus.
2062 605 2071 618 ’
2111 594 2127 619 q
2177 587 2212 622 Is

1437 605 1533 632 Deinde
1545 610 1579 632 ad
1592 611 1723 636 orationem
1737 614 1865 650 refertur,
1883 625 1912 642 vt
1926 616 2120 651 demonstrare3
2157 630 2181 648 et
2194 623 2272 658 tpsum

100 631 188 653 tenere
202 626 318 662 diceret,
336 634 390 655 tam
403 629 486 655 solute
498 628 602 663 egisset,
621 634 674 655 tam
689 630 801 664 leniter,
821 638 875 658 tam
889 634 1038 662 oscitanter.
1216 636 1305 663 dicere
1316 647 1328 663 e
1344 640 1435 678 Graeco
1448 643 1529 674 ὄείκω,
1549 644 1647 675 δείκνυμι
1661 653 1738 672 ortum
1752 648 1938 682 obseruauimus.
2022 655 2093 682 Ter.
2107 656 2174 684 Eun.
2187 668 2210 692 5,
2224 669 2245 693 3,
2260 669 2273 690 ς

136 669 156 690 Ο
166 668 180 690 8
190 668 208 690 C
222 669 233 689 l
244 669 298 690 ΤΑ
308 670 331 690 Ν
342 671 382 691 Τι
391 671 429 695 Α,
446 672 484 691 ae.
514 663 534 693 f.
569 665 621 690 Pro
634 664 802 701 Oscitatiune,
824 668 874 704 sed
890 671 961 696 male.
997 672 1052 697 Vid.
1067 671 1153 700 CcHar.
1213 673 1305 698 Iamne
1318 673 1453 701 ostendisti
1466 675 1534 710 signa
1547 679 1663 705 nutrici?
1756 684 1830 719 Virg.
1845 687 1908 714 Am
1921 690 1947 722 5.
1957 692 2008 724 869
2036 691 2181 720 Ostendent
2193 695 2274 722 ‘effic

100 693 236 725 Amba-M.
252 708 278 734 P·
293 705 331 732 73·
1214 706 1285 734 liuuc
1299 715 1401 735 tantum
1415 710 1482 746 fata,
1501 721 1587 747 neque
1602 714 1669 740 vltra
1705 717 1759 744 Esse
1772 719 1862 748 sinent.
1935 726 1991 752 Cic.
2006 735 2055 761 pro
2071 728 2178 757 caecin.
2195 739 2223 757 io
2246 732 2270 758 ls

138 739 158 760 0
168 739 366 762 sct'rATIO
377 754 386 767 ,
409 733 477 760 onis.
512 734 532 761 f.
570 735 693 773 [χάσμη]
735 738 802 765 Plin.
817 747 840 772 7,
854 740 870 766 6
895 740 1024 768 oscitatio
1044 742 1152 776 quidem
1213 743 1307 770 habuit
1319 744 1348 770 in
1365 747 1539 786 matrimonio
1553 749 1725 790 cestim-iam,
1756 754 1851 782 eodem
1866 766 1880 783 c
1893 761 2058 797 municipio,
2093 763 2197 793 summo
2210 767 2271 794 loco

99 760 130 794 ιἰιΙ
146 770 225 796 enixu
244 770 328 796 letalis
347 769 392 796 est.
465 769 629 798 Oscitatione
643 772 714 799 vinci
742 774 809 802 Geli.
821 784 846 809 4,
859 783 899 801 2ο.
980 776 1083 811 Longas
1101 785 1152 804 tra·
1171 785 1197 811 ι)-
1213 786 1300 805 natam
1319 788 1345 807 et
1364 781 1570 816 probatissimam
1592 785 1738 820 seminani,
1775 790 1837 817 sicut
1856 799 1881 818 et
1901 795 1978 822 viuus
2004 798 2095 826 multis
2119 800 2173 835 ipse
2191 803 2272 830 rebus

98 803 162 831 here
174 805 339 832 oscitationes
364 803 480 832 Martial.
495 815 516 842 2,
530 808 555 834 6.
627 808 771 842 oscitatio,
805 810 910 844 (inquit
921 811 1058 844 Donatus)
1089 815 1152 840 Ani.
1212 814 1342 851 ostendit,
1369 824 1394 843 et
1408 817 1435 844 in
1450 825 1537 845 morte
1552 821 1595 846 sua
1609 821 1763 850 testamento
1776 824 1925 855 declarauit.
2014 834 2069 862 Cic.
2084 836 2136 864 Att.
2153 847 2172 869 ι,
2186 847 2193 865 i
2220 839 2271 866 De.

96 840 133 865 mi
148 841 234 867 otium
248 846 274 867 et
287 839 417 867 securitas,
496 842 672 871 oscitationes
686 845 778 879 Bruti,
804 844 892 871 Libelli
903 845 1096 881 tfiitanterfiue
1111 858 1152 876 ne-
1211 852 1357 878 monstruni
1371 852 1434 880 hacc
1449 854 1567 896 Caelioffi
1591 855 1664 884 simul
1685 864 1711 884 et
1724 859 1790 886 illud
1811 862 1928 897 ostendi,
1953 866 1970 892 si
1992 868 2046 903 ipse
2065 880 2124 898 cnm
2142 873 2191 900 1'110
2214 884 2270 902 vno

78 873 318 910 *gligenterscripti
343 875 403 903 Stat.
416 875 480 904 5511..
494 887 522 911 4,
537 888 561 912 9,
578 888 613 905 10,
1212 887 1382 915 contenderet
1394 910 1402 922 ‚
1430 899 1472 917 nie
1485 890 1509 917 ei
1523 892 1582 918 satis
1596 891 1729 920 faemrum
1744 895 1828 924 fuisse.
1916 901 1986 929 Idem
2000 904 2032 930 de
2046 907 2137 943 Arusp.
2150 910 2226 946 Resp.
2241 920 2270 944 24

133 916 153 936 0
163 916 176 935 s
185 916 202 937 c
213 917 224 937 1
237 917 259 937 Τ
271 918 294 938 Α
307 916 323 937 n
334 917 355 937 v
364 918 386 937 N
395 918 414 938 D
423 918 443 938 v
453 919 465 938 s
474 933 482 945 ‚
502 922 532 948 a,
551 923 606 941 uin.
649 916 733 950 Apud.
747 914 814 941 Gell.
825 915 854 941 in
869 915 993 945 lemmate
1006 927 1024 952 4
1038 929 1059 946 c.
1075 929 1107 948 20
1127 928 1150 947 et
1212 922 1285 950 Haec
1297 924 1381 958 igitur
1394 925 1472 952 vobis
1483 947 1491 959 ‚
1518 926 1580 954 haec
1595 928 1696 963 Populo
1709 931 1832 958 Romano
1847 940 1873 960 et
1887 937 2012 965 scelerum
2026 940 2123 970 indicia
2136 946 2271 981 Ostendit,

68 949 75 955 “
98 945 184 973 Sidon.
197 945 276 980 Epist.
289 955 312 982 2,
322 955 334 973 2
353 947 494 982 Discipulis
507 957 639 985 exponere
652 949 834 977 oscitabundus
847 951 958 980 ordiris.
1161 963 1196 983 20
1210 964 1237 985 et
1250 960 1429 993 periculorum
1447 962 1516 996 signa
1530 964 1661 997 patefecit.
1767 968 1824 994 Cic.
1834 969 1864 996 de
1875 971 1944 1006 Lege
1951 977 2042 1009 Agrar.
2051 986 2073 1010 2,
2082 987 2094 1008 5
2114 980 2166 1007 cui
2179 989 2269 1010 errato

132 987 198 1009 osc
210 983 298 1014 fimo,
318 983 378 1010 i'nis.
409 983 430 1010 f,
468 984 628 1019 [χασμῶδες]
669 986 770 1024 Vitium,
788 995 833 1020 quo
851 988 909 1028 quir
919 996 1031 1025 tenetur,
1051 1000 1081 1017 vt
1094 991 1149 1027 sae.
1210 994 1282 1021 nulla
1297 996 1386 1035 venia,
1404 997 1474 1037 tefle
1487 998 1560 1026 saeio
1575 1000 1669 1040 erigua
1681 1001 1753 1036 laus,
1773 1010 1799 1030 et
1813 1005 1845 1032 ab
1859 1007 1952 1034 inuitis
1965 1014 2078 1045 expressa
2092 1015 2270 1051 Proponitur:

89 1016 147 1053 pius
158 1017 249 1052 oscitet.
292 1018 360 1046 Gell.
375 1028 398 1052 4,
412 1028 444 1046 20
465 1020 513 1047 Sed
526 1029 608 1054 quum
621 1019 668 1046 ille
680 1019 829 1055 deierasset,
851 1023 1034 1053 inuitissimuni
1050 1028 1101 1054 sese
1120 1037 1150 1056 ae
1210 1038 1265 1057 non
1278 1030 1411 1058 dubitanti
1426 1032 1503 1060 fidele
1516 1035 1673 1070 consilium,
1698 1047 1752 1065 non
1770 1039 1903 1069 laboranti
1918 1051 2019 1073 certum
2034 1048 2174 1079 subsidium
2189 1054 2270 1082 nobi-

93 1059 283 1087 repugnantem
300 1054 456 1082 oscitatione
476 1055 594 1088 vietum,
619 1056 756 1090 tenerique
771 1066 804 1084 eo
818 1057 898 1095 vitio⁷
911 1061 983 1095 quod
996 1063 1090 1090 oscedo
1105 1073 1150 1100 ap·
1208 1065 1289 1093 litatis
1303 1067 1458 1095 ostenditur.
1551 1071 1589 1098 De
1604 1071 1645 1099 his
1658 1072 1776 1108 primum
1789 1078 1907 1111 partibus
1923 1080 2113 1112 ostendendum
2126 1088 2177 1122 est,
2196 1090 2270 1117 dein.

90 1088 216 1123 pellatur:
255 1096 312 1116 tum
325 1097 402 1118 notae
419 1091 472 1117 iam
484 1090 624 1118 destinatae
637 1099 754 1118 exemtus
767 1094 812 1120 est.
902 1096 1019 1131 oscedo,
1047 1099 1147 1127 Sereno
1209 1102 1257 1135 de,
1281 1110 1327 1131 etc.
1365 1104 1468 1132 Auctor
1479 1106 1512 1133 ad
1526 1107 1624 1134 Heren.
1638 1119 1661 1142 2,
1676 1118 1711 1142 23·
1803 1113 1875 1140 Sicut
1888 1115 2065 1152 ostendimus,
2097 1123 2114 1149 i.
2139 1126 2269 1152 Nurram'.

91 1132 117 1152 v.
131 1133 166 1156 ²3¹
177 1125 309 1160 fignificat
322 1126 381 1152 Oris
392 1124 533 1159 ulcuscula,
561 1135 633 1161 quum
641 1126 749 1163 scribit,
787 1129 858 1157 Hinc
871 1132 966 1159 oscedo
978 1133 1063 1169 fugit,
1096 1135 1146 1163 lin-
1163 1140 1194 1166 25
1209 1147 1264 1164 mus
1287 1139 1378 1174 Nepos
1394 1143 1428 1173 16,
1442 1151 1464 1174 5,
1479 1151 1497 1169 i.
1529 1143 1604 1170 Idem
1622 1153 1654 1177 ¹7,
1669 1154 1689 1178 ι,
1704 1154 1725 1176 5.
1745 1154 1769 1174 ct
1781 1157 1805 1181 7,
1818 1151 1844 1182 6,
1859 1160 1881 1181 4.
1933 1180 1939 1186 .
1980 1154 2133 1185 Ostendjmr
2149 1161 2225 1188 „obis
2239 1162 2268 1189 id

90 1168 158 1194 guae
183 1154 290 1195 quoque
313 1160 422 1187 vulnera
442 1161 544 1189 cedunt.
628 1162 746 1197 Osced0‚
776 1165 860 1200 inquit
881 1167 997 1196 Isidorus
1016 1181 1040 1206 4,
1062 1178 1075 1201 8
1101 1172 1148 1206 est,
1210 1174 1283 1208 quod
1296 1175 1504 1211 quaerebamus,
1529 1179 1613 1214 inquit
1624 1180 1744 1209 Donatus
1756 1186 1791 1209 ad
1803 1185 1872 1213 Ter.
1884 1187 1950 1214 Hec.
1964 1199 1988 1222 4,
2001 1201 2023 1223 4,
2037 1199 2050 1224 ς
2070 1193 2228 1230 Opportune
2241 1204 2268 1224 te

91 1204 143 1230 qua
162 1196 307 1223 infantium
326 1204 374 1223 ora
393 1196 551 1226 vlcerantut.
612 1198 732 1234 Aphthas
751 1202 841 1228 medici
860 1211 968 1239 vocant,
1000 1214 1030 1233 vt
1052 1208 1147 1234 Tarne.
1209 1209 1278 1237 mihi
1292 1211 1421 1247 Phidippo
1435 1213 1463 1239 in
1476 1213 1533 1254 ipso
1546 1221 1665 1250 tempore
1679 1217 1804 1246 ostendis.

205 1231 214 1257 l
237 1230 239 1232 Ι
1878 1223 2038 1260 ostendere,
2058 1230 2160 1258 Docere.
2200 1234 2269 1261 Hor.

91 1231 134 1257 bus
153 1233 207 1267 ext]
215 1234 285 1258 imat-

1209 1246 1289 1281 Epist.
1304 1257 1322 1278 i,
1335 1258 1370 1282 19,
1385 1258 1410 1281 23
1440 1250 1528 1277 Parios
1542 1260 1592 1286 ego
1608 1252 1709 1285 primus
1723 1255 1829 1283 lambos
1871 1259 1980 1287 Ostendi
1995 1262 2080 1291 Latio.
2119 1268 2192 1296 conf.
2213 1269 2269 1295 Cic.

130 1271 152 1294 o
161 1274 173 1293 s
183 1273 200 1294 c
210 1275 231 1294 v
242 1273 258 1294 1.
269 1274 291 1294 A
300 1273 323 1294 N
332 1274 354 1295 A
380 1267 483 1308 Pugna,
515 1278 531 1294 a
544 1268 619 1296 Festo
630 1271 788 1306 appellatur,
819 1280 844 1299 et
854 1276 983 1308 prouerbii
996 1277 1044 1303 loco
1063 1288 1147 1306 nume.
1208 1281 1280 1309 Fam.
1293 1291 1317 1316 ς,
1332 1293 1368 1316 ι9.
1404 1285 1478 1312 Caes.
1499 1286 1563 1314 Bell.
1584 1287 1667 1314 Ciuil.
1689 1298 1707 1322 i,
1720 1292 1745 1317 6.
1765 1300 1788 1317 et
1800 1301 1823 1327 2,
1837 1300 1871 1320 20
1884 1303 1949 1322 extr.
2046 1301 2143 1335 Aperte
2155 1297 2269 1332 dstcndit

89 1310 164 1337 roque
176 1303 304 1337 refertur,
319 1302 352 1330 de
366 1303 410 1337 iis,
424 1312 470 1337 qui
486 1304 554 1331 viffi
565 1305 686 1334 vincunt.
749 1309 801 1335 Sed
808 1309 937 1352 Asculana
947 1313 1030 1347 potius
1041 1315 1094 1340 dici
1105 1317 1146 1342 de.
1160 1322 1193 1348 30
1209 1318 1283 1351 quod
1296 1318 1375 1347 habet
1387 1321 1480 1347 venale
1501 1323 1571 1350 Hor.
1586 1324 1669 1350 Sel'lll-
1684 1334 1702 1358 ι,
1716 1335 1737 1359 2,
1749 1332 1791 1361 84.
1880 1330 1997 1366 Rapinae
2011 1335 2071 1362 Caci
2087 1338 2169 1364 Caelo
2183 1339 2269 1366 osten-

89 1337 145 1364 here
156 1338 267 1366 videtur.
328 1340 394 1365 Nam
409 1341 445 1364 ad
453 1339 577 1367 Asculum
595 1351 623 1368 ea
636 1343 778 1379 depugnata
793 1351 879 1380 pugna
884 1347 942 1380 sim
952 1349 1070 1384 aduersus
1085 1352 1146 1385 Pyr.
1207 1353 1307 1381 duntur
1327 1356 1401 1391 Virg.
1419 1358 1482 1384 Aen.
1498 1365 1521 1391 8,
1534 1361 1588 1390 263·
1661 1360 1760 1388 Coram
1773 1363 1911 1392 ostendere
1925 1368 2025 1403 aliquid
2040 1372 2119 1399 alicui
2145 1375 2216 1401 Idem
2233 1376 2268 1402 ib.

89 1373 177 1404 rhum,
188 1373 219 1406 fi
227 1375 359 1400 Plutarcho
371 1375 506 1401 credimus:
537 1385 677 1412 quanquam
691 1381 759 1415 apud
769 1380 875 1408 Festum
886 1385 945 1410 ordo
951 1383 1077 1420 seriesque
1088 1396 1146 1414 ver·
1207 1392 1235 1423 6,
1249 1393 1299 1423 7¹6·
1398 1393 1494 1427 Digitis
1509 1394 1647 1422 ostendere
1673 1397 1756 1425 Ouid.
1775 1399 1807 1426 de
1820 1401 1884 1428 Arte
1899 1404 1957 1430 Am.
1972 1413 1997 1437 2,
2008 1408 2066 1440 629.
2164 1411 2268 1439 Bellum

87 1408 169 1436 borum
184 1409 340 1436 Osculanam
352 1417 444 1438 tuetur.
482 1412 520 1437 Ex
537 1411 656 1440 Turnebo.
1207 1426 1345 1453 ostendere
1383 1428 1442 1455 Liu-
1467 1439 1485 1462 l,
1505 1438 1534 1456 ιι.
1632 1432 1735 1469 Bellum
1757 1435 1875 1464 indicere
1889 1445 1914 1465 et
1928 1440 2066 1470 ostendere
2102 1445 2175 1474 Idem
2189 1457 2212 1482 2,
2225 1457 2268 1481 44·

33 1441 43 1446 ”
125 1450 146 1472 ο
155 1450 224 1473 sev
233 1451 250 1472 ι’..
259 1452 282 1473 A
291 1451 330 1473 '1'1
339 1452 376 1480 o,
396 1452 416 1474 0
428 1452 442 1475 s
452 1452 469 1474 C
478 1453 500 1474 V
510 1454 528 1474 1.
538 1453 604 1482 OR,
623 1454 644 1476 0
654 1455 778 1478 SCVLV
787 1457 834 1487 M,
869 1454 922 1481 vid.
948 1461 1004 1490 os,
1026 1456 1092 1485 oris.
1207 1463 1298 1496 Ignem
1313 1462 1389 1489 soliis
1423 1466 1480 1492 Val.
1495 1465 1577 1493 Flacc.
1593 1476 1616 1500 2,
1628 1476 1680 1501 450
1717 1469 1735 1496 i.
1756 1471 1918 1506 veisuifhlia
1929 1478 2007 1503 arida
2019 1488 2132 1507 exornem*
2145 1485 2173 1508 de
2185 1485 2267 1515 silice.

1161 1501 1191 1529 33
1207 1499 1268 1524 Alio
1282 1498 1356 1534 sensu
1374 1507 1398 1525 et
1417 1501 1537 1536 vulgari,
1575 1503 1648 1530 Idem
1668 1512 1692 1536 3,
1711 1507 1761 1539 603
1794 1507 1863 1535 Seris
1883 1510 2021 1540 ostendere
2038 1515 2164 1544 nocffiibus
2183 1519 2268 1554 Ignes.

506 1522 536 1554 O
609 1523 630 1555 S
702 1525 718 1556 Ῑ
1206 1535 1398 1568 Imperatorem
1417 1537 1486 1563 Suet.
1501 1538 1585 1572 Calig.
1601 1548 1622 1566 c.
1638 1549 1678 1574 43.
1786 1543 1840 1570 Iter
1855 1545 1886 1571 ad
1900 1546 2002 1581 ingenii
2015 1550 2105 1578 lumen
2133 1555 2267 1587 Qiinffil.

191 1566 193 1568 v
1208 1578 1217 1595 ι
1232 1578 1353 1604 prooem.
1434 1573 1534 1600 Locum
1549 1575 1667 1610 aliquem
1681 1577 1819 1605 ostendere
1832 1579 1864 1607 de
1877 1583 1979 1610 excelso
2017 1586 2074 1614 Cic.
2093 1588 2183 1617 Soinn.
2199 1591 2267 1626 Scip.

123 1595 183 1617 081
193 1596 219 1617 M
229 1607 238 1621 ,
258 1597 307 1626 pro
323 1590 429 1625 Ausim,
457 1593 610 1620 Comicorum
622 1593 758 1631 moresunt
773 1598 820 1632 qui
831 1598 917 1634 legunt
939 1599 996 1628 Cic.
1011 1601 1065 1630 Ati.
1080 1610 1115 1637 iz,
1131 1610 1147 1637 5
1205 1614 1228 1631 c.
1244 1614 1265 1632 2.
1357 1607 1459 1635 Lumen
1471 1610 1571 1641 animi,
1597 1611 1716 1647 ingenii,
1742 1615 1897 1650 consiliique
1910 1619 1949 1645 tui
1962 1618 2006 1647 liic
2018 1630 2127 1657 oportet
2147 1627 2267 1653 ostendas

82 1623 132 1660 sed
142 1626 254 1660 plerique
269 1627 355 1652 aliter.
1204 1640 1280 1668 Idem
1295 1641 1333 1668 ib.
1348 1651 1369 1674 3.
1474 1645 1547 1672 Idem
1562 1647 1640 1674 Verr.
1653 1657 1682 1681 4,,
1695 1657 1722 1680 7ς
1750 1649 1798 1676 Iste
1813 1657 1869 1678 tuni
1884 1660 1973 1687 petere
1987 1656 2020 1682 ab
2033 1658 2101 1685 illis:
2139 1667 2195 1688 tuni
2216 1663 2266 1689 mi-

103 1654 164 1687 ”os
174 1667 264 1688 1REO
275 1668 371 1688 STAP
381 1668 443 1696 ΗΕ,
477 1672 513 1690 es.
543 1663 564 1691 f.
600 1666 701 1697 Herba,
728 1674 795 1700 quae
809 1674 835 1694 et
847 1669 1064 1706 Cynocephalion
1079 1673 1144 1702 dici·
1157 1683 1191 1708 40
1207 1677 1282 1710 nari,
1313 1684 1370 1704 tuni
1382 1679 1468 1714 spem,
1499 1687 1556 1708 tum
1571 1683 1673 1709 Metum
1687 1684 1833 1714 ostendere.
1938 1691 2031 1718 Mores
2046 1694 2159 1722 alicuius
2196 1698 2265 1724 Ter,

86 1699 132 1722 m,-
150 1697 228 1731 Apffl,
242 1697 274 1724 de
288 1697 371 1725 Herb,
383 1708 405 1725 ς,
423 1701 462 1728 86,
498 1699 584 1734 Qasr*
592 1707 619 1726 tu
631 1699 743 1728 osiridis
755 1702 904 1736 sepulerum
917 1706 995 1735 dicas.
1205 1712 1272 1738 Eun.
1286 1722 1307 1745 5,
1321 1721 1347 1746 9,
1360 1723 1399 1747 59.
1494 1717 1550 1742 Cic.
1566 1726 1615 1751 pro
1630 1718 1705 1745 Rose.
1721 1720 1810 1748 Amer.
1825 1727 1853 1755 87
1877 1724 1914 1750 Ex
1929 1730 1968 1752 tot
1981 1727 2078 1754 sicariis
2091 1731 2162 1757 solus
2174 1732 2267 1758 inuen-

124 1738 167 1760 08
178 1738 188 1758 1
199 1738 339 1767 RIACA,
364 1736 408 1759 vel
425 1741 446 1761 o
456 1740 470 1760 s
481 1741 547 1761 YRi
557 1741 579 1761 A
589 1741 654 1769 CA,
671 1744 710 1763 ae.
730 1735 752 1763 f.
788 1739 884 1772 Herba,
899 1749 962 1774 quae
974 1743 1042 1769 alias
1053 1745 1146 1771 Malua
1205 1752 1246 1774 tus
1265 1756 1307 1780 es,
1334 1750 1381 1782 qui
1408 1759 1468 1777 cum
1491 1753 1685 1780 accusatoribus
1703 1756 1805 1783 sederes
1820 1769 1826 1784 ι
1863 1766 1942 1794 atque
1961 1763 1999 1789 Os
2018 1770 2094 1792 tuum
2111 1776 2165 1794 non
2184 1768 2267 1795 inodo

87 1769 209 1795 erratica.
247 1769 324 1804 Apul.
338 1768 370 1795 de
384 1770 466 1796 Herb.
481 1778 504 1795 t.
516 1772 555 1798 86.
1204 1783 1368 1817 ostenderes,
1393 1785 1434 1811 sed
1449 1786 1528 1813 ctiam
1542 1788 1661 1815 offerres.
1755 1792 1828 1819 Ideni
1840 1795 1919 1822 Verr.
1937 1806 1955 1832 ι,
1969 1806 1975 1824 ι
2003 1799 2094 1827 Nemo
2106 1811 2267 1838 quemquam
2314 1808 2316 1810 '

124 1808 146 1829 0
158 1809 172 1830 3
183 1801 280 1839 1313,
311 1804 334 1830 is
354 1804 399 1829 vel
414 1804 475 1830 idis.
514 1813 550 1830 m.
592 1802 716 1842 [Ὄσιρις]
752 1809 935 1844 Aegyptiorum
954 1813 1038 1847 Deus,
1069 1814 1144 1842 Isidis
1204 1825 1258 1845 tam
1272 1819 1414 1852 audacem,
1431 1827 1483 1849 tam
1498 1831 1648 1859 amentem,
1670 1831 1723 1853 tam
1735 1827 1917 1863 impudentem
1929 1832 1989 1860 fore
2002 1834 2195 1873 arbitrabatur,
2218 1840 2267 1875 qui
2292 1847 2295 1848 ’

1793 1866 1902 1893 testibus
1916 1868 2020 1897 enidius
2034 1892 2042 1905 ,
2080 1881 2127 1901 ora
2146 1875 2266 1904 iudicum

1794 1901 1930 1930 ostendere
1941 1905 2058 1934 auderet.
2148 1912 2264 1939 Terent.

1782 1937 1905 1967 ostendis.
1944 1942 1962 1968 i.
1979 1949 2071 1977 peccas.
2190 1947 2265 1976 Idem

84 1872 129 1899 rin
144 1882 222 1907 quam
235 1874 333 1907 solem,
364 1884 413 1900 nec
427 1874 477 1901 Isin
491 1873 565 1901 aliud
577 1876 627 1903 esse
641 1886 719 1912 quam
733 1884 848 1916 terram,
881 1889 1037 1911 naturamue
1050 1894 1142 1914 rerum
1203 1891 1335 1926 aspicere,
1359 1899 1384 1919 et
1398 1894 1435 1920 Os
1448 1895 1522 1921 suum
1536 1896 1638 1931 Populo
1656 1898 1779 1926 Romano

82 1943 168 1979 phicis
181 1945 329 1973 literissuis
350 1946 500 1980 exprimere
517 1947 630 1982 volunt,
661 1949 812 1986 insculpunt
831 1953 977 1989 sceptrum,
1008 1957 1090 1992 inque
1110 1969 1143 1987 eo
1204 1963 1315 1998 Adelph.
1329 1974 1347 1998 i,
1364 1973 1388 1997 z,
1404 1974 1431 1996 25·
1459 1967 1506 1993 Te
1520 1968 1596 2002 plura
1610 1969 1638 1995 in
1652 1969 1701 1996 hac
1714 1979 1743 1997 re
1757 1973 1864 2001 Peccare
1877 1976 2021 2005 ostendam.
2109 1982 2264 2011 Potestatem

82 1980 195 2015 speciem
210 1981 284 2007 oculi
295 1982 462 2016 exprimunt,
480 1990 525 2009 etc.
582 1985 633 2010 Sed
642 1994 720 2020 neque
732 1988 914 2023 mythologian‚
938 2000 1014 2026 neque
1024 1995 1143 2028 phyfi'olo-
1204 2000 1275 2025 fliam
1289 2000 1317 2026 in
1331 2000 1423 2035 aliquo
1454 2002 1524 2029 Ter.
1539 2004 1605 2030 Eun.
1627 2014 1650 2037 ς,
1663 2014 1689 2037 9,
1703 2014 1723 2036 3.
1829 2011 2010 2042 Qiamfimus
2023 2015 2112 2043 callidi
2126 2019 2264 2046 ostendere

77 2017 141 2052 gia„
156 2016 267 2044 Osiridis
287 2017 398 2052 pe7sequi
411 2017 516 2053 rusti-um
530 2018 569 2052 est.
631 2023 717 2046 Verum
737 2022 882 2056 testimoniis
895 2026 1042 2053 Latinorum
1056 2031 1143 2055 Poa'ta.
1157 2038 1189 2064 50
1204 2035 1278 2060 Idem
1291 2035 1372 2061 Andr.
1389 2045 1406 2069 i,
1419 2045 1442 2068 2,
1456 2044 1495 2070 27.
1569 2039 1625 2066 Cic.
1640 2040 1717 2066 Acad.
1731 2050 1755 2073 4,
1769 2048 1800 2073 98
1819 2044 1868 2071 Sed
1881 2052 1909 2072 vt
1923 2056 2016 2074 omnes
2029 2050 2092 2078 istos
2105 2053 2221 2088 aculeos,
2237 2061 2264 2082 et

82 2061 137 2078 rum
153 2053 222 2087 vfitm
234 2053 302 2078 vocis
314 2052 443 2087 rfienu'ere.
534 2050 657 2082 'quenal-
671 2062 692 2088 8,
707 2064 739 2089 29
759 2058 912 2085 Exclamare
923 2060 1005 2094 libet,
1028 2065 1142 2097 populus
1203 2074 1289 2095 totum
1304 2071 1451 2096 tortuosum
1467 2081 1548 2105 geniis
1568 2074 1717 2109 disputandi
1737 2078 1934 2115 relinquamus,
1974 2085 2193 2123 ostendamusque
2208 2090 2264 2124 Qui

82 2087 155 2121 quod
167 2087 260 2114 clamat
273 2087 344 2114 Osiri
356 2089 479 2114 Inuento.
525 2091 578 2115 Vct.
592 2091 671 2116 Schol.
692 2092 808 2125 Populus
821 2094 933 2129 Aegypti
947 2096 1017 2122 Osiri
1031 2098 1142 2127 inuento
1203 2103 1289 2130 fimus.
1362 2105 1444 2134 Plaut.
1459 2108 1535 2143 Capt.
1548 2119 1570 2141 2,
1586 2119 1607 2144 2,
1619 2120 1647 2144 45
1673 2112 1808 2145 Qloniam
1821 2116 1899 2143 nobis
1913 2118 1950 2145 dii
1966 2120 2128 2150 immortales
2143 2127 2264 2154 animum

83 2122 169 2156 dixit,
208 2122 322 2155 ἑρῆκαμεν
342 2126 507 2155 σννκαίςομεν-
541 2159 546 2164 Ι
610 2125 707 2166 Ηοῑζᾶΐ·
726 2127 807 2163 Epist·
827 2138 848 2169 ¹⁹.
871 2139 904 2162 ¹7,
924 2132 958 2158 60
984 2133 1015 2158 de
1033 2135 1142 2161 mendico
1203 2139 1371 2168 ostenderunt
1385 2143 1475 2170 Suum.
1551 2146 1606 2173 Cic.
1622 2146 1654 2174 de
1666 2148 1753 2175 Amic.
1769 2159 1799 2183 97
1821 2153 1851 2179 In
1866 2162 1918 2188 qua
1932 2156 1981 2182 nisi
2001 2159 2048 2189 (vt
2061 2159 2170 2194 dicitur)
2190 2171 2263 2197 aper-

78 2159 174 2194 plano,
205 2159 254 2186 Per
267 2158 385 2185 sanetum
404 2158 506 2185 iuratus
521 2158 591 2188 dicat
604 2161 702 2189 Osirin.
808 2163 938 2194 Tibullus
955 2177 973 2202 ι,
987 2173 1011 2204 8,
1025 2177 1058 2204 29
1093 2172 1143 2198 Νί-
1203 2182 1258 2201 tum
1275 2176 1364 2211 pefms
1376 2178 1479 2213 videas,
1515 2187 1643 2217 tuumque
1665 2183 1793 2212 ostendas-
1901 2189 1975 2218 Idem
1997 2194 2035 2227 Q
2046 2194 2113 2222 Frat.
2127 2196 2153 2230 ι,
2163 2207 2175 2224 2
2195 2207 2261 2226 extr.

83 2194 135 2221 lum
148 2193 288 2230 alloquens,
1157 2215 1186 2241 ςς
1202 2211 1324 2239 Tribun.
1338 2213 1422 2248 plebis
1441 2215 1564 2251 designati
1585 2219 1645 2245 sunt
1664 2219 1742 2246 nobis
1763 2222 1859 2249 amici:
1896 2231 1984 2254 coss.
2007 2230 2038 2256 Se
2058 2232 2159 2265 optime
2178 2234 2262 2261 osten.

238 2245 287 2271 Te
299 2244 370 2271 canit
409 2250 489 2279 atque
501 2245 578 2273 suum
591 2247 673 2282 pubes
686 2249 801 2278 miratur
813 2251 901 2279 Osirin
1201 2246 1284 2281 dunt,
1322 2251 1342 2274 i.
1362 2252 1450 2283 ‘'fit“mss’
1463 2253 1493 2277 de
1502 2252 1662 2294 sespffl'andf'
1677 2257 1822 2297 occafionefn
1832 2262 1960 2293 praebem,
2032 2266 2063 2292 Se
2077 2269 2165 2294 virum
2179 2270 2262 2296 osten-

239 2279 352 2306 Barbara
364 2265 539 2316 lx'temphitem
552 2283 675 2319 plangere
689 2285 768 2314 dueta
779 2286 887 2315 bouem.
901 2275 912 2289 ⁹
1201 2283 1264 2309 dese
1280 2284 1355 2323 ,Tes-
1370 2286 1435 2313 Eun·
1450 2296 1473 2320 ²⁷
1485 2297 1507 2320 3,
1521 2297 1553 2318 ¹5.
1628 2290 1685 2316 ὓς·
1701 2290 1734 2317 ‘le
1751 2293 1873 2323 V¹¹¹¹¹erfi
1888 2306 1914 2329 35
1945 2299 2060 2332 Q¹³f¹d0
2073 2302 2157 2338 igitur
2168 2314 2261 2332 omnes

235 2314 341 2342 Primus
355 2323 441 2343 aratra
455 2326 533 2344 manu
547 2320 636 2346 solerti
651 2321 717 2348 fecit
730 2322 813 2350 Ofiris
1200 2326 1227 2345 et
1240 2328 1287 2353 q¹¹¹
1305 2327 1464 2361 m0¹¹‘?”‘Us²
1484 2323 1621 2359 Palffiuque
1634 2326 1665 2366 Se
1679 2326 1834 2363 0st⁸¹¹d¹¹m⁹
1865 2337 1891 2358 et
1904 2334 1950 2367 <3¹¹2
1970 2342 2076 2364 eatenus
2090 2339 2167 2367 nobis
2181 2341 2263 2368 decla-

211 2352 214 2355 ·
235 2351 267 2378 Et
279 2356 396 2379 teneram
411 2353 486 2380 ferro
498 2354 652 2383 sollicitauit
665 2357 787 2385 humum.
858 2370 861 2374 .
1200 2361 1293 2381 rantur
1305 2363 1359 2389 quo
1375 2357 1421 2390 ipsi
1435 2358 1544 2391 volunt,
1562 2367 1645 2387 creati
1659 2362 1733 2396 sunt,
1754 2372 1798 2391 etc.
1833 2368 1864 2392 dc
1876 2369 1936 2395 diis.
1974 2372 1992 2397 i.
2013 2379 2143 2408 apparent.
2230 2378 2261 2404 Se

151 2383 159 2387 -
593 2400 596 2402 ,
1152 2390 1187 2415 60
1199 2399 1275 2425 aegre
1289 2392 1342 2426 pati
1355 2392 1494 2421 ostendere
1511 2395 1580 2423 Ter.
1594 2397 1705 2432 Adelph.
1720 2409 1739 2433 i,
1754 2408 1779 2433 2,
1793 2402 1831 2429 62.
1918 2405 2080 2436 Sententiam
2096 2412 2167 2439 suam
2186 2412 2263 2440 Idem

87 2410 167 2438 Plura
178 2410 213 2438 ibi
222 2412 316 2445 Poeta,
336 2419 359 2438 et
371 2412 555 2447 Brouckhufius.
614 2417 690 2443 Verbo
704 2418 786 2446 otti-is
800 2420 865 2455 Apis
876 2420 919 2456 est,
939 2428 963 2447 et
976 2423 1093 2457 Bacchus,
1113 2432 1138 2451 et
1200 2427 1296 2454 Heaut.
1309 2435 1334 2461 2,
1349 2437 1368 2461 i,
1384 2438 1406 2461 7.
1499 2431 1573 2458 Idem
1590 2433 1696 2461 phorm.
1711 2445 1733 2468 5,
1746 2444 1775 2469 4,
1788 2445 1806 2472 7
1827 2438 1923 2473 Neque
1934 2451 1977 2468 me
1991 2443 2100 2473 domum
2114 2457 2182 2475 nunc
2194 2450 2262 2476 reci.

88 2446 174 2474 omnia.
224 2447 421 2484 Supetstitionem
441 2448 506 2475 illius
517 2451 604 2477 Romae
625 2453 699 2478 etiam
719 2455 841 2490 viguffl,
873 2464 985 2492 apparet.
1063 2462 1090 2487 V.
1107 2470 1137 2495 g.
1182 2472 1185 2473 ⁷
1200 2471 1290 2497 pei-em
1298 2484 1307 2497 ‚
1330 2464 1358 2490 ni
1372 2465 1441 2492 inihi
1454 2467 1514 2494 esset
1529 2469 1589 2502 Spcs
1604 2469 1704 2496 ostensa
1718 2471 1827 2499 huiusce
1841 2474 1985 2506 habendae.
2058 2482 2114 2509 Cic.
2129 2493 2178 2518 pro
2186 2485 2262 2512 Rosc.

86 2482 174 2509 quen.
187 2483 213 2516 6,
225 2492 272 2515 540
301 2484 335 2510 Vt
355 2484 460 2511 veniam
480 2485 569 2521 culpae
587 2496 643 2514 non
660 2488 773 2524 abnuat,
801 2492 894 2519 ansere
913 2501 1013 2528 magno
1033 2495 1138 2523 Scilicet
1200 2499 1289 2525 Amer.
1303 2509 1342 2527 110
1367 2501 1449 2528 Hisce
1463 2502 1587 2531 insidiose
1601 2505 1678 2539 Spem
1691 2506 1782 2534 falsam
1795 2509 1941 2540 ostendere.
2035 2517 2095 2551 Spes
2108 2519 2222 2547 ostendit
2236 2522 2262 2548 se

85 2522 112 2544 et
121 2517 191 2544 tenui
204 2527 309 2554 popano
321 2526 461 2555 corruptus
475 2520 568 2548 Osiris.
644 2525 747 2552 Videtur
760 2527 784 2552 ei
794 2528 834 2554 rei
847 2528 990 2562 occasionem
1000 2532 1137 2567 praebuisti·
1198 2534 1320 2562 alicunde
1341 2537 1400 2563 Liu.
1416 2540 1457 2572 26,
1466 2546 1502 2571 38.
1598 2541 1670 2568 Dum
1684 2543 1742 2570 vult
1758 2544 1858 2572 Vocem
1872 2548 2010 2578 ostendere
2036 2553 2145 2583 Phaedr.
2160 2566 2178 2590 ι,
2193 2566 2226 2590 ¹4,
2235 2566 2262 2590 9.

83 2553 196 2579 museum
213 2554 356 2590 Vespasiani
368 2557 506 2591 imperium.
549 2558 604 2585 Vid.
616 2558 686 2587 Tac.
701 2561 768 2590 Hist.
779 2573 804 2596 4,
818 2569 856 2596 34.
879 2564 1031 2599 Apul.Met.
1043 2576 1061 2593 ιι
1070 2576 1137 2595 extr.
1153 2568 1183 2598 65
1198 2567 1219 2608 q
1241 2580 1254 2597 2
1290 2572 1450 2606 Ostendet-e,
1474 2584 1522 2601 non
1536 2576 1569 2612 est
1580 2584 1695 2611 tantum,
1722 2581 1755 2605 Id
1765 2583 1829 2615 quod
1840 2583 1866 2607 in
1881 2585 2051 2620 consuetudine
2059 2590 2212 2625 frequenter
2225 2593 2263 2625 si*-

69 2596 107 2622 Vp.
121 2597 172 2624 272,
184 2599 210 2623 37
240 2590 417 2631 DeushDeuui
437 2601 597 2628 magnorum
616 2596 722 2630 potior,
754 2604 780 2625 et
796 2600 931 2627 maiorum
943 2601 1074 2637 summus,
1111 2611 1137 2631 et
1193 2607 1318 2642 gnificat,
1345 2610 1524 2646 demonstrare:
1555 2612 1604 2647 sed
1612 2614 1690 2649 Q⁰d
1701 2616 1773 2641 verbi
1783 2618 1865 2651 potius
1877 2623 2011 2656 compositio
2019 2631 2084 2659 prae
2091 2628 2120 2661 sc·
2128 2628 2201 2662 fert,
2223 2630 2261 2654 ob.

80 2623 243 2653 summorum
257 2635 403 2661 maximus,
423 2634 449 2655 et
462 2630 640 2659 maximorum
650 2639 792 2668 regnator,
812 2635 906 2663 Osiris.
1116 2673 1118 2679 Α
1198 2644 1298 2668 tendere
1311 2651 1335 2670 et
1347 2651 1462 2679 opponere
1475 2647 1616 2675 interdumz
1653 2651 1922 2687 ruiusstgtnificationis
1936 2658 2098 2693 testimonium
2111 2666 2179 2697 apud
2202 2664 2259 2692 Cic.

117 2665 137 2686 o
147 2666 222 2688 sim
233 2668 246 2688 s
266 2662 340 2689 herba
361 2665 413 2692 vid.
433 2672 452 2692 o
461 2671 474 2691 s
485 2671 504 2692 Y
514 2672 533 2692 R
543 2672 554 2692 1
566 2672 592 2693 s.
1197 2678 1276 2705 Verr.
1289 2688 1313 2712 ς,
1327 2689 1334 2706 ι
1357 2681 1384 2706 in
1400 2687 1497 2715 promtu
1516 2685 1640 2718 occurrit,
1676 2686 1724 2713 Sed
1739 2688 1868 2721 quaedam
1880 2691 1949 2719 mihi
1962 2696 2102 2729 magnifica
2111 2715 2118 2727 ‚
2147 2705 2172 2725 et
2185 2709 2259 2734 prae-

58 2699 64 2702 ·
95 2694 98 2698 “
118 2697 138 2722 0
149 2702 161 2722 s
171 2704 182 2724 1
192 2702 211 2724 R
222 2698 234 2723 ἶ
245 2704 268 2724 Τ
278 2704 296 2724 Ε
305 2705 334 2732 s,
367 2708 406 2726 ae.
437 2710 474 2727 in.
514 2702 557 2728 Ab
568 2703 703 2739 Aegyptiis
722 2705 817 2732 dicitur
833 2707 923 2741 herba,
945 2717 1019 2743 quam
1032 2711 1136 2744 Cynoce.
1196 2713 1265 2741 clara
1278 2716 1335 2742 eius
1348 2715 1466 2744 defensio
1480 2718 1636 2747 ostenditur.
1658 2725 1803 2749 Annorauit
1814 2725 1921 2755 Tui-nes).
2013 2728 2052 2767 ἧς
2075 2733 2204 2768 Qsiendere
2212 2743 2259 2770 pro

74 2730 201 2766 pbaliam,
221 2734 264 2760 hoc
275 2733 307 2769 gli
320 2736 388 2761 canis
403 2743 476 2771 caput
489 2745 594 2771 vocant,
612 2741 678 2773 quod
688 2742 777 2768 canino
792 2744 873 2777 capiti
882 2744 921 2777 sit
927 2743 1031 2778 stmili‘s.
1072 2748 1135 2774 Tra.
1148 2756 1179 2780 70
1189 2750 1288 2784 facere,
1303 2752 1425 2787 exhihere,
1438 2761 1483 2780 etc.
1522 2756 1634 2783 Vosmet
1648 2757 1718 2792 ipsos
1732 2758 1763 2784 sic
1777 2761 1897 2789 eruditos
1912 2764 2041 2793 ostendite
2063 2769 2159 2804 Iniper.
2174 2772 2258 2805 praef.

59 2775 63 2782 ¹
79 2768 151 2801 dunt,
157 2767 188 2801 fi
195 2769 250 2802 quis
261 2779 314 2795 eam
327 2777 402 2797 totam
415 2780 505 2804 eruat,
515 2772 605 2807 statim
619 2776 690 2803 mori.
728 2778 796 2804 Haec
808 2779 876 2807 Plin.
891 2789 931 2814 30,
946 2790 959 2807 2
979 2783 1029 2808 Sed
1041 2784 1134 2815 Osyri.
1194 2785 1278 2813 Instit.
1315 2788 1388 2822 Confi
1403 2791 1439 2815 Ca
1451 2791 1506 2819 aab.
1520 2793 1556 2817 ml
1567 2792 1711 2821 Theocrit.
1728 2803 1750 2821 c.
1763 2803 1789 2827 9.
1811 2804 1835 2821 ct
1849 2800 1884 2822 ad
1895 2799 2029 2836 Lainprid.
2043 2804 2147 2831 Comm.
2156 2815 2178 2833 c,
2188 2816 2205 2833 1..
2227 2809 2257 2835 it.

78 2808 115 2828 tes
122 2802 213 2838 scribit
230 2805 305 2831 etiam
319 2808 402 2833 Hard.
432 2817 437 2821 ¹
1194 2824 1231 2847 ad
1243 2822 1390 2857 Capitolini
1405 2825 1543 2854 Maximin.
1553 2837 1574 2854 c.
1585 2837 1620 2856 io.
1694 2830 1863 2859 CaeLTard.
1879 2843 1899 2867 ι,
1913 2845 1938 2868 4,
1946 2846 1975 2870 95
1997 2840 2062 2872 Qro
2075 2841 2155 2868 etiam
2168 2852 2257 2870 carna.

114 2844 155 2865 os
166 2846 228 2866 ISM
237 2846 247 2866 1
256 2848 282 2874 1,
307 2841 487 2877 Lugdunensis
501 2844 602 2873 Galliae
613 2847 706 2882 populi
730 2848 798 2876 Plin.
811 2860 835 2884 4,
851 2855 875 2881 18
887 2853 904 2879 s.
921 2861 956 2885 32.
994 2855 1101 2889 DIuerst'
1108 2863 1133 2884 ee
1195 2862 1251 2884 tum
1265 2868 1359 2893 corpus
1373 2860 1505 2896 ostendat,
1526 2864 1545 2891 i.
1566 2864 1656 2895 efficiat
1669 2866 1783 2900 ἒικοδέξῃ.

77 2875 112 2901 ad
122 2876 242 2902 Oceanum
249 2877 313 2912 sunt
326 2885 349 2904 et
362 2878 514 2906 Britanniae
526 2882 630 2908 minoris
638 2889 701 2918 pars
713 2884 820 2912 Olismii
832 2886 919 2915 Melae
932 2897 954 2925 3,
966 2898 988 2917 2.
1234 2899 1254 2920 O
1265 2901 1278 2921 s
1291 2901 1312 2921 'r
1324 2902 1340 2922 Ε
1351 2902 1373 2921 N
1382 2903 1401 2922 D
1411 2903 1428 2924 Β
1440 2905 1462 2924 Ν
1471 2905 1501 2931 s,
1534 2900 1613 2927 entis.
1650 2901 1743 2927 Partic.
1781 2902 1874 2939 Nepos
1889 2915 1927 2939 io,
1941 2917 1966 2941 4,
1982 2918 1989 2935 i
2027 2911 2131 2939 Nauem
2146 2913 2170 2940 ei
2184 2914 2256 2942 dedit

1149 2934 1177 2958 75
1194 2929 1330 2957 ostendens
1344 2932 1368 2957 se
1380 2931 1407 2958 id
1424 2934 1561 2970 vtriusque
1575 2935 1661 2962 facere
1676 2938 1759 2964 causa.
1856 2941 1968 2970 Trunca
1986 2945 2126 2974 ostendens
2143 2958 2255 2984 corpora

350 2953 380 2984 0
429 2953 449 2985 S
500 2954 529 2987 Ο
602 2975 615 2981 -
688 2958 718 2990 O
767 2959 787 2991 S
835 2961 856 2993 S
1194 2966 1274 2992 Ouid.
1288 2968 1353 2993 Met.
1367 2977 1388 3000 3,
1400 2977 1454 3001 724.
1546 2971 1590 2997 Me
1605 2972 1734 2999 matribus
1748 2974 1886 3004 ostendens
1899 2978 1994 3007 Ithacis
2019 2983 2092 3009 Idem
2106 2984 2143 3011 ib.
2159 2995 2190 3019 ις,
2207 2994 2254 3016 512-

1229 3009 1249 3029 0
1261 3008 1274 3028 S
1288 3008 1310 3029 Τ
1323 3010 1371 3029 ΕΝ
1382 3010 1459 3037 Sto,
1487 3007 1554 3032 onis.
1588 3007 1607 3033 f.
1647 3008 1724 3042 Apul.
1745 3012 1814 3037 Met.
1836 3021 1846 3044 3
1867 3022 1893 3048 p.
1909 3023 1952 3049 ¹33,
1971 3024 2000 3050 ¹9
2031 3019 2139 3045 Facinus
2151 3029 2254 3054 pracce-

111 3023 131 3045 0
141 3023 155 3045 8
167 3024 186 3046 0
196 3026 216 3046 R
227 3040 236 3054 ‚
273 3021 327 3048 vid.
348 3028 370 3050 ο
381 3028 402 3050 1>
413 3030 432 3051 l.
893 3052 895 3054 -
1192 3037 1254 3064 dens
1268 3037 1412 3066 instaurare
1425 3049 1496 3067 noua
1509 3042 1663 3070 ostensione.
1701 3046 1746 3073 Al.
1761 3047 1923 3077 Offensione.
2019 3054 2095 3088 Vulg.
2105 3056 2159 3081 Lat.
2172 3057 2252 3084 Rom.

112 3059 132 3080 ο
141 3060 153 3080 s
162 3061 204 3082 PR
214 3062 235 3082 Α
246 3062 268 3084 Τ
279 3058 327 3085 VR
337 3064 357 3085 A
369 3079 377 3092 ,
402 3068 442 3087 ae.
477 3060 498 3087 f.
534 3063 604 3089 Cura
620 3064 768 3100 leguminum
779 3066 836 3100 fiue
852 3069 1004 3097 minutarum
1019 3070 1130 3108 frugum
1192 3082 1214 3099 c.
1225 3083 1247 3106 3,
1263 3083 1290 3104 25
1308 3075 1346 3100 Ad
1360 3075 1534 3104 ostensionem
1548 3077 1671 3106 iustitiae.
1745 3083 1796 3108 Pro
1810 3085 1902 3117 Pompa
1913 3094 1937 3112 et
1949 3093 2052 3122 paratu.
2084 3091 2138 3117 Vid.
2147 3092 2252 3128 Salmafi

60 3094 63 3097 ¹
76 3088 169 3121 infero
186 3091 217 3118 L.
230 3097 255 3122 ιε
270 3090 293 3128 §.
308 3102 335 3127 ¹9
351 3094 383 3122 de
396 3104 502 3124 muner.
515 3103 542 3125 et
555 3097 650 3128 honor.
663 3101 693 3126 ab
708 3099 808 3136 ὄσπριον.
847 3105 898 3132 Sed
905 3107 994 3132 variat
1006 3108 1084 3141 lollio,
1102 3115 1128 3135 et
1145 3110 1179 3135 80
1191 3109 1220 3135 in
1235 3109 1369 3144 Lamprid.
1384 3112 1458 3139 Alex.
1470 3122 1492 3139 c.
1507 3121 1542 3146 33.
1580 3115 1654 3149 Conf.
1669 3116 1795 3151 Cyprian.
1809 3119 1886 3154 Epist.
1896 3128 1915 3154 ι,
1923 3131 1943 3147 2.
2050 3125 2142 3159 Nempe

77 3125 222 3152 eruditorum
230 3127 378 3163 sententiae.
415 3134 540 3160 Haloand.
554 3134 734 3171 Hospitatura.
1229 3151 1248 3171 0
1260 3151 1273 3171 s
1286 3151 1307 3171 T
1319 3152 1337 3172 E
1348 3152 1371 3172 N
1381 3152 1411 3172 si
1422 3153 1441 3173 o
1452 3155 1475 3174 N
1485 3155 1507 3174 A
1517 3156 1534 3175 1.
1546 3157 1555 3176 1
1565 3157 1595 3184 s,
1622 3160 1645 3178 e.
1689 3153 1749 3180 Adi.
1787 3155 1886 3182 Milites
1906 3156 2089 3186 ostensionales
2113 3161 2250 3198 Lamprid.

113 3164 154 3185 OS
164 3166 180 3186 Ρ
190 3168 210 3188 R
220 3169 260 3190 10
270 3170 313 3198 N,
336 3166 356 3193 i.
377 3177 404 3196 n.
442 3167 573 3205 [ἴση-ξιον]
610 3172 744 3207 Legumen3
774 3176 839 3202 vnde
851 3176 940 3212 Apicii
955 3178 1018 3204 liber
1030 3180 1131 3215 quimus
1192 3180 1267 3208 Alex.
1289 3190 1309 3207 e.
1324 3190 1347 3213 33
1373 3182 1390 3208 ι’.
1412 3182 1567 3219 ostentationi
1581 3190 1733 3223 comparati,
1757 3190 1812 3216 vid.
1827 3191 1929 3226 Casaub.

79 3192 111 3228 est
124 3194 247 3231 Ospfios,
264 3209 312 3234 qua
323 3212 332 3226 ι
346 3204 534 3238 leguminarius.
1231 3222 1250 3242 o
1261 3223 1273 3243 s
1282 3223 1304 3243 'r
1314 3223 1330 3243 E
1340 3224 1364 3243 Ν
1373 3225 1385 3243 s
1396 3225 1414 3245 o
1424 3226 1441 3245 R
1452 3240 1460 3251 ,
1484 3220 1548 3249 oris.
1579 3231 1615 3250 in.
1653 3222 1762 3251 Tertul.
1782 3226 1858 3260 Apol.
1871 3234 1895 3253 c.
1910 3237 1930 3254 ii
1950 3227 2045 3257 Nouae
2058 3231 2143 3267 frugis
2155 3234 2250 3264 ὃιιὲιοι·

116 3234 136 3256 0
151 3235 164 3256 S
178 3237 232 3270 qv
246 3241 256 3260 1
271 3241 291 3261 1>
306 3243 329 3264 Α
343 3244 365 3265 'r
378 3245 396 3268 Β
407 3246 421 3267 s
434 3260 443 3274 ,
484 3241 580 3276 Populi
612 3243 672 3271 sunt
697 3243 799 3273 Galliae
829 3247 1004 3283 Aquitanicae
1016 3271 1025 3284 ,
1061 3252 1132 3286 apud
1191 3252 1253 3286 quia
1266 3252 1384 3280 ostensor
1397 3260 1422 3281 ct
1435 3255 1570 3284 inuentor.

68 3264 143 3292 Plin.
169 3277 193 3299 4,
212 3276 237 3300 ¹9
254 3270 274 3296 f.
291 3280 324 3303 33.
441 3300 444 3301 .
1145 3291 1174 3317 85
1227 3294 1270 3314 os
1281 3295 1416 3316 TENTR
1427 3299 1435 3317 i
1446 3299 1480 3325 x,
1500 3293 1558 3320 icis.
1579 3293 1600 3320 f.
1635 3296 1709 3321 Hanc
1723 3304 1803 3322 voc-em
1817 3299 1909 3333 reperit
1921 3300 2040 3326 Barrhius
2051 3303 2078 3327 in
2094 3304 2248 3341 vetustiffimo

113 3307 133 3327 O
144 3308 157 3328 S
167 3308 185 3328 R
197 3308 218 3330 Ο
228 3303 247 3330 1‘3'
256 3310 277 3330 N
289 3311 307 3332 E
319 3326 328 3339 ‚
353 3317 388 3336 es.
419 3310 441 3338 f.
476 3313 552 3347 Regio
564 3314 754 3351 Mesopotamiae
765 3317 987 3354 septentrionalis,
1009 3322 1076 3347 cuius
1089 3331 1128 3347 ca·
1189 3324 1278 3349 Codice
1298 3325 1357 3354 Stat.
1366 3326 1459 3354 Theb.
1468 3337 1489 3364 5,
1498 3337 1541 3361 703
1564 3329 1638 3356 Grati
1652 3330 1781 3358 ostemrix
1795 3333 1920 3360 fluminis.
1976 3338 2051 3370 Vulgo
2063 3338 2211 3369 Inuentrix.

70 3343 118 3372 put
131 3337 225 3372 Edefflr·
289 3341 409 3369 Scribitur
421 3353 445 3372 et
458 3347 606 3378 Osdroene.
648 3353 704 3379 Vid.
723 3353 831 3389 Eutrop.
852 3361 877 3389 8,
895 3364 924 3383 ii.
944 3364 968 3383 et
987 3358 1078 3393 Spanh.
1097 3358 1128 3383 de
1228 3365 1329 3387 os'rE
1340 3369 1362 3388 N
1373 3368 1415 3389 sv
1426 3370 1438 3389 s
1449 3384 1458 3396 ‚
1477 3372 1502 3396 a,
1520 3374 1575 3391 um.
1598 3366 1687 3392 Partic.
1726 3367 1899 3404 [δεδακμένος]
1933 3367 2034 3399 Caedes
2045 3374 2147 3403 ostensa
2160 3377 2248 3406 Sullae

75 3374 150 3399 Num-
173 3372 229 3407 d'ffi
248 3380 262 3404 8
283 3384 308 3410 P·
321 3385 371 3410 534·
1188 3395 1284 3423 Lucan.
1294 3405 1381 3430 2‚192.
1475 3400 1536 3434 Spes
1551 3401 1649 3427 ostensa
1671 3402 1740 3429 Ter.
1757 3403 1861 3430 Phor-in.
1877 3414 1898 3438 5,
1906 3415 1929 3439 4,
1937 3416 1959 3439 7.

114 3414 134 3435 0
146 3415 227 3444 ssA,
260 3419 298 3437 ae.
335 3412 355 3439 f.
398 3411 508 3452 [voa-an]
548 3420 627 3450 Mons
644 3423 680 3451 est
699 3424 756 3460 risse
775 3425 868 3452 Solino
887 3436 909 3453 c.
928 3435 952 3459 13
972 3428 1001 3454 in
1028 3427 1127 3455 finibus
1225 3438 1268 3458 os
1281 3438 1303 3459 T
1316 3439 1462 3468 ΕΝΤνς,
1481 3444 1512 3469 a,
1532 3445 1585 3462 uin.
1612 3438 1828 3473 participialiter.
1859 3440 2029 3479 [ἐπιόωχθὲς]
2067 3445 2164 3476 Festus,
2203 3451 2247 3477 pa.

74 3443 241 3476 Thessaliae,
267 3447 463 3477 Centaurorum
476 3452 620 3492 stabulum,
640 3469 700 3486 cum
716 3467 786 3488 tanta
799 3461 927 3496 pinorum
940 3465 1031 3499 copia,
1053 3470 1082 3490 vt
1096 3465 1125 3490 in
1139 3472 1174 3498 90
1187 3468 1280 3494 eunius
1293 3489 1301 3502 ,
1328 3471 1359 3497 In
1373 3470 1430 3505 ipso
1445 3478 1564 3506 tempore
1577 3472 1708 3500 ostentum
1727 3473 1823 3514 senem.
1919 3478 1987 3505 Cato
2000 3489 2021 3508 c.
2035 3484 2059 3515 6,
2072 3490 2089 3509 2
2103 3491 2126 3510 et
2140 3495 2154 3516 4
2170 3486 2246 3520 ‘Ager

73 3480 187 3507 flexione
200 3488 279 3516 atque
297 3484 441 3512 reflexione
452 3487 586 3519 ramo'rum
604 3495 722 3522 tonitrua
734 3497 893 3524 referantur.
988 3501 1084 3527 Lucan.
1106 3509 1126 3533 ι,
1185 3503 1263 3530 olero
1277 3506 1445 3534 confer-undo
1460 3508 1506 3542 qui
1521 3507 1548 3534 iii
1562 3515 1672 3535 ventum
1686 3510 1834 3537 Fauonium
1849 3512 1991 3549 spretam,
2020 3523 2045 3544 et
2058 3518 2113 3545 Soli
2126 3519 2244 3548 ostentus

46 3531 49 3535 ν
74 3521 122 3548 389
149 3517 207 3543 Oisa
220 3517 346 3552 pinifera.
433 3521 507 3556 Apul.
520 3524 552 3552 de
565 3527 667 3557 Mundo
691 3533 754 3566 Iuga
768 3533 842 3560 Ossae
855 3534 945 3562 ardua.
1042 3535 1124 3563 Ouid.
1185 3539 1252 3572 erit,
1273 3541 1340 3567 alius
1353 3541 1438 3569 bonus
1455 3543 1542 3570 nullus
1556 3543 1617 3570 erit.
1672 3545 1792 3580 Proprie,
1815 3548 1888 3581 quast
1896 3550 2028 3579 obtensus,
2071 3555 2155 3581 Vtieur
2168 3556 2244 3583 “iam

73 3550 138 3579 Met.
154 3561 173 3585 i,
187 3562 225 3583 155
245 3555 275 3580 de
291 3555 496 3590 Gigantomachia
514 3560 622 3590 Excuslit
633 3566 752 3595 subiesto
766 3569 839 3596 Pelio
853 3571 949 3599 Ossam,
1023 3573 1124 3605 Nempe,
1186 3575 1263 3602 Varr.
1279 3577 1308 3604 R,
1324 3578 1355 3604 R.
1372 3588 1388 3612 i,
1404 3587 1442 3611 24,
1456 3587 1465 3605 ι
1477 3587 1502 3604 et
1517 3588 1552 3610 25.

67 3591 104 3614 'vt
117 3588 154 3613 ait
174 3589 251 3623 Virg.
266 3590 365 3625 Georg.
388 3600 407 3624 1,
419 3598 458 3621 28¹
492 3595 610 3630 Gigantes
627 3600 763 3630 Ter-finit
779 3606 868 3632 conati
889 3606 1030 3642 imponere
1051 3607 1124 3634 Pelio
1221 3618 1320 3638 OSTE
1332 3619 1453 3648 NTvs,
1481 3613 1519 3641 sis.
1546 3623 1582 3640 ni.
1626 3613 1738 3650 [χλεύη]
1777 3618 1957 3654 δ’ῃεῧαειιίιιηι,
1977 3622 2110 3658 specimen,
2140 3627 2243 3655 Sallust.

75 3621 160 3649 Ossam
174 3624 295 3659 Scilicet,
315 3633 392 3661 atque
406 3628 480 3656 Ossae
494 3630 648 3661 frondosum
661 3637 799 3666 inuoluere
811 3641 964 3677 Olympum.
1036 3643 1123 3677 Ossan,
1136 3652 1166 3677 95
1183 3647 1302 3681 Iugurth.
1317 3658 1337 3675 c.
1353 3657 1395 3684 24,
1411 3658 1438 3677 10
1465 3650 1513 3676 Sed
1537 3650 1663 3684 quoniam
1675 3659 1708 3676 eo
1722 3658 1796 3679 natus
1810 3654 1881 3687 sum,
1914 3662 1942 3682 vt
1961 3659 2103 3693 Iugurthae
2115 3663 2241 3690 scelerum

74 3658 162 3692 Affl‘s·
176 3661 222 3694 “Rs·
259 3662 341 3689 0¹¹id·
354 3663 419 3690 Fast·
435 3673 453 3699 ¹,
466 3673 517 3700 307
542 3667 606 3694 Non
625 3676 655 3697 vt
667 3672 734 3701 ferat
747 3677 827 3703 ossan
839 3677 978 3714 Olympus.
1075 3680 1123 3705 Ar·
1184 3682 1296 3710 ostentui
1311 3685 1397 3711 essem.
1470 3685 1537 3712 [bid.
1547 3689 1587 3717 46,
1597 3688 1611 3711 6
1631 3686 1723 3719 Iraque
1737 3690 1842 3716 munito
1854 3691 1959 3725 agmine
1973 3694 2111 3723 incedere:
2131 3698 2184 3725 late
2197 3707 2239 3725 ex-

76 3690 134 3718 stoa
159 3694 219 3721 Stat.
233 3697 324 3724 Theb.
339 3708 360 3732 3,
373 3708 422 3732 3¹9-
525 3703 659 3731 Frondens
679 3709 750 3736 Idem
763 3711 800 3739 ib.
814 3718 837 3744 8,
851 3723 889 3748 79.
999 3714 1122 3742 Glacialis
1182 3719 1289 3753 plorare
1303 3720 1408 3747 omnia:
1443 3721 1488 3747 illa
1502 3721 1645 3747 deditionis
1657 3721 1726 3757 signa
1739 3724 1854 3752 ostentui
1870 3727 1933 3761 effe,
1952 3729 2069 3758 credere.
2107 3734 2126 3760 i.
2145 3736 2174 3759 ln
2185 3734 2238 3768 spe.

75 3726 167 3755 Claud.
179 3730 207 3756 in
221 3732 298 3762 Coris.
306 3734 361 3760 Stil.
372 3743 431 3768 ι,ι2.
504 3737 609 3765 Niualis
629 3740 700 3768 Idem
714 3745 741 3770 in
756 3747 826 3774 Ruff.
835 3756 917 3782 2‚¹82-
1183 3754 1243 3780 ciem
1259 3755 1389 3790 iffi-fiisse,
1409 3755 1490 3790 inquit
1503 3757 1622 3782 Budaeus.
1718 3760 1835 3787 Auribus
1854 3760 1943 3789 decisis
1963 3766 2055 3793 viuere
2066 3767 2141 3795 iubet
2153 3769 2238 3794 osten-

108 3769 230 3803 pSSxAE
241 3773 264 3794 V
275 3775 309 3800 8,
341 3779 371 3801 a,
405 3780 460 3798 uin.
497 3773 556 3801 Adi.
600 3775 741 3814 [Ὁσσαῖος]
783 3783 878 3812 Lucan,
898 3788 925 3817 6,
945 3794 985 3818 334
1016 3786 1121 3813 Attollit
1182 3790 1221 3816 tui
1236 3790 1392 3818 clementiae
1407 3792 1464 3817 suae
1484 3792 1552 3818 Tac.
1569 3792 1599 3818 Λ.
1615 3801 1647 3826 ¹2,
1663 3801 1701 3827 14,
1714 3798 1737 3820 6.
1771 3811 1775 3816 ‹
1818 3798 1926 3825 Mittere
1938 3799 2054 3836 aliquem
2070 3804 2181 3829 ostentui
2196 3802 2233 3841 Id.

74 3797 175 3833 Titan,
194 3809 273 3837 rupes
286 3805 377 3833 Ossaea
393 3810 506 3835 coercet.
580 3811 647 3837 Auia
661 3812 750 3840 Ofl‘aea
769 3817 828 3845 Stat.
835 3821 962 3854 Actium,
970 3831 1027 3853 407.
1072 3823 1121 3849 Vr·
1129 3831 1175 3848 100
1183 3826 1250 3852 Hist.
1266 3837 1286 3860 3,
1300 3836 1335 3859 35.
1373 3826 1446 3853 Idem
1459 3827 1526 3852 Ann.
1543 3837 1561 3859 ι,
1577 3831 1641 3861 29,6
1660 3830 1784 3865 Corpora
1799 3839 1870 3860 extra
1883 3835 1983 3863 vallum
1999 3837 2101 3864 abiecta
2113 3838 2235 3864 ostentui.

73 3834 98 3860 sa
123 3835 204 3863 Ouid.
216 3838 279 3867 Met.
293 3849 326 3874 12,
338 3851 386 3875 3¹9·
459 3845 624 3873 Bimembres
641 3847 725 3875 Ossaei
735 3869 743 3882 ,
763 3854 890 3890 Centauri,
905 3858 949 3892 qui
961 3857 1043 3892 offam
1056 3867 1122 3885 acco·
1183 3861 1256 3889 Idem
1273 3871 1304 3894 15,
1317 3864 1358 3894 6⁴,
1367 3871 1378 3894 3
1399 3861 1520 3888 Ostentui
1536 3863 1593 3889 esse.
2153 3906 2158 3912 .

72 3870 155 3895 lebant
174 3871 235 3899 Stat.
249 3875 340 3904 Theb.
357 3887 388 3911 ιε,
403 3888 454 3912 ςς4.
1220 3904 1240 3925 0
1250 3904 1262 3924 s
1277 3904 1299 3924 'r
1309 3904 1325 3924 Ε
1336 3904 1356 3924 N
1369 3903 1391 3923 Τ
1406 3902 1443 3930 0,
1465 3901 1517 3924 are.
1537 3898 1677 3934 Frequent.
1696 3902 1880 3938 [3213u‘xvuuai,
1902 3909 2023 3940 κομπᾶξω,
2043 3906 2233 3946 ἂλαζσνευαμιιι]

110 3911 152 3932 OS
164 3913 228 3934 SIG
239 3915 285 3936 ET
295 3919 413 3945 AN1A‚
437 3925 475 3944 ae.
508 3916 529 3945 f.
565 3918 639 3954 Regio
653 3918 804 3956 Hispaniae,
829 3925 945 3957 Baeticae
956 3928 1059 3964 vicina,
1082 3938 1122 3956 cu·
1182 3932 1320 3966 fignificat,
1339 3932 1412 3967 saepe
1429 3933 1472 3958 vel
1490 3943 1542 3959 cum
1561 3935 1650 3970 affivffu
1668 3939 1711 3962 vel
1727 3938 1884 3973 affiHatione
1903 3944 1961 3968 adeo
1979 3943 2104 3978 (flendae.
2141 3940 2233 3981 Tacit.

73 3940 111 3967 ius
129 3943 238 3969 meminit
259 3945 359 3975 Plinius
371 3959 392 3981 3,
405 3960 423 3977 i.
1176 3961 1250 3995 ‘Histss
1266 3978 1286 4002 3,
1302 3978 1322 4000 3¹
1344 3968 1408 3994 Mox
1421 3968 1583 4003 velamenta,
1603 3978 1629 3997 et
1640 3972 1737 3999 infulas
1751 3982 1799 4007 pro
1813 3976 1896 4001 muris
1909 3977 2046 4003 ostentant.
2085 4011 2090 4015 .
2128 3976 2184 4003 Cic.
2199 3977 2233 4003 de

57 4008 62 4011 Ι
108 3983 215 4006 0581?
227 3986 326 4018 AGA,
351 3985 462 4022 vid.sub
476 3993 536 4024 os,
559 3988 625 4017 offis.
1127 4007 1171 4033 ¹05
1182 4004 1251 4039 Lege
1266 4005 1324 4039 Agr.
1343 4012 1433 4067 2,ιις1>ι
1451 4004 1476 4030 Si
1495 4005 1568 4034 aliud
1588 4007 1714 4042 quiddam
1729 4009 1839 4037 obscure
1858 4012 2021 4044 moliuntur,
2057 4010 2128 4038 aliud
2146 4011 2190 4073 ss‘pe
2202 4021 2231 4052 ac

1338 4039 1360 4067 L
1408 4063 1410 4065 ¹
1458 4049 1473 4067 2
2159 4056 2231 4082 pecie
