2517 4231
2 3561 6 3682 Ξ

2 3723 5 3814 ff

29 1922 34 1926 -
62 1908 252 1944 QuinGtiliano
264 1908 360 1935 dicitur
373 1908 515 1942 Augurale.

73 178 166 216 1045
438 165 485 222 ¹P
541 165 575 207 R
627 166 669 208 A
716 165 750 206 E

112 263 130 284 P
142 264 160 284 R
169 264 191 284 Α
201 262 219 284 Ε
229 263 250 283 Τ
260 263 279 284 O
290 262 311 284 R
320 263 329 282 1
339 262 361 283 V
370 261 399 287 S,
418 264 447 288 a,
467 265 521 283 um.
543 256 604 284 Adi.
641 257 822 294 [ς’ρατηγικᾶς]
859 254 935 291 ‚Quod
944 251 977 289 est
993 256 1133 290 Praeterit,

64 291 111 330 fin
123 293 189 329 quod
200 293 235 320 ..ω’
248 295 388 320 Praetorem
399 295 523 327 pertinet.
563 294 594 320 V.
609 302 635 329 g.
654 293 757 320 Festus:
778 292 913 318 Praetoria
935 291 1045 323 cohors,
1064 302 1134 328 quae

72 338 87 356 a
101 329 224 356 Praetore
238 337 294 356 non
307 327 465 354 discedebat.
558 329 648 364 Scipio
667 329 742 356 enim
755 327 896 354 Africanus
911 327 1012 362 primus
1026 328 1132 356 ἴοι-(1111-

73 373 148 398 inum
163 372 296 401 quemque
316 361 433 398 delegit,
453 365 501 399 qui
521 364 555 392 ab
575 373 608 392 eo
629 365 658 392 in
672 364 746 391 bello
760 371 814 390 nou
827 362 1005 395 discederent,
1021 370 1047 392 et
1059 371 1133 392 certo

72 409 183 428 munere
197 399 312 427 militiae
326 407 466 433 vacarent,
487 406 513 427 et
526 400 675 435 sesquiplex
691 398 851 434 stipendium
867 399 1023 435 acciperent.
1062 402 1130 427 Hor.

71 436 154 469 Serm.
169 445 195 468 2,
209 445 232 468 2,
246 443 277 468 50
307 434 400 462 Tutus
421 441 479 463 crat
495 435 639 469 rhombus,
660 438 772 470 tutoque
794 434 897 462 ciconia
918 436 1002 467 nido,
1039 437 1131 462 Donec

69 480 120 503 voi
132 470 227 498 auffior
242 470 335 498 docuit
345 472 512 504 Praetorius,
539 472 582 535 Ab.
595 471 663 499 edere
676 477 805 507 utrumque
813 479 898 508 genus.
972 473 1032 498 Vct.
1042 472 1130 498 Schol.

71 507 187 536 Asellius
211 507 385 542 Sempronius
406 508 491 535 Rufus
510 508 537 535 in
561 507 648 534 ituiss‘e
669 506 803 539 creditur,
823 513 852 534 vt
877 508 1042 535 ciconiarum
1065 507 1132 542 pulli

71 542 316 572 manducarentur:
354 543 432 579 isque
453 553 538 580 quum
559 543 590 571 in
611 543 738 570 Praetura
759 543 892 579 repulsam
910 543 1055 576 retuliss‘ct,
1079 542 1131 570 tale

70 579 234 616 epigramma
245 579 347 607 meruit
354 599 361 611 ,

271 615 447 643 Ciconiarum
466 614 552 642 Rufus
569 611 618 640 iste
639 614 774 647 conditor,

269 652 323 679 Hic
343 651 380 678 est
399 650 505 678 duobus
525 649 674 684 elegantior
693 650 803 677 Plancis.

271 687 463 722 Suffragiorum
482 684 579 720 punaa
597 694 652 712 non
672 686 735 714 tulit
755 684 879 721 septem.»

270 723 443 751 Ciconiarum
464 721 578 756 Populus
598 722 668 748 vitun
687 722 725 749 est
744 727 870 749 mortem.

68 754 234 785 Candidatus
252 759 418 789 Praetorius,
435 756 489 784 uid.
497 757 523 794 s.
535 758 554 785 1.
611 757 718 785 ClaiIica
730 756 866 794 praetoria
885 755 1006 790 Propert.
1020 765 1044 790 3,
1059 766 1082 790 3,
1092 765 1132 791 41.

70 792 201 827 Cognitio
230 793 362 828 Quinem.
387 801 410 826 3,
431 795 458 826 6,
482 796 526 826 69.
635 793 741 822 Cohors
769 793 825 820 Cic.
839 791 869 819 in
882 792 959 819 Verr.
975 801 995 824 1,
1009 796 1039 826 36
1064 802 1086 819 c.
1102 802 1133 826 14

68 836 131 869 quos
145 829 265 858 Comites
279 829 427 868 ‘pusularcs
439 832 623 866 iaeoeerprctatur
636 830 672 858 ad
681 829 707 858 h.
721 830 740 857 1.
753 828 892 856 Asconius.
967 828 1025 854 Cic.
1036 829 1066 855 in
1081 829 1130 855 Ca-

68 864 111 892 til.
124 874 150 898 2,
161 875 193 899 24
206 875 228 893 c.
244 875 281 893 10.
328 865 421 893 Tacit.
437 866 505 892 Ann.
521 875 540 897 1,
555 876 577 899 7,
591 874 613 900 5.
694 864 768 902 Conf.
782 864 875 900 Spanh.
889 862 918 889 de
933 864 1009 890 Num.
1024 863 1079 897 deff
1093 874 1130 891 10.

69 900 221 935 Collegium
228 902 395 929 Praetorium
416 901 474 928 Cic.
483 901 536 930 Off.
544 909 618 935 3,80.
654 901 806 938 Leguntalii
813 901 979 927 Praetorum.
1036 901 1129 927 Comi-

1152 591 1183 611 io

1155 774 1181 797 ¹5

67 937 106 964 tia
114 937 248 971 Praetoria
256 937 317 964 Liu.
326 947 369 970 22,
376 945 412 970 35.
425 937 515 974 quibus
523 939 787 966 Praetores-creantur.
837 936 940 962 Domus
954 934 1010 962 Cic.
1019 935 1097 962 Verr.
1106 945 1129 969 5,
1145 946 1179 964 20

71 981 150 1007 ¹44t·
159 975 200 1006 56.
225 973 317 1001 Homo
324 974 476 1009 praetorius
494 973 578 1002 Sci-ib.
590 976 642 1005 146.
679 974 821 1000 Cie.Veri·.
830 980 852 1004 5,
860 979 895 1006 27
916 972 951 998 Vt
959 979 1041 1006 quum
1048 980 1129 1006 penes

67 1012 95 1035 te
108 1009 276 1037 Praetorium
287 1010 434 1045 Imperium
447 1018 478 1037 ac
489 1018 588 1042 nomen
600 1009 676 1043 effet,
696 1009 728 1036 ad
742 1009 816 1036 illam
830 1016 939 1043 paruam
952 1016 1063 1034 manum
1083 1016 1129 1034 ex-

67 1044 267 1079 stinguendam,
287 1045 383 1073 ducem
400 1052 427 1073 te
446 1044 651 1081 principemque
665 1044 815 1080 praeberes.
921 1042 1036 1078 Infignia
1055 1052 1131 1078 prac-

68 1080 139 1108 toria
153 1083 228 1108 ctiam
240 1091 289 1108 nou
297 1081 460 1124 praetoribus
470 1081 531 1109 data
542 1082 647 1110 honoris·
658 1080 741 1118 causa.
782 1079 842 1108 Vici.
856 1079 926 1106 Tac.
941 1080 991 1106 An.
1006 1088 1043 1112 12,
1057 1088 1093 1110 21,
1105 1088 1130 1106 2.

68 1125 105 1150 ia,
119 1125 156 1150 53,
169 1125 191 1144 2.
227 1121 258 1144 it.
272 1118 340 1145 Hist.
354 1128 384 1154 4,
397 1127 426 1151 4,
440 1127 461 1149 3·
565 1119 609 1144 Ius
630 1117 687 1144 Cic.
701 1115 753 1144 Off.
768 1125 788 1149 1,
800 1125 830 1149 32
845 1125 867 1142 c.
882 1125 920 1142 10.
993 1116 1036 1142 Ius
1056 1124 1131 1150 prae-

67 1153 171 1180 torium
185 1152 218 1181 ad
231 1154 335 1189 legem,
351 1153 502 1182 censorium
515 1153 648 1180 iudicium
661 1153 693 1180 ad
706 1161 821 1188 aequum
834 1150 1022 1179 aestimabatur
1050 1153 1127 1179 Varr.

68 1188 102 1217 de
115 1189 146 1216 L.
161 1190 191 1216 L.
206 1197 228 1222 5,
242 1198 268 1225 7.
364 1189 452 1217 Nauis
463 1189 617 1223 Praetoria,
637 1190 693 1225 Qua
707 1189 757 1216 dux
768 1188 826 1215 belli
830 1187 886 1222 siue
904 1191 1041 1224 imperator
1057 1189 1129 1215 vehe-

66 1224 142 1253 batur
159 1225 220 1252 Liu.
234 1227 277 1258 26,
291 1234 330 1258 39.
366 1228 398 1253 ie.
411 1234 455 1259 29,
468 1234 509 1259 25.
617 1225 696 1252 Porta
707 1225 842 1261 praetoria
852 1245 861 1257 ,
879 1233 932 1260 qua
945 1224 1076 1251 exercitus
1098 1224 1129 1251 in

65 1261 201 1297 praelium
215 1261 340 1289 educitur
355 1272 361 1288 z
398 1262 461 1297 quia
473 1261 557 1288 initio
571 1261 708 1288 Praetores
727 1268 819 1294 erant,
838 1260 886 1297 qui
904 1269 976 1288 nunc
994 1260 1130 1292 Consules,

1151 1124 1180 1150 ²5

67 1303 94 1324 ct
113 1297 135 1324 ii
155 1296 225 1325 bella
243 1297 462 1325 administrabant
477 1309 482 1324 :
517 1306 634 1333 quorum
649 1296 853 1324 tabernaculum
867 1305 976 1332 quoque
989 1296 1130 1324 dicebatur
1146 1309 1178 1334 30

66 1333 244 1361 Praetorium.
270 1333 368 1361 Festus.
439 1333 561 1361 Meminit
587 1335 661 1360 etiam
691 1334 787 1361 Ascon.
803 1333 836 1361 ad
855 1334 933 1360 Verr.
951 1342 972 1366 1,
991 1335 1024 1366 36
1042 1342 1064 1359 c.
1088 1341 1128 1367 14.

65 1369 117 1397 Vir
132 1369 282 1397 Praetorius
291 1390 299 1403 ,
314 1366 372 1406 ‘Qu'
383 1370 532 1397 Praeturam
543 1366 622 1406 geffit.
677 1369 733 1396 Cic.
747 1378 797 1404 pro
810 1368 897 1396 Plane.
914 1377 939 1403 15
961 1369 1043 1397 Cedat
1057 1370 1129 1396 Con-

65 1405 147 1433 sulari
161 1406 255 1440 generi
265 1405 448 1439 Praetorium,
467 1415 517 1433 nec
531 1404 674 1433 contendat
688 1415 749 1432 cum
763 1406 901 1433 Praetorio
908 1405 1036 1441 Equester
1044 1405 1126 1432 locus.

65 1441 129 1469 Viri
142 1442 301 1469 Consulares
311 1448 337 1469 et
350 1442 483 1470 Praetorii
507 1442 562 1469 Cic.
577 1443 632 1476 Att.
646 1444 684 1474 16,
697 1448 724 1478 7.
770 1441 844 1477 Cous.
858 1441 926 1468 Vell.
941 1450 965 1474 2,
978 1447 1022 1475 48,
1036 1450 1055 1468 1.

103 1484 118 1504 P
128 1484 146 1505 R
157 1485 178 1505 A
187 1485 204 1505 E
214 1484 236 1504 T
244 1485 263 1505 Ο
272 1484 293 1505 R
304 1485 314 1504 1
327 1484 348 1505 V
358 1480 401 1511 Μ’,
422 1478 441 1504 1.
478 1486 504 1505 n.
542 1476 699 1514 [ςρικτήγειον
707 1497 714 1510 ,
731 1479 889 1514 πραιτώριον]

64 1512 223 1545 ben-naculum
235 1516 263 1541 in
275 1524 323 1551 quq
330 1515 440 1542 Praetor
452 1511 495 1547 est.
563 1513 647 1540 Initio
661 1520 796 1549 praetores
813 1520 903 1547 erant,
920 1514 969 1549 qui
981 1523 1052 1541 nunc
1065 1523 1127 1541 con-

65 1549 133 1577 sules
145 1561 151 1577 z
188 1556 215 1577 et
228 1549 251 1577 ii
262 1550 333 1578 bena
346 1549 581 1582 adininistrabant5
618 1559 735 1585 quorum
748 1549 950 1578 tabernaculum
964 1558 1073 1586 quoque
1087 1549 1127 1576 di-

65 1584 175 1614 cebatur
212 1587 369 1614 raetorium.
404 1586 469 1613 rest.
579 1587 668 1613 Eadem
689 1587 784 1614 Areon.
804 1586 836 1614 ad
858 1587 937 1614 Verr.
958 1596 979 1620 1,
999 1589 1029 1620 36
1048 1596 1070 1613 c.
1087 1595 1126 1620 14.

66 1621 170 1650 Deinde
208 1623 253 1650 uci
275 1621 442 1657 praetorium
460 1623 572 1657 eiusque
591 1622 736 1650 comitibus
755 1628 945 1658 praeparatur,
963 1631 994 1650 ac
1007 1622 1126 1650 tribunis

65 1657 236 1686 tabernacula
260 1658 426 1686 collocantur
446 1660 542 1694 Veget.
556 1657 589 1684 de
606 1659 645 1685 Re
661 1658 719 1686 mil.
733 1668 755 1691 3,
771 1663 793 1689 8.

67 1694 118 1730 qui
137 1695 291 1730 prouincias
313 1701 426 1729 regunt,
445 1694 476 1721 in
495 1693 667 1726 ciuitatibus,
689 1694 719 1721 in
738 1695 836 1730 quibus
858 1695 930 1722 sacra
953 1695 1051 1730 palatia
1073 1695 1126 1721 fiue

64 1731 202 1766 praetoria
215 1731 291 1763 sunt,
308 1731 404 1763 liceat,
424 1729 466 1757 his
479 1729 590 1763 relictis,
609 1729 778 1764 priuatorum
791 1730 840 1757 fibi
854 1730 950 1758 domos
961 1731 995 1757 ad
1008 1730 1130 1758 habitan-

65 1766 147 1799 dum,
163 1767 236 1794 velut
267 1766 419 1802 praetoria,
438 1766 576 1793 vindicare
595 1766 621 1793 i.
643 1775 673 1799 14
689 1767 719 1793 C.
729 1767 766 1793 >de
784 1765 855 1792 offic.
873 1765 988 1792 rectoris
1003 1766 1127 1799 prouinc.

66 1801 123 1839 Ipfi
137 1803 194 1830 Cic.
206 1803 284 1830 Vcrr.
299 1811 328 1835 4,
344 1804 376 1835 65
388 1810 409 1828 c.
423 1807 455 1832 28
475 1801 623 1828 Antiochus
636 1801 749 1835 imperat
760 1801 830 1833 suis,
850 1805 880 1827 vt
892 1800 1081 1827 candelabrum
1095 1799 1125 1825 in

62 1839 232 1874 praetorium
254 1837 400 1864 defen-ent.

67 1875 142 1901 torio
157 1873 317 1900 imminebat
329 1883 336 1898 :
373 1871 449 1898 cuius
461 1871 557 1898 vmbra
569 1879 651 1906 opaca
664 1871 736 1898 sedes
748 1877 814 1899 erat.
869 1872 924 1898 Hoc
935 1873 987 1898 alio
1002 1873 1099 1898 nomine
1112 1880 1128 1897 a

713 1906 735 1945 ff
756 1917 770 1934 2
806 1907 989 1940 Praetorium,
1007 1907 1124 1943 magmfi-

64 1955 95 1974 cu
109 1951 133 1973 ee
149 1946 231 1981 ampla
245 1944 330 1972 domus
343 1946 371 1970 in
385 1953 448 1980 agro
462 1950 486 1971 et
495 1946 552 1971 ruri
567 1940 695 1977 astruat:
709 1953 719 1973 ,-
752 1947 780 1970 in
792 1952 853 1980 quae
871 1943 988 1978 aedificia
1003 1947 1127 1978 pecunias

62 1978 178 2019 fingentes
190 1979 359 2013 effundebant.
411 1980 482 2007 Suet.
496 1980 582 2014 Calig.
595 1989 618 2006 c.
633 1987 665 2015 37
691 1980 724 2006 In
736 1978 964 2007 exstrutfflonibus
977 1979 1126 2006 Praetorio-

924 1479 1022 1505 Domus
1034 1477 1076 1505 vel
1086 1484 1127 1504 ta-
1145 1490 1174 1518 35·

901 1658 981 1686 Nulli
996 1658 1126 1690 iudicum,
1148 1667 1187 1693 40

495 1836 556 1870 Liu.
569 1845 593 1868 3,
606 1844 636 1868 25
666 1837 799 1869 Quercus,
820 1836 914 1870 ingens
931 1834 1031 1867 arbor,
1050 1836 1126 1861 Prae·
1143 1845 1178 1872 45·
1196 1836 1347 1864 Praeualidi
1361 1838 1592 1872 prouincialium,
1610 1846 1662 1876 pro
1678 1841 1827 1869 Praeualidi

64 2023 128 2044 tum
145 2021 225 2050 atque
244 2015 373 2041 villarum
388 2015 466 2041 omni
485 2014 636 2048 posthabita
649 2015 772 2048 ratione,
791 2015 862 2042 nihil
875 2020 929 2041 tam
941 2013 1048 2040 efficere
1063 2023 1126 2040 cou—
1142 2026 1175 2053 50

65 2049 229 2086 cupiscebat,
249 2058 329 2085 quam
342 2049 416 2084 quod
429 2047 499 2076 effici
511 2050 580 2083 poss'e
592 2056 743 2084 negaretur.
839 2050 914 2077 Idem
934 2050 962 2076 in
977 2049 1085 2084 August.
1101 2059 1124 2077 c.

67 2094 103 2121 72
126 2085 222 2120 Ampla
233 2085 390 2121 etoperosa
402 2085 537 2113 Praetoria
551 2085 726 2120 grauabatur..
838 2085 907 2113 Add.
929 2085 999 2114 Suet.
1019 2087 1085 2120 Aug.
1101 2085 1124 2113 c.'

67 2125 107 2154 63·
144 2129 168 2149 et
179 2123 241 2149 Tit.
255 2130 276 2148 c.
291 2126 314 2152 s.
421 2121 484 2148 Stat.
501 2121 564 2148 Silu.
579 2131 597 2154 1,
610 2130 633 2154 3,
647 2129 679 2155 25
704 2121 825 2149 Alternas
856 2123 961 2151 seruant
988 2122 1124 2157 praetoria

65 2159 146 2193 ripas.
239 2156 318 2193 ’Confi
338 2157 437 2184 Auson.
453 2157 557 2185 Mosell.
570 2160 629 2188 286.
828 2155 850 2196 ff
871 2168 881 2190 3
907 2159 1073 2186 Praetorium
1087 2156 1123 2192 esi

65 2196 156 2227 Locus,
176 2196 204 2220 in
222 2202 270 2230 quo
288 2195 395 2220 Praetor
407 2196 447 2220 ius
460 2193 525 2221 dicit
538 2204 548 2222 ;
585 2201 609 2220 et
620 2194 700 2230 ipsum
721 2193 781 2221 adro
806 2193 932 2228 confilium
967 2196 1125 2231 Legatorum,
1143 2210 1172 2238 55·
1193 2205 1257 2231 gere
1289 2196 1349 2224 Οὰὶ.
1364 2198 1460 2224 Horat.
1477 2207 1505 2230 1,
1520 2206 1542 2224 2.

67 2230 255 2262 Tribunorum,
290 2233 427 2256 amicorum
441 2241 449 2255 :
485 2230 551 2256 vnde
579 2230 667 2256 dicunt
702 2230 812 2257 Dimitti
839 2231 1023 2264 Praetorium,
1055 2230 1126 2265 ficut

63 2268 173 2296 Dimitti
186 2265 310 2294 Senatum.
383 2265 444 2292 Liu.
460 2268 504 2298 26,
522 2274 547 2300 15
566 2265 679 2293 Fuluius
692 2275 726 2292 ne
738 2266 767 2293 id
780 2266 868 2301 ipsum
879 2266 1074 2302 impedimento
1086 2267 1126 2293 111-

64 2308 143 2337 cepto
162 2301 234 2329 foret
253 2300 390 2329 dimittens
409 2302 592 2334 Praetorium,
632 2302 768 2329 Tribunis
790 2303 911 2330 militum
935 2313 965 2330 ac
982 2302 1124 2339 praefectis

62 2339 202 2367 sociorum
217 2337 377 2373 imperauit,
398 2344 444 2365 etc.
523 2338 598 2375 Conf-
613 2338 687 2365 Idem
701 2348 742 2371 30,
757 2346 778 2372 5.
822 2348 858 2372 21,
870 2348 911 2373 54.
948 2348 990 2376 37,
1004 2347 1025 2373 5.
1100 2345 1124 2367 et

59 2375 134 2410 ijj‘.
148 2374 177 2400 de
193 2374 253 2401 Mil.
266 2375 337 2400 Rom.
347 2384 372 2407 5,
387 2383 411 2401 2.
830 2375 835 2380 ”

62 2410 134 2438 Ibid.
172 2409 295 2437 Procedit
326 2409 376 2436 iste
405 2415 514 2445 repente
539 2419 554 2437 e
579 2411 727 2438 Praetorio.
821 2412 869 2439 Sed
879 2412 957 2439 Verr.
972 2420 984 2446 5
997 2421 1019 2439 c.
1034 2420 1062 2444 72
1082 2412 1126 2438 vbi

62 2447 157 2475 Castor
169 2452 196 2473 et
210 2445 305 2473 Pollux
317 2444 497 2473 celeberrimo
509 2446 538 2474 in
552 2447 612 2474 loco
626 2447 757 2474 Praetorii
770 2447 852 2475 locati
869 2446 913 2482 effe
934 2448 1071 2481 dia-untur,
1090 2449 1124 2475 Ie-

61 2482 167 2520 gendum
183 2484 288 2510 Graeuio
299 2481 402 2508 auctore
416 2483 443 2508 P.
458 2483 490 2509 R.
503 2483 533 2509 id
545 2481 578 2515 est
591 2482 687 2517 Populi
701 2483 825 2510 Romani.
893 2484 956 2511 Vide
974 2484 1123 2521 obseruatio-

64 2528 118 2546 nem
143 2525 206 2554 upra
217 2518 252 2544 ad
264 2524 336 2544 notas
350 2518 400 2545 PR.
413 2525 438 2545 et
452 2520 479 2545 P.
496 2519 527 2545 R.
535 2518 698 2554 propositam.
870 2517 891 2558 Ἴ
900 2529 904 2531 ’
913 2529 932 2554 4
955 2521 1124 2548 Praetorium

62 2558 138 2582 etlam
155 2554 301 2581 dicebantur
315 2555 461 2581 Praetoriae
484 2555 616 2587 cohortes,
633 2563 696 2591 quas
710 2554 814 2582 babebat
826 2557 967 2592 Imperator
985 2554 1122 2590 custodiam
1140 2565 1172 2598 55
1191 2557 1309 2589 ricatur,
1330 2566 1361 2583 ex
1377 2564 1488 2593 Vtraque
1502 2565 1576 2593 parte
1588 2558 1726 2591 consistit,
1745 2560 1813 2594 quin
1831 2561 1918 2589 immo
1932 2572 1965 2591 ex
1980 2565 2096 2594 aduersa.

61 2593 176 2627 corporis
202 2597 226 2617 ct
244 2589 362 2625 aduersus
381 2588 470 2626 ficbita
488 2590 638 2623 remedium,
658 2590 754 2626 ‚Quibus
769 2594 813 2627 qui
827 2598 949 2627 praeerat
972 2591 1123 2620 Praefetiius

64 2626 203 2657 Praetorio
217 2625 394 2661 appellabatur.
441 2625 500 2653 Vid.
516 2627 572 2652 Onu
590 2626 616 2652 h.
629 2626 658 2653 de
671 2629 731 2662 Rep.
745 2627 816 2654 Rom.
830 2638 842 2654 1
856 2635 886 2664 p.
903 2637 940 2654 22.
1049 2629 1121 2655 Suet.

66 2661 171 2689 Neron.
184 2670 207 2687 c.
220 2669 235 2693 9
255 2661 364 2688 Antium
378 2661 514 2689 coloniam
527 2662 559 2688 de
581 2661 653 2694 uxit,
672 2662 811 2698 adscriptis
830 2663 965 2692 veteranis
983 2674 999 2691 e
1017 2665 1123 2692 Praeto-

65 2697 121 2724 rio.
237 2696 329 2722 Tacit.
342 2696 409 2736 Plist-
423 2706 450 2730 4,
464 2700 509 2731 46,
522 2706 540 2732 9
565 2698 597 2724 In
610 2699 776 2733 praetorium
795 2700 905 2734 accepti.
942 2704 961 2727 ι’.
980 2703 1124 2728 Praetoria-

65 2734 108 2759 m's
120 2731 252 2768 adfiripti.
323 2732 374 2757 Hic
387 2737 413 2758 et
425 2733 554 2767 praefetiii
566 2740 632 2762 nutu
646 2735 780 2769 praetoria
792 2736 865 2763 rexit
885 2735 970 2764 Rutil.
984 2738 1016 2764 It.
1032 2746 1051 2769 1,
1065 2744 1123 2772 273.

71 2767 132 2798 Vid.
148 2769 200 2795 iac.
213 2768 344 2804 Perizonii
357 2767 460 2803 disquis:
479 2769 508 2794 cie
529 2770 672 2802 Praetorio,
693 2773 791 2805 eiusque
804 2771 913 2807 defeifio
930 2779 1019 2801 contra
1042 2774 1124 2800 Hube-

64 2814 132 2832 rum.
204 2805 243 2830 De
274 2802 411 2840 Praefecto
434 2804 518 2832 Praet.
532 2805 614 2840 snpra
629 2806 656 2840 s.
671 2808 690 2832 l.
706 2806 803 2834 dietum
824 2804 867 2841 est.
1111 2817 1124 2842 5

65 2838 247 2879 Praetorium,
265 2836 427 2870 iurisdictio,
446 2840 577 2867 iudicialis
585 2839 694 2876 potelius
707 2848 753 2869 etc.
796 2843 846 2876 Vt,
863 2844 1030 2878 poaetorium
1048 2846 1070 2871 A
1085 2846 1122 2872 ri-

64 2884 126 2907 cae,
142 2875 309 2907 Galharum,
330 2874 572 2909 Illyrici‚1taliae,
586 2876 708 2905 Orientis
721 2885 767 2905 etc.
793 2881 822 2905 in
854 2879 922 2907 Cod.
957 2887 982 2908 et
1012 2882 1124 2910 Notitia

62 2912 212 2946 Vtriusque
225 2911 346 2946 Imperii.

104 2954 120 2974 P
131 2955 180 2974 Rs
191 2954 207 2974 E
217 2953 268 2974 TO
279 2953 299 2973 R
311 2949 380 2974 ΙᾹΝ
391 2953 413 2973 V
423 2954 436 2974 S
445 2967 453 2979 ,
474 2956 504 2980 a,
519 2956 576 2975 um.
611 2948 672 2976 Adi.
709 2951 763 2985 Qi
779 2951 847 2987 apud
859 2953 1018 2986 Praetorem,
1029 2953 1075 2988 seu
1094 2956 1123 2980 in

63 2985 195 3014 Praetorio
208 2983 341 3017 versatur,
357 2990 388 3011 vt
406 2983 573 3011 Praetutiani
585 2985 695 3013 milites.
749 2985 814 3016 Plin.
828 2990 853 3014 6.
866 2996 897 3020 29
916 2988 1011 3022 Nuper
1024 2997 1123 3015 renun-

62 3021 168 3049 tiauere
182 3019 299 3054 principi
313 3019 420 3047 Neroni
432 3039 440 3051 ‚
466 3020 532 3047 miffi
545 3020 579 3048 ab
597 3029 630 3048 eo
643 3021 743 3049 milites
757 3023 920 3051 Praetoriani
933 3032 993 3050 cum
1014 3023 1121 3051 Tribu-

66 3065 104 3085 no
124 3056 157 3083 ad
178 3055 388 3091 explorandum,
407 3056 478 3084 inter
493 3057 599 3093 reliqua
620 3056 691 3085 bella
713 3063 740 3086 et
764 3059 951 3095 Aethiopicum
983 3060 1121 3094 cogitanti.

64 3092 140 3130 Conf.
160 3092 252 3119 Tacit.
266 3091 335 3118 Hist.
349 3101 376 3125 2,
390 3102 437 3127 44,
452 3101 474 3125 5.

64 3165 200 3193 Praetoria
215 3163 341 3197 comitia,
360 3172 384 3191 et
391 3164 431 3198 fic
449 3164 521 3192 bodie
541 3165 634 3193 editur.

73 3225 80 3228 ,
102 3207 118 3226 1>
130 3199 362 3235 RAETORim
373 3207 435 3232 vs,
456 3210 486 3234 a,
507 3210 563 3229 um.
582 3202 664 3230 AEz'ud
676 3201 739 3231 Adi.
774 3203 890 3232 Martial.
909 3209 930 3236 3,
947 3206 1037 3236 34(33)
1046 3204 1121 3231 Prae-

65 3235 162 3263 toricia
177 3244 292 3269 corona,
313 3237 409 3272 qualem
424 3236 454 3264 de
467 3240 538 3264 tenui
548 3239 644 3266 lamina
649 3238 756 3276 fastam
767 3240 834 3268 ludis
844 3241 936 3268 donare
947 3240 1032 3276 solent
1046 3241 1122 3267 Prac-

63 3276 132 3298 tores
147 3270 295 3298 tutioribus.

104 3312 122 3332 ι’
131 3313 152 3333 n
162 3313 182 3333 Λ
195 3313 242 3334 ET
251 3308 273 3334 ν
283 3314 304 3335 R
313 3315 352 3340 A,
372 3316 412 3335 ae.
432 3308 453 3336 f.
491 3310 652 3346 [ςρατηγῐω]
690 3311 749 3348 Ipsa
762 3313 890 3340 Praetoris
903 3312 931 3338 di
958 3314 1025 3339 zitas.
1053 3312 1122 3339 Plin.

67 3350 108 3384 14,
122 3350 155 3368 22
175 3342 216 3368 Ad
228 3343 447 3371 Proconsulatum
459 3353 543 3381 vsque
555 3355 570 3373 e
585 3347 711 3374 Praetura
725 3347 876 3376 honoribus
889 3319 974 3384 geliic.
1047 3349 1124 3376 Cala-

66 3378 164 3405 mitosa
194 3378 334 3412 Praetura,
371 3379 425 3407 vid.
447 3380 656 3410 CALAM'ITAS.
751 3384 902 3420 continua,
922 3383 975 3411 uid.
999 3390 1123 3412 CONT1-

68 3421 166 3442 vas.
270 3415 365 3442 Manca
381 3421 408 3442 et
426 3415 541 3450 debilis,
562 3418 618 3445 vid.
637 3425 789 3447 MAchs.
893 3419 1006 3447 Probata
1020 3420 1049 3447 in
1063 3420 1122 3448 iure

65 3456 140 3487 grata
158 3450 187 3476 in
200 3459 326 3483 munere,
343 3457 439 3479 ornata
449 3452 479 3479 in
492 3452 632 3486 prouincia
644 3456 769 3484 Praetura
783 3457 925 3484 Muraenae
944 3456 1000 3482 Cic.
1007 3465 1056 3491 pro
1063 3458 1123 3499 Mu:
1135 3471 1170 3496 90
1192 3459 1332 3492 tidiosum,
1356 3469 1390 3488 an
1404 3461 1645 3498 praeuaricatorem
1659 3461 1805 3490 existimari
1819 3463 1905 3490 mauis
1919 3465 1928 3491 3

66 3495 138 3514 raen.
156 3494 190 3519 15.
262 3486 395 3514 Abdicare
423 3488 451 3514 se
483 3488 623 3523 Praetura,
643 3492 699 3519 vid.
735 3499 868 3521 ABDICO.

64 3523 186 3558 aliquem
199 3521 229 3548 in
245 3522 384 3555 Praetura,
401 3523 456 3551 vid.
472 3529 681 3565 CONSEQVOR.

64 3559 110 3587 cit.
124 3559 192 3585 Ann.
208 3566 231 3590 3,
269 3577 276 3584 .
312 3578 320 3585 .

68 3623 71 3626 ‚
105 3600 122 3621 i>
133 3601 152 3621 R
160 3601 182 3621 A
193 3601 208 3621 E
221 3599 244 3620 Τ
255 3599 275 3620 o
284 3600 305 3620 R
314 3600 367 3629 Qv
376 3601 394 3621 E
403 3601 422 3622 0
432 3614 441 3627 ‚
465 3597 519 3622 ere.
556 3597 702 3633 intorquere
713 3600 813 3637 aliquid
815 3604 929 3638 primore
937 3605 1023 3635 parte.
1047 3601 1122 3628 Prae-

66 3635 193 3666 torquere
211 3629 310 3656 collum
332 3629 417 3658 Plaut.
431 3631 499 3658 Rud.
512 3640 536 3664 3,
550 3641 572 3664 2,
587 3640 625 3658 12.

104 3673 120 3693 P
130 3673 149 3693 R
159 3673 180 3694 A
190 3673 206 3693 E
217 3672 239 3693 'r
249 3672 269 3692 ο
278 3672 297 3691 R
310 3671 333 3692 Τ
344 3672 366 3691 ν
375 3673 387 3692 s
395 3685 403 3698 ‚
424 3674 456 3699 a,
474 3676 531 3695 um.
567 3667 700 3695 Columel.
713 3678 737 3702 3,
746 3676 818 3708 181»,
840 3671 924 3699 Iulius
939 3671 1042 3699 Atticus
1049 3681 1122 3708 prae.

66 3706 141 3730 torto
154 3702 240 3738 eapite
253 3707 280 3729 et
293 3707 452 3735 recuruato,
466 3711 500 3729 ne
512 3702 645 3738 pastinum
657 3703 780 3740 effugiat,
798 3709 887 3735 semen
906 3707 1035 3734 demersit.

103 3744 119 3763 1²
130 3743 150 3762 R
161 3745 182 3766 A
190 3743 208 3765 ε
218 3745 240 3765 Τ
250 3743 270 3764 o
280 3745 300 3764 R
309 3744 328 3763 R
338 3744 347 3762 1
357 3743 376 3763 D
387 3743 411 3764 v
421 3745 434 3765 s
442 3758 451 3770 ,
492 3747 523 3771 a,
556 3748 611 3765 um.
644 3739 707 3767 Adi.
747 3743 825 3770 Valde
839 3743 969 3775 torridus,
989 3742 1122 3780 aeshwfiaes.

67 3773 194 3807 Calpurn.
209 3773 379 3805 Sic111.Ecl.2‚
388 3780 420 3803 >30
441 3774 612 3816 Quoshetiam
624 3776 790 3810 praetortida
801 3786 922 3807 munerat
936 3778 1027 3805 aestas.

103 3814 267 3836 PRAETR
278 3816 485 3842 ACTATVS,
517 3819 557 3838 us.
600 3820 637 3838 m.

66 3844 119 3872 sec.
132 3853 154 3869 c.
167 3852 195 3876 4.

103 3886 118 3905 r
127 3886 146 3905 R
154 3885 176 3905 A
186 3885 202 3905 E
213 3884 234 3904 T
246 3885 266 3905 R
274 3886 293 3907 E
303 3887 319 3907 Ρ
333 3879 346 3908 ἴ
355 3887 374 3908 i)
383 3888 404 3907 A
414 3888 459 3908 Ns
467 3900 475 3912 ‚
509 3879 589 3908 antis.
622 3882 719 3911 Partie.
753 3883 838 3914 Catul.
850 3895 898 3922 47,
913 3893 930 3921 7
959 3887 1016 3913 Iam
1046 3895 1122 3914 mens

66 3913 267 3955 praetrepidans
279 3922 340 3944 auet
352 3917 461 3952 vagari,
478 3915 620 3954 festinans.
658 3925 662 3927 “
727 3919 800 3953 Ignis
830 3921 1028 3957 praetrepidans
1047 3923 1122 3949 Paul-

67 3951 118 3978 iin.
133 3951 236 3988 Petroc.
249 3952 278 3982 6,
289 3960 352 3984 492.

985 3492 1123 3527 Consequt

786 3529 883 3564 Egredi
895 3529 1048 3555 Praeturam
1064 3529 1123 3556 Ta-

504 2374 561 2402 Cic.
576 2375 655 2402 Verr.
669 2383 690 2407 5,
705 2383 735 2407 91
754 2375 883 2403 Curritur
900 2375 933 2403 ad
949 2375 1125 2403 Praetorium.
1142 2382 1177 2408 60
1193 2382 1306 2404 ventum
1320 2377 1365 2404 cst.

1156 2756 1172 2773 Ο

1141 2929 1173 2957 73
1193 2918 1301 2945 audiuit
1313 2918 1519 2952 praeuaricauit.
1557 2920 1650 2954 Nempe
1664 2928 1693 2947 vt
1714 2927 1791 2956 vivii,
1814 2931 1845 2951 vt
1856 2929 2013 2962 παραβαίνειν

1138 3642 1171 3668 93

1596 165 1893 224 PR'AE

1202 259 1339 294 trepidum
1352 271 1400 289 cor
1417 261 1485 290 Pers.
1500 271 1525 296 2,
1539 271 1580 297 54.
1690 266 1761 293 Suet.
1779 267 1879 296 Tiber.
1894 282 1915 299 c.
1929 278 1958 300 6*

1203 303 1233 322 ac
1246 294 1408 324 detestabilis
1418 318 1426 331 ,
1446 298 1489 325 sed
1503 300 1686 335 praetrepidus
1700 311 1808 338 quoque
1822 311 1901 341 atque
1917 293 1977 337 rifat

1240 337 1254 356 Ρ
1266 337 1285 356 κ
1296 339 1316 358 Λ
1329 339 1344 358 1-;
1354 341 1375 360 ‘r
1388 340 1406 360 R
1419 341 1437 360 ν
1449 341 1469 360 N
1480 340 1497 362 c
1511 341 1531 361 o
1542 355 1550 367 ,
1568 340 1621 363 iire.
1645 338 1834 376 [κατακόπτω]
1878 343 1915 369 Tr

1201 375 1276 394 more.
1299 368 1394 407 ‘Plaun
1410 370 1485 406 Capt.
1499 380 1528 404 4,
1543 380 1570 404 4,
1585 379 1603 407 7
1635 374 1760 409 Arripuit
1791 376 1908 410 gladium

1204 402 1358 444 tergoribus
1390 405 1507 439 glandia.
1614 408 1686 436 ldem
1700 410 1760 439 Mil.
1775 420 1801 444 2,
1816 421 1838 446 3,
1852 420 1890 449 47

1203 442 1323 464 truncari
1336 438 1454 474 linguam
1467 442 1646 478 largiloquam
1662 445 1739 473 iubes
1754 448 1764 473 ἔ

1203 508 1213 534 i
1242 479 1258 499 Ρ
1272 478 1291 498 R
1303 481 1323 514 (1
1335 482 1349 501 1.·
1360 481 1383 502 Τ
1396 484 1414 502 ν
1424 484 1448 504 zu
1459 476 1500 504 1⁰1)
1511 485 1530 503 v
1540 485 1570 510 S,
1588 488 1613 519 a,
1635 490 1689 507 um.
1710 482 1770 509 Adi.
1813 484 1891 512 Valde
1902 487 2023 515 tumidu‘s.
2061 489 2147 519 Furor
2164 487 2259 525 Claud,v

1216 517 1232 534 n
1247 509 1318 536 Ruti.
1331 519 1349 542 1,
1361 520 1418 545 225.
1489 513 1618 542 iaetantia
1640 517 1747 544 quenc.
1763 527 1783 551 1,
1797 525 1849 552 583.

1203 550 1286 606 lemn
1297 553 1317 571 A
1328 553 1343 572 13
1354 553 1377 574 ‘r
1388 553 1408 572 v
1420 554 1460 574 'r1
1474 555 1498 576 v
1509 556 1551 582 M,
1571 551 1591 577 i.
1626 560 1653 579 n.
1694 554 1832 589 Oppidum
1849 556 1886 583 est
1906 557 1937 585 in
1956 558 2066 587 Piceno.
2103 561 2170 588 Plin.
2187 573 2225 598 14,
2239 577 2261 599 7—

1201 650 1218 678 ἃ
1240 622 1254 642 r
1269 622 1286 656 R
1298 623 1318 643 Λ
1330 624 1345 644 r».
1355 625 1376 644 T
1386 619 1455 660 VT}
1465 626 1525 652 vs,
1545 630 1575 654 a,
1596 631 1651 649 um.
1690 624 1751 651 Adi.
1781 626 1837 666 ¹Sil.
1854 635 1889 661 15,
1902 637 1953 665 570
1983 630 2061 659 Tum
2075 624 2128 668 qua
2139 632 2264 663 vitifero»

1221 658 1318 679 omitat
1335 654 1466 681 Praetutia
1480 656 1563 689 pubeu
1601 659 1680 686 Laeta
1700 660 1801 688 laboris
1812 671 1898 697 agros.
2188 678 2192 683 ’

1228 693 1560 727 'PRAh'rv'riANA
1593 695 1678 728 regio.
1717 696 1785 724 Plin.
1804 707 1828 731 3,
1843 708 1877 732 ¹3-

1201 722 1264 750 Lm.
1280 731 1319 756 22,
1333 733 1358 756 9.
1396 732 1420 750 et
1434 733 1477 760 27,
1491 734 1533 760 43.

1218 797 1223 804 .
1239 759 1450 803 PRAEVA'LEQ,
1459 761 1497 793 ui,
1508 766 1561 803 Cre.
1575 763 1731 806 [έπερνικιῖω]
1752 769 1912 803 Plusvalere,
1919 773 2069 808 antecellere,
2077 778 2104 802 in
2112 780 2205 806 maiori
2205 784 2267 814 pre-

1200 801 1236 823 tto
1250 794 1307 829 effe,
1327 797 1367 823 vel
1378 797 1500 824 meliorem
1514 798 1565 831 este.
1585 835 1591 840 .
1602 800 1667 827 Pltn.
1706 822 1712 828 .
1751 823 1757 829 .
1796 824 1803 831 .
1842 807 1976 842 Vtracquc
1994 810 2022 836 in
2037 812 2125 845 pretio
2137 813 2197 841 sunt
2219 813 2266 842 scd

1201 836 1290 858 tamen
1302 833 1456 867 praeualent
1476 842 1644 870 margaritae.
1752 839 1826 866 Idem
1840 850 1878 874 10,
1892 844 1909 868 6
1936 844 2081 873 Vulturum
2109 833 2266 883 pracudlcnt

1198 867 1282 929 lnigri.
1301 904 1316 917 .·
1390 869 1496 909 Oppida
1510 873 1666 905 prae-ualent
1685 873 1758 900 Idem
1773 878 1798 907 6,
1814 885 1850 916 io.
1942 879 1980 905 Id.
1997 889 2035 913 21,
2049 891 2073 909 21
2087 883 2107 909 s.
2122 890 2150 914 88
2168 885 2267 913 Trifo-

1210 911 1266 930 tum
1282 904 1338 930 scio
1351 904 1424 931 credi
1440 907 1592 939 praeualere
1614 915 1706 936 contra
1721 911 1882 946 serpentium
1910 913 1988 942 icius.
2075 919 2137 946 Stat.
2165 921 2266 949 Achill.

1202 947 1226 982 2,
1247 948 1291 966 122
1312 942 1442 976 Qusquis
1453 950 1540 976 equo,
1563 944 1705 980 iaculoque
1718 952 1825 981 potens,
1846 949 1893 982 qui
1905 951 2041 984 praeualct
2053 962 2124 982 arcu.
2188 957 2262 994 Covf

1201 975 1300 1015 Catuli.
1312 979 1337 1007 6,
1353 985 1387 1003 12.
1494 979 1556 1005 Fata
1571 981 1759 1014 praeualebaut
1772 983 1892 1011 contiliis
1912 987 2008 1014 Patere.
2024 997 2050 1021 2,
2067 995 2104 1020 118
2127 1001 2151 1023 4.
2223 979 2268 1021 S'ai

1201 1017 1305 1052 pientia
1318 1011 1421 1053 semper
1435 1016 1571 1053 praeualet
1593 1016 1704 1044 Phaedr.
1720 1026 1739 1052 1,
1753 1027 1834 1052 13‚14.
1944 1022 2076 1052 Sententia
2088 1012 2176 1055 s’eruii
2189 1038 2266 1065 prae-

1200 1047 1287 1087 valuit
1298 1047 1416 1087 'leiam
1432 1058 1461 1075 in
1477 1050 1494 1076 l.
1510 1051 1560 1077 Etsi
1575 1052 1646 1079 forte
1661 1051 1685 1089 ᾗ.
1701 1054 1788 1081 Etiam
1804 1055 1835 1081 D.
1849 1055 1877 1083 Si
1891 1057 1981 1085 seruit.
1998 1060 2125 1090 vindicet.
2218 1066 2268 1092 Vl-

1201 1091 1274 1118 pian.
1295 1092 1324 1123 in
1345 1085 1363 1110 1.
1383 1086 1531 1118 Quaeritur
1547 1088 1580 1114 D.
1593 1089 1626 1114 de
1641 1089 1707 1115 statu
1721 1089 1864 1118 hominum
1874 1112 1882 1123 ,
1899 1095 2050 1127 Qacritur
2063 1097 2266 1135 hermaphrodi—

1201 1125 1317 1159 tumuit
1329 1128 1388 1146 coin
1409 1129 1514 1148 aramus
1531 1124 1539 1149 Ξ
1579 1124 1608 1150 Et
1629 1125 1713 1160 magis
1728 1134 1793 1161 puto
1807 1128 1864 1154 eius
1879 1128 1960 1156 Sexus
1973 1132 2180 1163 existimandum
2235 1137 2267 1165 ui

1200 1164 1231 1181 in
1245 1163 1392 1197 eo-praeua-
1403 1164 1437 1183 et.
1547 1159 1700 1193 Praeualet,
1724 1163 1827 1198 Impers.
1865 1164 1951 1192 Catul.
1967 1169 1993 1201 6,
2010 1177 2034 1195 12
2054 1169 2125 1197 Na'ui
2138 1147 2268 1207 nil’piiize—

1199 1191 1271 1218 valet
1285 1191 1346 1223 ista,
1365 1192 1419 1224 ml,
1438 1199 1533 1234 tacere.
1570 1197 1589 1221 i.
1610 1197 1679 1223 nihi!
1697 1194 1739 1230 cst,
1753 1207 1798 1224 cur
1810 1199 1854 1226 sua
1864 1204 1953 1236 potius
1974 1209 2058 1231 taceas
2093 1215 2166 1242 quam
2185 1209 2260 1236 dicas

1198 1226 1345 1268 Praeualet,
1362 1238 1417 1255 cum
1432 1230 1573 1264 Injmitiuo.
1632 1232 1739 1259 Paullus
1752 1233 1782 1260 in
1796 1234 1813 1260 1.
1829 1235 1904 1267 Eum,
1918 1238 1967 1273 qui
1980 1237 2047 1276 §.Si
2064 1226 2165 1270 iniuria
2179 1245 2202 1270 D
2229 1231 2268 1273 de·

1198 1271 1334 1304 imm-us,⁴
1347 1264 1374 1291 Si
1389 1265 1490 1306 iniuria
1504 1266 1572 1292 mihi
1587 1266 1632 1294 fiat
1644 1267 1678 1294 ab
1690 1277 1723 1295 eo
1732 1289 1741 1301 ,
1761 1270 1805 1296 cui
1819 1270 1866 1298 sim
1880 1271 2002 1306 ignotus:
2027 1283 2072 1304 aut
2085 1277 2102 1304 {i
2117 1279 2178 1313 quis
2191 1265 2268 1315 putat

1197 1309 1242 1340 me
1268 1300 1384 1340 Lucium
1405 1302 1518 1328 Tmum
1540 1303 1606 1336 effe,
1628 1313 1712 1339 quum
1737 1304 1784 1332 sim
1797 1307 1877 1333 Caius
1891 1309 1965 1337 Seius
1982 1321 1988 1337 ε
2021 1315 2180 1347 praeualct(
2208 1316 2265 1344 uod

1198 1336 1346 1372 principale
1359 1336 1409 1369 est)
1424 1338 1554 1365 iniuriam
1567 1348 1630 1366 eum
1643 1339 1714 1367 mihi
1728 1341 1815 1369 facere
1827 1343 1909 1371 velle.
2189 1326 2206 1352 q

1220 1408 1225 1412 -
1245 1378 1261 1399 P
1274 1378 1295 1398 R
1306 1379 1328 1399 A
1337 1379 1354 1400 E
1363 1379 1383 1399 v
1394 1372 1415 1400 Ᾰ
1424 1380 1439 1399 1,
1449 1381 1466 1401 E
1475 1382 1498 1401 Ν
1507 1381 1536 1407 s,
1554 1375 1632 1402 entis.
1668 1377 1764 1404 Partic.
1800 1378 1861 1405 Liu.
1875 1380 1959 1414 praes.
1978 1382 2156 1413 Praeualentie
2170 1387 2268 1421 Populi

1198 1417 1280 1435 vueS.
1323 1444 1329 1449 .
1353 1408 1478 1445 Corpore
1495 1412 1649 1446 praeualens
1674 1413 1773 1440 Patere.
1787 1423 1809 1446 2,
1825 1420 1879 1449 108,
1892 1424 1916 1443 2.
2024 1419 2144 1448 Flamina
2156 1431 2267 1458 praeua-

1197 1444 1269 1471 lente
1291 1444 1357 1472 Plin.
1373 1452 1401 1480 7,
1416 1455 1446 1479 52
1461 1454 1506 1482 pr.

1216 1486 1517 1521 ’PRA-EVALENT
1529 1491 1587 1516 1A‚
1607 1493 1647 1512 ae.
1675 1485 1697 1513 f.
1733 1486 1839 1514 Paullus
1852 1487 1882 1515 in
1895 1487 1914 1516 l.
1928 1489 1959 1516 In
1973 1498 2032 1518 rem
2045 1490 2119 1519 ae'tio
2131 1493 2165 1521 D.
2180 1494 2212 1521 de
2224 1495 2270 1524 rei

1194 1516 1389 1545 vindicatione.
2125 1524 2127 1527 .

1236 1559 1252 1579 r
1262 1560 1281 1578 R
1290 1560 1311 1579 Α
1320 1561 1337 1580 Ε
1349 1561 1370 1581 ν
1380 1561 1426 1581 AL
1436 1561 1453 1582 E
1463 1560 1476 1581 s
1485 1562 1501 1583 c
1511 1562 1530 1583 o
1538 1573 1547 1588 ,
1576 1558 1630 1584 ere.
1666 1564 1717 1595 pro
1737 1559 1897 1595 Inualescere.
1934 1561 2070 1590 Columel.
2086 1571 2111 1597 5,
2131 1567 2149 1591 6
2173 1566 2267 1594 Vitem

1196 1597 1308 1629 quoque
1339 1596 1482 1631 antequam
1511 1601 1544 1619 ex
1578 1600 1638 1620 toto
1659 1595 1838 1630 praeualescat
1855 1596 1950 1630 arbor,
1970 1599 2110 1628 conserere
2130 1603 2269 1631 conuenit.

1196 1625 1312 1652 Paullin.
1326 1626 1406 1660 Epist.
1422 1635 1459 1660 49
1470 1634 1498 1654 n.
1517 1637 1536 1655 1.

1236 1667 1252 1687 1>
1263 1668 1281 1687 R
1291 1668 1314 1688 A
1322 1668 1340 1704 r
1351 1668 1371 1687 ν
1381 1670 1404 1689 A
1413 1669 1429 1688 L
1442 1661 1455 1690 1⁰
1464 1670 1482 1689 D
1491 1671 1511 1704 y
1523 1671 1536 1692 s
1545 1684 1554 1697 ‚
1572 1673 1604 1696 a,
1625 1673 1680 1693 um.
1710 1666 1772 1693 Adi.
1810 1667 1964 1695 Praeualida
1979 1670 2059 1703 vrbs,
2078 1679 2140 1706 quae
2153 1677 2177 1699 et
2191 1674 2270 1700 Prae-

1191 1703 1284 1734 potem
1298 1697 1403 1725 d1c1'eur.
1465 1700 1528 1726 Liu.
1543 1702 1583 1730 26,
1598 1702 1636 1726 16.
1672 1703 1704 1727 it.
1729 1710 1777 1735 40,
1791 1710 1837 1737 47.
1947 1705 2059 1731 quenis
2076 1706 2150 1732 idem
2165 1715 2212 1742 27,
2225 1706 2268 1743 413.

1197 1738 1222 1759 ει
1235 1741 1258 1764 3,
1274 1741 1316 1765 43.
1345 1768 1351 1773 1
1389 1735 1522 1768 Legiones
1541 1735 1681 1767 Patere-⁴2,
1694 1738 1740 1775 69,
1756 1746 1782 1764 2.
1877 1739 1975 1765 Manus
1997 1741 2080 1767 Ouid.
2096 1741 2211 1776 Epist.9,
2227 1750 2269 1774 80.

1197 1767 1297 1794 Tellus
1317 1768 1392 1801 Virg.
1407 1770 1547 1808 Georg32,
1563 1777 1615 1801 253.
1683 1771 1763 1809 Vires
1784 1771 1881 1798 Manil.
1897 1781 1920 1805 5,
1935 1780 1975 1806 75.
2085 1777 2163 1814 Vite5
2192 1779 2269 1815 Virg‚

1197 1802 1298 1836 Georg.
1314 1810 1341 1834 2,
1354 1810 1410 1835 190.
1483 1805 1559 1830 Vitia
1590 1804 1745 1839 praeualida
1778 1811 1805 1833 et
1835 1806 1925 1835 adulta
1961 1809 2055 1837 Tacit.
2068 1812 2140 1840 Ann.
2154 1822 2177 1846 3,
2190 1822 2228 1848 53,
2242 1825 2269 1844 z.

1596 1876 1602 1881 .
1626 1877 1632 1882 υ
1695 1877 1699 1881 -
1790 1878 1796 1882 Ι
1839 1846 2012 1878 prouinciales
2040 1847 2133 1875 Tacit.
2148 1850 2220 1878 Ann.
2231 1859 2258 1885 15

1197 1882 1239 1900 20.
1349 1874 1445 1917 Sapei-15
1481 1875 1702 1904 Praeualidissimi
1716 1877 1750 1905 ad
1769 1887 1864 1905 vinum
1891 1879 1960 1908 Salu.
1973 1881 2007 1908 de
2020 1882 2090 1910 Gub.
2105 1887 2122 1911 6
2135 1894 2160 1919 p.
2173 1892 2231 1917 228·
2255 1873 2269 1887 ²

1193 1932 1198 1934 .
1217 1944 1222 1950 .
1233 1916 1249 1936 P
1259 1916 1277 1936 R
1286 1916 1308 1936 A
1317 1916 1364 1936 EV
1373 1918 1395 1937 A
1404 1917 1421 1936 L
1431 1918 1441 1937 1
1453 1917 1471 1936 D
1480 1918 1508 1937 E.
1536 1911 1606 1939 Adu.
1643 1913 1868 1953 [πςλυκκρτερῶς]
1905 1916 1974 1943 Plin.
2005 1925 2043 1952 17,
2064 1928 2095 1952 14
2133 1922 2194 1950 Hoc
2213 1927 2270 1951 m‘a-

1196 1953 1269 2007 31ιῖιίιὲ
1287 1946 1511 2008 ἕξῗιειξὸυεηάιιιῃ,
1527 1953 1557 1974 vt
1576 1948 1734 1983 praeualide
1753 1950 1908 1985 accipientis
1923 1957 2020 1980 trunco
2034 1954 2064 1981 in
2079 1957 2169 1985 media
2181 1959 2269 1989 fissura

1195 1989 1247 2042 rep
1256 1990 1309 2043 RqA
1320 2024 1337 2043 E
1347 2001 1423 2043 v'AL
1434 2023 1451 2043 1.
1463 2023 1482 2043 o
1492 2037 1500 2049 ‚
1520 2020 1574 2044 are.
1610 2018 1685 2046 Hir-t.
1700 2019 1765 2046 Bell.
1780 2020 1856 2051 Alex.

1194 2057 1249 2078 tem
1263 2051 1388 2080 aduersus
1403 2052 1505 2092 hostem
1527 2054 1695 2087 praeuallari.

1231 2094 1246 2114 P
1255 2095 1274 2115 R
1282 2095 1305 2115 A
1314 2095 1331 2116 ε
1340 2094 1362 2115 ν
1371 2094 1417 2116 ΛΡ
1426 2095 1446 2115 0
1455 2095 1475 2115 R
1485 2095 1505 2116 ο
1514 2109 1523 2122 ,
1542 2093 1596 2117 Ξκ-
1633 2091 1832 2127 Praeuaporare
1845 2093 1904 2121 loca
1917 2095 1990 2123 Cael.
2004 2097 2096 2129 Aurel.
2113 2107 2135 2134 1,
2141 2109 2164 2134 3.
2184 2104 2204 2129 i.
2217 2112 2266 2130 ana

1193 2130 1219 2151 te
1240 2131 1373 2160 vaporare.
1526 2140 1530 2153 ι

1231 2166 1622 2194 ΡΚΑΕνΑΡΟΚΑΤνε,
1657 2171 1687 2194 a,

2159 198 2260 245 1046

1983 278 2049 308 Non
2062 283 2144 310 modo
2158 283 2260 312 inuisus

1978 321 1995 339 n
2008 316 2141 346 obnoxius
2161 321 2240 348 vixit.

1916 352 1992 377 unm»
2007 356 2107 386 Ρνορνιί·
2119 363 2192 390 parte
2224 359 2262 384 ri-

1916 398 1925 411 ,
1946 388 2138 416 praetruncaxut
2173 393 2208 418 tri
2229 400 2261 418 ιω

1922 414 2021 442 Nonne
2034 420 2084 447 tibi
2099 425 2172 452 ittam
2186 435 2261 462 prae-

1956 702 1960 706 *
1987 703 2060 738 Ager
2079 705 2265 734 Praetutianu-

1871 2031 1894 2048 e.
1909 2031 1938 2056 19
1960 2024 2057 2054 Caesar
2071 2027 2187 2062 imperat
2198 2039 2268 2065 pon-

1717 2172 1773 2190 um.
1831 2165 2035 2202 Praeuaporatis
2072 2171 2140 2198 locis
2176 2174 2266 2210 asper-

1231 2240 1246 2259 i>
1254 2240 1274 2259 R
1281 2240 1304 2259 A
1312 2239 1330 2260 E
1340 2239 1362 2260 ν
1372 2241 1395 2260 Α
1404 2240 1424 2260 R
1437 2232 1450 2260 f
1459 2241 1475 2261 c
1484 2241 1503 2260 o
1512 2241 1531 2260 R
1540 2253 1548 2266 ,
1588 2234 1639 2261 ari.
1676 2235 1689 2269 [
1697 2235 1855 2270 καθυφίεμαι
1863 2257 1873 2271 ,
1911 2238 2064 2268 ἰθελυκοικέω
2071 2263 2079 2276 ‚
2123 2243 2262 2280 ὁποςέλλω,

1192 2269 1328 2304 masuam]
1365 2271 1472 2310 Proprie
1484 2273 1563 2296 nimis
1574 2268 1711 2303 distendere
1718 2272 1795 2306 pedes
1803 2292 1810 2303 ,
1831 2280 1904 2310 atque
1908 2274 1949 2308 stc
1960 2285 1976 2303 a
1981 2276 2054 2310 statu
2068 2281 2110 2306 vel
2121 2283 2212 2318 inceffit
2226 2293 2266 2310 re-

1194 2302 1235 2331 2⁶10
1249 2304 1381 2344 ‹iifl-edere.
1419 2305 1486 2332 Plin.
1501 2311 1537 2338 18,
1545 2314 1573 2339 19
1589 2306 1607 2333 s.
1622 2315 1664 2338 49,
1680 2315 1692 2333 2
1713 2309 1826 2341 Arator,
1847 2310 1895 2336 nisi
1911 2312 2038 2340 incuruus
2053 2313 2254 2350 praeuaricatur

1193 2340 1260 2367 Inde
1273 2341 1432 2368 translatum
1447 2341 1498 2368 hoc
1512 2342 1614 2369 crimen
1631 2342 1660 2368 in
1674 2343 1776 2370 forum.
1835 2345 1879 2372 Ibi
1893 2347 1984 2383 itaque
1998 2358 2126 2379 caueatur
2161 2353 2208 2381 vbi
2222 2340 2264 2382 iu:

1439 2378 1620 2406 Pracuarieari
1627 2398 1636 2410 ,
1656 2381 1741 2414 inquit
1761 2381 1856 2417 Erasm.
1870 2385 1898 2409 in
1905 2385 2022 2419 prouerb.
2037 2386 2072 2419 est
2085 2398 2102 2414 α
2113 2373 2182 2416 recia
2190 2391 2262 2426 sulco

1371 2413 1441 2441 Vnde
1458 2420 1483 2440 et
1495 2416 1523 2440 in
1536 2413 1615 2448 Calfis
1627 2416 1808 2449 praeuaricari
1821 2417 1949 2452 dicuntur,
1964 2425 2008 2457 qui
2021 2425 2121 2460 cauJiim
2134 2426 2262 2463 diuersam

1192 2448 1324 2477 adiuuant.
1382 2451 1477 2486 Nempe
1489 2453 1532 2485 qui
1545 2451 1731 2485 praeuaricant
1750 2455 1820 2480 inter
1837 2454 1951 2487 eundum,
1966 2457 2006 2483 illi
2020 2463 2071 2484 viis
2087 2462 2155 2488 velut
2166 2462 2263 2490 duabus

1191 2485 1325 2517 incedunt,
1346 2491 1445 2520 ponunt
1458 2485 1565 2522 vestigia
1577 2490 1616 2514 ita
1628 2495 1644 2514 a
1651 2487 1682 2522 se
1701 2489 1808 2514 inuicem
1820 2497 1931 2523 remota,
1952 2499 1982 2519 vt
1995 2493 2042 2521 duo
2056 2505 2085 2522 ca
2097 2496 2168 2530 ith'ffi·
2191 2499 2261 2525 uide-

1191 2528 1278 2548 antur.
1315 2521 1447 2556 leianus
1463 2523 1502 2548 De
1517 2524 1560 2554 iis,
1570 2523 1619 2557 qui
1631 2529 1760 2550 notantur
1773 2524 1886 2553 infamia
1899 2526 1916 2553 1.
1924 2527 2060 2564 Athletas,
2082 2533 2139 2566 Qu
2150 2543 2262 2568 praeua-

1623 2595 1628 2599 ι
1644 2595 1650 2600 ι
1790 2597 1795 2601 .
2155 2571 2212 2597 Cic.
2228 2571 2262 2598 de

1191 2592 1285 2632 Arusp.
1299 2593 1376 2629 Resp.
1391 2603 1429 2629 42.
1442 2603 1464 2620 c.
1477 2603 1512 2621 20
1532 2596 1554 2621 A
1569 2594 1688 2622 Catilina
1699 2604 1840 2631 pecuniam
1853 2600 1971 2635 accepit,
1988 2607 2020 2629 vt
2031 2603 2175 2632 turoiffime
2187 2616 2262 2640 prae-

1190 2634 1364 2670 varicaretur.
1417 2634 1419 2637 '
1437 2632 1470 2657 Et
1484 2632 1537 2657 Att.
1552 2640 1580 2665 4,
1595 2634 1623 2658 16
1652 2631 1775 2659 Omnino
1786 2635 1972 2663 accusatorum
1986 2633 2155 2667 incredibilis
2171 2642 2260 2669 infan-

1193 2670 1250 2706 tia,
1266 2664 1353 2706 id·est
1374 2666 1404 2692 L.
1427 2666 1551 2700 Lentuli,
1572 2668 1602 2693 L.
1617 2668 1646 2694 F.
1668 2677 1752 2703 quem
1773 2668 1894 2697 fremunt
1916 2681 2009 2700 omnes
2034 2677 2257 2708 praeuaricatum.

1195 2701 1330 2743 anffil·
1345 2710 1371 2734 9,
1383 2710 1406 2743 ξ,
1420 2707 1452 2738 87
1492 2704 1547 2737 Ego
1559 2712 1647 2740 neque
1659 2704 1777 2732 oratoris
1792 2712 1858 2740 puto
1873 2707 1922 2733 etse
1937 2717 2053 2743 vnquam
2066 2714 2256 2746 praeuaricari,

1193 2746 1282 2773 neque
1295 2737 1373 2765 litem
1386 2738 1528 2774 intelligo,
1551 2739 1580 2766 in
1592 2748 1645 2776 qua
1656 2749 1715 2775 pars
1729 2746 1841 2776 Vtraque
1865 2742 1937 2769 idem
1960 2745 2035 2772 velit.
2135 2749 2192 2776 Cic.
2207 2759 2257 2785 pro

1194 2774 1302 2802 Cluent.
1316 2779 1346 2807 58
1359 2784 1382 2801 c.
1397 2783 1426 2801 21
1443 2776 1504 2802 Hoc
1517 2785 1672 2812 quanquam
1686 2776 1778 2803 sedulo
1790 2777 1922 2811 faciebat,
1946 2785 2036 2808 tamen
2048 2781 2185 2812 interdum
2201 2795 2257 2814 non

1194 2809 1355 2843 defendere,
1374 2810 1419 2838 sed
1440 2812 1618 2845 praeuaricari
1637 2812 1801 2839 accusationi
1823 2812 1976 2843 videbatur.
2013 2820 2034 2844 i.
2053 2819 2257 2850 Praeuaricando

1186 2845 1338 2884 substruit?-
1376 2847 1416 2874 Sic
1430 2849 1503 2875 Grut.
1511 2848 1580 2884 quid.
1587 2847 1741 2874 accusatori.

1231 2890 1246 2909 P
1256 2890 1275 2909 R
1285 2889 1332 2910 ΑΕ
1343 2889 1509 2914 VARICO,
1526 2888 1578 2910 are.
1617 2881 1754 2918 Augustin.
1768 2883 1865 2913 Tra-ft.
1879 2894 1915 2920 99
1936 2886 1966 2914 in
1987 2888 2047 2916 Ioh.
2067 2891 2153 2918 Adam
2181 2894 2254 2928 quod

1210 2957 1213 2960 Α
1250 2956 1254 2960 .
1403 2957 1407 2960 ²
1623 2958 1625 2962 .
1651 2959 1655 2963 ,
2025 2931 2074 2956 late
2083 2938 2155 2966 patet
2172 2942 2256 2958 recen-

1190 2953 1315 2993 tmmbuf,
1336 2960 1432 2993 quotnjs
1443 2963 1460 2981 a
1473 2952 1542 2980 1·εέἶο
1554 2954 1706 2997 ἅψει-ἥκων.
1778 2961 1809 2986 In
1824 2970 1875 2987 vna
1896 2962 2043 3000 eademque
2062 2965 2255 3001 fignifican'one

1188 2989 1329 3051 ¹protulisse
1362 2995 1487 3025 antiquos
1520 2991 1679 3019 Praeuarico
1708 3001 1735 3022 et
1763 2997 1939 3027 Pracuaricor
1970 2999 2076 3035 astatur
2106 3004 2166 3029 item
2199 3005 2254 3032 Pri-

1202 3032 1292 3052 cianus
1306 3035 1330 3059 p.
1349 3033 1412 3060 799.

1229 3066 1244 3087 Ρ
1256 3068 1275 3088 R
1285 3068 1305 3088 A
1314 3069 1331 3088 E
1340 3068 1359 3087 ν
1370 3068 1392 3088 A
1402 3069 1420 3088 R
1433 3069 1440 3087 1
1452 3069 1469 3090 c
1477 3069 1499 3089 A
1509 3069 1530 3089 T
1538 3071 1559 3091 v
1569 3071 1582 3092 s
1590 3084 1599 3097 ,
1620 3074 1635 3092 a
1643 3085 1653 3098 ‚
1677 3075 1733 3095 um.
1753 3068 1848 3096 Partic.
1884 3069 1976 3097 Ifidor.
1991 3079 2019 3097 10
2034 3071 2075 3099 lit.
2088 3073 2116 3100 P.
2142 3075 2253 3104 Praeua.

1193 2413 1327 2440 diuertere.

245 3128 250 3132 ι
398 3129 402 3132 .
582 3094 631 3121 Sed
657 3095 718 3121 Liu.
737 3103 781 3128 22,
801 3103 828 3129 35
857 3096 922 3123 lnde
949 3096 1121 3123 Praeroriana
1141 3100 1173 3126 80
1189 3097 1289 3124 ricatus
1302 3097 1338 3124 est
1353 3098 1438 3125 malae
1451 3098 1515 3126 fidei
1536 3099 1688 3129 aduncatus.

54 3129 175 3157 'comitia
189 3127 287 3156 habita.
323 3135 405 3156 creati
417 3129 455 3155 M.
471 3129 633 3165 Pomponius
646 3130 758 3165 Matho,
780 3137 807 3159 et
819 3132 846 3159 P.
862 3132 958 3160 Furius
971 3131 1071 3165 Philus,
1083 3133 1119 3160 al.

1226 3141 1242 3160 P
1253 3139 1272 3160 R
1284 3142 1305 3161 A
1315 3141 1331 3160 E
1342 3140 1362 3160 V
1375 3141 1395 3161 Α
1410 3140 1429 3160 R
1442 3142 1450 3160 I
1461 3141 1478 3161 C
1490 3137 1544 3163 [1¹11
1553 3144 1572 3164 O
1582 3144 1615 3169 R,
1635 3138 1700 3166 fitis.
1725 3149 1761 3168 m.
1798 3139 1976 3177 [καθυφῇ-ἦρ,
1995 3141 2161 3180 ἓθελοκακᾶς]
2198 3148 2252 3175 Oui

1187 3172 1289 3206 vti-ique
1302 3171 1470 3212 litigantium·
1482 3173 1592 3208 instruit
1605 3174 1714 3211 perfide.
1749 3176 1910 3208 Martianus,
1927 3177 1959 3203 D.
1973 3178 2012 3205 Ad
2026 3180 2050 3206 S.
2066 3181 2096 3206 C.
2109 3173 2254 3216 Turpilia-

1190 3215 1271 3239 num,
1292 3206 1308 3232 l.
1319 3215 1328 3232 1
1349 3208 1593 3237 Praeuaricatorem
1606 3211 1655 3237 effe
1670 3220 1731 3238 eum
1745 3211 1926 3245 ostendimus,
1944 3213 2050 3249 inquit,
2069 3216 2119 3251 qui
2137 3218 2251 3246 colludit

1191 3251 1252 3269 cum
1271 3251 1335 3275 reo,
1355 3248 1381 3269 et
1401 3243 1561 3272 translatitie
1581 3255 1692 3273 munere
1710 3246 1845 3274 accusandi
1867 3247 2039 3284 defungitur,
2060 3260 2093 3279 eo
2106 3254 2178 3288 quod
2190 3263 2252 3290 pro-

1140 3285 1169 3313 83
1190 3279 1261 3314 prias
1273 3279 1384 3314 quidem
1397 3279 1570 3315 probationes
1584 3282 1767 3315 dissimularet,
1787 3283 1863 3310 falsas
1878 3292 1943 3311 vero
1957 3286 1999 3312 rei
2012 3288 2194 3316 excusationes
2206 3292 2253 3318 ad-

1189 3315 1318 3342 mitterer.
1416 3316 1545 3351 leianus
1559 3318 1587 3344 in
1601 3318 1618 3343 l.
1628 3317 1746 3345 Athletas
1766 3320 1797 3345 D.
1813 3318 1843 3345 de
1859 3318 1910 3350 his,
1926 3321 1975 3356 qui
1987 3329 2115 3351 notantur
2128 3325 2241 3354 infamia

1183 3349 1224 3386 fic
1237 3351 1340 3392 definit,
1358 3353 1559 3394 Pracuaricator
1573 3359 1663 3380 autem
1679 3354 1715 3380 est
1729 3355 1800 3390 quasi
1816 3356 1960 3390 varicator,
1985 3359 2033 3393 qui
2047 3359 2178 3388 diuersam
2191 3348 2252 3398 par?

1190 3394 1246 3415 tem
1259 3387 1489 3428 adiuuat‚prodita
1503 3390 1575 3415 causa
1591 3389 1634 3415 sua
1650 3400 1656 3415 :
1691 3389 1839 3426 allegatque
1850 3391 2013 3427 Labeonem,
2021 3396 2070 3431 qui
2085 3396 2136 3424 hoc
2150 3406 2251 3426 nomen

1193 3433 1207 3450 a
1223 3433 1297 3451 varia
1311 3426 1459 3452 certatione
1472 3424 1587 3452 tracium
1598 3424 1682 3451 senfit.
1756 3427 1811 3452 Cic.
1826 3427 1889 3454 Diu.
1905 3429 1983 3457 Verr.
2000 3436 2028 3464 53
2049 3433 2144 3459 Vtrum
2157 3440 2183 3460 te
2191 3444 2250 3469 per-

1205 3496 1210 3500 ,
1538 3495 1544 3501 ,
1698 3497 1703 3502 Ι
1722 3498 1726 3502 ,
2009 3467 2083 3504 Conf.
2102 3468 2176 3496 Idem
2189 3472 2250 3499 Par-

1190 3501 1232 3523 tit.
1246 3505 1268 3522 c.
1284 3498 1324 3528 36.
1423 3498 1623 3524 Praeuaricator
1646 3497 1778 3524 Catilinae
1801 3499 1952 3534 quondam,
1971 3512 2040 3530 nunc
2054 3504 2127 3531 vltor
2147 3507 2205 3533 Cic.
2220 3508 2250 3534 in

1192 3533 1279 3559 Pison.
1293 3541 1316 3560 c.
1332 3541 1370 3559 10.
1438 3533 1513 3559 Cael.
1528 3532 1560 3558 ad
1573 3533 1628 3559 Cic.
1638 3534 1709 3559 Fam.
1719 3538 1773 3565 8,ss
1795 3535 1838 3561 Nc
1852 3536 1925 3570 quod
1939 3537 2032 3566 furore
2040 3540 2127 3568 Paulli
2140 3542 2249 3578 adeptus

1192 3569 1254 3595 effet
1269 3568 1350 3599 boni,
1371 3569 1415 3594 sua
1427 3569 1502 3603 culpa
1515 3568 1654 3596 videretur
1672 3569 1790 3602 amisitse,
1802 3578 1828 3597 et
1847 3575 2044 3606 praeuaricator
2056 3578 2146 3604 causae
2160 3578 2249 3613 publi-

1194 3613 1239 3632 cae
1254 3605 1459 3632 existimaretur.
1557 3604 1614 3631 Cic.
1634 3604 1748 3640 Philipp.
1768 3615 1794 3638 2,
1809 3615 1838 3640 25
1851 3617 1871 3634 c.
1888 3616 1910 3634 11
1943 3610 1998 3637 Iam
2023 3620 2135 3646 vereor,
2161 3615 2248 3641 Patres

1192 3640 1358 3675 Conscripti,
1377 3639 1773 3675 ne(q110dt11rpiffm111n1est)
1790 3644 2032 3677 praeuaricatorem
2051 3648 2120 3676 mihi
2139 3651 2248 3685 apposu-

1194 3677 1237 3703 ifl'e
1250 3677 1358 3704 videar,
1377 3678 1396 3701 i.
1415 3674 1560 3711 Jicbornqffe
1583 3677 1750 3712 accufiztorem
1762 3688 1810 3704 non
1826 3678 1856 3704 id
1867 3688 1979 3715 agentem
1985 3683 2065 3719 serio.
2171 3685 2244 3720 Conf-

1194 3712 1261 3740 Plin.
1271 3712 1348 3748 Epist.
1357 3719 1378 3742 3,
1386 3719 1413 3743 9,
1426 3719 1466 3743 30.
1487 3711 1531 3738 vbi
1540 3712 1738 3740 Praeuaricator
1750 3712 1798 3747 est,
1815 3717 1860 3750 qui
1876 3717 2003 3753 malafide
2016 3721 2122 3756 accufizt.
2160 3720 2246 3753 Qun-

1193 3748 1249 3775 cui.
1266 3758 1300 3779 12,
1315 3756 1333 3786 1,
1343 3755 1378 3779 24
1393 3745 1441 3772 Sed
1456 3747 1634 3781 proditorem,
1643 3749 1816 3785 transfugam,
1834 3755 2075 3786 praeuaricatorem
2087 3755 2245 3782 donabimus

1193 3784 1308 3812 oratoris
1322 3782 1372 3807 illo
1385 3782 1458 3809 sacro
1474 3783 1603 3810 nomine?
1769 3801 1772 3806 ν

690 3812 808 3842 Tei-tull.
840 3816 873 3843 de
903 3816 976 3849 Fuga
1005 3815 1036 3841 in
1065 3816 1183 3844 Per-100
1230 3824 1622 3852 PRAEVARmAme,
1649 3820 1704 3847 icis.
1744 3820 1765 3847 f.
1801 3821 1917 3850 Hieron.
1939 3824 2061 3852 Prooem.
2082 3824 2149 3850 Dial.
2179 3832 2246 3852 extr.

1192 3855 1315 3882 Ambros.
1357 3853 1437 3887 Epist.
1473 3862 1500 3886 33
1542 3855 1773 3883 Praeuaricatricis
1800 3859 1976 3886 conscientiae
2007 3869 2075 3887 reus.

1186 3890 1380 3928 significatione.

1229 3930 1596 3959 PRAEVARICATzo,
1618 3926 1686 3953 onis.
1708 3927 1727 3953 f.

2132 3860 2248 3888 GeneraH

1415 3963 1419 3966 η
1623 3962 1628 3967 .
1717 3963 1721 3967 ¹
1764 3927 1939 3965 [καθύφεσις]
1973 3930 2068 3956 Crimen
2082 3929 2249 3967 causimpro.

1192 3963 1293 3992 dentis,
1312 3959 1432 3996 necfi‘rto
1446 3965 1554 3996 agentis.
1591 3962 1658 3988 Plin.
1676 3963 1754 3997 Epist.
1773 3973 1794 3996 1,
1810 3973 1841 3990 20
1867 3965 1979 3999 Alioqui
1997 3966 2191 3997 praeuaricatio
2211 3968 2248 3993 est

102 3993 119 4015 P
130 3991 151 4013 R
162 3992 210 4013 AB
219 3991 241 4011 T
250 3991 270 4012 R
280 3992 320 4012 E?
330 3988 398 4015 inv
407 3996 433 4023 s,
448 3997 475 4023 a,
495 3996 551 4015 um.
570 3987 632 4014 Adi·
675 3987 754 4016 Valde
767 3992 890 4029 trepidus.
926 3992 1033 4021 Laetari
1045 4001 1125 4029 prac—v
1138 3996 1303 4034 103trans1re
1325 3995 1438 4022 dicenda
1450 4006 1456 4021 :
1491 3998 1688 4032 praeuaricatio
1704 3998 1786 4028 etiam
1806 4001 1904 4029 curtim
1925 4006 1951 4026 et
1970 4000 2090 4027 breuiter
2110 4002 2249 4035 attingere,

1507 4034 1629 4067 6Q2.

2180 4045 2250 4071 quae
