2517 4231
258 198 331 238 527
686 179 893 221 OBS
1805 173 2008 237 OBS
2365 183 2490 224 528,

261 273 387 302 omnibus
401 277 457 300 erat
468 272 557 300 carior
579 271 650 307 Nep.
659 279 696 305 25,
709 272 734 305 6,
749 277 773 303 ς.
971 262 994 302 ἢ
1013 273 1026 291 2
1067 261 1255 294 Obseruantia,
1272 267 1318 296 pro
1378 264 1490 292 obsess'os
1510 269 1620 299 occupat
1639 264 1708 291 mihi
1729 262 1811 290 sudor
1839 262 1922 290 Ouid.
1938 263 2001 291 Met.
2017 271 2045 297 3,
2059 265 2112 298 632.
2183 265 2289 299 Corpus
2308 263 2439 292 obsessum
2468 261 2478 273 '
2513 294 2515 296 ¹

261 309 438 346 obseruatione
450 310 494 336 vel
504 307 683 343 conficetudine.
756 306 825 332 Suet.
839 303 868 329 in
883 300 990 335 August.
1009 309 1033 340 c.
1046 301 1078 340 76
1109 300 1146 326 Ex
1165 297 1212 325 hac
1228 297 1318 338 obser·
1378 299 1481 333 glaciali
1499 301 1602 335 frigore
1634 300 1672 327 ld.
1690 299 1756 327 ibid.
1773 308 1804 333 9,
1819 305 1870 332 581.
1906 300 1941 325 al.
1961 299 2063 327 PeGms.
2153 300 2250 327 Fauces
2271 299 2399 334 obsessae,
2421 301 2440 327 ἰ.
2480 311 2486 316 “

261 346 351 373 vantia
372 353 565 379 nonnunquam
581 343 624 370 vel
646 349 703 369 ante
722 340 848 371 initium,
867 336 912 377 uel
932 336 989 371 post
1008 335 1141 362 dimissum
1159 341 1318 374 conuiuium
1379 335 1486 362 Clausae
1514 337 1590 371 Virg.
1605 337 1705 371 Georg.
1717 346 1738 370 3,
1752 340 1807 366 508·
1844 335 1961 362 Seruius.
2035 336 2119 371 Legio
2133 333 2210 363 vallis
2224 335 2321 362 obsessa
2335 341 2441 362 tenetur

262 382 331 409 solus
343 380 502 414 comitabar,
523 388 604 415 quum
618 378 696 414 pleno
713 373 843 402 conuiuio
856 371 925 399 nihil
938 377 1065 407 tangeret.
1143 369 1318 398 Vetustiffima
1380 370 1419 397 Id.
1434 371 1497 398 Aen.
1512 380 1555 404 io,
1577 382 1629 399 120.
1720 373 1816 400 Limen
1830 371 1960 398 obsessum
1978 371 2036 398 adia
2055 372 2185 400 testudine
2216 371 2255 400 Id.
2269 371 2338 399 ibid.
2350 381 2380 405 2,
2393 381 2442 404 ⁴⁴¹·

261 417 331 446 Iuris
345 417 513 445 obseruantia
527 415 623 442 defecit
637 414 665 440 in
678 412 729 439 hoe
744 408 913 444 Pompon.de
920 408 1026 443 Orig.1.
1039 407 1078 434 l.2
1092 404 1161 444 §·²4·
1232 405 1318 433 Tem·
1343 413 1356 439 5
1380 405 1490 433 Pedion
1503 407 1600 435 obseffa
1612 407 1704 435 multis
1717 407 1795 435 malis
1819 407 1908 434 Senec.
1921 407 2000 435 Herc.
2015 407 2067 434 fur.
2080 417 2112 435 12.

261 463 360 489 porum
385 453 451 480 Vell.
462 462 488 487 2,
502 454 557 484 106,
569 460 589 483 3.
1419 448 1439 468 0
1451 448 1467 468 B
1476 448 1488 467 s
1499 449 1510 469 1
1520 448 1538 468 D
1548 450 1585 470 10
1594 450 1631 475 R,
1651 444 1699 470 ari.
1721 444 1786 478 Dep.
1806 443 1950 483 [ἔιεδρεύῳ]
1973 443 2048 469 Circa
2060 443 2163 477 infidias
2170 443 2270 478 facere.
2308 442 2443 470 Columel.

301 497 320 518 o
329 496 346 517 Β
355 497 367 517 s
376 496 393 517 E
403 494 510 516 RVAT
521 495 529 514 1
541 493 576 519 0,
595 483 664 512 anis.
700 482 721 509 f.
758 477 957 514 [παρατιῖρησκ]
993 478 1077 519 Qqfi
1086 478 1225 505 Adnotatio
1245 486 1320 516 quae·
1382 487 1409 511 9,
1424 487 1449 509 ¹4
1469 477 1530 517 *Sed
1543 477 1612 505 inter
1625 480 1767 508 Caniculae
1781 486 1807 506 et
1821 478 1930 506 ArEturi
1944 484 2069 506 exortum
2089 479 2234 506 cauendum
2245 479 2314 512 erit,
2333 488 2368 505 ne
2382 486 2442 512 apes

263 528 332 559 dam,
348 533 371 553 et
384 522 571 555 animaduersio.
642 518 708 545 Plin.
722 525 753 553 ιι,
768 526 796 544 ιο
829 516 899 542 Mira
912 514 1066 542 obseruatio
1078 514 1176 550 operis.
1247 515 1322 539 Anti-
1381 513 1587 548 intercipiantur
1598 514 1728 543 violentia
1739 516 1918 548 crabronum,
1938 515 1985 551 qui
1999 520 2060 541 ante
2075 514 2192 543 aluearia
2205 516 2363 552 plerumque
2376 513 2444 541 obsi-

264 563 312 598 qui
324 560 453 589 sermonis
467 555 617 586 obseruatio
637 554 705 581 Suet.
722 552 754 579 de
767 552 839 580 Clar.
851 552 970 578 Gramm.
984 560 1026 585 24.
1104 551 1232 577 Absumta
1251 548 1320 575 Plin.
1381 550 1489 577 diantur
1502 548 1705 584 prodeuntibus.

263 607 296 632 ιι,
307 608 343 632 37.
416 593 559 623 DifficiliOr
589 589 720 623 Qflssfffl-
737 598 755 622 ¹⁵
770 597 791 619 5-
863 586 979 616 LUbfiffl
1011 586 1050 614 Id·
1065 596 1084 620 ¹:
1098 594 1120 620 5·
1193 586 1320 625 ΡΕΥΡθΨὸ
1337 596 1366 615 10
1419 593 1438 613 Ο
1448 591 1463 612 Β
1474 591 1631 618 SIDIVM,
1656 585 1676 611 i.
1712 596 1739 613 n.
1776 587 1937 622 [mazar-cla]
1974 585 2108 619 obsidendi
2120 586 2202 619 aflus,
2216 586 2374 621 frequentius
2388 584 2446 612 Ob-

264 632 452 662 obseruatione
467 630 577 662 dignum
607 625 645 653 Id.
658 634 682 659 2,
695 634 718 652 12
739 626 800 660 (υ)
917 624 1025 651 Summa
1046 629 1101 649 erat
1122 621 1277 662 obseruatio
1292 629 1321 646 in
1383 622 1459 656 sidio,
1479 628 1509 647 vt
1521 621 1668 647 videbimus.
1707 623 1800 649 Probat
1813 623 1954 651 Obsidium
1972 623 2002 650 C.
2015 621 2101 649 Laelii
2123 628 2149 649 et
2164 622 2279 648 Sallustii
2298 621 2446 648 auHoricate

264 668 337 698 ttetto
350 664 483 695 mouendo
498 663 566 698 apud
578 661 704 696 antiquos
732 661 789 688 Cic.
798 658 852 687 Off.
866 668 885 693 ι,
899 660 936 692 36.
1007 658 1199 686 Obseruationi
1212 664 1323 692 operam
1382 658 1471 686 Festus
1490 658 1513 684 h.
1527 666 1553 682 v.
1661 655 1817 693 obsidium,
1837 659 1939 686 dietum
1952 658 1985 685 ab
1999 657 2168 690 Obsidendo,
2187 667 2242 692 quo
2257 658 2345 684 minus
2364 656 2445 683 hostis

265 707 329 733 dare
349 704 429 730 Plaut.
442 699 502 727 Mil.
514 708 536 732 2,
548 700 574 732 6,
589 705 614 732 ς.
721 697 824 725 Natura
837 701 862 722 et
874 695 949 728 casu,
967 695 1083 722 Ratione
1096 699 1121 721 et
1133 693 1323 720 obseruatione
1383 693 1475 730 egredi
1490 693 1571 728 posset
1592 691 1664 719 inde.
1737 693 1805 720 Item
1823 694 1856 721 ab
1868 693 2067 722 Abscindendo:
2088 702 2170 729 quum
2191 693 2219 721 id
2237 693 2300 720 ideo
2318 693 2446 725 fact-rent,

264 743 349 770 facere
363 736 474 771 aliquid,
495 734 634 761 contraria.
704 733 762 761 Cic.
777 732 810 759 de
823 732 894 759 Clar.
909 732 984 759 Orat.
1004 741 1028 763 33
1060 730 1260 762 Veruntamen,
1280 737 1324 755 na·
1384 739 1439 765 quo
1453 729 1559 756 facilius
1572 728 1755 755 diminuerent
1775 728 1860 756 hostes
1891 732 1967 758 Varr:
1982 730 2013 757 de
2027 731 2056 757 L.
2069 731 2098 757 L.
2110 738 2139 763 4,
2155 732 2190 756 16.
2232 729 2358 756 Turnebus
2376 730 2446 755 Adu.

264 784 322 804 tui-a
336 773 434 807 magis,
454 778 510 798 tum
525 770 582 797 casu
596 778 807 804 nonnunquam,
827 776 906 803 quam
922 774 966 794 aut
979 766 1084 794 ratione
1099 765 1187 801 aliqua
1197 787 1205 800 ‚
1219 772 1264 792 aut
1277 764 1323 791 ob·
1340 774 1364 800 15
1385 775 1420 800 2¹,
1433 771 1464 796 28
1497 763 1688 793 Obscindendo
1702 765 1830 797 emendat,
1850 772 1873 791 et
1885 774 1942 793 tunc
1957 766 2114 794 Obscidium
2125 766 2282 802 scribendum
2295 765 2341 791 ait.
2378 764 2446 798 conf.

262 810 411 840 sei-uatione
425 807 514 835 fiebat.
619 806 650 832 In
668 804 744 832 libris
758 804 898 831 Ciceronis
911 803 944 830 de
957 804 1034 830 Orat.
1053 806 1078 836 (ι
1093 811 1115 829 c.
1133 811 1174 829 20.
1190 810 1213 828 et
1225 811 1238 828 2
1255 810 1277 827 c.
1292 803 1324 834 7)
1383 802 1448 831 Fest.
1456 801 1560 829 Tacito
1568 800 1703 834 fiumiliare
1715 800 1878 833 vocabulum,
1914 811 1940 829 v.
1949 812 1977 836 g.
2012 803 2148 837 Capeffere
2162 800 2264 829 obsidia
2282 801 2350 829 Ann.
2365 809 2400 835 12,
2414 809 2448 831 ις.

264 844 478 874 obseruationem
497 841 630 878 quandam
646 841 695 868 esse
708 841 862 871 rhetoricen,
882 848 938 866 non
950 845 1034 866 artem
1064 837 1198 871 Qiinctil.
1212 847 1235 873 2,
1249 845 1286 872 17,
1302 845 1324 868 ς.
1384 839 1481 866 Facere
1495 836 1629 864 obsidium
1656 835 1726 863 Gell.
1741 845 1776 868 ις,
1789 845 1822 868 3ι.
1893 837 1986 865 Tacit.
2000 839 2069 865 Ann.
2084 849 2109 872 4,
2125 847 2152 870 24
2186 837 2276 864 Primo
2295 836 2335 863 sui
2351 836 2449 863 incessu

262 883 396 910 Diuturna
408 879 562 906 obseruatio
576 877 698 904 notandis
711 877 789 904 rebus
803 875 866 901 fecit
880 882 964 902 artem
1000 875 1058 900 Cic.
1077 873 1108 899 de
1127 873 1221 900 Diuin.
1239 882 1262 905 2,
1279 874 1324 905 146
1383 874 1462 901 soluit
1476 873 1617 900 obsidium.
1691 871 1833 899 Obsidium
1846 877 1893 898 tuo
1907 878 1982 907 tergo
1995 874 2047 908 est,
2068 875 2154 910 inquit
2174 874 2257 902 Plam.
2272 872 2301 899 i'n
2314 872 2375 900 Mil.
2388 881 2412 905 2,
2425 881 2450 905 2,

262 928 284 946 e.
299 925 336 952 7¹·
408 915 515 942 Habere
529 914 644 949 aliquam
657 912 875 940 obseruationem
905 909 1037 943 Qinffil.
1049 911 1076 940 6,
1089 919 1110 941 3.
1198 907 1324 935 Inueniri
1384 913 1429 943 64.
1467 910 1486 936 i.
1504 909 1596 944 plagae
1609 909 1667 942 tihi,
1686 908 1739 942 m'si
1748 917 1827 941 canes,
1845 914 1953 942 paratae
1962 908 2032 944 sunt.
2231 907 2252 947 q
2273 918 2284 935 2
2321 910 2372 935 Pro
2376 907 2449 944 statu
2498 923 2514 940 v„

262 952 450 982 obseruatione
463 950 570 978 scientia
586 959 640 976 non
654 948 743 983 potuit
764 947 821 973 Cic.
833 946 865 972 de
878 946 972 972 Diuin.
986 955 1008 978 2,
1023 952 1076 980 147.
1149 943 1324 983 Prudentiuin
1339 953 1374 971 20
1387 945 1475 978 obsidis
1512 945 1583 971 Tac.
1598 944 1668 970 Ann.
1682 953 1713 977 ii,
1728 953 1767 977 ιο,
1781 950 1794 974 8
1826 943 2009 971 Meherdatem
2028 944 2132 973 obsidio
2153 946 2232 973 nobis
2245 946 2344 972 datum.

261 988 450 1017 obseruatione
464 994 488 1014 et
504 986 610 1013 aurium
624 983 814 1012 terminatione
828 982 952 1009 inuentus
964 981 1000 1008 est
1014 981 1112 1008 versus.
1205 979 1279 1007 Idem
1297 988 1326 1005 in
1385 980 1455 1007 chius
1467 982 1542 1006 etiam
1571 980 1641 1006 Ann.
1657 987 1689 1012 ις,
1706 989 1724 1015 ι,
1736 989 1749 1012 3
1775 989 1787 1006 e
1800 981 1877 1006 MSS.
1889 988 1914 1016 pv
1924 980 1990 1013 errt
2005 979 2109 1007 Obsidii
2119 989 2163 1016 pro
2177 981 2284 1009 obfidis.

262 1028 338 1054 Orat.
353 1030 402 1058 ¹78·
475 1023 543 1050 Ptin.
556 1032 590 1056 17,
604 1031 626 1048 21
661 1019 805 1053 Qiondam
817 1018 847 1045 in
862 1017 1051 1045 obseruatione
1066 1021 1133 1049 erat,
1151 1021 1180 1043 vt
1193 1015 1326 1049 defringe·
1387 1018 1436 1042 Pro
1450 1016 1565 1049 insidiis,
1602 1023 1641 1050 ap.
1660 1015 1767 1042 Colum.
1781 1020 1807 1048 8,
1819 1025 1842 1049 2,
1857 1025 1871 1049 7
1908 1016 1952 1043 Ne
1973 1015 2082 1043 obsidiis
2100 1016 2259 1051 hominum,
2278 1023 2323 1044 aut
2344 1015 2452 1044 insidio-

263 1068 356 1090 rentur
372 1069 403 1088 ex
423 1060 552 1096 imputata
573 1058 662 1089 buxo,
681 1056 760 1083 aliter
780 1054 874 1082 viuere
892 1063 948 1080 non
967 1052 1071 1080 crediti.
1108 1054 1132 1079 h.
1145 1061 1167 1078 e.
1192 1052 1325 1088 Qondam
1385 1053 1476 1079 sorum
1498 1051 1653 1079 animalium
1671 1051 1846 1086 diripiantur.
1917 1052 1956 1078 Id.
1971 1061 1996 1086 9,
2010 1061 2035 1085 9,
2050 1063 2059 1081 1
2093 1052 2205 1079 Obsidio
2222 1052 2361 1081 Curatoris
2383 1051 2452 1083 exci—
2478 1056 2480 1058 '

262 1097 446 1134 obser-uebatur.
518 1094 624 1121 Notitia
640 1093 680 1119 sui
694 1090 817 1126 corporis
837 1096 862 1117 et
881 1089 1068 1117 obseruatione
1087 1088 1243 1115 sustentatur
1256 1087 1327 1114 vale·
1384 1089 1495 1124 piuntur
1511 1097 1571 1122 apes
1591 1087 1724 1122 protinus.
1800 1089 1833 1113 Et
1859 1096 1885 1122 9,
1901 1097 1925 1120 7,
1941 1090 1957 1114 6
1988 1088 2057 1114 Cum
2077 1088 2140 1115 licet
2154 1088 2237 1115 vitare
2255 1089 2333 1123 pestis
2348 1088 2453 1116 obfidia

2400 945 2451 978 Ry.

2395 976 2416 1017 Ἷ
2437 988 2450 1012 3

261 1133 329 1161 tudo
358 1133 412 1159 Cic.
428 1132 482 1159 Off.
495 1140 517 1164 2,
530 1133 562 1160 86
581 1140 602 1157 c.
618 1139 653 1160 25.
744 1127 867 1154 Valerius
882 1125 1016 1154 Maximus
1032 1134 1052 1161 ι,
1066 1135 1085 1159 ι,
1098 1131 1111 1155 8
1144 1124 1241 1159 Neque
1262 1123 1326 1163 sicut
1340 1132 1370 1158 ις
1385 1134 1432 1160 per
1447 1124 1520 1151 aliud
1533 1122 1689 1151 vadentibus
1703 1123 1842 1158 effugium.
1903 1124 1992 1150 Tuitus
2003 1123 2035 1160 est
2047 1124 2325 1160 hancstgmficationem
2344 1125 2452 1151 Gronau.
2494 1135 2499 1142 ·

262 1169 375 1204 collegio
390 1167 548 1195 Pontificum
571 1165 715 1193 auctoritas
736 1162 885 1198 amplissimi
906 1162 977 1195 viri,
996 1168 1040 1188 aut
1060 1160 1190 1189 Marcello
1208 1159 1326 1186 adiectio
1386 1163 1422 1188 ad
1440 1161 1498 1190 Liu.
1514 1170 1550 1193 35,
1567 1169 1603 1186 ιο.

261 1205 394 1240 impensae
409 1203 602 1238 impedimento
615 1201 679 1232 fuit,
698 1208 753 1236 quo
768 1199 856 1226 minus
870 1198 1049 1234 religionibus
1062 1198 1122 1224 suus
1135 1202 1214 1223 tenor
1228 1197 1326 1230 suaque
1424 1203 1490 1224 oBs
1500 1204 1510 1223 1
1520 1203 1538 1222 D
1548 1204 1555 1223 ι
1565 1202 1599 1228 o,
1631 1195 1701 1221 ὃιιίε.
1738 1194 1760 1221 f.
1799 1193 1992 1230 [περικείῧησις]
2044 1194 2101 1222 Cic.
2122 1204 2172 1232 pro
2187 1195 2278 1223 Rabir.
2298 1205 2327 1229 29
2359 1196 2454 1229 Qum

262 1240 415 1269 obseruatio
429 1239 594 1267 redderetur·
1386 1232 1596 1260 innumerabiles
1615 1231 1732 1258 hostium
1747 1231 1835 1265 copias
1848 1230 1877 1256 in
1892 1231 1967 1257 Italia
1987 1230 2106 1264 fudisset,
2126 1238 2205 1266 atque
2223 1231 2362 1259 obsidione
2374 1232 2453 1265 Rem-

300 1284 319 1305 ο
331 1284 347 1305 Β
356 1284 368 1303 S
378 1283 393 1303 Ε
403 1283 422 1303 R
432 1283 452 1302 v
462 1282 485 1302 A
494 1281 510 1302 Β
521 1273 534 1301 i
544 1280 597 1301 Lts
607 1293 617 1307 ,
637 1282 660 1299 e.
698 1271 759 1300 Adi.
793 1271 992 1305 [παρατηρητδς]
1026 1270 1104 1306 Qod
1114 1267 1242 1305 ssbserumt'
1258 1268 1327 1293 debet
1386 1268 1449 1305 pub.
1462 1268 1602 1295 liberasset.
1676 1267 1769 1300 Qiuin
1784 1267 1838 1301 spes
1853 1267 1940 1293 maior
1953 1267 2163 1302 imperatoribus
2177 1268 2255 1294 Rom.
2269 1267 2297 1294 in
2314 1266 2454 1295 obsidione

262 1315 303 1340 vel
323 1312 406 1348 potest.
445 1312 520 1337 Cuius
536 1309 687 1345 compositum
699 1307 730 1344 est
745 1306 961 1334 inobseruabilis.
1036 1306 1104 1333 Plin.
1118 1313 1143 1337 2,
1158 1313 1185 1340 ¹7
1211 1305 1241 1331 In
1256 1304 1326 1331 Mar·
1340 1314 1371 1339 30
1389 1314 1468 1341 quam
1487 1305 1515 1331 in
1529 1303 1729 1339 oppugnatione
1744 1303 1804 1329 essct
1835 1303 1893 1329 Liu.
1907 1312 1930 1336 ς,
1944 1312 1964 1329 2.
2039 1302 2151 1330 Obsidio
2167 1311 2214 1339 pro
2227 1304 2390 1339 captiuitate,
2412 1309 2454 1338 ap.

263 1350 297 1377 tis
312 1349 411 1381 fidere,
430 1347 505 1375 cuius
519 1346 555 1373 est
568 1346 682 1373 maxime
696 1341 903 1370 inobscruabilis
920 1342 1025 1376 cursus,
1045 1349 1182 1376 nunquam
1196 1340 1222 1366 id
1239 1339 1327 1366 statio.
1389 1341 1480 1370 lustin,
1497 1350 1530 1373 ις,
1547 1350 1566 1375 1,
1580 1350 1598 1372 3·
1618 1347 1640 1367 a
1664 1348 1704 1373 ὃς,
1720 1349 1737 1372 ,,
1752 1349 1769 1366 1,
1787 1339 1847 1374 pom·
1861 1340 1977 1364 videtur:
1991 1338 2039 1375 [αι
2056 1347 2139 1375 nempe
2153 1341 2183 1365 de
2202 1339 2393 1375 reffbussermo
2413 1337 2454 1376 ‘st’

262 1394 324 1412 nem
338 1385 434 1411 facere.
506 1381 640 1416 Quinetil.
650 1390 674 1414 9,
689 1389 698 1407 ι
729 1380 759 1407 In
772 1387 911 1405 armorum
923 1378 1069 1404 certamine
1082 1384 1108 1404 et
1120 1377 1244 1403 aduersos
1258 1375 1327 1402 ictus
1387 1380 1432 1413 qui
1446 1376 1601 1403 obsidentur
1613 1375 1680 1409 capti
1692 1375 1777 1401 etiam.
1815 1375 1912 1400 Similis
1924 1375 1990 1400 ratio
2006 1375 2055 1411 est,
2075 1385 2126 1401 cum
2135 1375 2203 1410 susm·
2215 1370 2316 1402 uidetur
2325 1382 2372 1410 pro
2386 1375 2456 1410 μή,

2503 956 2511 968 Ι

262 1427 289 1448 et
302 1421 385 1447 rectas
399 1427 425 1447 et
438 1419 567 1454 {implices
581 1426 672 1445 manus
688 1422 743 1442 tuni
761 1414 872 1446 videre,
891 1420 949 1440 tum
969 1413 1050 1439 etiam
1069 1421 1162 1440 cauere
1176 1419 1202 1439 et
1217 1412 1327 1446 propul-
1388 1414 1441 1441 cula
1455 1421 1479 1439 et
1492 1420 1564 1439 mccu.
1637 1409 1765 1438 Submota
1778 1410 1876 1444 campis
1896 1410 2013 1445 irruptio
2032 1411 2168 1444 ferarum,
2189 1417 2215 1438 et
2233 1411 2372 1438 obsidione
2392 1419 2455 1445 qua·
2495 1412 2506 1426 ·‘

261 1458 318 1485 sare
331 1456 408 1483 facilc
423 1455 468 1488 cst,
487 1456 608 1487 auersae,
629 1451 767 1486 tectaeque
783 1450 872 1477 minus
889 1450 948 1476 sunt
967 1448 1157 1476 obseruabiles.
1194 1448 1217 1472 h.
1231 1458 1252 1474 e.
1274 1447 1328 1472 Mi-
1389 1450 1448 1476 dam
1463 1449 1591 1476 liberatus
1609 1446 1751 1482 agrestium
1773 1445 1848 1472 labor
1880 1445 1948 1473 Plin.
1964 1448 2055 1481 Pancg.
2075 1456 2096 1473 c.
2110 1453 2150 1481 ει,
2164 1456 2185 1474 2.
2222 1449 2291 1474 Λαζί,
2306 1447 2369 1473 Cic.
2383 1446 2455 1474 Fam,

261 1502 308 1518 nus
321 1492 491 1517 animaduerti
503 1498 527 1517 et
540 1489 666 1526 obseruari
677 1495 750 1522 atque
765 1487 851 1512 caueri
866 1485 974 1520 pqffunt.
1092 1482 1221 1511 Patientia
1250 1481 1328 1516 Apul.
1347 1492 1375 1518 33
1390 1495 1412 1518 ς,
1426 1488 1451 1512 6.
1490 1484 1571 1511 Plaut.
1585 1483 1652 1510 Asin.
1669 1492 1692 1515 2,
1707 1492 1729 1515 2,
1744 1491 1768 1511 ις
1804 1481 1847 1506 vbi
1860 1483 2002 1516 metaphora
2021 1484 2098 1509 locum
2111 1484 2191 1510 babet.
2265 1484 2374 1517 Longae
2387 1482 2455 1510 obfi-

262 1529 327 1555 Met.
344 1535 365 1554 11
386 1536 411 1561 p.
432 1528 488 1560 267.
598 1522 785 1551 Obseruabilia
806 1521 836 1549 in
856 1521 956 1557 finibus
991 1520 1042 1548 Sic.
1062 1519 1147 1547 Flacc.
1167 1518 1199 1545 de
1220 1518 1328 1546 Condit.
1389 1520 1479 1547 dionis
1492 1520 1551 1546 dira
1562 1520 1657 1554 egestas
1681 1520 1773 1546 quen.
1787 1517 1837 1544 Sat.
1854 1525 1885 1550 ¹5,
1899 1520 1941 1551 96.
2157 1514 2181 1557 ff
2206 1527 2222 1545 2.
2264 1519 2456 1553 Iamfhrmulas

260 1564 356 1599 Agror.
374 1572 399 1598 p.
416 1571 446 1595 13.
1389 1557 1521 1582 verborum
1534 1557 1669 1582 videamus.
1743 1553 1872 1581 Absistere
1893 1552 2051 1587 obsidione,
2076 1555 2130 1580 vid.
2150 1561 2172 1580 A
2181 1561 2197 1581 Β
2207 1561 2220 1580 S
2230 1562 2240 1581 1
2250 1562 2263 1581 s
2273 1561 2332 1582 To.
2407 1554 2456 1582 Ca-

300 1606 319 1626 0
333 1604 424 1625 BSER
437 1603 488 1623 VA
500 1601 622 1623 NTER·
659 1594 726 1621 Adu-
784 1593 931 1628 Diligenter
944 1613 953 1625 ‚
983 1599 1014 1618 vt
1047 1591 1129 1617 onmia
1161 1590 1328 1623 ohseruentur.
1391 1601 1453 1628 pere
1473 1591 1552 1618 vrbes
1574 1591 1671 1626 partim
1689 1590 1734 1623 vi,
1755 1589 1851 1625 partim
1872 1589 2011 1616 obsidione
2047 1590 2104 1617 Cic.
2124 1600 2174 1625 pro
2196 1591 2318 1617 Muraen.
2338 1600 2370 1618 20
2388 1600 2410 1618 c.
2424 1599 2456 1623 9.
2483 1591 2486 1598 ’
2508 1607 2510 1610 >

261 1634 415 1663 Macrobius
429 1634 460 1660 in
478 1633 568 1659 Somn.
583 1631 700 1665 Scipion.
717 1638 753 1666 i,i
788 1629 862 1657 Idem
882 1629 966 1663 igitur
985 1627 1158 1655 obseruanter
1176 1628 1277 1653 secutus
1292 1625 1328 1652 est
1390 1629 1508 1662 Cingere
1522 1627 1617 1654 vrbem
1635 1627 1774 1654 obsidione
1804 1626 1881 1660 Virg.
1898 1627 1963 1652 Aen.
1977 1635 2004 1659 3,
2022 1634 2058 1659 52.
2131 1626 2263 1653 Claudere
2283 1635 2375 1653 muros
2388 1625 2456 1654 obsi-
2472 1622 2478 1625 “

263 1672 292 1698 in
307 1671 361 1697 illis
374 1669 516 1705 praecipue
532 1666 728 1700 voluminibus,
742 1673 786 1693 etc.
859 1665 930 1692 Facit
944 1665 1036 1691 omnia
1051 1663 1225 1690 obseruanter
1250 1662 1372 1700 Apul.40
1390 1665 1471 1691 dione
1498 1664 1597 1690 Lucan,
1613 1674 1632 1697 3,
1645 1672 1693 1696 343.
1767 1661 1871 1689 Vrbem
1884 1661 2024 1689 obsidione
2039 1662 2170 1689 Claudere
2193 1661 2262 1697 Nep.
2274 1673 2305 1696 ις,
2319 1669 2343 1696 8,
2356 1672 2376 1693 5.
2397 1663 2415 1690 i.
2427 1663 2468 1688 in<
2494 1684 2499 1687 .

263 1707 342 1741 Apol.
356 1715 368 1732 2
387 1715 410 1740 p.
427 1714 481 1736 320.
555 1706 668 1738 Compar.
707 1701 840 1729 Ammian.
855 1710 891 1736 23,
906 1703 920 1727 6
935 1702 1002 1727 circa
1010 1701 1060 1735 fin.
1098 1700 1173 1726 Persa
1186 1699 1329 1726 obseruan-
1385 1700 1634 1736 propinquasti-invit
1645 1698 1821 1725 munitionibus
1834 1700 1949 1725 cca-cere.
2024 1698 2190 1726 Continuare
2203 1698 2370 1726 obsidionem
2393 1698 2455 1726 Liu.

262 1742 315 1769 tius
329 1741 392 1768 haec
406 1740 510 1774 aliaque
524 1738 644 1774 pudenda
658 1738 781 1765 declinat.
855 1737 952 1771 Super-l.
990 1735 1096 1770 August.
1111 1735 1143 1761 dc
1157 1736 1246 1762 Anim.
1267 1744 1288 1761 c.
1302 1744 1329 1766 34
1389 1745 1424 1768 23,
1440 1745 1464 1769 ¹9
1482 1743 1522 1770 pr.
1597 1735 1651 1761 Esse
1664 1735 1693 1760 in
1707 1733 1863 1767 obsidione,
1878 1741 1926 1769 pro
1939 1733 2064 1761 Obsideri
2089 1735 2150 1762 Liu.
2165 1744 2200 1767 23,
2221 1744 2248 1768 37
2265 1742 2307 1771 pr.
2327 1742 2350 1760 et
2363 1744 2401 1768 24,
2414 1743 2456 1766 4ο.

263 1775 496 1805 Obseruantiffime
510 1774 592 1809 sequi.
665 1773 769 1799 Gellius
787 1781 824 1806 ιο,
839 1781 862 1798 2ι
878 1772 918 1798 eit.
951 1771 1184 1797 Obseruantislinie
1198 1771 1293 1797 vitare.
1390 1772 1514 1798 Exin-iere
1528 1770 1666 1797 obsidione
1692 1770 1787 1795 Liuius
1801 1779 1827 1801 9,
1841 1779 1873 1795 21.
1893 1777 1916 1795 et
1933 1772 1972 1802 36,
1982 1779 2012 1801 13.
2086 1770 2128 1797 Ibi
2144 1780 2252 1805 quoqne
2267 1771 2457 1804 circumsessus,

303 1819 323 1840 0
335 1821 350 1840 Β
361 1819 374 1839 s
385 1819 401 1838 E
411 1819 430 1838 P.
440 1818 459 1836 v
471 1809 515 1837 s'r
526 1817 545 1837 o
555 1831 563 1843 ,
583 1813 637 1835 are.
673 1809 815 1843 Frequent.
851 1807 906 1833 Cic.
917 1806 949 1833 de
961 1807 1055 1833 Diuin.
1071 1816 1109 1838 i,2
1125 1816 1146 1833 c.
1159 1816 1165 1832 ι
1187 1805 1327 1838 Ass'yrii—
1389 1806 1505 1834 aduentu
1521 1806 1612 1833 fratris
1626 1804 1764 1832 obsidione
1783 1805 1926 1830 Eximitur.
1999 1805 2122 1831 Eximere
2137 1815 2169 1832 ex
2183 1807 2321 1834 obsidione
2335 1807 2457 1833 foenera-

262 1849 434 1878 traieftiones
448 1852 590 1879 motusque
604 1843 736 1870 slellaruin
751 1842 993 1869 obseruitauerunt.
1067 1843 1099 1870 Et
1117 1841 1185 1869 Ibid.
1201 1850 1245 1868 102
1259 1845 1281 1868 c.
1296 1850 1328 1873 45
1343 1851 1376 1876 45
1390 1849 1461 1869 tores
1488 1843 1543 1870 Cic.
1556 1843 1629 1868 Fani.
1645 1851 1668 1873 ς,
1682 1843 1706 1867 6.
1781 1839 1890 1866 Habere
1908 1839 1937 1865 in
1956 1838 2096 1866 obsidione
2125 1841 2198 1867 Caes.
2212 1841 2276 1868 Bell.
2290 1843 2372 1869 Ciuil.
2386 1853 2407 1875 ς,
2421 1851 2455 1875 3ι.
2472 1859 2479 1862 -

262 1886 360 1920 Neque
376 1883 460 1911 solum
475 1882 588 1908 deorum
601 1889 678 1907 voces
693 1879 926 1906 obscruitauerunt
940 1877 1109 1914 Pythagorei,
1129 1877 1172 1904 sed
1185 1878 1266 1904 etiam
1281 1877 1328 1903 ho·
1389 1878 1487 1906 Leuari
1502 1877 1640 1905 obsidione
1672 1876 1747 1910 Virg.
1760 1876 1825 1902 Aen.
1841 1885 1879 1906 10,
1895 1876 1936 1902 26.
1952 1878 1956 1880 ’
2046 1875 2173 1902 Liberare
2192 1876 2309 1911 aliquem
2329 1878 2456 1912 periculis

263 1922 367 1949 minum
382 1929 448 1954 quae
461 1924 555 1946 vocant
570 1916 671 1943 omina.
743 1916 784 1941 Si.-
796 1916 871 1942 etiam
884 1916 986 1941 Pearee.
1030 1915 1076 1941 Al.
1098 1913 1327 1941 Obseruauerunt.
1389 1914 1535 1941 obsidionis
1562 1913 1618 1940 Cic.
1632 1921 1682 1948 pro
1697 1912 1766 1946 Lege
1779 1911 1874 1939 Manil.
1890 1920 1928 1938 20.
2002 1911 2141 1938 Premebat
2158 1911 2250 1938 vrbem
2273 1913 2375 1943 ingenti
2388 1913 2456 1939 obsi-

261 1960 333 1985 Add.
351 1954 428 1991 Apul.
442 1954 474 1981 dc
487 1954 545 1981 Deo
560 1953 632 1979 Socr.
646 1961 670 1986 p.
684 1960 719 1982 52-
1389 1951 1469 1978 dione
1502 1950 1576 1985 Virg.
1595 1951 1659 1976 Aen.
1673 1954 1697 1982 8,
1712 1951 1769 1982 647.
1841 1947 2003 1981 Relinquere
2021 1947 2188 1974 obsidionem
2219 1949 2291 1975 Caes.
2303 1943 2370 1975 Bell.
2386 1948 2455 1976 Gall.

300 1997 437 2021 OBSES,
471 1994 683 2018 OBSEssio,
712 1991 931 2018 onsesson,
963 1992 1170 2019 oasrmvs,
1194 1986 1248 2012 vid.
1271 1991 1329 2012 01³-
1388 1997 1411 2019 5,
1425 1996 1467 2019 47·
1541 1985 1646 2013 Solutus
1660 1983 1799 2010 obsidione
1828 1983 1987 2010 Claudius
2021 1984 2099 2010 Cons.
2116 1984 2269 2018 8(ἰ1.τ,ι9ι,
2341 1984 2454 2012 Tenere

262 2035 275 2056 ς
285 2036 294 2056 1
306 2035 324 2054 D
335 2033 352 2053 Ε
364 2033 394 2052 o.
784 2053 790 2058 ¹
928 2053 932 2058 ι
1342 2030 1373 2052 ςο
1390 2023 1420 2047 in
1436 2021 1574 2046 obsidione
1607 2021 1675 2053 Nep.
1688 2030 1712 2052 7,
1725 2028 1754 2052 4,
1767 2027 1792 2053 7.
1865 2020 2011 2045 Tenentur
2028 2019 2107 2046 castra
2128 2019 2267 2047 obsidione
2297 2019 2374 2055 Virg.
2389 2022 2450 2055 Aen,
2462 2028 2471 2045 .·

297 2071 316 2091 O
326 2068 364 2089 ΒΞ
375 2067 421 2087 1131
431 2064 472 2086 Lo
484 2079 492 2092 ,
512 2062 564 2084 are.
603 2055 699 2083 Dulces
712 2054 836 2088 strepitus
849 2052 1026 2079 obsibilabant
1046 2054 1196 2087 Apul.Met.
1207 2063 1226 2079 ii
1235 2063 1260 2086 p.
1271 2055 1328 2079 260.
1391 2064 1428 2086 ιο,
1444 2064 1496 2086 109.
1570 2054 1695 2078 ''I'rahcre
1710 2054 1738 2077 in
1753 2053 1859 2086 longius
1874 2054 2041 2081 obsidionem
2066 2055 2199 2088 Qn'nftil.
2214 2066 2231 2088 ι,
2248 2065 2283 2083 10.
2436 2066 2462 2086 ς.-

302 2105 322 2126 0
333 2105 348 2125 B
358 2105 370 2124 3
381 2096 394 2124 f
405 2103 423 2124 D
435 2102 450 2122 E
462 2101 481 2121 0
494 2114 501 2127 ‚
530 2092 590 2119 sffdi
599 2113 607 2125 ,
627 2092 719 2118 sessum
727 2110 735 2122 ,
757 2093 811 2116 ὅτε.
848 2089 992 2121 [πολιορκέω
1000 2107 1008 2121 ,
1027 2090 1186 2120 περικάᾶημαι
1194 2107 1202 2119 ,
1228 2088 1329 2119 mense:-
1427 2095 1447 2115 Ο
1458 2094 1472 2113 Β
1482 2094 1494 2113 S
1505 2093 1521 2113 E
1531 2094 1543 2112 S
1555 2094 1567 2112 S
1578 2094 1587 2112 1
1596 2093 1615 2112 Ο
1626 2107 1633 2119 ,
1655 2086 1723 2112 bnis.
1762 2086 1782 2112 f.
1819 2089 2000 2123 [παλιὸςκιγσιε]
2036 2092 2111 2117 Idem.
2148 2091 2206 2117 Cic.
2222 2101 2271 2126 pro
2287 2092 2370 2119 Corn.
2379 2089 2444 2119 Balb-

261 2147 322 2169 μω,
342 2133 553 2165 προσκαθξζομω,
578 2127 765 2161 π,,σχ,.ξ9ημ«,]
804 2127 902 2164 ίίιηινιιι
914 2131 937 2149 ee
955 2123 1144 2158 circumsedere
1159 2122 1330 2164 s..(.'ircumsi.
1390 2133 1403 2156 7
1417 2133 1438 2151 c.
1454 2132 1466 2156 3
1498 2124 1577 2149 Hunc
1593 2123 1665 2162 enim
1679 2122 1707 2147 in
1727 2129 1757 2147 ea
1769 2121 1893 2162 ciuitate,
1915 2122 1941 2148 in
1961 2132 2012 2157 qua
2034 2124 2063 2150 sit
2082 2132 2174 2159 natus,
2195 2127 2373 2154 honestissimo
2390 2126 2449 2153 ioco

260 2174 319 2199 dere
327 2169 475 2206 stgfflficas,
493 2164 614 2206 Obsffficm
630 2171 729 2195 tencre,
751 2172 779 2188 ac
791 2162 833 2186 vel
840 2159 909 2195 fhſja
922 2167 947 2185 et
960 2158 1024 2185 vallo
1032 2159 1131 2194 septum
1147 2167 1266 2191 retinere,
1287 2159 1330 2183 vel
1389 2166 1481 2186 natum
1494 2160 1542 2185 esse
1555 2158 1695 2190 concedis,
1715 2164 1762 2184 etc.
1799 2157 1899 2184 nullius
1915 2157 2031 2192 laboris,
2053 2160 2152 2187 nullius
2167 2161 2335 2196 obseffionis,
2353 2160 2451 2189 nullius

262 2207 300 2234 ita
315 2217 346 2232 ex
360 2204 471 2240 proximo
488 2201 524 2227 illi
538 2200 681 2231 imminere,
702 2206 731 2222 vt
746 2205 890 2224 commouere
901 2195 931 2230 se
946 2196 1027 2221 inuito
1046 2194 1174 2232 ebseſjiare,
1193 2195 1268 2220 multo
1283 2195 1326 2218 mi.
1344 2203 1372 2227 55
1388 2195 1483 2231 praelii
1498 2201 1634 2230 expertem
1654 2193 1739 2221 fuisse.
1848 2195 1981 2221 Omittere
2000 2194 2171 2224 obsesliouem
2208 2199 2280 2227 Caes.
2295 2200 2324 2226 B.
2341 2199 2404 2232 C..3‚
2417 2206 2450 2230 5¹.

262 2253 308 2268 nus
322 2243 446 2276 discedere
458 2236 536 2273 poffit.
610 2234 668 2262 Cic.
679 2233 830 2268 Philipp.7,
847 2241 871 2262 ¹5
882 2267 886 2271 ⁵
897 2231 952 2264 Qi
968 2231 1101 2257 Mutinam
1116 2231 1250 2258 coloniam
1264 2231 1327 2264 Pop.
1386 2233 1446 2258 add.
1466 2231 1503 2258 Id.
1520 2231 1548 2258 B.
1563 2232 1595 2258 G.
1610 2240 1633 2265 7,
1647 2233 1685 2264 36.
1758 2229 1874 2259 Obceffio
1896 2230 2072 2265 templorum,
2092 2234 2231 2269 occupatio
2248 2235 2306 2262 fori
2334 2235 2390 2263 Cic.
2401 2225 2451 2270 pro

258 2277 379 2305 Romani
393 2282 418 2302 et
432 2273 576 2301 Consulem
592 2270 752 2305 designatum
767 2267 909 2295 obsederit.
983 2267 1055 2293 Idem
1070 2276 1120 2301 pro
1133 2267 1210 2293 Font.
1224 2275 1255 2292 20
1285 2266 1326 2292 Ab
1388 2268 1478 2294 Domo
1492 2277 1514 2298 5.
2445 2291 2450 2296 ,

263 2314 306 2341 his
323 2312 447 2348 gentibus
463 2309 575 2340 sanetis,
595 2313 620 2333 et
634 2307 662 2332 in
679 2304 833 2332 testimonio
851 2302 996 2337 religiosis,
1017 2303 1147 2329 obsess'mn
1161 2302 1327 2337 Capitolium
1426 2310 1446 2330 o
1459 2309 1475 2329 Β
1486 2309 1566 2330 SESS
1577 2309 1596 2330 O
1608 2310 1625 2330 R
1636 2321 1644 2334 ,
1676 2301 1742 2330 oris.
1778 2311 1814 2329 m.
1852 2300 2041 2337 [πολιορκητῆς]
2078 2303 2132 2338 Qi
2150 2303 2248 2336 olfidet.
2303 2305 2364 2331 Liu.
2378 2314 2409 2338 9,
2428 2313 2453 2336 ις

263 2350 307 2377 est.
383 2347 474 2373 Aditus
488 2343 582 2372 armati
597 2341 717 2369 obsident
749 2341 822 2368 Idem
841 2338 956 2373 Philipp.
974 2348 995 2369 2.
1011 2344 1050 2371 89-
1122 2338 1207 2365 Aedes
1226 2338 1327 2364 obsidet
1388 2339 1501 2374 Papyrio
1522 2349 1628 2374 quoque
1649 2339 1696 2375 qui
1716 2337 1833 2365 obsessor
1851 2337 1979 2364 Luceriae
2000 2337 2138 2366 restiterat.
2247 2339 2370 2367 Obseffor
2393 2341 2452 2367 fori

264 2384 362 2412 cohors
389 2381 540 2410 quen-Sat,
557 2388 593 2412 ¹0¹
612 2387 642 2411 ¹7·
716 2376 830 2410 Angusta
844 2375 953 2415 viarum
966 2375 1093 2401 obsedere
1106 2375 1152 2401 alii
1167 2374 1226 2401 telis
1248 2374 1326 2407 Virg.
1339 2378 1374 2402 60
1388 2376 1469 2402 Plaut.
1484 2376 1572 2402 Pseud.
1587 2386 1608 2409 3,
1624 2385 1646 2409 2,
1661 2382 1693 2405 ¹8-
1767 2374 1824 2400 Cic.
1841 2382 1890 2411 pro
1904 2373 1993 2400 Domo
2007 2383 2028 2406 ¹3
2041 2382 2084 2407 ας
2111 2373 2234 2401 obsessor
2247 2375 2345 2403 curiae.
2396 2375 2453 2403 Ob·

264 2423 329 2448 Aen.
343 2431 365 2453 2,
381 2429 427 2448 ³22.
498 2417 614 2449 Campos
627 2413 730 2440 obsedit
744 2412 831 2438 milite
856 2411 894 2438 Id.
905 2411 973 2438 ibid.
987 2421 1007 2444 3,
1021 2420 1082 2441 400.
1157 2411 1238 2437 Fores
1254 2409 1327 2436 obse·
1387 2412 1465 2439 seffor
1479 2421 1607 2446 aquarum
1639 2410 1722 2438 Ouid,
1738 2409 1803 2437 Fast.
1823 2419 1845 2440 2,
1859 2418 1912 2443 259.

265 2458 327 2484 dere
341 2455 439 2483 strictis
452 2450 628 2480 mucronibus
661 2449 699 2477 Id.
715 2448 781 2475 ibid.
795 2456 827 2480 2,
842 2456 901 2480 450.
1009 2447 1121 2473 Hostem
1135 2446 1236 2473 obsidet
1251 2446 1328 2472 miles
1422 2455 1442 2475 O
1452 2454 1467 2474 Β
1478 2455 1508 2475 si
1520 2454 1537 2474 ι)
1547 2456 1555 2473 1
1567 2455 1586 2474 Α
1599 2455 1631 2480 E,
1653 2456 1738 2474 arum.
1776 2446 1796 2473 f.
1834 2446 1873 2472 Pl.
1913 2446 2062 2471 Laudamur
2079 2454 2092 2471 e
2114 2444 2246 2472 Columel.
2261 2450 2286 2479 8,
2301 2455 2324 2480 2,
2339 2455 2352 2479 7
2379 2446 2452 2475 Dum
2495 2448 2499 2451 ’

265 2494 366 2520 Lucan.
381 2494 406 2524 6,
424 2497 470 2524 ιι7.
543 2487 646 2515 Italiam
661 2484 796 2520 praesidiis
810 2483 929 2510 obsidere
942 2488 967 2509 et
981 2491 1110 2517 occupare
1139 2483 1195 2510 Cic.
1212 2482 1244 2508 de
1258 2483 1328 2516 Lege
1388 2489 1476 2510 tamen
1495 2492 1559 2510 anus
1578 2483 1665 2510 sedula
1685 2483 1728 2510 vel
1742 2491 1808 2517 puer
1822 2480 1981 2508 adhibeatur
1994 2481 2079 2507 custos
2097 2482 2265 2516 vagantium:
2289 2491 2322 2508 ne
2343 2481 2451 2511 obsidiis

265 2531 359 2563 Agrar.
374 2535 399 2559 2,
413 2536 451 2558 74.
542 2523 642 2550 Itinera
657 2520 777 2548 obsidere
809 2520 885 2547 Curt.
898 2521 923 2553 6,
938 2525 962 2553 8,
977 2524 1009 2549 ¹8-
1102 2519 1226 2546 Senatum
1247 2518 1328 2544 armis
1388 2519 1530 2546 hominum
1545 2526 1589 2547 aut
1603 2519 1790 2546 insidiosorum
1804 2518 1960 2545 animalium
1973 2517 2154 2553 diripiantur„
2201 2518 2251 2543 Sed
2261 2520 2296 2544 ad
2311 2517 2446 2547 Obsidium

266 2563 369 2592 obsedit
385 2560 515 2588 Antonius
542 2559 599 2585 Cic.
614 2557 728 2591 Philipp.
743 2566 765 2589 7,
781 2564 805 2588 ις
828 2565 850 2581 c.
865 2565 886 2586 5.
959 2554 1099 2588 obsidere,
1118 2563 1282 2590 oppugnare,
1303 2560 1328 2581 et
1341 2557 1372 2588 65
1388 2557 1475 2583 melius
1488 2556 1610 2589 ufir-tur,
1630 2556 1673 2581 vbi
1687 2556 1740 2582 vid.
1754 2564 1779 2581 n.
1794 2564 1815 2587 3.
2383 2583 2388 2585 .
2424 2571 2443 2580 .,

266 2598 425 2628 labefactare
441 2597 558 2630 aliquam
572 2593 665 2620 vrbem
699 2592 736 2619 Id.
756 2591 787 2618 de
804 2591 897 2626 Arusp.
911 2591 987 2625 Resp.
1008 2593 1023 2617 6
1043 2601 1065 2617 c.
1079 2601 1102 2621 4.
1178 2591 1230 2623 Vi,
1253 2591 1328 2617 ferro
1427 2599 1446 2619 o
1457 2597 1473 2618 Β
1485 2598 1497 2618 s
1507 2598 1543 2619 ιι)
1553 2599 1563 2618 1
1574 2598 1621 2618 ot<
1632 2592 1677 2618 Ᾰι.
1690 2599 1699 2618 1
1713 2598 1725 2618 s
1737 2609 1745 2622 ‚
1766 2599 1788 2618 e,
1827 2588 1887 2616 Adi.
1926 2588 2137 2623 [waningum-mae]
2174 2589 2204 2614 ab
2217 2587 2365 2617 Obsidione
2383 2588 2448 2616 deri.

267 2643 340 2664 mem
354 2633 473 2661 obsidere
498 2631 536 2658 Id.
551 2630 608 2657 Pon
623 2629 678 2655 red.
693 2629 720 2654 iu
736 2629 820 2654 Senat.
839 2636 857 2658 3.
932 2626 968 2653 Id.
979 2628 1054 2654 Verr.
1072 2626 1131 2654 Aoi.
1146 2637 1165 2660 ι,
1181 2629 1195 2655 6
1222 2628 1257 2653 Vt
1271 2636 1330 2662 per·
1389 2636 1474 2654 vatur.
1548 2627 1727 2655 Obfidionalis
1740 2634 1831 2653 morae
1847 2624 1986 2659 impatiens
2014 2624 2134 2650 Frontin.
2149 2624 2224 2650 Strat.
2240 2634 2258 2658 ι,
2273 2633 2295 2657 3,
2309 2635 2330 2656 4·
2398 2625 2451 2653 Co.

267 2673 386 2708 spicuum
400 2669 487 2696 cuiuis
502 2668 550 2694 efl'e
565 2665 653 2701 possit,
673 2664 813 2691 hominem
833 2662 865 2689 ab
886 2662 936 2689 isto
957 2663 1102 2697 quaesitum
1121 2664 1187 2696 esse,
1207 2672 1261 2689 non
1281 2663 1329 2697 qui
1389 2673 1455 2691 rona
1471 2663 1660 2697 obsidionalis,
1688 2672 1767 2698 quani
1781 2662 1817 2694 ii,
1836 2661 1881 2695 qui
1897 2659 2003 2686 liberati
2019 2660 2077 2686 sunt
2091 2659 2245 2692 obsidione,
2265 2660 2326 2687 dant
2339 2660 2365 2687 ei
2379 2660 2451 2694 duci,

268 2717 344 2736 rcum
358 2707 431 2732 suum
445 2703 602 2736 abduceret,
622 2701 665 2727 sed
677 2701 724 2735 qui
737 2708 827 2726 meum
847 2706 949 2733 tempus
964 2699 1104 2726 obsideret.
1140 2700 1164 2726 b.
1178 2709 1198 2725 e.
1223 2700 1278 2735 Qi
1289 2709 1328 2725 ac·
1390 2700 1437 2734 qui
1450 2699 1584 2726 liberauit.
1623 2700 1657 2724 Ea
1671 2707 1771 2724 corona
1784 2696 1917 2731 graminea
1932 2695 1977 2727 est,
1997 2695 2188 2731 obseruarique
2203 2696 2320 2729 solitum,
2334 2702 2363 2722 vt
2375 2697 2451 2726 fieret

268 2744 373 2779 cusandi»
385 2744 460 2767 locum
473 2745 610 2774 occuparet,
623 2745 651 2764 vt
665 2746 707 2772 ego
720 2735 791 2772 istum
805 2735 917 2768 accusare
931 2744 978 2760 non
990 2734 1088 2771 pqfflm.
1161 2735 1225 2761 Vim
1241 2734 1329 2768 regiae
1340 2739 1376 2767 70
1388 2743 1403 2761 e
1416 2735 1552 2769 gramine,
1573 2734 1645 2767 quod
1659 2734 1688 2760 in
1701 2742 1734 2760 eo
1748 2733 1807 2759 loco
1822 2737 1975 2766 generatum
1990 2732 2049 2757 esl'et
2058 2752 2066 2764 ‚
2087 2732 2156 2758 intra
2178 2741 2256 2767 quem
2277 2731 2353 2758 clausi
2367 2737 2451 2766 erant,
2475 2728 2482 2741 ⁸

269 2778 404 2815 potestatis
417 2775 553 2803 obsederat
567 2773 706 2800 Dictatura
737 2771 776 2799 id.
794 2770 906 2805 Philipp.
920 2779 939 2805 1,
955 2780 974 2802 3.
1044 2770 1122 2796 Latus
1137 2771 1243 2797 laeuum
1261 2769 1328 2796 obfi-
1389 2771 1435 2803 qui
1448 2769 1646 2796 obsidebantur.
1718 2769 1794 2794 Hanc
1806 2776 1933 2794 coronam
1949 2768 2113 2801 gramineam
2137 2774 2163 2794 s.
2181 2775 2205 2795 Ρ.
2221 2775 2251 2808 Q
2269 2775 2297 2796 R.
2318 2768 2451 2802 QFabiq

269 2817 313 2842 det
329 2813 478 2845 Charybdis
511 2811 588 2844 Virg.
603 2809 667 2836 Aen.
684 2818 710 2843 3,
726 2817 779 2840 42ι.
850 2807 946 2834 Arcem
965 2805 1094 2838 Syracusis
1113 2807 1245 2832 munierat
1264 2805 1328 2831 Dio-
1389 2805 1508 2832 Maximo
1529 2804 1618 2835 dedit,
1637 2803 1709 2831 bello
1724 2805 1874 2830 Poenorum
1894 2803 2025 2836 secundo,
2046 2803 2118 2837 quod
2138 2804 2234 2831 vrbem
2253 2804 2365 2831 Romam
2385 2803 2452 2832 obsi-

269 2850 355 2883 uysius
370 2850 400 2877 ad
414 2848 508 2876 vrbem
522 2845 691 2874 obsidendam
717 2845 785 2878 Nep.
801 2851 843 2879 20,
859 2853 880 2875 3,
892 2851 913 2874 3.
986 2844 1032 2868 Ad
1048 2843 1090 2867 hoc
1103 2851 1182 2876 genus
1200 2841 1328 2875 alfidionis
1388 2841 1470 2867 dione
1486 2840 1600 2866 hostium
1621 2840 1760 2867 liberasset.
1834 2841 1901 2866 Haec
1920 2838 1989 2865 Gell.
2006 2849 2027 2872 5,
2043 2843 2069 2866 6.
2141 2841 2221 2866 Plura
2247 2840 2345 2869 Festus.
2380 2840 2452 2868 Sext.

269 2886 398 2921 respiciam
436 2885 491 2912 Cic.
506 2892 554 2918 pro
575 2881 658 2908 Flacc.
675 2887 704 2915 57
739 2881 829 2913 Quum
851 2878 997 2911 speculatur
1015 2883 1094 2911 atque
1114 2876 1215 2904 obsidet
1235 2876 1329 2903 Rostra
1390 2877 1452 2904 Aur.
1467 2875 1538 2903 Vici.
1559 2875 1591 2902 de
1606 2877 1678 2902 Viris
1694 2875 1772 2903 illust.
1788 2885 1809 2902 c.
1826 2885 1849 2908 17
1877 2876 1967 2909 Qiare
1987 2883 2002 2901 a
2016 2875 2139 2902 Minucio
2153 2883 2178 2902 ct
2196 2876 2253 2902 eius
2273 2876 2391 2903 exercitu
2404 2876 2452 2903 ob-

269 2922 368 2949 vindcx
382 2919 547 2952 temeritatis,
559 2924 637 2952 atque
651 2915 814 2943 moderatrix
828 2914 912 2941 officii
926 2914 1017 2940 Curia.
1055 2914 1073 2939 i.
1092 2914 1205 2948 papulum
1220 2912 1329 2948 obseruas
1344 2917 1376 2946 75
1390 2912 1508 2939 sidionali
1525 2921 1622 2938 corona
1635 2912 1749 2939 donatus
1764 2911 1809 2938 esi.
1902 2912 1960 2939 Liu.
1974 2921 1997 2944 7,
2013 2919 2041 2944 37
2071 2911 2218 2938 Secundum
2232 2912 2357 2939 Consulis
2371 2912 2452 2940 dona-

271 2960 382 2985 Semnus.
454 2957 540 2982 Locus
554 2954 641 2980 omnis
655 2951 789 2979 obsidetur
803 2949 964 2985 corporibus
989 2949 1028 2987 ld.
1042 2948 1074 2975 de
1086 2949 1149 2976 Nat.
1159 2949 1241 2975 Deor.
1256 2957 1275 2981 1,
1290 2950 1330 2977 65.
1389 2949 1491 2975 tionem
1512 2947 1630 2983 legiones
1650 2948 1814 2982 gramineam
1832 2956 1960 2974 coronam
1978 2947 2185 2982 obsidionalem,
2212 2948 2328 2976 clamore
2348 2947 2452 2976 donum

270 2993 388 3028 Spatium
404 2992 446 3018 vel
458 2991 546 3018 locuni
559 2988 688 3020 obsidere,
706 2995 749 3022 pro
763 2987 890 3013 Obtinere.
964 2985 1055 3012 Celsus
1070 2995 1094 3018 7,
1107 2994 1134 3011 22
1161 2985 1186 3011 Si
1200 2990 1286 3011 totum
1302 2983 1330 3010 id
1389 2984 1574 3020 approbante5‚
1593 2984 1676 3011 Decio
1692 2990 1804 3020 ponunt.
1846 2984 1901 3010 Vibl.
1922 2983 1988 3012 Plin.
2003 2993 2039 3016 22,
2054 2994 2075 3016 4.

270 3038 360 3057 ramex
374 3027 518 3059 obsederit,
535 3033 579 3051 etc.
654 3025 778 3057 Stuprum
793 3022 922 3055 obsidere,
946 3021 1067 3055 Insidinri
1074 3021 1202 3054 facultati
1211 3019 1331 3054 faciendi
1426 3026 1446 3047 ο
1457 3027 1473 3047 Β
1483 3028 1496 3048 s
1508 3028 1522 3047 F
1535 3027 1561 3052 S,
1583 3020 1642 3047 idis.
1677 3030 1699 3047 c.
1737 3019 1857 3055 [ὅμηρος]
1894 3019 1949 3056 Qi
1964 3020 2079 3046 traditur
2093 3020 2194 3054 imperio
2208 3020 2313 3046 alicuius
2325 3029 2354 3046 ea
2367 3019 2451 3046 condi-

263 3065 387 3103 fluprum.
461 3063 518 3089 Cic.
539 3061 566 3087 in
581 3059 660 3087 Catil.
677 3069 694 3091 ι,
708 3062 736 3084 26
756 3068 777 3085 c.
791 3068 818 3085 10
854 3060 942 3085 Iacere
958 3057 1034 3084 humi
1049 3065 1104 3084 non
1121 3056 1202 3083 modo
1215 3056 1246 3082 ad
1261 3055 1330 3083 obsi·
1390 3057 1468 3089 tione,
1489 3057 1634 3089 vtſsclarnr
1647 3057 1733 3089 ohstiiis
1748 3058 1825 3090 afide
1838 3057 1949 3088 recedat,
1970 3056 2143 3089 recipientisit
2160 3054 2264 3091 potrstas
2282 3056 2310 3081 in
2329 3063 2413 3091 corpus
2427 3062 2451 3082 ee

272 3101 388 3129 dendum
411 3099 545 3134 stuprum,
565 3105 659 3123 verum
680 3094 760 3120 etiam
780 3094 812 3120 ad
829 3095 930 3121 facinus
952 3093 1116 3120 obeundum.
1189 3092 1331 3125 Obsideor,
1345 3097 1377 3123 80
1390 3093 1470 3118 vitam
1483 3094 1534 3119 eius
1543 3092 1674 3127 saeuiendi
1685 3093 1728 3127 qui
1740 3094 1813 3119 datus
1827 3092 1862 3125 est
1880 3091 1943 3127 obses
1974 3091 2041 3118 Valla
2058 3094 2083 3126 6,
2098 3100 2131 3124 31.
2203 3086 2252 3117 Hic
2265 3092 2379 3125 quoniam
2392 3091 2452 3125 obst·

272 3137 341 3172 Paffi
355 3139 384 3162 de
403 3145 448 3171 quo
468 3135 521 3161 vid.
542 3131 664 3161 Priscian.
685 3139 709 3164 p-
722 3135 777 3160 830·
884 3131 1013 3164 Superum
1027 3138 1099 3155 mare
1111 3128 1247 3155 obsidetur
1273 3128 1331 3155 Cic.
1389 3128 1469 3155 dionis
1484 3128 1553 3164 causa
1567 3129 1628 3153 dari
1641 3128 1778 3164 consui-uit,
1799 3124 1858 3153 inlle
1878 3137 1961 3153 nomen
1979 3127 2103 3162 affiunstt:
2129 3127 2241 3161 quamuis
2256 3127 2343 3153 Festus
2361 3137 2392 3153 ex
2405 3127 2450 3155 Ob

274 3174 325 3200 Att.
339 3183 363 3206 9,
378 3181 412 3204 ¹9.
487 3169 525 3198 ld.
539 3170 567 3195 in
581 3170 656 3196 Orat.
672 3176 713 3192 210
739 3166 830 3198 Qium
846 3165 878 3198 is,
890 3166 936 3199 qui
951 3165 1032 3198 audit,
1050 3165 1082 3192 ab
1096 3172 1204 3192 oratore
1218 3166 1271 3191 iam
1285 3163 1332 3191 ob·
1389 3171 1412 3190 ee
1425 3163 1501 3191 Fides
1521 3164 1669 3197 compqsitum
1688 3165 1752 3190 velit
1773 3173 1819 3198 pei·
1839 3158 2015 3190 mutationem
2036 3163 2145 3195 literae,
2162 3161 2234 3196 quod
2253 3161 2282 3188 sit
2301 3162 2345 3190 Ob
2369 3163 2452 3193 fidem

273 3210 347 3236 sessus
361 3208 397 3235 cst
412 3216 439 3234 ac
455 3212 568 3233 tenetur.
641 3203 710 3230 Ter.
728 3200 837 3235 Adelph.
853 3211 877 3234 4,
891 3203 915 3233 6,
930 3203 944 3226 6
971 3202 1050 3228 Nunc
1064 3210 1129 3228 vero
1144 3201 1217 3228 domi
1230 3207 1331 3227 certum
1389 3200 1488 3235 patriae
1502 3200 1680 3235 praestandam
1696 3200 1778 3227 datus.
1837 3201 1883 3225 Sed
1897 3198 1936 3224 illc
1950 3199 2017 3233 lusus
2030 3197 2071 3233 est,
2086 3207 2133 3223 non
2149 3199 2310 3232 Etymvlcgia.
2367 3199 2452 3230 Obses,

273 3245 394 3271 obsidere
408 3244 443 3270 est
457 3251 555 3276 vsque,
576 3240 660 3267 donec
676 3237 797 3266 redierit.
907 3238 975 3262 Inter
989 3236 1117 3263 Obsidere
1135 3245 1159 3263 ct
1171 3237 1332 3272 Oppugnare
1389 3235 1427 3297 Est,
1446 3243 1492 3270 per
1507 3246 1576 3271 qurm
1588 3235 1736 3263 obsidemus
1747 3257 1754 3268 ‚
1779 3236 1796 3263 i.
1813 3243 1879 3261 metu
1899 3236 1961 3260 mali·
1977 3234 2126 3260 continemus
2146 3243 2214 3265 eum,
2234 3235 2278 3267 qui
2297 3233 2328 3270 est
2340 3236 2451 3268 velfuit
2474 3250 2479 3254 ·

273 3281 367 3307 vrbem
382 3279 527 3311 differentia
540 3279 598 3302 haec
612 3275 659 3310 est,
681 3278 744 3309 quod
757 3272 858 3307 illmlfit
871 3281 949 3303 mora,
970 3273 1012 3296 hac
1027 3273 1124 3307 impasta.
1199 3272 1257 3300 Liu.
1271 3281 1296 3307 2,
1312 3282 1330 3299 ιι
1348 3279 1376 3308 ες
1408 3270 1466 3308 qflis.
1540 3272 1612 3297 Caes.
1629 3272 1690 3299 Bell.
1705 3273 1772 3299 Gall.
1788 3280 1806 3304 ι,
1822 3280 1849 3303 27
1879 3270 1917 3296 Eo
1932 3269 2070 3304 postquam
2084 3270 2177 3296 Caesar
2190 3271 2328 3305 peruenit,
2347 3269 2451 3298 obsides

273 3311 445 3342 confllllsfhb
459 3311 634 3349 oppugnanda
647 3311 713 3338 vrbe
729 3309 760 3336 ad
775 3307 942 3336 Obfldendam
958 3307 1046 3333 Vffl'flS·
1390 3308 1489 3340 seruos,
1509 3307 1555 3341 qui
1570 3307 1600 3333 ad
1615 3317 1660 3335 eos
1674 3308 1858 3342 profugissent,
1878 3305 2006 3339 poposcit.
2044 3306 2101 3332 add⁴
2117 3306 2148 3333 ib.
2168 3314 2188 3331 c.
2202 3313 2234 3338 31.
2301 3306 2358 3333 Cic.
2371 3307 2449 3334 Diui-

313 3358 333 3377 Ο
344 3357 452 3378 8811)ss
463 3358 483 3377 N
495 3357 524 3381 s,
545 3347 622 3375 entis.
661 3347 755 3373 Pax-tic.
785 3344 901 3380 Egressus
916 3342 1027 3369 alicuius
1041 3342 1161 3369 obsidens
1184 3343 1251 3370 Tac.
1262 3344 1331 3371 Ann.
1391 3350 1443 3370 nat.
1455 3345 1532 3370 Verr.
1554 3351 1585 3377 72
1623 3345 1644 3370 A
1660 3343 1738 3370 nobis
1758 3342 1855 3369 inuitos
1870 3340 1972 3368 obsides
1992 3340 2071 3368 habet
2091 3342 2153 3375 Pop.
2169 3342 2246 3368 Rom.
2319 3342 2453 3378 Coniugii
2484 3349 2496 3359 '-

276 3390 312 3419 ι6,
327 3397 364 3418 ιο,
381 3395 402 3418 ς.
476 3385 552 3413 Proci
567 3382 714 3411 obsidentes
729 3382 828 3416 regiam
850 3379 948 3414 Hygin.
963 3378 1025 3405 Fab.
1039 3387 1078 3409 125
1097 3386 1164 3405 extr.
1238 3381 1333 3415 Inopia
1391 3380 1498 3415 sponsor
1510 3386 1536 3406 ct
1548 3378 1623 3406 obses
1649 3378 1847 3413 Ouid.Epist.2,
1863 3386 1897 3409 34.
1970 3377 2096 3412 Accipere
2110 3377 2211 3405 obsides
2234 3377 2290 3405 Cic.
2304 3378 2449 3412 Fam.i5,4.

275 3421 456 3450 obsidentibus
471 3431 548 3456 quam
563 3419 664 3447 obscffis
678 3418 788 3453 grauior
815 3415 884 3443 Vell·
899 3425 922 3450 2,
935 3423 968 3448 51,
982 3423 1005 3441 2-
1390 3417 1428 3443 Ita
1440 3415 1577 3442 Heluetios
1593 3415 1725 3442 institutos
1739 3415 1802 3449 effe,
1824 3419 1853 3439 vt
1873 3412 1974 3439 obfides
1991 3413 2131 3448 Accipere,
2151 3423 2204 3440 non
2221 3414 2290 3440 Dare
2306 3414 2450 3441 consueue-

313 3465 331 3484 0
343 3465 358 3485 Β
369 3465 380 3483 S
393 3460 456 3484 i‘DO
468 3479 475 3491 ‚
493 3457 569 3489 sedi,
589 3459 643 3482 ere.
681 3451 884 3489 [πρισιιοῖξὶημοιι]
923 3453 988 3477 Idem
1002 3451 1068 3485 quod
1079 3450 1331 3485 Οίψὶίεοχιζρυιζίῐιπνι
1344 3464 1377 3489 90
1391 3452 1446 3478 rint
1478 3451 1547 3478 Caes.
1564 3451 1591 3476 Β.
1607 3452 1638 3477 G.
1652 3460 1661 3478 1
1682 3461 1703 3478 c.
1716 3459 1753 3484 ι4.
1825 3449 1950 3484 Accipere
1969 3449 2031 3476 fidei
2050 3449 2151 3476 obsides
2184 3449 2272 3476 Senec.
2287 3449 2400 3482 Thyest.
2422 3452 2448 3478 6.

276 3494 328 3527 mjsi
337 3496 401 3528 quod
413 3500 490 3518 motus
503 3493 602 3526 quidam
619 3490 694 3526 inest,
714 3497 743 3515 vt
756 3488 871 3524 quasiste
885 3486 1007 3523 Obseſjiam
1031 3486 1076 3512 ive.
1151 3485 1284 3512 Sallustius
1304 3487 1331 3513 in
1391 3489 1491 3515 Cauere
1503 3486 1650 3519 obsidibus,
1670 3487 1724 3512 vid.
1748 3492 1765 3513 t:
1774 3492 1820 3512 AV
1830 3491 1846 3512 E
1857 3492 1885 3512 O.
1960 3485 2030 3512 Dare
2057 3486 2113 3512 Cic.
2127 3486 2205 3512 Verr.
2217 3495 2239 3517 ς,
2252 3493 2304 3517 ¹24-
2378 3486 2450 3513 Dare

276 3530 385 3556 Catilin.
409 3538 428 3555 c.
444 3539 471 3561 ις
498 3527 644 3554 Pracniittit
660 3527 712 3553 illis
723 3524 847 3551 homines
861 3522 1004 3555 militares,
1026 3521 1077 3548 sine
1092 3521 1206 3548 tumultu
1220 3521 1332 3549 colloca-
1391 3524 1461 3550 inter
1475 3524 1498 3550 se
1523 3523 1594 3550 Caes.
1611 3523 1638 3549 B.
1653 3524 1685 3548 (ἲ.
1704 3532 1722 3555 ι,
1736 3531 1761 3554 9.
1853 3522 1986 3555 Imperare
2014 3522 2069 3548 Cic.
2083 3530 2132 3556 pro
2146 3522 2213 3554 Lege
2227 3521 2318 3547 Manil.
2334 3529 2360 3554 35
2380 3531 2401 3549 c.
2415 3531 2447 3549 12.

276 3565 309 3592 tis
324 3564 472 3600 praesidiis,
492 3563 565 3590 sicuti
580 3570 746 3598 praeceptum
764 3566 835 3592 crat,
854 3558 957 3585 occulte
976 3565 1083 3592 pontem
1102 3556 1233 3584 obsidunt.
1291 3560 1332 3583 Sic
1391 3560 1508 3592 Mittere,
1526 3559 1579 3584 vid.
1602 3565 1625 3584 M
1636 3566 1643 3584 1
1654 3564 1704 3584 ΤΤ
1714 3566 1742 3585 o.
1849 3557 1976 3584 Retinere
1990 3557 2104 3591 aliquem
2119 3556 2235 3584 obsidem
2265 3556 2334 3591 Nep.
2351 3566 2374 3591 2,
2386 3565 2414 3592 7,
2425 3567 2447 3590 3.

272 3601 349 3626 ,etiam
364 3611 392 3625 cx
408 3601 481 3626 MSS.
497 3603 564 3625 (ort.
602 3598 742 3625 Praedator
762 3595 834 3630 cupit
854 3594 996 3622 immensos
1010 3593 1129 3620 obsidere
1149 3602 1253 3627 campos
1280 3593 1332 3619 Ti-
1391 3595 1505 3630 Negauit
1524 3594 1571 3620 esse
1591 3594 1752 3628 periculum,
1774 3593 1852 3627 seque
1872 3593 1929 3619 eius
1950 3593 1989 3619 rei
2008 3593 2124 3619 obsidem
2145 3592 2204 3619 fore
2242 3591 2313 3619 Idem
2334 3602 2372 3626 19,
2388 3602 2409 3625 2,
2423 3603 2446 3625 4.

275 3635 342 3664 bull.
356 3645 377 3668 2,
392 3638 458 3668 6,23.
496 3635 513 3660 ι’.
533 3634 646 3667 insidere,
662 3634 710 3668 sec.
722 3632 838 3659 Brouiklr.
896 3628 1033 3662 Obsiderc,
1052 3637 1096 3665 pm
1110 3631 1242 3663 Occupare.
1281 3630 1331 3655 Lu-
1347 3642 1377 3668 95
1391 3629 1412 3667 q
1431 3641 1443 3658 2
1486 3629 1580 3660 Obscs,
1600 3637 1644 3664 per
1663 3629 1860 3655 translationem.
1937 3629 1993 3656 Cic,
2012 3630 2039 3655 in
2058 3628 2135 3655 Catil.
2152 3638 2181 3662 4,
2201 3636 2216 3659 9
2232 3637 2253 3654 c.
2268 3636 2280 3660 ς
2312 3629 2446 3656 Habemus
2464 3631 2469 3635 “

277 3678 340 3698 cret.
355 3682 378 3703 4.
393 3681 431 3703 352
468 3670 623 3705 Obsiditque
637 3670 692 3696 vias
706 3669 864 3700 oculorum,
881 3675 915 3693 ne
929 3665 1065 3692 simulacra
1106 3664 1200 3691 Poslint
1217 3665 1331 3692 vllarum
1391 3667 1462 3693 enim
1480 3675 1494 3693 a
1508 3667 1537 3693 C.
1552 3666 1660 3692 Caesare
1674 3665 1735 3692 sicut
1755 3664 1830 3699 ipsius
1847 3665 1962 3698 dignitas
1978 3672 2003 3692 et
2018 3665 2150 3691 maiorum
2171 3663 2227 3689 eius
2241 3664 2388 3699 amplitudo
2402 3674 2448 3700 po.

277 3716 367 3735 rerum
383 3706 501 3733 coniecta
521 3706 649 3732 moueri.·
1391 3702 1515 3733 stillabat,
1532 3702 1684 3728 sententiam
1706 3707 1829 3735 tanquam
1850 3700 1966 3728 obsidem
1987 3706 2127 3736 perpetuae
2141 3699 2168 3724 in
2184 3699 2313 3733 Rcuipub.
2328 3701 2449 3728 volunta.

315 3749 359 3769 OB
369 3743 454 3768 sini:
466 3748 487 3767 N
500 3748 513 3768 s
525 3763 531 3773 ‚
551 3742 626 3768 entis,
662 3741 756 3767 Partir-
792 3740 823 3765 ab
838 3737 946 3766 Obfido.
977 3735 1198 3770 [περικαθήμενος]
1234 3736 1330 3763 Catuli.
1391 3738 1433 3766 tis.
1506 3738 1707 3764 Damnationem
1721 3738 1835 3772 aliquam
1853 3736 1968 3763 obsidem
1985 3737 2045 3763 dare
2071 3735 2126 3761 Cic.
2143 3743 2191 3768 pro
2206 3736 2310 3762 fluent.
2323 3741 2350 3768 83
2370 3746 2392 3763 c.
2405 3746 2445 3768 3ο.

278 3780 376 3814 Argon.
392 3781 430 3810 Ας,
446 3787 481 3809 3¹4
508 3777 666 3810 Troicaque
679 3775 799 3803 obsidens
813 3775 961 3810 longinquo
972 3773 1080 3800 moenia
1094 3772 1175 3799 bello.
1391 3773 1569 3800 Pseudo-Cic.
1583 3780 1669 3807 anth.
1685 3774 1735 3799 iret
1749 3774 1775 3799 in
1790 3773 1850 3799 exil.
1865 3782 1892 3805 27
1930 3773 2026 3807 Neque
2045 3779 2110 3796 vero
2126 3771 2162 3796 Μ.
2177 3771 2287 3797 Tullius
2302 3772 2377 3798 suum
2391 3772 2445 3799 ani·

315 3819 510 3842 OBSESSVS.
528 3821 557 3843 a,
578 3822 632 3838 um.
669 3813 750 3837 Afitnl
769 3811 862 3837 Partic.
899 3810 1141 3844 [κεριιιειῦεζόμεισε]
1179 3807 1250 3834 Caes.
1266 3808 1464 3838 Bell.100mum
1479 3818 1492 3836 a
1507 3809 1587 3836 vestra
1601 3808 1761 3835 abalienauit
1774 3809 1914 3843 potestate,
1937 3816 2019 3843 quum
2037 3806 2208 3841 praecipuum
2230 3806 2309 3834 vobis
2328 3807 2445 3834 obsidem

278 3851 362 3878 Ciuil.
378 3860 396 3882 ι,
409 3856 437 3879 84
471 3848 597 3874 Tandem
610 3847 734 3874 omnibus
752 3846 830 3873 rebus
850 3845 955 3878 obrem,
975 3851 1098 3879 quartum
1117 3844 1170 3870 iani
1188 3843 1259 3869 diem
1279 3843 1331 3870 sine
1392 3846 1428 3872 sui
1444 3845 1542 3879 animi,
1559 3845 1668 3871 vestram
1683 3845 1821 3880 reliquerit
1837 3844 1994 3871 libertatem.

279 3886 377 3922 pabulo
391 3883 499 3912 retentis
514 3883 649 3918 iunicum,
663 3892 753 3916 aquae,
773 3882 848 3917 ligni,
867 3888 893 3908 et
907 3881 1033 3907 frumenti
1049 3880 1150 3912 inopia,
1165 3879 1331 3913 colloquium
1429 3888 1448 3907 0
1460 3888 1496 3907 BS
1507 3888 1514 3907 ι
1527 3887 1545 3907 D
1557 3882 1608 3907 ᾹΤ
1618 3887 1657 3907 vs
1669 3902 1678 3914 ,
1715 3879 1754 3907 sis.
1790 3889 1824 3906 m.
1865 3879 1992 3914 obligatio
2019 3876 2130 3909 obsidum.
2204 3878 2336 3906 Ammian.
2357 3881 2397 3913 16,
2416 3887 2444 3912 27

278 3929 379 3958 petunt.
452 3918 562 3945 Obscssis
580 3918 646 3949 viis,
666 3925 814 3944 commeatu
836 3917 977 3943 intercluso
1010 3916 1080 3943 Caes.
1094 3916 1158 3942 Bell.
1173 3915 1239 3943 Gall.
1255 3924 1276 3946 3,
1291 3925 1330 3947 24.
1391 3916 1526 3944 Obsidatus
1543 3916 1653 3951 pignore
1668 3923 1755 3943 tentus
1769 3916 1797 3942 in
1810 3916 1912 3942 Galliis.
1949 3915 2008 3940 add.
2030 3912 2067 3938 Id.
2084 3920 2118 3945 18,
2134 3923 2164 3942 ις.
2184 3922 2206 3939 et
2223 3922 2258 3946 μς,
2273 3924 2294 3947 7,

279 3959 366 3984 Armis
386 3955 498 3984 obsessus
518 3960 611 3981 teneor
643 3953 740 3980 Sallust.
757 3955 813 3987 Iug.
834 3963 854 3979 c.
869 3962 909 3985 24·
982 3952 1060 3978 Bellis
1079 3951 1190 3978 obsessus
1208 3957 1233 3977 et
1253 3952 1330 3978 vnclis
1429 3960 1448 3979 0
1460 3953 1691 3985 ΒςιΒιᾹΝνε,
1717 3961 1748 3984 a,
1770 3960 1824 3978 um.
1863 3950 1922 3977 Adi.
1956 3949 2106 3983 [ὁψιὸιωὸς]
2144 3949 2316 3976 Obsidianum
2334 3950 2442 3982 vitrum,

279 3995 339 4021 Stat.
354 3992 447 4021 Theb.
462 4000 487 4025 9,
501 3998 560 4023 490.
651 3988 747 4016 Obl'etl'i
762 3995 786 4015 et
801 3989 914 4023 impares
939 3988 1071 4021 Quinctil.
1086 3996 1115 4021 ς,
1131 3994 1153 4018 8.
1249 3988 1328 4014 Astus
1335 3998 1379 4025 103
1390 3989 1419 4015 de
1431 3998 1476 4023 quo
1488 3988 1554 4015 Plin.
1569 3992 1606 4021 ς’»,
1620 3991 1649 4016 :6
1675 3989 1706 4015 ln
1719 3992 1815 4023 genere
1829 3986 1892 4014 vitri
1907 3982 2087 4011 et'Obsidiana
2101 3993 2290 4019 numerantur,
2310 3985 2341 4012 ad
2355 3985 2443 4012 simili-

2322 4021 2441 4048 tudinem
2454 4048 2455 4051 Ἴ
