2517 4231
254 186 309 224 ,55
645 164 682 205 L
737 164 773 204 Y
829 164 868 204 A

259 263 387 287 Veneream
401 256 578 291 turpitudinem
591 254 704 289 resta-tur
716 254 783 280 Tac.
798 253 866 280 Hist.
883 262 906 286 4,
920 259 948 285 14
967 249 1109 288 0212611111]
1130 248 1217 287 suapte
1231 249 1316 275 natu-J

253 305 281 322 ra
292 302 399 329 grauem
411 291 555 318 onerabant
569 290 683 317 ministri
697 290 809 315 auaritia
822 295 848 315 et
863 289 936 321 luxu,
957 288 1027 313 senes
1040 290 1085 311 aut
1098 282 1231 324 inualidos
1244 290 1306 308 con-

254 329 394 366 quirendo,
414 337 479 362 quos
492 327 580 362 pretio
594 326 766 353 dimitterent.
839 325 908 349 Haec
919 321 1031 350 auaritia
1045 327 1114 346 crat:
1134 328 1185 345 zum
1198 319 1306 346 deluxit-

255 368 309 392 ria:
329 364 371 391 sed
384 364 473 391 forma
487 362 621 397 conspicui
635 361 666 387 ad
679 361 796 394 stuprum
811 358 991 386 trahebantur.
1214 390 1221 395 ι

288 407 332 426 LV
343 407 360 426 x
370 407 391 427 v
401 406 422 427 R
433 407 442 425 1
452 406 490 431 A,
511 408 547 426 ae.
568 398 586 424 s.
608 397 734 430 [ἀσωτία]
753 397 830 420 Idem.
867 393 973 421 Nonius
983 400 1055 426 i,27z
1076 392 1191 422 Luxum,
1210 401 1228 416 1.
1243 388 1307 429 Vul-
1329 393 1343 417 ς

253 437 309 462 111111
323 442 348 463 et
361 436 421 462 loco
434 442 554 468 motum,
575 431 646 467 quod
662 439 731 456 1111112
751 430 850 456 Luxari
870 429 958 463 ignari
977 428 1072 456 Latine
1094 427 1221 454 dicimus:
1246 424 1309 451 inde

252 472 385 499 Luxuria:
404 471 466 506 quia
480 479 494 496 a
510 469 580 496 reeta
595 466 704 492 viuendi
718 466 761 491 via
777 466 805 491 fit
819 464 921 491 exclusa
934 470 960 491 et
974 464 1066 491 eie&a.
1103 465 1142 489 De
1157 461 1256 496 triplici
1264 469 1308 495 ge-

251 517 308 534 nere
319 508 434 533 luxuriae
453 507 508 532 vid.
532 503 622 530 Boeth.
636 502 666 527 de
682 501 824 534 Disciplina
841 500 952 527 scholar.
967 510 985 534 1,
999 509 1020 527 2.
1053 499 1110 526 Cic.
1124 498 1178 526 Off.
1193 507 1211 530 i,
1227 499 1272 536 106
1287 505 1309 523 c.

251 553 281 576 30
301 543 476 578 Intelligimus
490 548 566 574 quam
587 537 616 564 sit
629 544 705 571 turpe
725 536 847 563 diffluere
867 537 987 570 luxuria,
1010 536 1120 563 delicate
1139 543 1168 560 ac
1190 532 1310 558 molliter

253 589 355 606 viuere.

255 615 388 650 publicam
402 609 622 645 magnificentiam
636 608 731 643 diligit.
803 609 931 641 Luxuria,
951 608 1051 642 (inquit
1066 605 1171 637 Festus)
1196 605 1309 644 Morum

253 651 289 677 est
302 651 408 677 solutio,
445 646 578 673 Luxuriae
591 645 672 670 Grata
687 644 723 671 est
736 643 829 678 inopia
842 645 924 671 Plaut.
940 644 1024 670 Trin.
1040 640 1109 668 Prol.
1124 650 1149 667 v.
1162 646 1185 672 8.
1221 641 1308 673 Qun·

252 687 307 714 &iL
324 696 351 719 4,
366 695 377 711 2
398 685 431 709 Vt
444 682 461 708 si
475 680 653 707 defendendus
668 679 704 706 est
714 681 752 707 M.
767 680 882 710 Caelius,
904 687 993 705 nonne
1006 677 1109 712 optime
1122 682 1249 711 patronus
1264 684 1307 701 oc-

251 729 339 749 currat
351 720 424 755 prius
438 717 564 744 conuitiis
577 715 709 749 luxuriae,
729 715 898 749 petulantiae,
918 713 1112 749 impudicitiae,
1133 721 1212 747 quam
1226 720 1307 739 vene-

252 758 326 785 ficii?
383 753 512 780 Blandum
525 752 624 779 malum
638 750 743 778 luxuria
764 751 821 777 Val.
834 752 905 777 Max.
920 750 937 777 1.
951 760 966 783 9
987 751 1025 776 in.

251 792 341 820 xuriae
364 790 444 817 Ouid.
460 789 524 816 Fast.
545 798 566 820 ς,
580 798 632 822 279.
660 786 791 821 haffligh,
810 789 908 812 Aurum
928 794 953 811 et
972 792 1113 821 aagentum.
1186 784 1307 818 Diligen-

251 829 357 855 tisliinus
378 825 500 852 luxuriae
518 825 648 859 interpres
668 822 812 849 Menander
840 822 906 849 Pliu.
920 824 959 854 36,
974 823 998 849 6.
1018 823 1048 847 cle
1067 827 1191 856 apparatu
1206 829 1308 845 marmo-

250 874 311 890 rum.
385 861 465 888 Pestis
478 860 582 893 blanda,
602 858 705 886 luxuria
726 859 812 884 Senec.
827 858 923 886 061311.
944 858 961 885 Γ.
977 867 998 891 7.
1071 857 1169 883 Misera
1188 857 1308 890 Propert.

252 909 270 932 1,
283 908 305 932 2,
320 908 352 930 33.
427 897 548 924 Luxuria
563 905 622 922 cum
635 894 710 920 omni
723 894 802 920 aetati
819 894 942 929 Turpis,
963 900 1020 920 tum
1036 892 1165 919 seneffluti
1185 891 1308 918 Foediffi-

249 943 291 962 ma
304 934 340 961 est
361 934 416 961 Cic.
431 933 485 960 Off.
500 943 508 959 1
523 942 544 960 c.
556 942 592 965 34.
629 930 715 957 Solers
734 930 800 956 Pers.
815 940 837 961 5,
852 940 901 965 ¹4²·

249 970 299 1001 ria,
317 970 509 996 vict-camo.
588 965 814 995 Circumscribere
834 965 968 992 luxuriam
987 964 1118 998 vtilitate,
1152 964 1206 990 vid.
1230 969 1309 989 C1R-

249 1009 471 1033 CVMSCRIBO.
543 1003 660 1030 Luxuria
681 1009 706 1028 et
725 1002 832 1028 lasciuia
850 1002 979 1029 Diffluere
1005 1001 1122 1028 Terent.
1140 1000 1236 1026 Heaut.
1253 1008 1275 1030 5,
1292 1008 1310 1033 1,

248 1051 285 1074 72.
358 1042 432 1075 Conf.
453 1041 579 1067 Laui-ent.
600 1039 702 1066 Nouar.
722 1038 825 1064 Homil.
846 1038 878 1065 de
896 1037 998 1073 poenit.
1036 1034 1123 1072 paffim
1141 1035 1262 1062 Tertull.
1277 1035 1309 1061 ad

248 1078 362 1105 Nation.
379 1087 396 1110 1,
413 1078 447 1103 16.
520 1076 599 1103 Fac‘la
612 1075 648 1101 est
662 1074 705 1101 via
719 1074 839 1101 luxuriae
854 1075 974 1109 Propert.
990 1082 1012 1107 3,
1028 1082 1059 1108 ¹3,
1074 1082 1096 1105 4.
1167 1071 1310 1106 Indulgere

250 1114 386 1147 luxuriae,
407 1114 462 1140 vid.
482 1117 685 1139 iNDVLGEO.

249 1160 287 1183 24,
303 1160 325 1186 2,
338 1159 358 1182 3.
427 1146 447 1185 ἢ
472 1157 483 1174 2
500 1149 640 1183 Metaphor.
660 1146 779 1172 Luxuria
792 1146 824 1182 ψ
838 1146 1016 1172 Redundantia
1037 1145 1112 1178 Virg.
1131 1144 1228 1178 Georg.
1244 1153 1307 1180 1,191

251 1187 285 1213 At
299 1185 317 1212 si
336 1184 442 1212 luxuria
454 1183 587 1210 foliorum
599 1182 725 1209 exuberat
738 1182 833 1209 vmbra
852 1181 918 1209 Plin.
933 1191 958 1215 9,
973 1190 986 1208 2
1013 1180 1097 1207 Causa
1117 1180 1242 1213 euidens,
1262 1179 1311 1206 hu-

250 1221 334 1248 moris
347 1221 461 1247 luxuria.
503 1221 559 1246 Vid.
579 1219 651 1246 Non.
672 1228 695 1251 4,
718 1220 770 1248 :SR

288 1264 363 1285 LV.x
375 1263 440 1283 VRI
454 1262 470 1282 Ε
482 1262 495 1282 s
507 1275 513 1285 .
532 1255 566 1281 ἕὶ.
588 1256 606 1281 s.
628 1255 770 1288 [ἀκολασία]
790 1254 865 1281 Idem.
904 1252 960 1279 Cic.
974 1252 1066 1279 Diuin.
1082 1253 1160 1279 Verr.
1170 1262 1188 1287 1,
1204 1262 1216 1286 3
1237 1253 1310 1286 Qias

248 1302 290 1320 res
305 1293 421 1320 luxuries
437 1292 465 1318 in
479 1291 596 1326 flagitiis,
617 1290 757 1317 crudelitas
773 1290 800 1316 in
813 1289 958 1324 suppliciis,
980 1289 1092 1315 auaritia
1105 1289 1133 1315 in
1147 1289 1347 1323 rapinis‚etc.30

248 1329 318 1356 Ibid.
333 1338 351 1362 4
372 1330 463 1362 Quini
477 1328 597 1362 perferre
612 1335 667 1352 non
674 1327 774 1361 possent
790 1326 934 1355 luxuriem,
952 1325 1145 1356 crudelitatem,
1159 1325 1311 1360 auaritiam,

248 1364 408 1400 superbiam.
482 1365 513 1389 bit
526 1372 575 1398 pro
591 1363 664 1390 Rosc.
685 1363 773 1389 Amer.
791 1371 818 1394 75
838 1370 859 1387 c.
873 1370 901 1394 27
924 1362 954 1387 Iu
969 1360 1036 1388 vrbe
1055 1361 1174 1387 luxuries
1195 1367 1310 1394 creatur,

249 1410 282 1427 ex
296 1401 403 1428 luxuria
418 1399 510 1427 existat
527 1399 653 1429 auaritia,
672 1398 770 1424 necell’e
790 1397 834 1424 est.
906 1397 1028 1423 Pei-ferre
1038 1396 1173 1423 luxuriem
1187 1397 1310 1430 alicuius,

247 1438 301 1463 vid.
323 1443 430 1463 PERFE
445 1443 504 1463 ΚΟ.
579 1434 719 1461 l’raedulce
741 1434 839 1461 malum
854 1433 974 1459 luxuries
997 1432 1091 1459 Claud.
1112 1433 1190 1459 Cons.
1210 1433 1267 1459 Stil.
1287 1441 1311 1465 2,

249 1482 256 1499 1
272 1482 292 1499 2.

247 1482 269 1535 i?
278 1509 453 1534 Redumlantia
462 1507 602 1543 germinis:
623 1513 705 1541 nempe
717 1508 814 1540 quando
822 1505 926 1541 seminis
937 1504 1094 1530 abundantia
1108 1513 1235 1537 graminu-
1245 1503 1309 1538 ipsas

241 1543 461 1579 segctesfieffbcat.
497 1542 552 1569 Cic.
569 1542 600 1568 de
617 1543 692 1568 Orat.
707 1550 729 1575 2,
744 1544 775 1575 96
797 1551 819 1568 c.
833 1550 859 1573 23
880 1539 961 1573 Qiod
977 1539 995 1566 si
1009 1539 1053 1566 hic
1073 1538 1162 1566 noster
1182 1539 1309 1574 Sulpitius

248 1579 359 1611 faceret,
378 1578 464 1604 multo
482 1578 539 1603 eius
560 1577 649 1603 oratio
662 1578 722 1603 efl'et
738 1576 856 1611 pressior,
874 1576 901 1602 in
917 1584 967 1610 qua
987 1584 1057 1601 nunc
1072 1574 1218 1610 interdum,
1237 1581 1265 1602 vt
1280 1574 1309 1600 in

246 1614 337 1641 herbis
351 1614 441 1640 rustici
455 1614 540 1640 solent
557 1613 654 1646 dicere,
673 1612 701 1639 in
717 1613 817 1639 sumina
832 1611 1026 1639 vbcrtateinest
1035 1611 1154 1638 luxuries
1170 1611 1309 1645 quaedam,

245 1659 312 1686 quae
332 1650 397 1682 stylo
412 1648 572 1684 depascenda
586 1649 631 1675 cst.
650 1649 667 1675 ι’.
688 1649 817 1675 scribendi
825 1648 984 1683 firqueutia,
1006 1655 1029 1673 et
1044 1645 1138 1680 affidua
1150 1648 1350 1677 meditatione40
1367 1646 1427 1681 fuit
1439 1647 1547 1673 Athenis
1559 1648 1646 1673 Schvla
1665 1646 1819 1683 Aristotelis.

245 1686 403 1722 reprimenda
416 1685 459 1711 illa
473 1685 599 1710 naturalis
611 1685 719 1716 νόω-ιω,
733 1694 795 1719 quae
808 1685 935 1710 interdum
947 1685 1080 1712 redundat.
1118 1682 1195 1718 Virg.
1210 1684 1308 1718 Georg-

247 1732 266 1756 1,
285 1731 318 1748 112
338 1720 485 1748 Luxuriem
499 1721 614 1755 segetum
630 1727 718 1747 tenera
730 1720 842 1754 depascit
855 1719 884 1745 in
905 1718 997 1746 herba.

284 1764 301 1784 L
312 1764 333 1782 V
346 1764 363 1783 x
373 1763 393 1783 V
405 1763 424 1783 R
436 1764 445 1782 Ι
456 1757 475 1783 6
487 1763 500 1783 S
511 1763 532 1783 V
545 1763 557 1782 S
569 1777 576 1789 ‚
597 1765 621 1790 a,
641 1766 695 1783 um.
717 1756 778 1783 Adi.
796 1754 925 1791 [ἄσωτος]
950 1757 981 1783 In
1001 1764 1030 1782 re
1047 1755 1177 1782 familiari
1198 1755 1307 1789 solutus,

245 1793 328 1828 inquit
348 1792 445 1819 Festus
518 1793 696 1825 Luxuriosus,
718 1801 803 1824 ganeo
816 1792 907 1819 isidor.
927 1791 944 1818 l.
961 1801 999 1819 10.
1073 1792 1129 1819 Cic.
1151 1791 1182 1817 de
1202 1792 1261 1818 Fin.
1283 1801 1306 1825 2,

244 1838 269 1856 21
288 1829 313 1856 Si
328 1838 367 1862 ea,
381 1837 447 1863 quae
460 1828 667 1855 suntluxuriosis
681 1827 822 1855 efficientia
832 1828 1009 1862 voluptatum,
1030 1827 1178 1855 liberarent
1191 1837 1236 1854 eos
1245 1828 1308 1854 deo·
1326 1833 1354 1856 45

245 1874 305 1892 rum
320 1871 346 1891 et
359 1865 454 1892 mortis
461 1873 487 1891 et
494 1864 596 1890 doloris
611 1870 683 1891 metu
696 1871 742 1890 etc.
780 1864 889 1890 Admib.
902 1873 922 1890 c.
937 1873 958 1896 7.
995 1863 1051 1890 Cic.
1066 1873 1115 1898 pro
1130 1864 1198 1897 Lege
1213 1865 1306 1898 Agrar.

246 1910 303 1935 2,ς7
322 1902 357 1928 Vt
370 1901 399 1927 in
412 1900 464 1927 suis
480 1899 568 1931 rebus,
576 1900 613 1927 ita
621 1900 647 1926 in
657 1901 721 1934 Rep.
735 1899 885 1925 luxuriosus
898 1908 990 1932 nepos,
1006 1899 1051 1932 qui
1069 1899 1142 1933 prius
1157 1900 1231 1925 siluas
1244 1908 1306 1924 ven-

246 1937 299 1968 dat,
321 1945 399 1971 quam
413 1937 512 1964 vincas.
560 1937 645 1963 Amor
660 1935 810 1962 luxuriosus
826 1934 907 1962 Ouid.
922 1935 996 1960 Rem.
1014 1938 1106 1960 Amor.
1122 1937 1180 1967 746.
1219 1935 1306 1967 Qiin-

243 1972 301 2000 elil.
323 1974 446 1999 Prooem.
469 1979 483 2001 8
509 1971 651 1999 Muliebris
672 1979 698 1998 et
717 1971 868 1996 luxuriosus
886 1970 972 1996 cultus
992 1979 1047 1996 non
1068 1979 1162 2004 corpus
1184 1977 1305 2003 exornat,

241 2007 285 2036 sed
299 2007 397 2040 detegit
412 2013 537 2032 mentem.
715 2003 736 2041 ἦ
757 2014 769 2030 2
787 2007 870 2030 Nimis
877 2006 1014 2030 abundans.

242 2043 322 2076 dosa,
342 2043 414 2079 Qae
427 2042 560 2077 confertim
580 2047 604 2066 et
624 2039 712 2075 crpiose
733 2039 806 2063 nimis
820 2039 985 2072 proueniunt:
1022 2040 1060 2063 ita
1072 2047 1101 2063 vt
1114 2041 1218 2064 immitti
1237 2041 1263 2064 in
1278 2050 1305 2065 ea

236 2079 335 2115 soleant
347 2087 400 2104 oues
413 2079 449 2104 ad
462 2076 641 2112 depascendum.
713 2074 769 2101 Cic.
783 2073 811 2099 111
824 2073 897 2099 Orat.
909 2078 933 2101 81
954 2081 975 2098 c.
989 2081 1016 2102 24
1036 2073 1067 2097 de
1087 2072 1182 2106 rusticis
1195 2074 1304 2105 loquens,

243 2114 379 2149 Siquidem
395 2114 430 2141 est
442 2122 535 2140 eorum
549 2120 684 2147 gemmare
696 2110 774 2143 vites,
793 2108 864 2136 sitire
879 2116 966 2142 agros,
985 2108 1065 2134 lactas
1079 2108 1129 2133 ess'e
1144 2108 1250 2141 segetes,
1265 2107 1304 2132 lu-

242 2150 351 2178 xuriosa
365 2150 509 2179 frumenta,
530 2156 575 2174 etc.
649 2148 717 2174 Hinc
729 2155 792 2172 noua
805 2146 954 2180 metaphora,
977 2144 1035 2170 Liu.
1057 2153 1079 2176 c,
1099 2152 1121 2170 21
1149 2143 1188 2170 Eo
1207 2143 1304 2169 nuntio

244 2186 328 2213 erecti
346 2186 449 2217 Patres,
468 2183 556 2210 erecta
571 2182 643 2217 plebs
654 2202 663 2215 ,
684 2182 727 2207 sed
743 2180 863 2207 Patribus
878 2180 958 2206 nimis
972 2179 1107 2206 luxuriosa
1121 2188 1151 2205 ea
1163 2179 1216 2206 fuit
1229 2179 1303 2206 laeti·
1312 2187 1340 2210 55

245 2221 292 2257 tia,
313 2222 331 2249 i.
345 2221 444 2254 Nimia,
465 2227 488 2245 et
502 2218 625 2254 profhfior
640 2226 713 2252 qnam
724 2223 771 2250 par
791 2215 831 2250 est.
904 2215 972 2241 Plin.
993 2225 1032 2248 17,
1055 2225 1069 2247 4
1096 2216 1154 2242 Ν22
1168 2215 1304 2242 luxuriosa

245 2257 350 2294 pabula,
370 2255 476 2291 pinguis
490 2254 539 2282 soli
553 2254 655 2288 semper
668 2251 797 2278 indicium
814 2249 920 2282 habent,
941 2251 1013 2286 Qae
1027 2251 1160 2275 maximam
1174 2252 1304 2277 herbarum

218 2290 338 2329 *copiam
350 2292 480 2326 adferunt.
552 2290 627 2324 Seges
638 2287 772 2315 luxuriosa
789 2286 869 2313 Ouid.
884 2285 948 2311 Fast.
972 2295 989 2317 1,
1007 2287 1067 2318 690.
1131 2286 1264 2313 Columel.
1280 2293 1304 2319 ς,

225 2352 227 2356 ,
245 2332 260 2356 6
279 2328 401 2363 Plerique
415 2327 499 2354 vitem
512 2325 628 2359 validam
639 2330 664 2350 et
683 2323 848 2350 luxuriosam
868 2321 933 2348 salso
951 2320 1121 2347 crediderunt
1141 2321 1304 2348 feraciorem

245 2364 313 2392 fieri.
387 2361 563 2390 Luxuriosior
576 2361 633 2388 Scri.
648 2361 693 2394 Ep.
707 2369 730 2392 7.

244 2400 413 2428 luxuriosius.
487 2398 583 2432 Superl.
602 2396 735 2423 Columel.
752 2401 774 2427 8,
788 2396 830 2428 16,
853 2403 864 2425 3
887 2393 1130 2419 Luxuriosissiinum
1146 2394 1248 2420 fae'hun
1266 2400 1303 2420 at·

245 2446 295 2471 que
308 2436 420 2462 1116111111.
491 2433 597 2469 Oppida
610 2430 810 2459 luxuriosissima
823 2436 863 2465 ap.
890 2429 964 2456 Seru.
983 2431 1020 2454 nd
1031 2429 1106 2464 Virg.
1127 2431 1192 2458 Aen,
1211 2438 1222 2456 1
1231 2450 1239 2462 ‚
1254 2433 1302 2461 165.

244 2472 323 2500 Pestis
336 2469 537 2498 luxuriosissima
555 2468 643 2496 Treb.
659 2467 724 2494 Poll.
746 2476 768 2493 c.
795 2473 817 2496 3.

281 2515 298 2535 1.
309 2515 329 2534 v
339 2515 356 2534 x
370 2514 391 2534 v
402 2514 420 2535 R
434 2509 492 2534 ios
504 2512 534 2533 Ε.
553 2505 622 2532 Adu.
642 2502 775 2538 [ἁσώτωε]
796 2502 853 2528 Cic.
867 2510 917 2536 pro
931 2501 1003 2529 Cael.
1017 2510 1038 2534 ¹3
1063 2501 1132 2528 Cum
1148 2501 1304 2529 facinorosis

244 2544 376 2579 audacter,
394 2552 453 2569 cum
467 2541 616 2569 libidinosis
637 2540 770 2567 luxuriose
785 2539 888 2564 viuere.

246 2582 357 2614 Compar.
378 2580 470 2614 Nepos
487 2589 510 2615 4,
525 2587 547 2611 3,
560 2587 573 2604 2
589 2575 699 2611 Epulari
713 2573 881 2601 luxuriosius.
936 2573 1215 2601 Luxuriosiusfercula
1224 2574 1304 2600 strue-

244 2625 273 2643 re
287 2616 392 2643 Colum.
409 2616 531 2642 Prooem.
604 2612 700 2648 Superl.
720 2610 817 2637 Bibere
840 2609 1041 2637 luxuriosislime
1067 2610 1174 2644 August.
1194 2610 1226 2636 de
1244 2611 1303 2637 Mo.

244 2651 296 2680 rib.
311 2651 402 2678 Eccles.
415 2651 519 2678 Cathol.
535 2659 556 2678 c.
572 2659 608 2682 34.

282 2694 299 2715 1.
309 2695 330 2714 v
340 2695 358 2714 x
367 2694 389 2714 v
399 2694 435 2714 Ri
446 2694 465 2714 o
474 2705 484 2718 ,
499 2691 552 2720 are,
572 2686 616 2712 ve}
635 2691 652 2711 L
663 2689 686 2711 v
697 2691 715 2710 x
724 2690 746 2710 v
756 2690 774 2710 R
786 2690 795 2709 1
809 2689 828 2710 o
842 2689 861 2709 iz
872 2703 880 2716 ‚
899 2682 948 2709 ari.
965 2681 1116 2718 [ἁσωτεῦω]
1133 2683 1205 2709 Luxu
1220 2689 1303 2718 pecca-

245 2734 287 2758 re,
307 2725 409 2750 A‘lodum
429 2730 451 2748 et
462 2723 531 2748 velut
543 2722 661 2747 articulos
680 2721 796 2746 &Kseblt'i'k'
814 2728 896 2745 rerum
914 2719 978 2745 alias
996 2719 1112 2744 bonarum
1132 2725 1155 2744 et
1170 2719 1302 2745 laetarum.
1312 2722 1344 2747 70

246 2760 339 2792 Liu.1,
355 2769 380 2793 19
406 2758 497 2786 Positis
517 2764 688 2784 externorum
713 2755 895 2790 periculorum
914 2754 984 2781 curis
1005 2763 1038 2780 ne
1058 2754 1224 2781 luxuriarent
1244 2755 1304 2781 otio

243 2794 337 2828 animi,
357 2804 423 2830 quos
436 2801 520 2821 metus
537 2793 661 2823 hostium,
680 2791 870 2826 disciplinaque
884 2790 1009 2817 militaris
1023 2789 1200 2816 continuerat.
1256 2791 1302 2816 Le-

244 2832 287 2859 613
301 2831 432 2866 principia
445 2830 501 2857 eius
517 2829 682 2864 magistratus
697 2828 778 2855 nimis
791 2827 962 2853 luxuriauere
983 2825 1044 2852 Liu.
1061 2836 1083 2858 3,
1104 2835 1127 2857 33
1141 2833 1182 2860 pr.
1221 2825 1302 2852 Plani.

244 2867 333 2895 Pseud.
348 2877 376 2899 4,
390 2877 412 2898 7,
425 2869 440 2892 6
461 2867 653 2898 Luxuriantur,
675 2864 828 2897 lustrantur,
841 2862 994 2889 comedunt.
1066 2861 1314 2888 Deliciisluxuria:

244 2913 273 2931 re
294 2903 376 2931 Ouid.
391 2902 571 2937 Epist.16‚1‹)2.
607 2901 689 2931 Liber
702 2900 819 2927 luxuriat
832 2899 969 2927 vmbilicis
990 2897 1108 2925 Martial.
1125 2908 1145 2930 3,
1166 2907 1188 2924 2.
1217 2898 1301 2932 Splen.
1311 2904 1338 2928 75

242 2940 417 2966 dide'ornatus
432 2938 471 2973 est.
529 2937 642 2964 melinis
658 2937 740 2963 variis
755 2937 876 2963 colorum
886 2934 1018 2961 luxuriari
1032 2934 1098 2961 Plin.
1114 2936 1150 2967 16,
1165 2943 1199 2964 2ς.
1237 2933 1302 2960 Ani-

244 2975 282 3002 mi
301 2974 438 3001 luxuriant
458 2973 536 3000 rebus
558 2973 715 3007 plcrumque
736 2972 854 2998 secundis
879 2971 962 2998 Ouid.
985 2971 1017 2997 de
1039 2972 1103 2997 Arte
1122 2970 1181 2996 Am.
1202 2978 1230 3000 2,
1252 2978 1303 3001 437.

246 3010 337 3038 Animi
353 3010 490 3037 luxuriant
506 3007 673 3035 iuuenilibus
686 3008 761 3034 annis
782 3007 818 3034 Id.
832 3007 897 3034 Fast.
912 3017 935 3040 5,
953 3009 1005 3039 246.
1042 3007 1164 3041 Vereor,
1186 3015 1218 3032 ne
1238 3005 1302 3032 haec

247 3055 356 3081 quoque
370 3046 484 3072 Laetitia
500 3044 618 3071 luxuriet
632 3043 710 3070 uobis
725 3050 750 3070 et
763 3052 830 3070 vana
845 3044 937 3070 euadat
955 3043 1059 3077 Liu.23,
1073 3051 1106 3069 12.
1179 3042 1303 3068 Menslu-

244 3084 332 3110 xuriat
359 3081 441 3109 Ouid.
466 3081 497 3108 de
519 3082 581 3107 Arte
601 3081 659 3106 Am.
679 3089 697 3114 1,
719 3081 775 3112 360.

244 3128 296 3152 292.
368 3119 447 3145 Pecus
461 3117 578 3143 luxuriat
592 3116 621 3142 in
635 3116 716 3151 pratis
735 3114 773 3141 Id.
793 3114 858 3141 Fast.
879 3124 897 3148 1,
918 3118 966 3145 156.
1039 3113 1199 3149 Luxuriare,
1221 3115 1304 3140 Nimis

244 3156 378 3181 abundare.
453 3154 494 3179 Si.-
514 3152 630 3180 Arbores
651 3151 836 3185 luxuriantur,
861 3160 933 3185 quum
952 3150 1117 3176 abundantius
1137 3160 1217 3176 ramos
1235 3150 1304 3176 emit-

245 3198 310 3220 tunt,
330 3189 383 3216 siue
396 3190 554 3225 producunt.
628 3187 761 3215 Coluniel.
789 3186 820 3212 de
841 3186 939 3213 Arbor.
965 3195 986 3212 c.
1008 3195 1026 3211 11
1055 3186 1201 3213 Cacumina
1216 3186 1304 3220 virga-

246 3234 305 3252 rum
319 3235 351 3252 ne
367 3225 537 3252 luxurientur
550 3223 715 3251 demutilato.
787 3224 856 3255 Ager
869 3221 962 3248 assidua
975 3221 1198 3256 luxuriabataqua
1219 3222 1304 3250 Ouid.

245 3260 311 3287 Fast.
326 3271 350 3295 4,
365 3264 425 3294 644.
498 3261 603 3287 Humus
618 3259 736 3287 luxuriat
754 3258 793 3286 Id.
808 3257 886 3293 Epist.
908 3267 926 3291 1,
943 3267 979 3289 ς4.

282 3302 298 3322 L
308 3302 328 3320 v
341 3303 358 3321 x
368 3303 388 3321 v
401 3304 420 3323 R
429 3304 439 3323 1
450 3303 473 3324 Α
483 3304 505 3323 N
515 3303 527 3323 s
536 3316 544 3329 ,
564 3295 639 3322 antis.
660 3295 752 3322 Panic.
772 3292 926 3329 [ἀσωτεῦωνῐζ
946 3293 1119 3327 Compescere
1139 3293 1303 3320 luxuriantia

246 3332 315 3358 Hor.
331 3332 408 3366 Epist.
426 3342 446 3364 2,
468 3343 490 3367 2,
505 3341 550 3360 122,
622 3331 731 3364 Emicat,
747 3329 910 3365 arrectisque
924 3329 1017 3356 fremit
1031 3328 1180 3355 ceruicibus
1189 3329 1239 3356 alte
1253 3330 1304 3356 Lu-

246 3367 354 3394 xurians
379 3367 451 3400 Virg.
465 3370 528 3394 Aen.
544 3376 574 3401 11,
593 3368 650 3401 496.

283 3410 298 3429 L
310 3410 331 3427 v
343 3409 361 3429 x
370 3409 390 3428 v
402 3409 421 3428 R
434 3412 442 3430 1
454 3404 476 3429 Ᾱ
485 3409 535 3429 Τν
547 3410 559 3430 s
569 3424 576 3437 ,
597 3412 620 3436 a,
640 3411 694 3431 um.
720 3402 804 3428 Aliud
827 3401 921 3429 Partic-

245 3439 311 3466 Non
325 3445 422 3470 tamen,
436 3444 465 3465 vt
479 3438 548 3471 lusit,
562 3440 650 3465 rursus
665 3446 722 3465 nica
736 3438 824 3464 littera
837 3437 924 3464 ludet:

246 3475 349 3501 xuriata
363 3474 432 3501 ioco.
506 3474 617 3508 Aliquot
638 3483 670 3501 cx
685 3474 727 3501 liis
743 3473 935 3505 &caniensibus
963 3473 1140 3504 Luxuriatos,
1160 3471 1303 3498 incredibi.

247 3510 271 3536 le
289 3509 430 3537 videbatur
444 3509 535 3537 lustin.
548 3519 590 3546 20,
604 3520 627 3543 4,
645 3518 672 3546 7.
729 3510 820 3537 Fames
839 3508 972 3536 luxuriata
989 3508 1075 3535 niulto
1095 3508 1221 3543 sanguine
1242 3508 1303 3535 Stat.

245 3545 337 3574 Theb.
362 3555 383 3579 2,
405 3548 460 3579 676.

663 3585 689 3616 L
737 3584 766 3617 Y
816 3584 879 3617 AF.

247 3671 251 3676 1
282 3660 331 3682 ιγ
343 3661 364 3681 Λ
376 3661 394 3681 Β
407 3659 429 3681 V
443 3659 456 3680 s
467 3677 476 3690 ,
496 3655 515 3682 i.
535 3665 571 3682 ni.
592 3654 716 3689 [Λυαῖος]
736 3654 839 3681 Dicitur
853 3652 977 3686 Bacchus,
1003 3660 1033 3679 vt
1055 3653 1233 3679 Grammaticis
1248 3654 1306 3689 pla-

244 3698 281 3717 cet
301 3695 366 3721 παρὰ
382 3695 409 3716 τὸ
422 3690 483 3716 λύειν
504 3691 532 3716 id
543 3691 686 3727 cstsilucre,
702 3692 767 3726 quor)
779 3700 849 3716 curas
866 3691 959 3726 soluat,
972 3698 1046 3723 atque
1059 3689 1186 3724 aisintiat.
1259 3691 1304 3716 Pa-

243 3732 284 3754 ter
298 3727 399 3759 Lyaeus
420 3726 494 3764 Virg.
511 3729 574 3754 Aen.
588 3737 611 3759 ,1,
623 3732 663 3757 58.
737 3724 783 3751 Sil.
804 3735 833 3758 7,
854 3730 896 3760 169
915 3724 1018 3752 ΔΡο21113
1039 3734 1086 3750 1122
1105 3731 1201 3752 norant
1222 3725 1302 3752 succis

242 3763 360 3789 mulcere
379 3761 475 3792 Lyaei:
512 3763 595 3789 Fonte
609 3762 687 3795 sitim,
707 3770 733 3790 et
746 3769 812 3796 pura
829 3761 1047 3788 solitidefendcre
1064 3760 1179 3794 lympha.
1218 3762 1303 3788 Tem.

243 3808 308 3834 pora
324 3798 373 3824 vda
387 3798 474 3829 Lyaeo
494 3798 563 3825 Hor.
579 3799 667 3824 Carni.
685 3807 703 3830 1,
725 3807 751 3833 7,
767 3806 802 3824 22.
817 3820 819 3823 .

242 3842 280 3860 tur
301 3833 398 3860 Tibul.
415 3842 440 3866 3,
456 3843 477 3863 2,
492 3843 509 3860 i.
583 3834 716 3867 Corniger
733 3835 834 3865 Lyaeus
855 3832 936 3860 Ouid.
952 3835 1043 3859 Amor.
1054 3842 1073 3863 ς,
1089 3841 1120 3864 ις,
1134 3841 1165 3863 ¹7-

243 3870 266 3895 ci
282 3870 369 3901 lyaeo
387 3877 477 3895 curam
493 3869 595 3895 soluere
617 3871 683 3896 Hor.
697 3870 778 3904 Fpod.
793 3877 817 3903 9,
834 3874 870 3901 38.
940 3869 1032 3896 Iocoso
1052 3869 1140 3900 Lyaeo
1163 3867 1302 3895 consilium

241 3913 363 3931 arcanum
383 3911 502 3939 retegere
524 3904 596 3930 [dein
610 3905 699 3932 Carm.
714 3915 734 3938 ς,
749 3914 782 3937 21,
799 3915 830 3936 ¹⁴-
905 3904 983 3939 Largi
1003 3904 1113 3931 flumina
1133 3903 1213 3935 Lyaei
1241 3904 1301 3930 Stat.

241 3939 303 3966 Silii.
320 3951 336 3972 ι,
351 3946 375 3973 (1,
390 3950 428 3974 95.
508 3939 694 3968 Pubescentem
713 3942 847 3973 Lyaeum,
875 3940 893 3967 i.
918 3942 982 3968 Vnus
1004 3939 1207 3977 maturescentes,
1230 3940 1301 3967 uixit

241 3973 314 4001 Idem
326 3976 426 4003 ibidem
440 3985 462 4009 2,
483 3985 506 4010 2,
518 3985 575 4003 ieo-

981 3399 1062 3428 Ouid.
1081 3399 1170 3427 Trist.
1191 3408 1213 3434 ς,
1235 3410 1253 3433 1,
1274 3411 1303 3433 44

1325 3625 1356 3651 95
1371 3614 1470 3644 alia-est
1485 3617 1552 3645 Solis
1563 3622 1589 3643 et
1598 3616 1769 3648 lychnorum.

1239 3831 1302 3859 Dul-

428 578 500 605 Idem
519 582 568 609 pro
581 574 699 600 Muraen.
715 574 745 605 76
771 572 838 599 Odit
851 574 911 608 Pop.
927 574 1006 600 Rom.
1022 572 1152 606 priuatam
1166 568 1310 600 luxuriam,
1320 572 1349 590 10

1067 749 1243 776 Instrumenta
1266 747 1305 773 lu-
1324 750 1350 773 ¹5

975 929 1054 963 Cepit
1069 927 1217 962 praesedios
1234 927 1309 953 luxu·
1317 935 1349 953 20

757 1110 875 1136 Luxuria
896 1109 1030 1137 Pullulans
1049 1107 1219 1143 reprimenda
1238 1108 1308 1142 Nep.
1328 1112 1356 1135 25

367 1473 488 1507 Segctiun
502 1471 628 1503 luxuries,
649 1480 722 1505 qnam
740 1470 806 1496 Plin.
827 1476 866 1500 18,
887 1478 918 1502 17.
940 1470 1007 1494 inter
1025 1468 1093 1493 vitia
1102 1468 1308 1508 frngunxlpqnit,
1327 1470 1354 1494 35

1073 2006 1216 2033 Frumenta
1230 2006 1304 2032 luxu·
1322 2011 1355 2034 50

772 2362 884 2393 Compar.
902 2357 967 2383 Plin.
992 2367 1023 2392 17,
1044 2367 1053 2389 3
1079 2357 1200 2383 Alterum
1221 2367 1302 2391 geniis
1313 2356 1347 2381 60

962 2539 1030 2564 Aila'.
1052 2537 1090 2564 Id.
1104 2537 1136 2565 de
1149 2539 1208 2564 Fin.
1224 2547 1236 2564 2
1250 2548 1271 2564 c.
1281 2548 1302 2571 7.
1311 2535 1341 2565 65

847 3078 970 3106 Membra
989 3078 1126 3105 luxuriant
1145 3077 1183 3105 Id.
1197 3078 1261 3105 Met.
1276 3073 1303 3119 j,
1311 3079 1345 3104 80

1776 140 1905 198 L'Y
1962 159 1997 199 o

1405 254 1591 281 LYAl-:vs‚
1615 257 1638 280 3,
1664 257 1718 275 um.
1744 247 1805 274 Adi.
1839 247 1961 284 [Λυῆϊσς]
1994 251 2044 277 Pro
2058 250 2167 285 Lycius,
2188 252 2314 287 figurate:
2341 252 2425 281 Latex

2362 166 2428 213 156

1367 283 1479 316 Lyaeus,
1496 285 1515 312 i.
1540 285 1627 312 Vinum
1647 284 1722 319 Virg.
1737 285 1802 311 Aen.
1822 293 1841 317 1,
1856 286 1918 318 690.

1785 358 1811 389 L
1891 358 1919 390 Y
1993 359 2020 391 C

1411 430 1627 464 LYCAEvs,
1653 428 1708 455 vid.
1743 433 1913 458 LYCEVS.

1411 468 1428 488 L
1442 468 1460 488 Y
1473 467 1522 503 (lA
1533 469 1558 502 lyr
1569 470 1586 489 Β
1599 471 1615 490 Ε
1629 470 1659 498 s,
1681 464 1712 490 is.
1734 473 1770 490 m.
1793 464 1959 498 [Λυκάμβης]
1991 463 2038 491 Vir
2060 464 2205 502 Thebanus,
2224 477 2295 503 quem
2314 467 2429 494 Archilo-

1374 498 1431 523 chus
1444 499 1518 523 Poeta
1531 500 1618 525 iambis
1628 503 1663 525 m(
1670 499 1827 535 Jitspcnclimn
1842 500 1944 534 adegit.-
1964 501 1993 526 de
2003 510 2049 534 quo
2062 500 2122 526 ‘vide
2140 503 2166 528 in
2178 505 2283 531 nimione
2299 509 2430 532 ARCHI-

1371 538 1532 596 EQSHVS.
1604 535 1704 562 Infidus
1729 534 1873 567 Lycambes
1894 535 1965 562 Hor.
1983 536 2065 571 Epod,
2090 538 2161 570 6213.
2181 541 2247 565 Idam
2264 541 2295 566 de
2314 540 2431 574 Lycambe

1391 579 1418 604 pi
1443 589 1449 595 .
1467 579 1485 600 1,
1501 578 1535 604 19,
1552 576 1588 597 25.
2282 593 2288 596 .

1411 612 1428 632 L
1442 613 1461 632 Y
1475 612 1491 632 c
1505 612 1528 644 A
1539 610 1564 644 Μ
1578 604 1650 644 ΒΙΤΞΎ
1660 609 1674 629 S
1684 624 1693 637 ‚
1717 615 1741 640 3,
1768 616 1823 634 um.
1851 606 1911 634 Adi.
1944 606 2123 643 [Λυκᾶμβειος]
2147 608 2229 635 Ouid.
2243 609 2272 636 in
2287 610 2347 638 Ibin
2361 621 2390 638 v,
2405 619 2430 641 51

1372 642 1402 668 In
1416 647 1442 668 te
1457 641 1524 667 mihi
1539 639 1607 679 liber
1619 639 1722 666 iambus
1757 642 1861 670 Tincta
1875 642 2025 675 Lycambeo
2040 644 2165 678 sanguine
2180 644 2230 671 tela
2244 645 2324 673 dabit.
2398 648 2430 672 Et

1372 677 1490 704 Martial.
1506 686 1529 711 7,
1543 686 1561 702 11
1584 676 1609 702 Si
1627 684 1677 715 qua
1685 676 1833 707 Lycambeo
1847 680 1973 713 sanguine
1985 679 2038 706 tela
2055 679 2171 707 madent.

1408 720 1426 739 L
1438 721 1458 740 Y
1470 718 1488 739 c
1500 714 1550 740 Ᾱο
1562 718 1582 738 Ν
1595 732 1603 744 ,
1624 713 1693 738 onis.
1713 720 1749 737 m.
1770 712 1906 749 [Λυκάων]
1924 715 2022 742 Titani
2036 723 2064 741 ac
2078 715 2185 742 Terrae
2199 715 2285 749 filius,
2305 717 2432 744 Arcadiae

1372 758 1429 782 rex,
1449 749 1496 784 qui
1518 751 1565 788 (Ἓξ
1580 748 1608 774 in
1622 747 1720 774 sabulis
1734 747 1840 787 fertur)
1861 756 1876 774 ὃ
1887 751 1952 778 10112
1964 751 1993 778 in
2007 751 2099 786 lupum
2114 753 2256 779 conuersus
2275 753 2344 789 fuit,
2360 751 2433 787 quod

1373 787 1466 812 Iouem
1489 785 1620 819 hospitem
1640 792 1734 810 nccare
1759 783 1909 810 moliretur.
1982 787 2088 814 Seruius
2109 797 2232 814 enarrans
2251 790 2328 814 locum
2355 789 2433 823 Virg-

1373 822 1472 855 Georg.
1488 830 1506 853 1,
1522 826 1558 852 133
1577 819 1677 846 Ν311113
1691 826 1749 846 111111
1768 818 1848 845 stellis
1867 823 2009 860 numeros,
2028 830 2074 850 etc.
2116 824 2172 851 Vid.
2187 824 2306 857 fabulam
2329 823 2433 859 pulchre
2479 841 2489 845 κ

1372 864 1515 883 enarratam
1545 856 1626 883 Ouid.
1650 857 1714 882 Met.
1743 865 1762 889 1,
1783 857 1832 887 165.
1906 855 1995 883 Notus
2013 858 2117 886 feritate
2142 860 2251 891 Lycaon
2271 859 2310 886 Id.
2327 859 2394 887 ibid.
2411 869 2434 893 1,

1375 899 1426 927 ¹98·
1498 892 1566 918 Arae
1582 892 1669 918 sontes
1682 891 1813 924 Lycaonis
1827 892 1888 918 Stat.
1902 891 1996 919 Theb.
2017 902 2047 926 n,
2061 901 2109 924 128.

1410 935 1428 954 L
1442 934 1461 954 Y
1474 933 1492 954 C
1509 934 1531 954 A
1544 933 1563 953 O
1576 933 1599 953 N
1612 926 1693 961 sVS,
1715 936 1739 961 a,
1758 937 1812 954 um.
1834 927 1894 954 Adi.
1916 928 2078 962 [Λυκιὸνσας]
2101 933 2156 968 Qo
2175 932 2317 965 dgss'anatur
2335 932 2363 957 in
2380 932 2436 967 pri.

1374 963 1423 989 rnii‘
1439 962 1550 990 Callisto
1565 963 1693 994 Lycaonis
1700 964 1772 999 νῙῐίίιι,
1791 970 1815 989 ct
1829 964 1919 999 Arcas,
1937 973 2007 998 quem
2019 963 2063 990 illa
2077 968 2149 992 clauc
2156 956 2278 999 εοηιεῖὶι,
2297 975 2394 994 mutata
2405 967 2434 992 in

1375 998 1471 1033 ansam,
1486 1006 1509 1025 et
1528 999 1556 1023 in
1581 1001 1672 1025 carlum
1700 1009 1753 1025 cum
1765 999 1823 1033 filio
1848 1001 1984 1026 translata.
2057 1000 2121 1026 Axis
2143 999 2309 1036 Lycaonius,
2335 1005 2436 1039 Septen.

1374 1036 1489 1061 trionalis
1497 1034 1578 1062 Ouid.
1594 1034 1682 1062 Tris!
1695 1045 1716 1068 3.
1737 1044 1759 1067 2,
1774 1045 1796 1061 2.
1869 1035 1944 1062 Astra
1957 1035 2050 1062 Claud.
2065 1036 2144 1063 Cons.
2159 1037 2233 1064 Mall.
2248 1039 2358 1066 Theod.
2376 1048 2436 1072 299.

1374 1071 1484 1097 Callisto
1500 1070 1594 1097 Catuli.
1608 1069 1640 1096 de
1654 1080 1731 1097 coma
1742 1070 1877 1097 Berenicis
1892 1073 1933 1103 64,
1954 1073 1994 1099 66.
2067 1072 2174 1099 Mensae
2189 1073 2335 1104 Lycaoniae
2354 1074 2436 1101 foeda

1374 1107 1503 1134 conuiuia
1524 1106 1606 1133 Ouid.
1621 1107 1684 1133 Met.
1703 1117 1721 1139 1,
1736 1107 1783 1136 165.
1801 1108 1868 1140 qnod
1878 1106 1966 1139 obfidis
1979 1108 2051 1141 occisi
2061 1108 2158 1144 viscera
2172 1109 2320 1144 Jouihospiti
2332 1117 2436 1146 appone-

1374 1153 1432 1169 ηενρ
1445 1143 1516 1178 nufias
1537 1143 1601 1176 effct.
1638 1143 1711 1176 Conf.
1739 1152 1745 1169 1
1754 1162 1763 1175 ,
1778 1151 1820 1174 227
1845 1141 1882 1176 sq.

1412 1185 1430 1206 1.
1440 1186 1458 1205 Υ
1469 1185 1486 1205 c
1498 1186 1520 1206 Λ
1531 1180 1584 1206 GN
1600 1185 1610 1205 1
1625 1185 1638 1205 s
1649 1199 1657 1212 ,
1678 1178 1737 1204 i'dis.
1754 1178 1774 1205 f.
1795 1178 1878 1205 Ouid.
1891 1177 1958 1207 Fast.
1977 1188 1999 1213 2,
2012 1188 2048 1212 ¹73
2069 1179 2179 1207 Periura
2194 1180 2322 1214 Lycaoni,
2343 1181 2362 1207 i.
2382 1182 2440 1207 Cal.

1374 1215 1397 1241 li
1418 1226 1438 1248 ο,
1453 1215 1571 1249 Lycaonis
1579 1215 1649 1250 filia,
1669 1215 1774 1241 vocandi
1793 1214 1857 1248 cafiae.

1413 1258 1430 1277 1.
1442 1258 1460 1277 Y
1471 1257 1487 1277 C
1501 1259 1523 1278 A
1534 1257 1553 1277 O
1565 1258 1588 1277 N
1602 1257 1619 1277 E
1631 1258 1660 1284 s,
1681 1260 1735 1277 um.
1758 1259 1792 1276 m.
1813 1250 1969 1284 [Λυκάονες]
1987 1250 2083 1285 Populi
2098 1251 2157 1278 sunt
2176 1251 2263 1285 Asiae,
2287 1251 2438 1287 Phrygibus

1375 1292 1401 1313 et
1415 1287 1603 1323 Gallograecis,
1623 1296 1690 1321 quos
1703 1286 1807 1313 Galatas
1819 1286 1957 1313 nominari
1965 1293 2025 1313 ante
2034 1287 2190 1321 scripsimus,
2209 1287 2304 1315 vicini.
2342 1288 2438 1314 aanor

1375 1324 1503 1357 Pompou.
1518 1323 1589 1349 Mela
1612 1333 1629 1353 1,
1650 1332 1671 1349 2.
1879 1319 1900 1359 fl
1920 1332 1933 1348 2
1955 1323 2020 1349 Sunt
2032 1330 2056 1349 et
2071 1324 2217 1356 Lycaones,
2235 1331 2265 1349 vt
2278 1323 2316 1349 ait
2330 1324 2438 1350 Solinus

1375 1368 1397 1385 c.
1412 1369 1437 1391 43
1457 1359 1527 1393 Lupi
1542 1358 1647 1385 ceruice
1660 1357 1755 1391 iubati,
1775 1363 1802 1385 et
1815 1364 1855 1385 tot
1868 1358 1955 1385 modis
1970 1359 2051 1392 varii,
2073 1366 2101 1385 vt
2115 1359 2219 1386 nullum
2239 1359 2278 1385 eis
2298 1358 2382 1385 abesse
2394 1368 2439 1386 co-

1374 1395 1462 1422 lorem
1475 1395 1571 1422 dicant.
1646 1394 1713 1421 Plin.
1728 1400 1752 1427 8,
1767 1403 1798 1428 34
1819 1395 1836 1420 s.
1851 1403 1879 1425 52
1903 1395 1935 1421 In
1949 1394 2022 1421 Indis
2029 1396 2152 1428 Lycaon,
2171 1395 2215 1421 cui
2229 1394 2318 1422 iubata
2325 1395 2442 1422 traditur

1374 1431 1475 1457 ceruix.
1547 1431 1712 1464 Pomponius
1727 1430 1798 1456 Mela
1810 1439 1831 1461 3,
1846 1439 1874 1456 10
1893 1433 1923 1457 de
1938 1431 2073 1466 Aethiopia
2080 1431 2202 1465 scribens,
2224 1432 2289 1458 Sunt
2301 1437 2327 1458 et
2338 1431 2441 1458 saeuis„

1374 1467 1453 1494 simae
1465 1467 1538 1493 ferae
1552 1467 1628 1494 omni
1640 1467 1733 1493 colore
1745 1465 1816 1493 varii
1832 1465 1970 1499 lycaoneS‚
1986 1472 2011 1493 et
2031 1466 2120 1501 quales
2140 1467 2287 1502 accepimus
2307 1466 2441 1502 sphingas-

1413 1508 1430 1528 1.
1440 1510 1459 1528 Y
1471 1508 1488 1529 c
1503 1509 1520 1529 E
1533 1509 1547 1529 s
1557 1525 1566 1538 ,
1586 1503 1607 1530 i.
1626 1512 1662 1530 m.
1701 1502 1811 1535 Huuius,
1831 1502 1895 1528 idem
1911 1501 1956 1536 qui
1968 1509 1992 1528 et
2004 1503 2090 1536 Lycus.
2127 1503 2216 1530 Valer.
2238 1504 2339 1538 Argon.
2353 1513 2378 1536 4,
2394 1511 2439 1536 7¹9

1368 1539 1448 1571 ‘Qias
1464 1538 1578 1572 Tanais,
1599 1539 1736 1573 flauusque
1750 1539 1842 1571 Lyces,
1864 1538 2056 1573 Hypanisque,
2082 1539 2241 1574 Nomasque
2277 1538 2363 1566 Addat
2375 1546 2424 1574 ope

1373 1575 1592 1602 vid.LYCVs.
2387 1595 2389 1597 .
2424 1587 2427 1592 ¹

1412 1617 1430 1636 1.
1445 1617 1463 1637 Y
1479 1617 1496 1638 c
1511 1612 1560 1638 ἓν
1573 1617 1618 1644 Μ,
1637 1611 1681 1637 vel
1700 1617 1717 1638 1.
1729 1616 1777 1637 Yc
1789 1604 1886 1644 svin,
1906 1609 1927 1637 i.
1947 1619 1974 1639 n.
2011 1611 2078 1636 Nam
2093 1609 2191 1638 Λύκειον
2207 1617 2256 1646 per
2268 1622 2288 1637 ει
2301 1609 2444 1646 scribitur=

1870 1651 1872 1655 ⁴
1898 1648 1966 1672 Vnde
1986 1646 2208 1681 Peripateticorum
2230 1655 2314 1672 nomen
2335 1645 2441 1681 effitlst‘t.

1373 1683 1518 1710 Cic.Acad.
1540 1693 1560 1716 1,
1574 1692 1597 1716 17
1619 1683 1675 1716 Qui
1690 1688 1764 1709 erant
1779 1691 1840 1709 cum
1860 1682 2011 1716 Aristotele,
2031 1682 2199 1717 Peripatetici
2207 1681 2274 1709 dieii
2282 1682 2355 1708 sunt,-
2375 1681 2443 1716 quia

1372 1718 1540 1754 disputabant
1555 1719 1749 1746 inambulantes
1762 1719 1791 1745 in
1804 1717 1898 1751 Lycio.
1971 1719 2098 1751 Lyceum,
2112 1718 2171 1752 fuit
2184 1718 2258 1744 etiam
2280 1717 2447 1751 Gymnasium·

1377 1756 1506 1782 eii-crenis
1519 1756 1547 1781 in
1564 1755 1709 1818 Tugciulano,
1728 1765 1744 1781 a
1757 1755 1851 1780 nominc
1867 1754 1967 1790 scholae
1980 1753 2163 1790 Aristotelicae,
2184 1756 2214 1780 de
2230 1763 2275 1788 quo
2289 1752 2321 1780 de
2344 1752 2441 1780 Diuin.

1374 1801 1394 1824 1,
1408 1797 1421 1820 8
1435 1791 1475 1825 fic
1488 1791 1578 1826 refert,
1626 1800 1691 1826 uper
1706 1799 1789 1825 quum
1806 1791 1883 1816 essem
1897 1799 1957 1816 cuin
1973 1791 2026 1823 Qu.
2041 1789 2133 1816 Fratre
2142 1789 2172 1815 in
2179 1789 2337 1816 Tusculano
2351 1788 2442 1823 dispu-

1372 1834 1456 1854 tatum
1471 1827 1515 1854 est.
1588 1827 1659 1854 Nam
1674 1835 1756 1861 quum
1771 1826 1926 1852 ambulandi
1940 1827 2013 1852 causa
2027 1826 2056 1851 in
2078 1826 2195 1857 Lyceum
2215 1825 2374 1852 veniss'emus
2391 1824 2438 1857 (id

1372 1863 1446 1889 enim
1461 1863 1595 1898 superiori
1608 1862 1743 1898 gymnasio
1755 1871 1854 1889 nomen
1867 1861 1929 1895 esi‚)
1954 1861 2073 1896 Perlegi,
2094 1861 2141 1887 ille
2158 1861 2256 1896 inquit,
2276 1867 2353 1888 tuum
2365 1859 2440 1895 paul·
2457 1882 2459 1884 -

1371 1899 1398 1925 lo
1414 1905 1472 1925 ante
1488 1900 1596 1925 tertium
1610 1899 1641 1925 de
1656 1905 1750 1925 natura
1770 1898 1893 1924 deorum.

1407 1941 1424 1960 L
1435 1941 1453 1960 Y
1466 1940 1483 1960 c
1496 1936 1513 1961 Ε
1524 1941 1544 1960 V
1557 1940 1570 1959 S
1582 1953 1591 1966 ,
1614 1935 1632 1960 1.
1652 1943 1687 1960 iu.
1709 1932 1848 1969 [Λύκειος]
1869 1935 1945 1959 Mon:
1958 1933 2095 1966 Arcadiae,
2116 1933 2161 1967 qui
2173 1933 2240 1960 Pam*
2257 1934 2301 1960 deo
2309 1932 2384 1969 sacer
2394 1932 2441 1969 est,

1371 1976 1396 1995 et
1409 1970 1453 1994 vbi
1464 1971 1579 2003 templum
1586 1969 1696 1994 [aim-nis
1707 1969 1797 1995 Fanni.
1869 1971 1896 1993 Α
1908 1977 1954 2001 quo
1967 1968 2069 2001 Lycea,
2090 1969 2191 1994 ludicra
2203 1968 2242 1994 illi
2249 1968 2364 2004 sacrata,
2384 1968 2440 1995 Lu-

1370 2005 1484 2040 percalia
1499 2005 1589 2032 Latine
1602 2004 1692 2030 diz‘la„
1714 2003 1802 2030 Dictus
1815 2003 1879 2029 enim
1900 2004 1990 2037 Lyceus
2007 2005 2054 2029 ἄπδ
2066 2004 2115 2029 τῶν
2135 2003 2225 2035 λύκων,
2245 2006 2276 2029 id
2287 2004 2318 2039 2ss
2335 2014 2351 2030 a
2363 2005 2440 2040 lupis,
2462 2015 2466 2021 ²

1370 2042 1457 2073 quibam
1469 2048 1571 2075 propter
1579 2040 1753 2074 frequentiam
1764 2040 1882 2073 pecucr'um
1897 2039 2046 2064 abundabat.
2121 2038 2203 2065 Ouid.
2218 2039 2283 2065 Fast.
2297 2047 2319 2072 2,
2336 2048 2380 2071 ⁴24
2405 2042 2440 2065 de

1371 2076 1413 2099 luc
1425 2082 1502 2111 »nome
1515 2075 1637 2106 loquitur,
1659 2074 1734 2106 Qid
1747 2080 1818 2100 vetat
1832 2073 1947 2101 Arcadio
1961 2074 2048 2101 dietos
2061 2083 2075 2100 a
2088 2080 2181 2100 monte
2196 2074 2350 2109 Lupercos?
2370 2074 2440 2100 Fau-

1371 2116 1419 2133 nus
1437 2116 1464 2132 in
1480 2107 1591 2132 Arcadia
1604 2109 1702 2140 templa
1715 2108 1815 2137 Lyceus
1829 2108 1917 2135 habet.
1991 2111 2089 2135 Amnes
2110 2110 2189 2140 Lycei
2209 2110 2284 2142 Virg.
2299 2110 2398 2142 Georg.
2412 2118 2439 2145 3,

1370 2152 1392 2170 2.
1430 2142 1513 2169 Saltus
1528 2142 1609 2174 Lycei
1629 2142 1702 2169 Idem
1717 2141 1818 2168 ibidem
1834 2152 1852 2175 1,
1868 2145 1903 2169 16.
1976 2144 2052 2169 Culti
2065 2142 2168 2169 arbusta
2178 2144 2257 2174 Lycei
2279 2142 2361 2170 Ouid.
2371 2144 2440 2172 Met.

1369 2188 1400 2214 2,
1420 2188 1473 2212 7¹0·
1524 2204 1531 2211 ,
1547 2178 1623 2211 Virg.
1646 2178 1697 2204 Ecl.
1719 2187 1763 2210 io,
1783 2187 1806 2208 ις
1839 2178 1978 2205 Maenalus
1996 2184 2023 2205 et
2046 2178 2129 2214 gelidi
2154 2179 2287 2205 fleuerunt
2309 2178 2367 2205 saxa
2384 2179 2439 2211 Ly'-

1369 2215 1419 2277 2εέ
1435 2251 1452 2277 b
1467 2212 1571 2240 Viridis
1591 2214 1691 2245 Lyceus
1712 2213 1787 2240 Idem
1802 2213 1901 2249 Georg.
1922 2224 1946 2247 4,
1959 2223 2011 2248 539.
2086 2213 2232 2241 Vmbrosus
2253 2215 2354 2246 Lyceus
2372 2214 2434 2243 stat.

1368 2252 1398 2279 T
1419 2260 1432 2277 e
1455 2272 1461 2278 .
1481 2260 1501 2283 1,
1523 2253 1574 2282 363.
1904 2250 1912 2251 ’
2220 2265 2222 2268 v

1407 2294 1424 2313 1,
1436 2294 1455 2313 γ
1466 2292 1482 2312 c
1494 2288 1511 2314 E
1523 2293 1542 2311 ν
1555 2292 1584 2318 s,
1602 2294 1626 2319 a,
1648 2293 1703 2311 um.
1724 2285 1784 2312 Adi.
1805 2285 1930 2321 [λὸκειος]
1952 2285 2037 2314 Collis
2051 2286 2152 2318 Lyceus
2173 2285 2254 2312 Ouid.
2269 2286 2335 2314 Met.
2343 2287 2368 2320 ’1,
2377 2289 2436 2322 698.

1370 2322 1473 2349 Nemus
1488 2323 1605 2352 Lyceum
1625 2322 1698 2348 Idem
1715 2320 1780 2348 ibid.
1806 2327 1830 2354 8,
1841 2330 1886 2354 317.

1409 2365 1425 2384 L
1438 2364 1457 2383 Y
1471 2363 1488 2384 C
1502 2363 1524 2383 H
1537 2364 1559 2384 Α
1568 2364 1597 2389 s,
1616 2366 1655 2384 32.
1677 2366 1713 2384 m.
1733 2356 1859 2392 [Λῦχας]
1882 2359 1977 2384 Nomen
1984 2357 2084 2392 famuli
2097 2358 2227 2391 Herculis,
2253 2358 2294 2384 cm'
2311 2357 2439 2386 Deianira*

1369 2393 1458 2430 vestem
1471 2394 1591 2419 imbutam
1604 2402 1689 2418 cruore
1703 2391 1781 2427 Nefft,
1802 2395 1837 2419 ad
1849 2394 1965 2420 maritum
1974 2394 2153 2429 perferendam
2166 2395 2244 2420 dedit.
2318 2393 2360 2420 llle
2375 2403 2438 2420 vero

1368 2439 1442 2464 quum
1455 2429 1528 2465 iustis
1545 2429 1638 2455 ardore
1654 2435 1679 2454 et
1698 2437 1792 2454 veneno
1804 2429 2001 2465 consumeretur,
2013 2430 2106 2462 fin-ore
2119 2430 2187 2455 allus
2205 2430 2312 2463 Lyclmm
2325 2430 2353 2455 in
2367 2436 2439 2456 mare

1369 2466 1498 2495 Euboicum·
1512 2475 1542 2491 ex
1563 2466 1627 2490 Oeta
1640 2471 1718 2490 mame
1735 2465 1834 2499 deiecit,
1853 2466 1897 2499 qui
1917 2464 1968 2491 illic
1979 2465 2006 2490 in
2015 2464 2140 2500 scopulum
2159 2472 2269 2490 mutatus
2279 2465 2359 2500 fmssi‘
2371 2465 2438 2491 diti.

1369 2508 1421 2528 tur.
1497 2501 1613 2527 Fabulam
1629 2501 1689 2526 vide
1700 2503 1767 2535 apml
1786 2500 1868 2527 Ouid.
1881 2502 1945 2528 Met.
1959 2509 1983 2535 9,
2000 2496 2044 2527 226
2065 2508 2138 2535 quam
2153 2500 2192 2525 his
2202 2500 2313 2531 versibus
2325 2501 2438 2528 claudie:

1478 2537 1560 2564 Nunc
1581 2545 1689 2570 quoque
1703 2537 1731 2562 in
1748 2536 1867 2564 Euboico
1880 2537 2002 2570 scopulus
2016 2535 2106 2562 breuis
2120 2535 2220 2562 eminet
2237 2534 2289 2561 alte

1479 2573 1601 2607 Gurgite,
1621 2579 1646 2598 et
1660 2572 1789 2598 humanae
1810 2573 1895 2598 seruat
1909 2572 2020 2605 vestigia
2035 2572 2148 2605 formae,

1478 2610 1569 2642 Qiem
1582 2608 1653 2644 quasi
1670 2609 1806 2635 sensurum
1818 2613 1912 2636 nautae
1932 2608 2030 2634 calcare
2049 2612 2190 2641 verentur,
2236 2637 2240 2642 ,

1480 2645 1671 2680 Appellantque
1687 2644 1802 2676 Lyctum.
2398 2654 2403 2657 ·

1406 2688 1424 2708 L
1438 2687 1458 2707 γ
1470 2687 1487 2707 c
1502 2687 1522 2707 Η
1535 2687 1556 2706 Ν
1567 2687 1578 2707 1
1590 2687 1618 2713 S,
1638 2681 1697 2708 i'dis.
1719 2682 1737 2706 f.
1757 2681 1878 2717 [Αυχιὶς]
1898 2681 1997 2707 Herbac
2005 2688 2094 2716 genus.
2151 2679 2215 2707 Flos
2233 2678 2347 2708 aestiuus
2366 2679 2437 2708 Plin-

1369 2727 1403 2750 21,
1419 2726 1438 2743 11
1462 2717 1477 2742 s.
1492 2726 1519 2748 3‘)
1540 2724 1585 2742 etc.
1658 2716 1695 2742 Id.
1710 2717 1776 2743 Piin.
1793 2726 1824 2748 31,
1839 2726 1856 2750 4
1871 2718 1888 2744 s.
1905 2727 1932 2743 10
1960 2719 1991 2742 de
2011 2716 2087 2749 rufis,
2103 2715 2162 2742 Nec
2176 2715 2260 2742 odore
2282 2725 2329 2742 nec
2349 2716 2438 2751 specie

1368 2752 1516 2788 probabilis
1528 2752 1574 2783 211,
1594 2759 1660 2785 quae
1670 2752 1771 2778 Graeca
1784 2753 1931 2786 appellatur
1943 2761 1955 2777 a
1965 2752 2072 2785 nostris,
2087 2760 2100 2777 a
2115 2753 2224 2778 Graccis
2237 2751 2364 2784 Lychnis‚
2378 2761 2436 2779 non

1368 2789 1416 2815 nisi
1431 2788 1459 2814 in
1475 2788 1591 2814 humidis
1606 2787 1670 2813 locis
1688 2788 1862 2823 proucuiens,
1881 2799 1929 2816 nec
1945 2797 2062 2823 vnquam
2075 2788 2203 2814 excedens
2225 2789 2345 2823 quinque
2357 2788 2438 2822 solia,

1367 2825 1511 2858 violaeqae
1527 2823 1719 2857 magnitudine,
1739 2824 1822 2850 odore
1836 2825 1921 2852 nullo.
2081 2821 2103 2862 q
2125 2833 2137 2850 2
2158 2822 2197 2859 [st
2210 2831 2348 2858 etgensmu.
2367 2824 2438 2851 Ptin.

1367 2870 1403 2893 37=
1417 2870 1428 2893 7
1451 2860 1469 2886 s.
1486 2869 1513 2893 ²9
1534 2860 1570 2886 Ex
1586 2868 1681 2894 genuere
1695 2857 1847 2887 ardentium
1861 2860 1977 2893 Lychnis
1991 2860 2118 2896 appellata
2131 2868 2146 2887 a
2159 2859 2329 2886 lucernarum
2345 2868 2437 2887 accen-

1367 2897 1406 2930 su,
1425 2903 1512 2922 tamen
1528 2896 1669 2931 praecipue
1683 2897 1791 2930 gratiae.
1829 2898 1927 2932 Rvpsit
1946 2897 2005 2924 lfid.
2028 2900 2062 2931 16,
2078 2905 2108 2929 13.
2198 2908 2200 2910 ’

1409 2939 1425 2959 L
1438 2939 1457 2957 Υ
1467 2938 1484 2959 C
1499 2939 1518 2958 Η
1532 2940 1552 2958 N
1562 2933 1576 2957 f
1586 2938 1605 2957 'l'
1619 2938 1633 2957 'e'
1644 2939 1674 2967 S,
1696 2932 1725 2958 is.
1747 2942 1782 2959 ni.
1805 2933 1965 2968 [Λυχιίτης]
1984 2933 2088 2968 Lapidis
2097 2941 2187 2968 genus,
2206 2933 2237 2957 de
2249 2940 2295 2966 quo
2314 2930 2381 2957 Plin.
2396 2931 2437 2966 36,

1368 2978 1380 3000 5
1401 2963 1501 2995 Oti-:vies
1516 2974 1600 2994 antem
1617 2974 1719 2995 tantuin
1735 2969 1847 2995 candido
1860 2977 1996 2996 marmore
2011 2968 2048 2995 vsi
2063 2969 2121 2995 sunt
2134 2968 2222 2994 eParo
2234 2966 2329 3001 insula,
2355 2975 2437 3001 quem

1367 3004 1482 3040 lapidem
1498 3013 1610 3038 coepere
1629 3004 1774 3036 lychnitein
1788 3005 1932 3040 appellare,
1951 3005 2081 3041 quoniam
2100 3004 2131 3031 ad
2145 3004 2265 3030 lucernas
2285 3003 2313 3028 iu
2328 3004 2436 3030 cunicu-

1368 3042 1401 3067 lis
1417 3040 1579 3073 caederetur,
1600 3047 1629 3066 vt
1643 3041 1737 3067 auc'lor
1750 3041 1786 3068 est
1803 3043 1903 3076 Varro,
1922 3040 2014 3068 multis
2027 3040 2118 3076 postea
2130 3037 2331 3068 candidioribus
2344 3047 2436 3074 reper-

1369 3078 1411 3104 tis.
1485 3080 1509 3102 A
1520 3079 1555 3103 td.
1571 3076 1639 3104 Plin.
1657 3086 1698 3110 37,
1713 3086 1735 3109 7.

1407 3120 1423 3139 L
1433 3121 1452 3139 Y
1464 3119 1480 3139 C
1492 3119 1513 3139 H
1528 3119 1547 3138 Ν
1563 3112 1607 3140 ΓΤ
1618 3120 1627 3138 i
1643 3119 1657 3139 S
1668 3134 1677 3146 ,
1698 3113 1759 3140 i'dis.
1786 3113 1806 3141 f.
1834 3114 1983 3149 [λυχνία-ιι]
2012 3112 2226 3148 Herbaespecies:
2253 3112 2284 3136 de
2296 3120 2345 3144 qua
2366 3110 2436 3139 Plin-

1369 3160 1404 3184 25,
1428 3159 1454 3176 10
1476 3150 1493 3175 s.
1507 3159 1533 3181 74
1555 3149 1620 3176 Sunt
1634 3157 1659 3175 ct
1673 3148 1823 3183 phlomides
1838 3151 1904 3177 duae
1919 3150 2036 3177 hirssitae
2072 3161 2125 3168 -—-
2144 3147 2242 3174 Tertia
2255 3145 2381 3178 lychnitis
2390 3155 2438 3174 vo.

1368 3193 1451 3218 catur⁷
1470 3185 1503 3212 ab
1518 3185 1576 3211 aliis
1592 3184 1743 3218 Thryallis,
1764 3186 1840 3212 foliis
1860 3186 1958 3220 ternis,
1978 3190 2023 3211 aut
2041 3193 2101 3210 cum
2120 3183 2268 3219 plurimum
2289 3182 2438 3217 quaternis,

1368 3222 1462 3254 crassis,
1482 3220 1693 3256 pinguibusque,
1710 3222 1743 3248 ad
1758 3222 1927 3249 lucernarum
1940 3220 2043 3248 lumina
2059 3219 2135 3255 aptis,
2156 3221 2174 3245 i.
2194 3222 2228 3245 ad
2238 3218 2374 3252 ellychnia,
2390 3227 2437 3244 vn.

1312 3262 1340 3287 85
1368 3261 1398 3285 de
1429 3267 1513 3283 ncmcn
1546 3256 1586 3292 est.

1405 3301 1421 3321 L
1433 3301 1453 3320 Y
1465 3299 1513 3319 cu
1527 3299 1548 3318 N
1562 3291 1600 3319 i¹c
1612 3299 1632 3318 v
1649 3299 1680 3327 s,
1703 3303 1727 3327 a,
1747 3302 1802 3320 um.
1823 3292 1885 3319 Adi.
1923 3292 2035 3328 Lapides
2051 3291 2168 3323 lychnici
2188 3290 2289 3325 Hygin.
2310 3289 2371 3317 Fab.
2392 3297 2433 3321 223

1362 3329 1423 3367 sunt
1444 3330 1565 3356 Marmor
1584 3329 1727 3357 candidum
1742 3338 1755 3356 2
1768 3331 1834 3356 Paro
1850 3328 1945 3362 insula,
1965 3327 2039 3363 quod
2056 3334 2082 3354 et
2095 3326 2430 3362 Lychnitenappellauerc.

1371 3366 1441 3401 Confi
1458 3366 1523 3392 Pliu.
1541 3367 1578 3397 36,
1593 3375 1613 3393 ς.
2031 3375 2033 3379 ·

1409 3408 1426 3429 L
1437 3409 1455 3429 Y
1466 3408 1483 3428 c
1493 3407 1513 3428 H
1526 3407 1548 3426 N
1564 3407 1583 3425 v
1597 3408 1610 3427 S
1623 3423 1630 3436 ,
1660 3402 1680 3428 i.
1699 3410 1735 3427 m.
1758 3400 1881 3436 [Λύχνος]
1907 3401 1996 3427 Latine
2009 3402 2121 3427 Lucerna
2129 3399 2230 3425 dicitur.
2303 3396 2390 3422 Varro
2399 3396 2432 3423 de

981 3437 1020 3464 Sit
1036 3436 1113 3462 semel
1129 3435 1176 3462 illa
1190 3445 1251 3461 mco
1264 3436 1303 3462 lu-
1313 3446 1347 3470 90
1369 3440 1398 3466 L.
1419 3438 1450 3465 L.
1463 3448 1491 3472 4,
1505 3446 1529 3465 ες
1551 3437 1671 3464 Lucerna
1684 3436 1764 3463 alucc
1778 3436 1849 3464 dicta
1862 3436 1912 3463 cst:
1930 3443 1974 3463 aut
1991 3436 2024 3463 ab
2039 3445 2082 3470 co,
2093 3435 2165 3470 quod
2180 3431 2377 3461 vocantGraeci
2389 3432 2432 3459 Λύ-

1371 3486 1434 3507 xva».
1484 3473 1539 3500 Cic.
1552 3473 1605 3506 Qu.
1615 3474 1698 3500 Fratr.
1715 3482 1756 3507 s,7
1779 3474 1854 3499 Hanc
1868 3472 1955 3507 scripsi
1968 3472 2134 3504 antelucem,
2150 3471 2180 3498 ad
2195 3468 2319 3501 lychnum
2329 3469 2431 3503 ligneo-

1370 3510 1437 3543 lum,
1457 3509 1503 3544 qui
1520 3509 1586 3535 milii
1600 3516 1655 3535 erat
1671 3509 1858 3543 periucundus,
1884 3508 1955 3543 quod
1970 3518 2030 3535 eum
2046 3514 2071 3534 te
2086 3508 2197 3537 aiebant,
2218 3512 2300 3537 quum
2313 3505 2375 3530 elles
2389 3505 2431 3532 Sa-

1782 3546 1917 3578 chituret
1939 3544 2142 3577 Lychnuchum,
2152 3540 2431 3610 ggxddlglhbgggsgxge

2353 3611 2431 3647 Virg.

1371 3546 1420 3575 1111,
1440 3546 1536 3572 curasse
1550 3543 1710 3571 faciendum.

1372 3584 1402 3607 dc
1416 3580 1580 3616 vj'uctpraigll.
1591 3580 1712 3606 AmmT.
1728 3590 1734 3606 1
1756 3590 1782 3615 p.
1797 3590 1846 3613 170.
1884 3581 1957 3608 Idem
1966 3590 2016 3615 pro
2024 3580 2133 3609 Cael.·67

1844 3617 1988 3643 Pendentes
2001 3615 2089 3648 lychni
2109 3612 2213 3638 Lucret.
2225 3621 2246 3644 5,
2260 3613 2315 3645 296.

1372 3655 1436 3681 Aen.
1453 3665 1469 3687 ι,
1482 3663 1527 3685 730
1547 3652 1700 3687 Dependent
1715 3652 1803 3684 lychni
1827 3652 1996 3687 laquearibus
2016 3649 2101 3679 aureis
2122 3647 2229 3673 Incensi.

1408 3696 1423 3715 1v
1437 3697 1454 3715 Υ
1468 3696 1486 3717 c
1498 3695 1519 3716 H
1530 3696 1551 3716 N
1561 3689 1582 3714 ὗ
1593 3693 1610 3714 C
1623 3693 1643 3714 H
1657 3694 1678 3713 V
1690 3695 1703 3713 S
1712 3709 1720 3720 ‚
1739 3688 1757 3715 i.
1777 3699 1812 3716 m.
1833 3689 1985 3723 [Λυχνέχας]
2006 3684 2091 3713 Dicitu
2112 3682 2429 3719 ,Qiaqaidlm-ernamsu.

1370 3724 1451 3757 [linet.

1363 3755 1369 3760 ⁶
1525 3725 1591 3751 Plin.
1609 3734 1645 3759 34,
1659 3734 1669 3756 3
1692 3725 1814 3751 l'lacucre
1829 3732 1854 3751 ct
1868 3722 2007 3758 lychnuchi
2021 3719 2130 3753 pensiles
2144 3729 2173 3746 111
2193 3718 2310 3745 delubris
2331 3724 2375 3745 aut
2390 3727 2429 3746 ar-

1371 3760 1467 3787 borum
1482 3761 1563 3787 modo
1577 3760 1644 3786 mala
1661 3760 1806 3787 ferentium
1820 3761 1944 3791 lucentes.

2016 3756 2123 3782 Sueten.
2141 3756 2168 3781 in
2188 3755 2260 3782 Caes.
2280 3764 2306 3788 37
2336 3755 2429 3781 Ascen-

877 3798 996 3824 Aunosux
1010 3797 1125 3830 Lyaeus,
1158 3797 1246 3822 Vinum
1260 3807 1302 3822 ve.
1313 3803 1360 3821 100
1369 3797 1461 3830 disque
1475 3796 1637 3831 capitolium
1652 3795 1681 3821 ad
1698 3796 1808 3833 lumina,
1828 3793 1996 3831 quadraginta
2011 3791 2158 3826 elephantis
2173 3791 2264 3817 dextra
2276 3796 2355 3824 atque
2369 3790 2429 3817 sini·

1369 3832 1417 3859 stra
1433 3832 1595 3864 lychnuchos
1609 3832 1778 3866 gestantibus.

1367 3878 1417 3894 mus
1431 3877 1497 3893 mmm
1512 3878 1537 3892 ln
1559 3874 1618 3894 LYC
1628 3875 1647 3893 H
1656 3875 1674 3893 N
1684 3875 1700 3894 Υ
1709 3875 1721 3894 S
1729 3890 1734 3895 .

1406 3910 1421 3930 1.
1432 3911 1450 3929 x
1461 3909 1478 3930 c
1491 3910 1511 3929 H
1525 3910 1546 3929 N
1560 3910 1579 3930 0
1590 3910 1604 3930 13
1618 3911 1624 3929 1
1642 3912 1647 3929 1
1662 3922 1670 3935 ,
1695 3914 1782 3932 orum,
1802 3913 1836 3931 m.
1855 3900 1890 3936 pl.
1906 3900 2045 3934 [λυχνεβισι
2067 3899 2123 3933 Qii
2139 3898 2170 3925 ad
2184 3897 2333 3925 Lucernam
2342 3897 2427 3925 vitam

1367 3939 1464 3974 degunt
1485 3940 1573 3966 Senec.
1590 3940 1665 3974 Epist.
1681 3950 1718 3968 122
1739 3948 1804 3968 extr.
1839 3937 1940 3964 Dictum
1954 3937 1982 3962 in
2004 3945 2066 3970 eum,
2081 3936 2125 3972 qui
2132 3935 2249 3972 peruerse
2262 3935 2324 3961 Dici
2343 3942 2427 3959 mune.

1853 3831 1919 3860 ΑΜ.
1940 3827 1997 3854 Cic.
2013 3827 2044 3854 ad
2059 3829 2097 3861 Q
2113 3829 2197 3855 Fratr.
2213 3837 2235 3860 3,
2249 3836 2262 3859 7
2279 3835 2348 3861 quem
2361 3827 2429 3853 dedi.

1313 3986 1358 4010 ¹05
1367 3986 1398 4002 ra
1410 3977 1437 4003 in
1451 3976 1541 4003 noc‘lem
1559 3977 1691 4010 conferret.

2307 4009 2427 4038 uem,
