2517 4231
70 255 144 294 ¹¹25
472 243 502 282 P
586 242 617 282 R
702 242 740 283 O
1606 240 1634 280 P
1722 238 1754 278 R
1836 243 1872 281 Ο
2178 253 2270 292 1126

72 331 156 359 Marc.
169 339 192 364 3,
205 340 251 359 120
271 331 382 366 Magnus
395 340 441 358 rex
455 338 535 367 atque
550 332 689 368 propheta.
708 330 738 358 de
750 328 858 358 nauide.
914 330 1082 359 ldem'nomcn
1097 331 1136 359 Ie·
1206 327 1299 355 Tacit.
1313 328 1383 369 nnn.
1401 335 1438 363 ις,
1461 331 1505 356 60.
1597 330 1627 357 ln
1642 330 1797 365 propinquo
1817 329 1877 356 sunt
1900 331 1989 369 Castra
2011 336 2072 364 Liu.
2092 347 2137 373 24,
2156 344 2184 373 33
2204 348 2267 368 ‘mr'

71 371 163 396 remim·
176 368 299 394 tribuitur
315 367 347 394 ab
361 368 460 394 Eodem
475 368 511 396 ib.
528 378 552 395 v.
569 371 624 401 169.
1206 365 1238 391 111
1255 374 1408 400 propinquo
1424 366 1568 392 Certamen
1583 373 1648 398 crat,
1667 366 1720 393 υίιί.
1743 373 1776 392 ιΝ
1798 367 2010 401 ΡναιῬο]1ιι“ο)ιι·ιη.
2120 375 2141 412 ff
2164 385 2179 402 2
2211 378 2268 412 Spe-

114 409 130 429 Ρ
144 409 162 429 R
171 409 190 430 ο
201 410 216 429 Ρ
226 409 248 429 Η
259 404 276 430 ἑ
285 410 307 429 Τ
318 411 324 429 1
337 409 365 434 S,
393 403 457 430 niis:
494 411 517 430 ct
543 411 557 429 1¹
567 411 585 431 R
595 410 638 431 ol’
649 409 669 429 Η
678 409 694 429 Ρ,
703 407 725 427 Τ
736 408 743 427 1
755 408 768 428 S
777 407 790 427 S
799 408 821 429 A
830 422 839 435 ‚
858 410 896 429 ae.
922 403 942 429 f.
978 403 1138 440 [προφητίς]
1207 404 1294 426 cratim
1308 402 1452 436 propinqui
1468 402 1529 438 jun!
1545 403 1680 437 virctflimte
1693 403 1831 439 sanguinis
1843 403 1883 429 vcl
1898 401 2021 437 affinitate
2033 413 2168 438 conium-71.
2212 413 2270 439 Cic.

73 439 145 475 Qcae
155 438 253 475 futura
265 439 404 475 pracdmt.
441 440 563 467 Tei-tull.
580 439 612 466 de
630 437 782 473 Praescript.
803 447 825 465 c.
840 446 874 472 5¹·
918 441 988 475 conj.
1021 438 1086 473 1241]ss
1109 442 1138 465 cie
1210 435 1242 462 de
1261 437 1370 463 Amicit.
1387 446 1416 469 ¹9
1436 439 1527 472 ltaque
1542 439 1613 465 ciues
1627 439 1746 473 potiores
1759 439 1818 465 sunt
1832 446 1913 474 quam
1926 440 2070 479 peregri—ni,
2085 452 2108 470 eg
2124 449 2270 484 propinqui

75 475 106 501 1„
121 475 151 500 L,
166 484 187 507 1,
203 484 238 501 12,
1168 480 1182 508 5
1228 480 1288 497 uam
1303 473 1395 501 alicui.
1433 474 1503 510 conf.
1523 475 1592 500 Suet.
1608 475 1681 501 Caes.
1703 484 1724 501 c.
1739 483 1759 500 1.
1855 475 2088 510 Consanguinitate
2107 489 2272 518 propinquus

113 516 182 537 PRO
193 517 206 536 1¹
217 518 237 537 Η
248 518 264 538 Ε
274 517 294 536 Τ
305 513 352 542 TA,
374 520 412 538 ae.
431 512 451 538 f.
488 509 657 546 [προφητεία]
697 509 834 546 Inspiratio
848 511 888 536 vel
908 511 1026 536 rem-latio
1041 509 1140 542 diuina,
1234 507 1287 547 irg.
1301 509 1365 535 Aen.
1380 517 1405 542 2,
1418 512 1459 538 86.
1570 510 1625 536 Cic.
1643 519 1691 544 pro
1705 511 1825 537 Muraen.
1841 518 1872 545 73
1895 511 1979 545 Virgo
1988 511 2097 538 Vestalis
2116 515 2192 543 huius
2211 530 2271 553 pro.

74 553 160 572 rerum
175 554 274 573 “uetitus
287 548 437 573 immutabili
450 551 557 574 ueritate
574 545 733 571 denuntians.
770 546 890 572 Tertull.
904 545 937 572 de
951 547 1047 572 Anima
1065 555 1087 571 c.
1103 553 1138 577 35.
1213 552 1313 578 pmqua
1328 552 1353 570 et
1368 546 1516 572 nccell'aria.
1596 546 1668 572 ldcm
1685 555 1733 580 pro
1747 547 1845 573 Milon.
1860 555 1877 582 7
1907 546 1956 573 Etsi
1977 547 2155 582 aequabiliter
2168 553 2194 578 in
2207 565 2272 581 rem.

77 581 148 608 Add.
167 583 206 609 Id.
221 583 332 610 Exhort.
347 584 415 610 Cast.
431 593 452 609 c.
466 592 492 616 4.
511 589 534 609 et
547 580 580 607 de
593 581 745 616 Praescript.
759 591 780 608 c.
796 590 830 615 51.
850 588 874 608 et
887 581 947 608 adu.
961 583 1121 614 Marc.1‚10.
1213 579 1363 614 publicam,
1385 580 1413 606 in
1428 582 1560 615 priuatos,
1575 581 1603 607 in
1618 582 1793 617 Longinquos
1803 603 1811 615 ,
1827 583 1854 608 in
1873 584 2055 618 propinqum,
2068 584 2096 610 in
2111 586 2226 620 alienos,
2244 592 2272 618 jn

115 624 130 643 p
143 624 160 644 R
172 625 191 644 0
203 626 217 645 p
228 625 249 645 Η
262 621 308 645 Εἰ·
319 628 354 651 0,
380 624 433 646 fise,
470 616 648 653 [προφητεύω]
687 618 841 644 Prot-(licere.
899 617 1019 644 Tei-tull.
1035 617 1067 644 de
1082 616 1141 644 Res.
1214 617 1274 642 suos
1289 615 1418 642 irruebat.
1514 617 1624 644 Arciior
1639 626 1704 644 vcro
1726 619 1864 652 colligatio
1884 619 1918 645 est
1934 620 2042 646 societas
2061 622 2275 656 propinquonuu

75 653 185 681 Carme.
201 659 239 685 28.
275 655 390 682 Hieron.
400 654 478 689 Epist.
492 660 533 685 103
549 662 570 678 c.
585 661 610 686 7.
648 653 771 680 Prudent.
790 653 933 688 Peristeph.
951 662 984 686 13,
1000 662 1050 680 101.
1079 653 1141 688 pisi.
1165 663 1196 682 ιο
1214 651 1287 678 Idem
1302 651 1355 678 Off·
1379 661 1399 684 Ι,
1414 659 1448 684 33-
1509 687 1513 691 ⁵
1558 654 1620 680 Cari
1635 653 1784 689 propinqui
1806 655 1873 681 Hor.
1887 656 1970 681 Serui.
1987 664 2005 687 1,
2021 664 2052 688 11,
2066 661 2094 688 83
2167 659 2275 692 Propin.

75 689 168 716 Bdmh·
180 691 215 716 ml
225 690 318 718 Claud·
334 692 456 718 Mfflnfft·
469 697 493 723 p,
508 694 562 719 238-
584 695 608 714 ct
621 688 708 716 (jz-1121„
722 690 780 716 Cur,
812 687 856 722 (fi
866 696 894 724 p,
909 694 962 719 25¹⁰.
1214 689 1261 722 qui
1278 687 1439 722 cognatique
1458 692 1561 721 optime
1575 692 1765 716 conuenientes
1784 690 1841 716 Cic.
1854 700 1903 725 pro
1916 692 1992 718 Rosc.
2007 693 2097 719 Amer.
2114 695 2147 726 96
2218 695 2278 721 Τυ-

115 731 156 751 PR
168 730 387 758 01¹1—tETiz‹),
413 730 463 752 fure.
502 724 579 759 Vulg.
601 725 698 760 Interp.
721 726 788 752 Matt
810 744 816 750 .
829 727 873 754 26,
887 729 928 755 68.
1214 723 1267 751 tela
1285 725 1360 750 abeat
1380 722 1412 749 ad
1433 723 1508 749 sanos
1527 726 1694 759 propinquos
1726 727 1794 752 Hor.
1812 726 1893 754 Serm.
1910 736 1936 760 2,
1957 737 1976 759 3,
1997 733 2070 762 218„
2163 729 2278 765 Compar.

119 767 134 787 Ρ
147 769 193 789 Ro
204 769 246 789 ΡΗ
257 769 272 788 E
284 763 399 790 ΤιᾹιί
411 768 435 794 s,
456 770 479 787 e.
517 760 636 787 Tertull.
651 763 711 787 adu.
727 761 832 788 Valent.
853 769 874 786 c.
890 766 930 790 28.
1216 761 1303 787 Varro
1322 760 1350 785 L.
1361 759 1390 785 L.
1406 766 1432 793 7,
1449 764 1476 791 38
1498 760 1577 786 Casus
1593 762 1812 796 propinquiores.
1898 763 1972 789 Idem
1989 772 2017 796 9,
2036 772 2053 790 2
2077 765 2277 801 Propinquiora

117 803 132 823 ι’
144 805 190 824 Ro
200 805 215 824 Ρ
225 805 246 825 Η
256 805 272 824 ι·
282 805 304 824 Τ
314 799 360 825 fir.
370 805 379 824 1
389 806 400 825 s
410 817 418 829 ‚
443 807 466 823 e.
505 797 618 824 Hieron.
629 797 742 832 Epist.7.
768 795 891 828 Chrysol.
909 798 992 823 Serui.
1009 801 1051 830 84.
1087 795 1143 824 vid.
1216 804 1314 831 genere
1335 795 1405 821 inter
1420 795 1445 820 sc
1459 795 1550 822 verba.
1585 799 1655 832 conj.
1677 798 1758 824 Ouid.
1772 797 1860 824 Trist.
1875 807 1903 831 4,
1916 808 1942 832 4,
1956 807 1991 832 51.

77 831 218 861 Fortunat,
232 834 319 861 carm,
332 842 360 866 4,
376 839 413 865 {S-
1164 845 1193 872 ¹5
1250 839 1267 858 Ρ
1277 838 1296 858 R
1306 838 1368 859 01²1
1381 837 1401 856 Ν
1413 836 1463 868 QV
1478 829 1519 856 ΓΤ
1529 839 1550 859 Α
1560 840 1584 865 S,
1608 833 1667 858 atis.
1689 833 1709 858 f.
1745 833 1910 867 ConiunHr'o,
1930 838 2061 861 vicinitas.
2119 837 2175 863 sic.
2189 837 2242 864 Off.
2257 846 2280 872 3,

114 876 129 895 1‘
143 876 160 895 R
174 876 194 897 ο
204 877 248 896 ΡΗ
260 876 277 896 Ε
288 875 310 896 Τ
322 868 357 896 i'C
367 876 384 895 x·
395 879 418 901 s,
437 878 460 900 a,
480 878 535 895 um.
573 867 814 896 Tert=111.Exhort.
828 867 896 894 Cast.
910 876 931 894 c.
942 876 970 893 ιο
984 874 1030 894 etc.
1080 869 1145 895 Pru·
1217 870 1254 902 46
1274 877 1296 894 c.
1311 876 1333 894 ιι
1359 866 1452 894 Ninus
1467 867 1539 893 enim
1558 868 1717 894 imminebat
1736 876 1845 904 propter
1866 871 2096 906 propinquitatem
2117 868 2219 907 Regina
2239 875 2280 901 Pi-

79 903 152 932 dent.
167 905 287 932 Cathem.
302 913 329 940 7,
345 913 391 940 179
409 907 637 940 Praenuucupatus
651 913 699 931 ore
713 905 761 939 qui
775 903 936 939 prophetico
956 904 1084 930 Emanuel
1099 904 1144 931 est.
1216 912 1305 931 raeco.
1386 903 1446 929 Liu.
1462 909 1506 935 38,
1524 912 1557 939 27
1573 912 1637 931 cnr.
1670 905 1727 940 Ipse
1745 905 1815 937 (iam
1832 908 1904 932 enim
1926 907 2044 933 medium
2058 909 2188 935 Autumni
2205 913 2280 942 erat)

77 941 149 976 conj-
172 940 246 967 Idem
260 941 402 976 peristeph·
418 950 456 975 ¹4,
471 944 522 974 ⁶3¹·
1217 941 1284 967 locis
1314 939 1410 974 gelidis
1436 940 1639 975 propinquitate
1662 940 1753 967 Tauri
1782 942 1880 968 montis
1900 942 2028 969 excedere
2054 952 2211 979 properans,
2232 953 2279 973 etc.

114 983 129 1002 Ρ
139 982 158 1002 R
170 982 211 1003 OP
223 983 298 1004 HET
309 977 346 1004 ic
357 985 383 1004 h.
412 977 480 1004 Adu.
523 975 643 1004 Tei-tull.
658 975 691 1002 de
703 976 814 1011 Monog.
830 984 853 1001 c.
867 983 895 1008 4.
942 974 1082 1009 Augustin.
1095 976 1144 1010 Ep.
1217 976 1405 1011 Propinquitas
1419 974 1483 1008 loci,
1504 983 1527 1002 ct
1544 977 1752 1011 Longinquitas,
1772 982 1910 1005 contraria.
1966 980 2022 1005 C1e.
2038 979 2071 1005 de
2085 981 2188 1008 lnucnt.
2204 991 2222 1013 1,
2244 988 2280 1015 38.

76 1020 106 1046 ¹9
126 1021 147 1038 c.
161 1021 174 1045 3
190 1020 236 1039 etc,
1164 1029 1199 1048 20
1216 1011 1359 1046 [α’γχιςεὶκ]
1375 1010 1508 1045 Affinitas.
1563 1014 1621 1039 Cic.
1635 1014 1667 1039 de
1681 1013 1788 1040 Amicit.
1807 1022 1838 1046 50
1867 1016 1901 1040 Vt
1916 1014 2000 1041 bonos
2017 1014 2082 1041 boni
2098 1016 2224 1052 diligant,
2237 1019 2279 1045 ad.

114 1054 128 1076 Ρ
138 1055 156 1074 R
166 1055 244 1075 01·Η
256 1056 275 1076 0
285 1055 303 1075 R
316 1055 336 1075 ο
347 1057 368 1076 N
378 1069 386 1081 ‚
419 1050 462 1075 vel
481 1056 495 1075 P
504 1056 521 1075 R
531 1054 574 1074 OP
584 1054 604 1073 Η
617 1053 636 1072 V
649 1054 667 1074 R
678 1054 699 1073 v
709 1053 744 1080 M,
771 1046 790 1074 i.
819 1056 845 1073 n.
886 1045 1028 1074 Proicflwn
1050 1046 1146 1080 domus,
1218 1048 1379 1082 sciscantquc
1392 1047 1441 1073 tibi
1455 1047 1526 1082 quasi
1541 1049 1639 1085 propin
1663 1049 1744 1075 nitate
1762 1050 1919 1076 coniunctos
1937 1058 2016 1085 atque
2031 1057 2133 1079 natura.
2218 1055 2282 1081 Pro.

78 1083 250 1112 llsocnianum.
288 1086 347 1111 Vet.
362 1085 442 1112 Glon'.
469 1084 624 1111 Peribulum
635 1103 644 1116 ,
663 1082 715 1117 (fic
729 1085 776 1119 leg.
788 1090 838 1119 pro
852 1083 1038 1114 Patribultnn)
1057 1084 1147 1119 πρᾶφο-
1218 1083 1365 1120 pinquitas,
1375 1089 1401 1110 et
1420 1082 1533 1110 affinitas
1554 1085 1627 1111 Caes.
1666 1106 1670 1110 .
1686 1085 1718 1111 G.
1732 1094 1758 1118 2,
1769 1095 1797 1119 4.
1895 1086 2075 1122 Municipium
2096 1090 2282 1124 propinquita-

103 1131 122 1146 ν.
172 1119 358 1153 Κιζβίεαεηάιυη
380 1130 464 1147 noim-n
479 1124 553 1147 ctiam
574 1120 724 1154 Pomponio
747 1120 765 1145 l.
780 1128 840 1154 pen.
856 1118 883 1145 ff.
909 1119 941 1146 de
956 1120 990 1146 V.
1009 1119 1032 1146 S.
1070 1119 1146 1146 Idem
1218 1127 1245 1147 te
1262 1128 1345 1155 paene
1360 1119 1506 1146 finitimum
1527 1121 1584 1147 Cic.
1594 1120 1709 1156 Philipp.
1724 1130 1779 1155 3,15
1793 1123 1848 1148 c.6.
1943 1123 1969 1149 Si
1984 1126 2081 1158 pietate
2095 1126 2285 1160 propinquitas

66 1130 170 1182 {abeo
185 1157 223 1184 ait
236 1157 412 1192 Prophorum,
422 1156 448 1183 id
463 1155 499 1183 est
514 1157 624 1187 Iterum,
637 1155 710 1189 quod
729 1155 757 1181 in
773 1155 885 1182 aedibus
899 1155 958 1182 fieri
975 1156 1058 1186 solet,
1073 1156 1146 1182 aedi·
1217 1156 1332 1183 colitur:
1350 1156 1398 1191 qui
1412 1154 1518 1182 affinem
1534 1156 1634 1191 prodit,
1649 1157 1746 1192 impius
1764 1158 1794 1184 fit
1813 1158 1909 1183 necesse
1923 1159 1958 1185 est
1986 1158 2059 1185 Idem
2074 1169 2123 1195 pro
2137 1163 2232 1194 Qiint.
2248 1171 2282 1194 29

76 1201 124 1219 um
137 1192 182 1220 est.
209 1194 289 1220 ‘Haec
301 1193 402 1229 Salmnjl
415 1193 450 1219 aci
467 1192 597 1227 Spartian.
610 1192 690 1226 Nigr.
706 1200 735 1218 12
751 1201 775 1227 p.
783 1194 846 1228 677.
884 1191 960 1228 Conf.
982 1198 1050 1219 1'1'13
1060 1199 1107 1219 RV
1117 1199 1143 1219 M
1166 1201 1194 1227 25
1218 1201 1240 1219 c.
1255 1194 1281 1218 6.
1388 1192 1444 1225 Qni
1459 1192 1495 1218 cst
1509 1202 1571 1218 cum
1589 1193 1639 1219 illo
1651 1194 1776 1219 maximis
1790 1193 1905 1220 vinculis
1918 1201 1943 1221 et
1957 1195 2166 1231 propinquitatis
2184 1204 2209 1224 et
2225 1197 2282 1224 alli-

75 1237 172 1255 nomen.
1217 1227 1310 1256 nitatis
1325 1227 1485 1254 conuiuatus
1510 1229 1647 1291 IdemAEro
1665 1229 1750 1256 Plane.
1763 1237 1799 1264 27
1819 1239 1841 1256 c.
1858 1238 1890 1256 11.
2000 1232 2070 1257 Suet.
2092 1232 2197 1260 Neron.
2218 1245 2239 1260 c.
2253 1237 2284 1266 36

111 1270 127 1290 P
136 1271 154 1291 R
165 1271 184 1291 ο
196 1270 211 1290 Ρ
224 1265 237 1290 ι’
247 1271 262 1290 1.
271 1271 301 1297 ο,
321 1263 376 1291 vid.
400 1271 416 1290 1>
427 1271 445 1291 R
456 1271 478 1290 Α
487 1270 502 1290 Ε
512 1269 526 1289 Ρ
535 1265 612 1291 vaO.
1217 1264 1358 1292 Interemit
1376 1271 1493 1291 caeteros
1507 1271 1551 1291 aut
1571 1274 1584 1291 a
1616 1265 1699 1291 nitate
1713 1266 1803 1300 aliqua
1817 1265 1865 1292 fibi
1875 1286 1884 1299 ,
1898 1271 1943 1292 aut
1956 1267 2160 1303 propinquitate
2173 1271 2286 1296 coniun-

114 1306 185 1326 PRo
195 1306 208 1325 Ρ
218 1308 226 1327 1
238 1306 258 1326 Ν
268 1307 289 1327 G
300 1307 332 1333 ο,
351 1304 406 1329 ere.
442 1301 548 1327 Lucret.
565 1308 592 1333 4,
605 1301 658 1335 674
684 1299 760 1333 Qlae
773 1305 911 1334 penetrata
924 1305 1026 1335 queunt
1040 1301 1143 1327 sensum
1217 1300 1286 1329 ὄϊος.
1360 1300 1564 1336 Propinquitate
1578 1302 1718 1337 proximus
1739 1302 1808 1337 Nep.
1823 1310 1862 1336 17,
1884 1310 1904 1334 ι,
1917 1310 1939 1334 3.

76 1336 239 1371 propingere
259 1332 396 1364 acerbum.
433 1340 451 1363 ι’.
479 1335 627 1372 Impellere,
649 1345 756 1371 urgere,
777 1336 894 1373 versare,
913 1339 1060 1374 impingere.
1098 1336 1148 1365 Sed
1253 1343 1269 1363 P
1280 1343 1299 1363 R
1309 1342 1371 1364 ΟΡΙ
1384 1343 1405 1362 Ν
1415 1343 1464 1376 qv
1474 1344 1501 1363 E.
1538 1337 1608 1363 Adu.
1643 1338 1785 1372 [πλησίω]
1841 1338 1923 1364 Plaut.
1938 1338 2024 1365 Truc.
2039 1347 2062 1372 2,
2076 1347 2103 1374 7,
2118 1349 2143 1367 21
2167 1343 2229 1368 Atat
2243 1350 2285 1368 ec-

74 1371 142 1399 rests
156 1372 227 1399 hodie
241 1372 325 1399 editur
349 1372 518 1407 Progignere.
616 1372 625 1381 ²
1164 1384 1198 1410 30
1217 1381 1276 1400 eam
1288 1373 1359 1399 adest
1372 1374 1526 1408 propinque
1538 1384 1544 1400 t
1572 1374 1653 1400 credo
1665 1374 1793 1400 audiuisse
1805 1373 1868 1400 haec
1882 1382 1924 1400 me
1938 1374 2024 1409 loqui.

114 1413 130 1434 1¹
141 1415 158 1434 R
169 1416 189 1435 o
198 1415 212 1434 1’
222 1408 236 1435 1‘
244 1416 265 1435 R·
275 1415 305 1441 o,
324 1413 376 1435 are.
404 1408 542 1443 [προπίνω]
580 1409 686 1443 Proprie
701 1405 744 1440 est,
755 1405 916 1444 Praeguflato
929 1409 1017 1435 leuiter
1031 1411 1092 1435 vino
1100 1415 1147 1444 po.
1254 1415 1268 1434 r
1281 1415 1301 1436 R
1311 1416 1330 1436 o
1342 1415 1357 1435 t>
1368 1417 1376 1435 1
1386 1416 1409 1435 N
1418 1416 1468 1444 Qv
1479 1416 1498 1436 o
1507 1429 1516 1442 ,
1537 1414 1591 1436 are.
1629 1409 1764 1445 [vt-sugo,
1780 1409 1925 1444 πλησιάζω]
1968 1411 2084 1437 Vicinum
2104 1418 2128 1438 et
2140 1415 2286 1448 proximum

72 1444 156 1471 culum
168 1446 246 1471 alteri
255 1447 383 1471 amice'tt'ac
396 1453 419 1471 ec
438 1446 539 1471 honoris
559 1444 633 1480 causti
646 1443 754 1477 off'oerc:
785 1444 890 1470 Verbum
907 1445 1044 1477 Graecum,
1061 1451 1092 1471 vt
1104 1454 1146 1472 res
1209 1444 1282 1481 fieri,
1300 1452 1344 1472 aut
1351 1452 1432 1481 prope
1451 1445 1574 1472 accedere.
1646 1447 1722 1481 Virg.
1736 1447 1802 1472 Aen.
1824 1455 1846 1481 2,
1865 1454 1910 1480 733
1943 1447 2005 1473 Heu
2020 1447 2082 1482 suge
2096 1455 2156 1475 nate
2176 1450 2287 1484 propin-

75 1481 186 1511 Graeca,
199 1479 248 1516 fid
259 1487 288 1507 ot
301 1481 366 1507 mille
380 1482 445 1507 aliae
457 1484 484 1506 in
499 1479 568 1516 ostem
583 1481 751 1506 Romanorum
771 1481 908 1507 translata.
951 1482 1010 1507 Rem
1024 1482 1145 1508 Graecam
1215 1487 1307 1516 quant.
1376 1481 1492 1508 Foribus
1506 1482 1689 1517 propinquare
1707 1483 1781 1509 Idem
1797 1481 1864 1509 ibid.
1879 1485 1906 1512 6,
1923 1486 1982 1516 634.
2054 1485 2168 1520 Scoputo
2190 1486 2227 1511 ld.
2244 1485 2283 1512 ib.

72 1525 103 1543 ex
118 1518 222 1543 Graccus
239 1516 534 1553 dtffcripfircCafizubon.
553 1515 587 1543 ad
602 1516 696 1543 Athen.
712 1526 738 1550 4,
752 1526 772 1542 1.
810 1522 834 1542 et
855 1518 923 1543 Dan.
940 1517 1027 1553 HeinJI
1042 1516 1076 1544 ad
1095 1517 1144 1544 Sil.
1215 1526 1239 1551 5,
1253 1523 1303 1550 185.
1403 1517 1481 1544 Acies
1498 1518 1633 1552 legionum
1657 1519 1838 1554 propinquat,
1868 1517 1922 1545 vid.
1945 1525 2045 1547 ACIES.
2154 1521 2287 1557 Supplici-

75 1559 112 1585 11,
127 1561 168 1584 301
190 1562 336 1588 quamquam
347 1553 384 1579 ibi
400 1562 450 1579 non
462 1560 513 1578 tam
527 1551 828 1588 depropitiatione'quam
842 1552 872 1579 de
884 1553 1092 1589 libationcfirmo
1100 1552 1143 1587 est.
1164 1567 1194 1594 35
1214 1563 1262 1580 um
1283 1553 1448 1589 propinquat
1469 1554 1532 1581 Stat.
1549 1554 1643 1581 Theb.
1664 1563 1691 1588 5,
1711 1563 1771 1589 493.
1867 1555 1972 1581 Animis
1993 1556 2175 1591 propinquare
2201 1558 2285 1584 alicui

76 1589 170 1624 Nempe
183 1588 382 1625 utrumqnefere
396 1587 574 1615 coniunHum:
599 1595 628 1615 vt
641 1588 717 1622 Virg.
727 1588 794 1614 Aen.
806 1596 827 1621 ι,
841 1594 890 1623 728
917 1589 968 1615 l-lic
983 1589 1074 1624 regina
1086 1598 1145 1624 gra·
1214 1589 1254 1617 ld.
1270 1589 1339 1616 ibid.
1357 1598 1396 1622 10,
1409 1597 1469 1625 379.
1580 1591 1640 1617 Cum
1655 1592 1818 1627 Accujiiriuo.
1859 1591 1937 1626 Virg.
1952 1592 2017 1618 Aen.
2035 1601 2080 1625 10,
2098 1601 2150 1626 254
2171 1593 2219 1619 Tu
2234 1595 2287 1620 rite

74 1633 137 1651 vem
157 1625 269 1659 gemmis
288 1633 412 1660 auroque
432 1625 552 1659 poposcit
571 1624 752 1659 Impleuitque
772 1633 848 1651 mero
867 1631 987 1659 pateram
1013 1641 1060 1646 —-
1090 1632 1143 1652 tum
1215 1626 1381 1662 propinques
1400 1625 1561 1662 Augurium.
1635 1627 1682 1654 Sil.
1697 1635 1724 1660 2,
1738 1632 1779 1658 ²81
1798 1627 1917 1654 Mortem
1931 1627 1993 1654 licet
2007 1637 2079 1655 arma
2095 1629 2286 1664 propinquent.

67 1666 158 1696 preces
165 1660 261 1697 fundit
275 1660 309 1687 ad
323 1662 420 1693 Iouem,
431 1668 455 1692 et
473 1662 568 1696 Tyrios
585 1662 757 1696 Troianosque
769 1660 803 1688 ad
814 1662 938 1688 laetitiam
955 1665 1065 1688 excitat:
1097 1662 1146 1688 Di·
1213 1662 1285 1699 conf.
1299 1662 1428 1689 Drakenb.

73 1696 130 1727 xit,
149 1703 174 1723 et
192 1697 222 1723 in
239 1697 356 1724 mensam
371 1697 480 1723 laticum
499 1696 598 1723 libauit
611 1696 761 1729 honorem,
783 1698 838 1724 Ioui
851 1699 978 1727 nimirum,
999 1698 1141 1734 Primaque
1250 1705 1294 1724 PR
1306 1705 1325 1725 o
1336 1704 1564 1738 P1NQVANS,
1583 1698 1661 1724 antis.
1700 1698 1796 1725 Pax-tic.
1852 1698 1954 1725 Sallust.
1968 1698 2075 1733 Fragm.
2090 1709 2112 1725 c.
2128 1707 2159 1732 29
2178 1699 2288 1733 Bithyni

75 1731 162 1759 libato
176 1733 355 1760 summotenus
369 1733 458 1767 attigit
471 1742 528 1760 ore.
564 1733 641 1759 Tum
655 1732 743 1759 Bitiae
756 1732 829 1759 dedit
843 1733 1005 1768 increpitans
1014 1754 1022 1766 ,
1049 1737 1068 1760 i.
1085 1735 1142 1760 hor-
1153 1745 1192 1770 40
1214 1735 1427 1770 propinquantes
1441 1735 1496 1760 iam
1509 1742 1616 1759 amnem
1628 1734 1802 1759 Tartanium.

75 1774 136 1795 tans
149 1767 184 1795 ad
196 1768 334 1800 bibendum,
346 1769 394 1795 ille
406 1769 523 1804 impiger
536 1768 629 1796 hausit.
703 1769 851 1795 Cic.Tusc.
866 1776 887 1800 1,
901 1772 936 1800 96
948 1778 970 1795 c.
978 1778 1016 1801 40
1030 1768 1142 1795 „Thera-
1250 1776 1266 1795 Ρ
1278 1776 1297 1795 R
1307 1776 1327 1795 ο
1337 1776 1352 1794 Ρ
1362 1776 1371 1794 1
1380 1776 1411 1800 o,
1428 1772 1483 1794 are.
1521 1768 1641 1802 Corpori
1653 1768 1720 1793 finat
1733 1768 1861 1802 propiare
1878 1767 1939 1794 oet.
1949 1768 2047 1795 Horat.
2065 1778 2093 1804 4.

73 1813 179 1835 menes,
199 1814 260 1831 cum
273 1805 409 1832 coniectus
423 1806 452 1832 in
465 1813 597 1832 carcerem
623 1819 670 1824 -—-
692 1813 826 1830 venenum
837 1809 866 1829 vt
880 1803 968 1830 titiens
981 1802 1140 1834 obdtrxiffet,
1253 1810 1270 1828 Ρ
1281 1810 1300 1828 R
1310 1810 1330 1829 o
1342 1809 1357 1827 1>
1369 1810 1378 1828 1
1388 1810 1408 1829 o
1418 1808 1452 1835 R,
1482 1802 1535 1828 vid.
1556 1809 1571 1828 Ρ
1580 1810 1599 1828 R
1609 1809 1628 1829 o
1638 1808 1688 1829 ΡΕ.

73 1839 212 1875 reliquum
227 1840 260 1867 fic
273 1849 288 1867 e
303 1841 399 1875 poculo
413 1842 507 1871 eiecit,
526 1847 554 1866 vt
572 1840 601 1866 id
620 1840 755 1865 resonaret
774 1838 838 1870 (hic
850 1837 987 1871 cottabm)
1024 1839 1088 1871 Qro
1103 1839 1143 1864 so·
1252 1844 1347 1864 PRO?
1358 1846 1367 1864 1
1377 1844 1417 1863 '1‘1
1428 1844 1449 1863 v
1459 1845 1482 1870 s,
1507 1839 1549 1864 vel
1575 1844 1805 1871 PROP1C1V8‚
1825 1847 1858 1871 a,
1877 1847 1931 1865 um.
1966 1839 2028 1866 Adi.
2066 1839 2179 1874 siam,
2195 1841 2290 1878 ἵλεος]

72 1876 133 1902 nitu
146 1876 254 1903 reddito
265 1877 395 1908 arridens,
409 1876 536 1909 Propino,
549 1874 647 1908 inquit,
661 1874 712 1899 hoc
726 1872 839 1906 pulchro
846 1872 962 1905 Critiae,
976 1873 1024 1908 qui
1037 1874 1066 1900 in
1079 1882 1142 1900 eum
1213 1874 1344 1907 Placidus,
1352 1874 1450 1909 fauens
1458 1884 1468 1903 ,·
1487 1883 1504 1900 a
1517 1875 1614 1909 Prope,
1629 1880 1654 1900 ct
1667 1874 1721 1907 Ito,
1739 1883 1776 1906 as,
1793 1881 1823 1901 vt
1837 1874 1939 1910 quidam
1952 1878 2039 1901 aiunt:
2059 1886 2118 1903 nam
2132 1881 2175 1912 qui
2181 1878 2290 1914 fauent,

22 1922 27 1925 ¹
70 1911 162 1937 fuerat
174 1912 336 1938 teterrimus.
373 1912 470 1937 Graeci
482 1910 557 1936 enim
570 1910 600 1936 in
612 1909 748 1936 conuiuiis
764 1909 848 1935 solent
861 1910 1014 1941 nominare,
1032 1910 1076 1936 cui
1093 1919 1142 1944 po-
1159 1921 1195 1949 43·
1208 1916 1289 1945 prope
1309 1919 1355 1936 nos
1375 1912 1413 1936 ire
1430 1910 1623 1945 consueuerant,
1646 1916 1677 1938 vt
1696 1913 1735 1936 ait
1754 1911 1910 1945 sipontinus.
1962 1911 2008 1937 Vel
2026 1911 2122 1939 dicitur
2142 1914 2288 1949 Propitius,

70 1945 161 1973 culum
173 1946 301 1974 tradituri
313 1946 372 1973 fint.
429 1946 535 1973 Plautus
549 1948 624 1972 etiam
637 1949 664 1971 in
677 1944 806 1971 Comoedia
815 1945 926 1980 palliata
939 1954 1018 1971 mores
1031 1947 1142 1972 Graecos
1212 1946 1324 1972 Prorsus
1338 1952 1384 1972 aut
1397 1946 1508 1980 proprie
1522 1945 1597 1980 pius:
1617 1952 1663 1972 aut
1677 1946 1762 1972 Porro
1777 1946 1806 1971 id
1818 1945 1852 1979 egli
1866 1946 1939 1972 valde
1952 1947 2026 1982 pius:
2044 1946 2146 1975 auctore
2155 1950 2250 1977 Nonio
2267 1960 2290 1984 ι,

69 1981 173 2010 videtur
180 1982 290 2019 secutus,
316 1993 342 2009 υ.
354 1992 381 2018 g.
408 1982 499 2008 Pseud.
514 1989 536 2014 5,
551 1989 573 2014 1,
587 1990 615 2014 19
635 1982 717 2007 Manu
730 1980 844 2007 candida
857 1980 1014 2007 cantharum
1028 1981 1140 2007 dulcife-
1211 1990 1270 2014 292.
1308 1982 1398 2017 Magis
1405 1982 1491 2016 placet
1510 1980 1600 2016 Voffio,
1614 1980 1682 2018 quod
1694 1984 1733 2007 ait
1745 1981 1857 2008 Alfenus
1873 1982 1951 2009 ICtus
1965 1983 2032 2018 apud
2051 1984 2119 2010 Gell.
2139 1990 2160 2017 2,
2182 1994 2194 2018 5
2213 1986 2288 2014 Sicut

71 2026 134 2045 rum
152 2018 316 2052 Propinare,
342 2017 533 2044 amiciffumam
551 2017 709 2043 amicitiam.
816 2016 898 2042 Stich.
918 2024 939 2048 5,
954 2027 983 2050 4,
1006 2016 1040 2042 26
1065 2017 1140 2043 Tibi
1207 2025 1315 2051 ,nouum
1330 2017 1470 2043 nouicium
1484 2015 1610 2049 dicimus,
1628 2023 1654 2043 et
1667 2018 1810 2052 proprium
1825 2018 1987 2054 propicium.
2026 2020 2113 2046 Fuerit
2129 2024 2212 2056 itaque
2226 2031 2289 2057 pro-

73 2053 192 2088 propino
206 2052 306 2079 decem.
350 2054 381 2078 Et
395 2061 450 2078 mox
469 2060 495 2078 v.
511 2060 543 2083 30
565 2051 638 2077 Tibi
657 2051 773 2086 propino
785 2051 952 2077 cantharum.
1005 2052 1053 2079 Sed
1070 2052 1143 2080 Ibid.
1212 2053 1316 2089 picius,
1338 2055 1381 2089 qui
1401 2051 1482 2085 noster
1503 2052 1536 2086 est
1555 2054 1729 2080 beniuolentia.
1782 2054 1854 2090 Qud
1870 2054 1890 2087 li
1911 2064 1926 2081 a
1940 2055 2026 2091 Prope
2045 2063 2068 2082 et
2086 2059 2226 2092 proprium
2241 2057 2287 2092 (st,

74 2097 99 2122 3,
116 2097 136 2121 1,
147 2097 179 2120 2⁴
199 2087 303 2115 Cadum
316 2087 369 2114 tibi
382 2087 481 2114 veteris
495 2086 554 2113 vini
567 2087 693 2122 propino,
732 2090 751 2113 i.
779 2086 854 2120 donc,
866 2087 940 2114 herus
952 2097 1007 2114 rum
1014 2089 1091 2124 semo
1107 2090 1143 2116 Io-
1155 2101 1188 2128 50
1212 2088 1278 2125 quod
1290 2089 1390 2125 semper
1408 2088 1443 2115 ad
1455 2099 1569 2122 manum,
1583 2096 1607 2115 et
1623 2092 1651 2115 in
1664 2088 1784 2124 potestate
1798 2088 1883 2123 nostra
1898 2089 1947 2123 est:
1976 2099 2000 2118 ει
2014 2093 2162 2128 propicius,
2178 2097 2224 2129 qui
2235 2104 2285 2121 non

70 2124 171 2160 'quitum
207 2124 249 2152 Sic
261 2127 336 2151 otiam
350 2125 444 2159 explico
453 2124 597 2153 Petron.28
617 2122 771 2157 Iatraliptae
786 2138 833 2143 —-
846 2123 990 2151 Falernum
1003 2124 1142 2158 potabant,
1211 2126 1310 2151 alienus
1328 2125 1476 2161 auersusque
1496 2135 1511 2152 a
1524 2126 1610 2158 nobis,
1623 2125 1672 2161 sed
1684 2126 1732 2161 suo
1739 2126 1835 2161 fauore
1855 2133 1880 2152 et
1894 2128 2022 2153 voluntate
2030 2135 2110 2164 prope
2129 2139 2174 2156 nos
2187 2128 2235 2163 rst,
2256 2138 2288 2158 υς

71 2167 103 2189 Δει
124 2169 186 2187 cum
205 2160 354 2195 plurimum
372 2160 491 2186 rixantes
504 2159 683 2191 effunderent,
703 2158 879 2186 Trimalchio
896 2159 948 2186 hoc
962 2161 1037 2186 suum
1051 2162 1142 2196 propi·
1203 2160 1269 2195 stilo
1282 2164 1389 2188 orientis
1402 2170 1486 2197 prope
1499 2162 1548 2188 esse
1562 2162 1658 2187 dicitur
1677 2162 1811 2189 Dominus
1831 2162 2019 2190 inuocantibus
2033 2165 2058 2190 se
2071 2175 2078 2190 :
2112 2172 2141 2191 vt
2162 2168 2285 2201 praesens

73 2197 143 2223 naffe
156 2196 277 2230 dicebat,
307 2199 326 2222 i.
341 2195 375 2232 se
383 2196 412 2222 de
419 2196 466 2232 suo
481 2195 604 2222 dominico
617 2199 677 2222 vino
691 2195 746 2221 illis
764 2194 879 2229 dotzqsle,·
904 2195 953 2230 mfi
971 2202 1052 2223 tamen
1072 2198 1142 2224 indo·
1212 2198 1283 2224 Deus
1300 2195 1345 2230 est,
1361 2195 1570 2238 ngistatimfcrt
1582 2199 1704 2224 auxilium
1717 2204 1765 2224 etc.
1861 2199 1931 2225 Ter.
1947 2199 2062 2235 Adelph.
2083 2209 2104 2234 ι,
2120 2210 2139 2231 1,
2152 2205 2168 2228 6
2194 2202 2248 2229 Vbi
2263 2203 2281 2230 fi

72 2230 130 2259 elus
149 2231 279 2259 doffrinae
297 2230 433 2266 ostentator
451 2232 497 2259 hoc
514 2233 571 2258 vult
588 2231 686 2264 dicere,
707 2231 774 2267 quod
793 2231 937 2265 ffaderant
950 2235 1082 2265 rixantes,
1096 2233 1142 2261 hoc
1211 2234 1288 2260 cesses
1311 2241 1422 2260 euenire
1435 2242 1465 2260 ea
1476 2235 1557 2260 satius
1570 2233 1615 2264 est,
1630 2242 1697 2268 quae
1712 2233 1742 2260 in
1756 2240 1781 2261 te
1797 2243 1865 2261 vxor
1878 2235 1954 2268 dicit,
1969 2242 1995 2262 et
2009 2245 2077 2271 quae
2091 2238 2119 2264 in
2134 2238 2226 2265 animo
2241 2248 2285 2266 co-

65 2267 120 2303 fibi
131 2268 235 2295 libatum
248 2267 300 2302 effi‘.
341 2277 346 2280 ·
374 2268 455 2295 Plaut.
470 2267 552 2295 Stich.
567 2276 596 2300 3,
617 2276 646 2299 2,
668 2270 697 2294 16
723 2268 840 2302 Propino
854 2267 907 2294 tibi
922 2269 1034 2295 salntem
1054 2269 1139 2303 plenis
1160 2284 1190 2312 55
1210 2270 1279 2304 gitat
1291 2269 1369 2302 irata,
1378 2278 1459 2304 quam
1472 2269 1528 2301 illa,
1539 2278 1608 2305 quae
1624 2277 1744 2304 parentes
1759 2271 1887 2306 propicii.
1981 2273 2040 2299 Cic.
2051 2272 2084 2299 de
2093 2274 2247 2302 Nat.Deor.
2263 2284 2283 2307 1,

71 2304 196 2331 faucibus
222 2311 295 2331 extra
314 2313 413 2330 coenam
430 2311 474 2330 aut
493 2303 684 2337 comiffiitionem
697 2306 724 2329 in
735 2303 834 2339 Publicii
842 2324 850 2336 ,
856 2305 981 2340 salutatio
990 2305 1140 2340 parafitica.
1212 2314 1254 2339 ης
1275 2305 1349 2340 Qud
1363 2307 1436 2332 enim
1448 2305 1545 2338 dicam,
1558 2306 1698 2341 propicius
1712 2307 1758 2333 fit?
1776 2308 1825 2333 efl'e
1837 2308 1911 2334 enim
1925 2308 2063 2344 propicius
2076 2309 2160 2345 potest
2169 2311 2284 2345 nemini,

73 2341 136 2367 Non
150 2338 218 2367 reete
230 2340 349 2367 laudatur
376 2340 459 2367 Ouid.
474 2340 532 2367 Art.
545 2348 567 2372 1,
580 2344 628 2374 587
648 2339 712 2366 Inde
726 2340 886 2374 propinator
897 2341 1014 2367 nimium
1029 2350 1139 2377 quoque
1211 2343 1353 2377 quoniam,
1366 2347 1396 2369 vt
1411 2341 1511 2376 dicitis,
1525 2342 1615 2368 omnis
1630 2342 1658 2368 in
1671 2342 1856 2370 imbecillitate
1870 2344 1906 2370 est
1918 2351 1944 2370 et
1957 2345 2041 2379 gratia
2049 2352 2075 2372 et
2086 2346 2188 2373 caritas.
2225 2348 2283 2377 Cic,

70 2376 156 2403 multa
169 2374 302 2411 propinat,
321 2377 352 2403 Et
365 2375 414 2403 fibi
426 2375 559 2402 mandatis
572 2376 649 2410 plura
663 2375 780 2403 bibenda
796 2382 885 2411 putat:
921 2378 995 2404 Libri
1009 2381 1074 2404 enim
1090 2388 1138 2404 me·
1211 2387 1263 2414 pro
1279 2378 1353 2404 Cael.
1368 2386 1402 2411 42
1421 2387 1444 2404 c.
1457 2385 1486 2413 17
1512 2379 1584 2405 Huic
1596 2377 1704 2405 homini
1717 2388 1768 2414 ego
1780 2379 1902 2413 fortasse,
1921 2386 1947 2407 et
1966 2382 2042 2416 pauci
2058 2381 2122 2408 deos
2134 2384 2282 2418 propicim,

68 2413 147 2439 liores
160 2413 330 2446 Procurator,
342 2418 477 2447 procurat,
489 2411 614 2439 videnda.
697 2412 818 2438 quenal.
833 2420 863 2446 5,
884 2421 926 2446 127
948 2413 1065 2447 Qiando
1079 2423 1141 2449 pro·
1210 2413 1335 2450 plerique
1349 2420 1439 2441 autem
1451 2414 1533 2441 iratos
1545 2414 1685 2450 putabunt.
1755 2413 1830 2442 Non.
1845 2418 1873 2449 6,
1886 2421 1915 2450 85
1933 2426 1965 2443 ex
1980 2417 2067 2444 Lucil.
2093 2418 2121 2445 Si
2137 2419 2215 2450 irati,
2236 2420 2283 2447 seu

69 2448 145 2484 pinat
153 2449 236 2476 Virro
249 2449 318 2482 tibi,
332 2449 466 2484 sumitque
479 2449 532 2475 tuis
545 2447 667 2475 concaua
681 2448 784 2475 labellis
793 2448 908 2475 Pocula?
942 2453 959 2477 i.
985 2459 1001 2476 a
1017 2456 1041 2476 te
1049 2453 1139 2485 propi·
1155 2455 1193 2480 60
1211 2450 1255 2477 cui
1275 2450 1391 2486 propitii
1410 2451 1469 2477 sunt
1487 2451 1533 2477 DI.
1624 2451 1676 2477 Dei
1699 2452 1833 2487 propicii,
1853 2452 1897 2478 sed
1916 2452 1983 2480 lenti
2008 2453 2097 2480 Senec.
2111 2455 2204 2489 Agam.
2222 2464 2281 2488 599.

69 2491 141 2511 nata.
213 2485 331 2512 Martial.
351 2493 375 2518 5,
394 2493 430 2520 79
451 2486 546 2511 Graeco
563 2484 636 2511 uerbo
652 2483 711 2520 usus
719 2491 846 2520 putatur,
872 2485 939 2512 Non
953 2485 1067 2513 deerunt
1084 2486 1139 2513 tibi
1209 2486 1329 2513 Fortuna
1343 2486 1476 2523 propicia,
1497 2489 1539 2513 cui
1551 2491 1686 2522 opponitur
1699 2487 1796 2514 Infesta
1817 2488 1990 2515 Pseudo-Cic.
2005 2490 2037 2515 ad
2055 2489 2151 2516 oetan.
2204 2491 2280 2519 Tam

70 2519 90 2548 fi
102 2521 170 2547 soles
191 2522 304 2556 προπίνειν
317 2521 385 2548 viles
398 2520 570 2556 Cappadocae
582 2527 629 2547 etc.
667 2520 738 2547 Mihi
751 2530 800 2547 non
815 2521 903 2556 liquet.
970 2521 1045 2548 Idem
1060 2525 1085 2554 6,
1100 2531 1140 2556 44
1209 2523 1362 2558 propiciam
1377 2522 1498 2556 reddam,
1515 2532 1596 2558 quam
1613 2531 1698 2558 quum
1709 2524 1832 2559 propicia
1845 2524 1881 2549 est
1895 2525 1964 2551 Iuno
1977 2525 2041 2551 Ioui
2063 2526 2147 2553 Plaut.
2162 2527 2244 2554 Mero.
2259 2535 2283 2561 5,

66 2559 97 2584 in
111 2556 231 2583 hominem
247 2560 342 2592 impuri
355 2560 409 2584 oris
445 2558 535 2584 Nemo
547 2556 704 2592 propinabit
717 2556 874 2584 Calliodore
889 2556 950 2584 tibi.
1019 2558 1139 2585 Martial.
1209 2566 1236 2590 2,
1253 2567 1300 2591 115.
1367 2558 1443 2586 Idem
1457 2560 1535 2586 Cure.
1549 2569 1568 2593 4
1577 2577 1586 2590 ,
1606 2567 1637 2592 2,
1655 2567 1689 2593 45
1714 2560 1768 2586 Cui
1781 2559 1890 2587 homini
1902 2560 1949 2587 Dii
1962 2562 2021 2588 sunt
2035 2563 2161 2597 propicii,
2174 2563 2280 2590 lucrum

69 2601 89 2625 1,
108 2595 143 2626 69
169 2593 289 2625 Coenat,
304 2593 448 2627 propinat,
467 2593 566 2628 poscit,
598 2599 686 2627 negat,
716 2593 815 2619 innuit.
894 2594 981 2629 Longa
988 2596 1077 2629 prima
1093 2592 1139 2628 ist,
1209 2594 1234 2621 ei
1250 2594 1376 2631 profecio
1389 2595 1535 2622 obiiciunt.
1642 2596 1704 2622 Liu.
1720 2604 1767 2629 39,
1783 2605 1806 2623 11
1833 2597 1949 2624 Aebutia
1963 2597 1993 2624 de
2004 2597 2161 2633 fratrissui
2172 2599 2233 2634 filio
2246 2601 2283 2626 lo-

68 2635 95 2663 3,
108 2633 140 2658 8²
157 2636 181 2656 et
191 2634 224 2661 ,8,
237 2631 254 2655 6
271 2630 342 2663 quale
356 2629 418 2664 quid
428 2628 457 2654 de
472 2629 585 2663 Propola
598 2629 754 2665 obseruatum
767 2627 810 2662 est.
840 2664 846 2669 .
868 2629 909 2656 Sic
931 2638 975 2662 12,
990 2637 1022 2664 75
1049 2630 1079 2656 de
1098 2633 1138 2657 vi·
1154 2637 1188 2670 65
1209 2639 1296 2667 quens,
1315 2629 1397 2664 Qtod
1411 2631 1511 2667 probus
1525 2630 1677 2659 adolescens
1695 2631 1762 2664 (Dii
1774 2633 1891 2669 propicii
1905 2635 2001 2665 essent)
2018 2633 2147 2665 obscenis,
2163 2642 2191 2661 vt
2205 2636 2279 2663 fama

70 2664 136 2689 tibus
144 2667 253 2698 poculis,
272 2664 332 2690 Hoc
346 2673 455 2699 quoque
471 2664 598 2691 nonnihil
614 2665 666 2697 est,
679 2665 752 2700 quod
769 2665 926 2700 propinabis
940 2666 968 2692 in
984 2666 1040 2692 istis
1057 2667 1134 2693 Fran·
1208 2667 1278 2699 esset,
1293 2667 1372 2693 sacris
1386 2667 1492 2695 initiari
1503 2667 1603 2694 nollet:
1621 2668 1665 2695 vbi
1683 2668 1848 2703 ἒυφημισμδς,
1862 2676 1886 2696 et
1899 2676 1983 2695 votum
1990 2676 2041 2704 pro
2052 2669 2229 2710 adolqscemulo
2236 2670 2280 2705 cst.

92 2697 174 2725 endus
193 2698 275 2725 fuerit
294 2699 313 2725 fi
333 2700 400 2733 tibi,
419 2700 526 2733 Flacce,
546 2700 626 2732 calix,
640 2708 747 2736 propter
759 2704 931 2736 impuritatem
945 2705 996 2728 oris
1010 2706 1137 2731 conuiuae.
1207 2703 1357 2731 Voluntate
1371 2704 1492 2740 propicia
1505 2705 1554 2730 esse
1574 2704 1666 2740 Nepos
1682 2713 1720 2738 10,
1733 2713 1759 2738 9,
1780 2707 1805 2733 6.
1869 2706 1957 2731 Prima
1973 2707 2001 2730 in
2016 2705 2155 2740 Propitius
2168 2710 2279 2743 corripi-

71 2706 94 2773 ἦ
117 2743 130 2760 2
167 2733 296 2761 Interdum
309 2733 416 2770 festina*
427 2737 594 2762 translatione
615 2737 763 2771 Propinare
783 2736 816 2771 est
828 2739 920 2764 leuiter
939 2745 963 2764 et
981 2748 1036 2765 cum
1048 2739 1138 2765 hilari·
1206 2746 1250 2766 tur
1263 2749 1279 2766 a
1295 2740 1397 2773 Plauto,
1416 2743 1447 2768 it.
1460 2749 1477 2767 a
1495 2740 1555 2767 Sen.
1571 2741 1663 2775 Agam.
1676 2750 1702 2768 v.
1716 2749 1780 2774 399:
1817 2749 1893 2776 quare
1906 2743 1934 2766 in
1945 2741 2088 2768 hexametro
2104 2746 2214 2769 carmine
2227 2753 2277 2771 non

71 2777 133 2800 tate,
146 2769 215 2805 quast
227 2769 281 2796 ludi
290 2771 364 2806 causa
375 2772 451 2797 alteri
461 2771 558 2807 aliquid
570 2772 679 2799 tradere.
716 2773 786 2800 Ter.
800 2773 866 2799 Eun.
887 2783 910 2807 5,
924 2782 940 2805 9
953 2777 991 2806 (8)
1006 2783 1038 2810 57
1057 2776 1137 2802 Hunc
1205 2775 1353 2811 usurpatum
1371 2778 1466 2813 legitur
1482 2776 1555 2803 bonis
1574 2775 1719 2804 maioribus
1731 2787 1742 2806 ;
1782 2775 1907 2802 Prudent.
1927 2781 2009 2803 tamen
2029 2777 2129 2809 Hymn.
2141 2780 2236 2814 Agnet.
2256 2780 2276 2807 s.

73 2805 268 2833 comedendum
287 2812 314 2833 et
334 2805 509 2833 deridendum
530 2807 611 2834 vobis
629 2808 766 2843 propino:
806 2808 832 2835 h.
856 2818 875 2835 e.
911 2811 985 2836 Hunc
1006 2811 1077 2837 vobis
1096 2811 1139 2838 do.
1153 2812 1190 2842 70
1207 2812 1300 2840 Perist.
1315 2820 1356 2846 14,
1369 2821 1413 2846 130
1433 2813 1628 2849 Propitiabilis.
1664 2814 1697 2838 Ee
1710 2812 1818 2838 quenc.
1835 2812 1904 2838 Hist.
1917 2820 1937 2845 1,
1952 2814 1982 2839 16
1999 2812 2072 2840 Nam
2083 2823 2126 2841 me
2137 2816 2277 2851 propicius

69 2843 112 2870 Ab
131 2845 291 2878 antiquorum
310 2842 484 2878 consuetudiize
504 2851 606 2879 regum,
623 2847 675 2905 31ιὶ
692 2845 796 2880 phialas
815 2844 939 2871 interdum
956 2848 1139 2881 compotoribus
1207 2858 1299 2876 rerum
1313 2855 1389 2884 pater
1402 2849 1497 2876 vnicus
1512 2849 1566 2874 alto
1581 2854 1627 2873 etc.

87 2878 249 2913 respirabant,
261 2887 324 2914 quas
335 2879 374 2911 illi
387 2878 543 2915 differebant.
578 2880 622 2904 Sui
641 2889 669 2906 as
676 2899 685 2912 ‚
706 2880 885 2916 προπεπωκότες
893 2901 901 2914 ,
917 2881 974 2908 ἐντὶ
984 2884 1017 2909 ri
1031 2882 1134 2918 παραδε-
1243 2891 1258 2911 Ρ
1267 2893 1285 2912 R
1295 2892 1314 2911 o
1324 2891 1338 2910 Ρ
1348 2891 1358 2910 1
1367 2891 1384 2911 c
1394 2891 1404 2910 1
1415 2889 1446 2916 ο,
1463 2887 1518 2909 fite.
1555 2881 1690 2916 [ἱλάσκω]
1727 2888 1750 2908 ει
1770 2889 1787 2909 Ρ
1795 2889 1814 2909 R
1823 2889 1842 2910 0
1851 2890 1867 2910 Ρ
1878 2890 1886 2909 1
1897 2889 1915 2910 C
1928 2891 1937 2910 1
1949 2891 1969 2912 Ο
1978 2891 1998 2912 R
2008 2904 2016 2917 ,
2035 2885 2086 2912 ari.
2131 2888 2275 2922 Propicium

63 2885 178 2945 {wudz-es,
197 2926 222 2942 κ.
241 2924 266 2941 τ.
282 2917 324 2949 λ.Δ
346 2916 388 2943 Sic
400 2912 710 2948 etiamDemostheneseos,
718 2919 761 2952 qui
771 2920 881 2951 patriam
890 2917 1136 2955 produntfflqam'vew
1205 2921 1324 2951 reddere,
1339 2921 1452 2953 placare.
1510 2917 1593 2944 Plaut.
1608 2918 1689 2945 Poen.
1710 2926 1730 2950 1,
1751 2927 1774 2952 2,
1795 2922 1842 2946 120
1869 2921 1933 2954 QO
1953 2926 1978 2948 te
1994 2921 2068 2956 agis?
2096 2928 2151 2949 AD.
2173 2925 2276 2957 egone?

68 2954 116 2977 τοῖς
129 2950 237 2986 ἐχθροῖς,
257 2951 302 2978 boc
315 2948 359 2984 est,
374 2953 510 2991 propinare
523 2949 633 2984 hostibus
648 2951 753 2978 dicebat.
803 2953 857 2984 Sic,
878 2954 946 2980 Enni
961 2955 1041 2981 Poe'ta
1056 2956 1138 2987 salue,
1207 2955 1237 2981 in
1252 2955 1373 2981 Veneris.
1412 2955 1471 2980 Ao.
1495 2954 1569 2988 Quid
1581 2963 1615 2981 eo
1629 2955 1677 2980 tu?
1715 2961 1770 2982 AD.
1790 2962 1820 2982 vt
1833 2956 1967 2984 Venerem
1983 2958 2140 2993 propiciem.
2197 2960 2274 2987 Curt.

69 2987 118 3022 qui
135 2987 295 3014 mortalibus
308 2987 399 3013 versus
413 2996 540 3022 propinas
548 2987 686 3014 flammeos
698 2987 853 3015 medullitus
874 2989 974 3015 Ennius
982 2990 1049 3024 apud
1056 2991 1130 3017 Non.
1153 2994 1185 3022 75
1204 3001 1232 3025 4,
1246 2997 1272 3025 7,
1287 2999 1320 3024 24
1340 2991 1458 3017 Carmen
1475 2996 1615 3023 canentes,
1634 2991 1857 3032 quo-propiciare
1870 2993 1964 3019 Iouem
1977 2995 2104 3027 credunt,
2121 3000 2150 3021 vt
2167 3002 2270 3022 certum

68 3031 89 3059 .¹›
110 3031 165 3054 ¹40·
236 3022 314 3058 Apul.
328 3023 393 3050 Met.
413 3031 427 3056 5
445 3032 471 3058 p.
487 3031 541 3058 172,
560 3025 589 3050 16
607 3023 643 3051 od
655 3024 799 3059 Cupidinem
811 3024 840 3051 de
854 3026 941 3052 Marte
960 3026 1060 3059 Venus,
1080 3025 1134 3052 Cui
1205 3026 1265 3053 edat
1279 3027 1426 3053 oraculum.
1508 3027 1600 3054 Manes
1618 3028 1773 3063 propiciare
1792 3028 1864 3056 Suet.
1886 3029 1953 3056 Oth.
1972 3038 1996 3055 c.
2009 3036 2035 3064 7.
2119 3030 2275 3067 Propiciare

58 3059 173 3094 'saepius
193 3059 222 3085 in
243 3068 370 3094 angorem
393 3059 448 3086 mei
467 3059 605 3095 pellicatus
619 3060 721 3096 puellas
735 3061 878 3096 propinare
896 3061 1039 3088 consuesti:
1063 3063 1135 3089 mali·
1205 3062 1406 3090 solicitudinem
1420 3062 1505 3090 animi
1525 3063 1592 3090 Plin.
1606 3069 1648 3095 28,
1662 3072 1685 3090 2.

38 3109 43 3115 ι
68 3104 128 3132 gne,
147 3102 177 3122 vt
188 3095 284 3122 indicet
296 3096 326 3121 ab
339 3096 382 3122 illo
396 3096 528 3123 delibatas.
1241 3105 1286 3126 PR
1297 3106 1317 3127 o
1331 3105 1347 3125 Ρ
1358 3107 1366 3125 1
1379 3105 1508 3132 clANs,
1524 3099 1603 3126 antis.
1639 3099 1734 3126 Partic.
1772 3100 1846 3126 Curt.
1860 3108 1888 3133 4,
1907 3107 1942 3132 13,
1964 3106 1990 3134 ις
2017 3100 2173 3129 Aristander
2185 3103 2274 3138 praei-

106 3138 202 3159 PROP
213 3138 222 3157 1
232 3133 314 3158 ΝᾹΤ
324 3139 343 3159 o
353 3138 388 3163 R,
411 3132 477 3159 oris.
499 3141 536 3159 m.
573 3130 731 3168 [συμπότης]
766 3132 896 3160 Laudatur
914 3132 997 3160 Ouid.
1020 3132 1052 3160 de
1069 3133 1135 3160 Arte
1204 3134 1251 3162 bat
1262 3144 1354 3172 preces
1368 3137 1426 3170 regi
1442 3136 1547 3168 Ionem,
1562 3136 1724 3167 Mineruam,
1739 3135 1943 3170 vietoriamque
1956 3137 2128 3172 propicianti.

69 3167 131 3193 Am.
148 3176 168 3200 1,
183 3172 230 3202 587
252 3167 317 3195 Inde
329 3168 488 3204 propinator
501 3168 633 3195 nimirum
646 3168 731 3195 multa
745 3169 878 3205 propinet.
915 3169 962 3197 sed
974 3168 1070 3197 ream,
1088 3172 1135 3207 leg.
1153 3173 1187 3200 80
1244 3178 1259 3198 Ρ
1272 3179 1291 3199 R
1301 3178 1320 3198 o
1330 3178 1345 3197 Ρ
1355 3178 1363 3197 1
1374 3177 1391 3198 c
1403 3178 1503 3199 1ATV
1515 3179 1544 3203 s,
1567 3181 1598 3205 a,
1619 3181 1674 3199 um.
1718 3171 1840 3198 Prudent.
1854 3171 1945 3199 Perist.
1959 3181 1984 3206 3,
2001 3181 2041 3206 2¹5
2061 3174 2192 3210 Prospicit
2205 3174 2272 3203 haec

71 3203 241 3230 Procurator.
1202 3208 1373 3245 populosque
1390 3208 1450 3235 suos
1469 3208 1598 3235 Carmine
1613 3207 1761 3245 propiciata
1773 3207 1858 3234 fouet.

111 3244 207 3266 PRoP
218 3246 289 3267 1NA
300 3246 323 3267 T
334 3247 344 3267 1
355 3246 374 3267 ο
385 3260 394 3273 ,
409 3240 479 3267 onis.
504 3240 524 3267 f.
562 3239 705 3275 [πρόπαρ-ις,
724 3240 858 3276 πρόπομα]
902 3242 990 3268 Sencc.
1006 3242 1087 3276 Epist.
1103 3248 1132 3275 83
1239 3251 1255 3270 Ρ
1266 3250 1286 3271 R
1296 3251 1402 3272 01‘101
1413 3250 1495 3271 A'rv
1505 3252 1529 3278 s,
1548 3243 1588 3271 fis.
1608 3254 1643 3271 m.
1679 3244 1758 3277 Vulg.
1776 3243 1875 3278 Interp.
1889 3243 1970 3271 Sirac.
1986 3253 2008 3271 c.
2022 3252 2052 3278 5,
2068 3252 2090 3279 ς.

70 3281 119 3306 non
131 3275 202 3310 longe
214 3274 289 3311 asine
309 3277 402 3309 Quum
415 3285 494 3311 penes
507 3282 533 3303 te
547 3276 632 3311 palma
647 3277 775 3309 fuerit,et
787 3279 988 3314 propinationes
1003 3284 1060 3305 tuas
1072 3278 1134 3305 sira-
1240 3287 1255 3306 P
1267 3287 1286 3307 R
1298 3288 1317 3308 o
1330 3287 1345 3306 P
1356 3287 1364 3306 1
1376 3286 1394 3307 c
1407 3287 1447 3307 ΙΑ
1456 3287 1496 3307 'ri
1506 3288 1525 3308 o
1534 3301 1541 3313 ‚
1562 3281 1632 3307 onis.
1652 3279 1672 3306 f.
1704 3279 1829 3306 Macrob.
1856 3279 1945 3307 Somn.
1967 3280 2034 3316 Scip.
2056 3289 2075 3311 1,
2090 3287 2157 3317 7pr.
2185 3282 2268 3317 Qtod

0 3336 3 3361 ι
71 3309 94 3334 ti
108 3309 202 3336 somno
215 3316 241 3337 et
253 3313 414 3338 vomitantes
429 3313 626 3346 recusauerint,
647 3319 735 3339 tamen
752 3322 766 3340 a
781 3313 856 3342 dolio
870 3315 994 3341 vinceris.
1057 3314 1132 3342 Idem
1201 3323 1345 3353 apportant
1359 3317 1457 3348 minae,
1471 3316 1560 3344 litatio
1573 3315 1776 3351 propiciationis
1790 3315 1899 3342 auertit.
1972 3316 2030 3343 Sen.
2046 3317 2108 3344 Nat.
2124 3318 2232 3351 Qiaest.
2247 3328 2270 3351 2,

72 3343 106 3372 de
119 3345 161 3386 Ira
173 3354 196 3386 ξ,
209 3354 238 3386 53
255 3344 284 3373 de
295 3346 407 3380 Pastore,
422 3352 501 3384 equite
513 3351 584 3376 Rom.
609 3349 767 3384 Propinauit
779 3350 805 3377 ei
819 3352 913 3378 Caesar
926 3351 1061 3377 heminam
1074 3361 1080 3378 t
1106 3357 1133 3379 et
1151 3358 1179 3386 85
1202 3359 1231 3386 38
1253 3352 1425 3388 Expiationes
1440 3354 1702 3390 propiciationesque
1715 3351 1914 3387 prodigiorum.
1943 3352 1978 3379 al.
1997 3354 2267 3391 Procurationesque.

72 3381 161 3414 posu1t
175 3381 217 3407 1111
232 3382 375 3410 custodem.
416 3384 572 3412 Perdurauit
586 3385 684 3418 miser,
704 3395 760 3413 non
773 3386 865 3419 aliter,
884 3396 963 3422 quam
978 3386 995 3413 fi
1012 3386 1064 3414 filii
1084 3388 1132 3428 (eo
1203 3389 1274 3426 conf.
1295 3389 1369 3416 Non.
1385 3400 1413 3424 4,
1425 3392 1485 3422 366.

72 3416 112 3442 die
126 3426 141 3442 a
154 3417 255 3453 Cacfixre
267 3417 423 3454 interfecti)
437 3421 591 3454 sanguinem
604 3421 719 3449 biberet.
798 3424 866 3450 Gell.
886 3433 929 3456 10,
952 3431 980 3457 17
1001 3423 1043 3450 Est
1057 3432 1131 3450 enim
1240 3432 1255 3451 Ρ
1264 3432 1284 3452 R
1294 3431 1314 3452 0
1325 3432 1341 3451 P
1350 3432 1360 3452 1
1370 3433 1405 3453 CI
1416 3427 1525 3453 KTOR
1534 3444 1543 3456 ‚
1561 3424 1627 3451 oris.
1648 3433 1684 3451 m.
1720 3424 1836 3450 Hieron.
1851 3423 1929 3458 Epist.
1945 3426 2002 3458 146.

73 3453 197 3487 persona,
209 3462 276 3488 quae
289 3453 340 3481 hoc
352 3455 422 3490 apud
435 3455 668 3491 Laberium-dicit,
680 3458 775 3486 diuitis
786 3460 861 3486 auari
878 3466 903 3485 r*
918 3459 1000 3493 parci,
1015 3460 1132 3487 smmum
1238 3468 1254 3488 Ρ
1265 3468 1284 3488 R
1295 3467 1316 3488 Ο
1327 3469 1342 3488 Ρ
1351 3468 1361 3488 1
1370 3469 1388 3490 C
1398 3470 1407 3489 1
1417 3464 1436 3489 Ᾱ
1447 3468 1468 3488 Τ
1482 3467 1500 3486 R
1513 3468 1521 3487 1
1532 3467 1550 3486 x
1560 3481 1568 3492 ‚
1588 3461 1646 3487 icis.
1667 3460 1688 3486 f.
1725 3459 1848 3486 Atnbros.
1864 3460 1896 3486 ad
1910 3460 1986 3494 Virg.
1999 3460 2074 3495 Laps.
2088 3470 2110 3487 c.
2122 3470 2149 3495 4.

71 3489 235 3528 plurimum,
254 3489 401 3523 κ’ςνωτωέντι,
423 3497 449 3518 et
467 3492 683 3527 propinationem
705 3495 876 3524 adolescentis
888 3495 938 3522 filii
958 3495 1132 3528 deplorantis.
1239 3505 1283 3525 PR
1295 3495 1561 3527 omcmnims,
1583 3505 1605 3523 e.
1642 3495 1705 3523 Adi.
1734 3494 1861 3530 [ἱλαςός]
1898 3496 1974 3531 „Qcod
1986 3495 2019 3528 est
2032 3497 2066 3522 ad
2072 3498 2268 3533 propiciandum

73 3525 124 3557 Hic
136 3523 478 3563 camillationemfignificare
492 3528 601 3556 videtur.
646 3531 726 3566 Apud
743 3532 866 3559 Senecam
880 3541 938 3557 vero
951 3531 983 3557 de
992 3532 1131 3559 Beneficiis
1143 3545 1180 3570 90
1200 3539 1295 3569 aptum.
1359 3534 1459 3561 Ennius
1478 3532 1546 3567 apud
1564 3533 1638 3561 Non.
1658 3541 1691 3563 2,
1711 3533 1764 3565 669
1802 3531 1873 3558 Huic
1892 3532 1927 3558 est
1946 3532 2050 3559 animus
2071 3534 2268 3568 propiciabilis.

0 3577 4 3590 ι
71 3569 97 3601 2.,
113 3570 138 3602 ².¹
152 3568 201 3596 pro
213 3559 272 3587 aaa
282 3562 434 3599 porrigendi
445 3566 557 3598 poculum
572 3567 714 3600 accipitur,-
750 3568 805 3602 Ego
818 3569 851 3595 ab
867 3577 898 3594 eo
915 3567 1075 3595 beneficium
1091 3577 1132 3595 ac·
1201 3569 1258 3597 add.
1271 3570 1392 3597 Tertull.
1407 3570 1438 3595 de
1453 3569 1538 3595 Ieiun.
1552 3578 1574 3595 c.
1590 3577 1623 3601 ις.
1662 3568 1741 3595 Prud.
1756 3567 1845 3594 Perist.
1861 3576 1901 3601 14,
1916 3576 1957 3600 130
1982 3569 2120 3604 Purgabor
2132 3571 2188 3598 oris
2207 3580 2267 3606 pro-

0 3594 6 3624 i
72 3605 184 3632 ciprani,
208 3606 222 3623 a
242 3606 298 3631 quo
317 3599 536 3633 propinationem
553 3607 705 3635 accepturus
718 3611 774 3629 non
787 3604 851 3632 sim?
928 3604 1033 3631 Petron.
1055 3614 1077 3631 c.
1093 3613 1131 3637 113
1202 3606 1335 3641 piciabilis
1359 3604 1485 3639 Fulgore,
1500 3605 1620 3631 nostrum
1633 3603 1650 3631 fi
1665 3604 1739 3630 iecur
1753 3603 1872 3638 impleas.

0 3626 9 3689 ξ
74 3629 132 3659 Nec
145 3633 226 3660 Giton
241 3642 284 3659 me
297 3640 342 3660 aut
356 3634 487 3661 tralaticia
501 3637 691 3670 propinatione
706 3637 815 3672 dignum
835 3639 978 3668 iudicabat.
1238 3650 1253 3669 Ρ
1262 3650 1281 3670 R
1290 3649 1310 3670 O
1319 3648 1351 3668 ΡΙ
1362 3648 1378 3669 c
1387 3649 1396 3668 1
1405 3648 1427 3667 A
1438 3647 1461 3667 Τ
1470 3647 1516 3667 OR
1526 3647 1534 3666 1
1545 3647 1564 3665 v
1574 3648 1599 3667 Μ
1608 3661 1616 3674 ‚
1643 3640 1660 3668 i.
1684 3649 1711 3666 n.
1749 3639 1910 3675 [ἶλαςῆριον]
1953 3640 2033 3667 Locus
2051 3647 2097 3667 aut
2120 3640 2265 3674 instrumen-

107 3669 179 3696 PRO⁰
191 3675 205 3695 P
219 3676 381 3707 INQVV&
400 3678 425 3703 ἃ,
446 3679 500 3697 [¹¹1¹-
536 3672 597 3699 Adi·
633 3672 760 3706 [πλήσωῆ
773 3679 904 3707 πλησίςιπ,
919 3674 1048 3711 ὖπόγυιος]
1076 3677 1130 3712 Qu?
1201 3685 1268 3711 tum,
1288 3681 1315 3705 in
1332 3686 1379 3713 quo
1391 3677 1495 3712 placari
1507 3677 1572 3712 Jblet
1592 3678 1670 3703 Deus.
1718 3676 1816 3702 Tabula
1832 3674 1913 3710 posita
1939 3677 2017 3712 fiiper
2040 3687 2124 3703 arcam
2140 3676 2265 3715 foedo-if.

66 3711 145 3746 Pr⁰1³⁶
157 3704 200 3739 est,
213 3713 236 3732 Ξῖ
252 3716 300 3732 '10’2
314 3709 393 3732 minus
407 3716 480 3742 quam
493 3716 575 3743 prope
588 3707 622 3734 ad
634 3710 688 3734 loca
699 3715 827 3746 temporis,
839 3721 862 3739 ει
875 3721 1039 3748 quamcunque
1052 3714 1129 3739 aliam
1146 3715 1179 3742 95
1200 3713 1293 3742 Ifidor.
1316 3722 1354 3746 15,
1363 3721 1394 3752 ¹4
1420 3712 1647 3753 Propiciatorium
1668 3712 1807 3739 oraculum
1825 3711 1896 3737 inter
1914 3711 1968 3739 duo
1981 3712 2139 3740 Cherubim.
2181 3713 2211 3737 Et
2225 3712 2264 3736 di-

0 3735 18 3778 l
71 3742 191 3767 wamiam
209 3748 232 3768 et
242 3741 433 3775 fimilz'tudinem
452 3744 573 3778 νήει-την.
640 3743 708 3770 Ter.
723 3746 818 3774 Heant.
837 3759 853 3780 1,
870 3758 888 3780 1,
904 3755 916 3780 5
939 3747 1021 3781 Quod
1037 3757 1087 3782 ego
1100 3748 1130 3774 in
1200 3750 1273 3777 &um
1292 3749 1532 3784 propiciatorium,
1556 3748 1628 3783 quasi
1653 3747 1860 3783 propiciationis
1883 3749 2044 3776 oratorium.
2101 3747 2263 3781 Propiciatio

0 3779 6 3796 >¹
16 3784 18 3806 μ
1374 3784 1379 3788 .

0 3809 4 3829 l
16 3807 19 3828 l

72 3776 222 3816 PFQHinqssa
242 3785 315 3812 Ρᾶῐῒὲ
330 3778 472 3805 Amicitiae
492 3786 565 3814 puto.
643 3779 753 3807 Clamor
772 3785 936 3819 propinquus
961 3784 1007 3809 Sil.
1023 3791 1057 3815 13.
1073 3789 1128 3816 148.
1200 3788 1273 3813 enim
1287 3785 1401 3820 placatio
1418 3784 1463 3811 est.
1507 3784 1586 3819 Vulg.
1600 3785 1679 3811 Rom.
1695 3793 1715 3817 3,
1730 3792 1787 3817 250

72 3812 191 3839 Ex¹¹1¹¹¹1¹
203 3815 377 3850 propinquius
391 3823 469 3841 orare
493 3814 678 3842 Ouid-Trist-
697 3825 729 3849 4,
742 3825 776 3849 4,
791 3826 825 3851 31.
922 3819 998 3846 Mors
1023 3819 1081 3845 Cic.
1095 3818 1129 3845 de
1236 3828 1281 3849 121<
1292 3827 1310 3847 o
1321 3827 1337 3846 i>
1348 3827 1358 3846 1
1368 3825 1421 3852 vs,
1445 3819 1498 3846 vid.
1523 3825 1540 3845 P
1550 3827 1569 3847 R
1579 3827 1657 3848 ore.

72 3847 167 3874 Diuin.
184 3856 205 3879 Ι,
218 3850 257 3879 36-
344 3851 451 3882 Motus,
470 3851 517 3885 qui
536 3849 647 3877 finitimi
666 3851 726 3878 sunt
746 3858 770 3878 et
783 3855 928 3890 propinqui
946 3855 987 3881 his
1010 3854 1083 3881 Idem
1096 3854 1129 3882 de
1238 3864 1254 3884 Ρ
1267 3862 1493 3888 ROPLASMA,
1509 3856 1569 3882 atis.
1589 3865 1615 3883 n.
1652 3854 1840 3890 [πρόπλασμα]
1882 3855 1980 3890 ᾙῬυς,
1994 3854 2024 3880 id
2035 3851 2263 3888 estformafiglini

72 3885 149 3910 Orat.
163 3892 187 3914 2¹
201 3888 266 3924 1853
344 3886 485 3913 Praedium
508 3885 581 3912 Idem
596 3895 645 3920 pro
661 3887 737 3913 Rosc.
752 3889 840 3917 Amer.
851 3892 893 3924 '133
908 3893 982 3925 c.46.
1064 3891 1127 3917 Pro·
1141 3898 1189 3918 100
1199 3896 1291 3929 operis,
1309 3901 1382 3927 quam
1394 3891 1584 3927 adsortnanda,
1591 3890 1728 3927 fundenda
1739 3891 1888 3926 pracsertim
1903 3900 1932 3917 ex
1951 3900 2022 3922 aere,
2041 3890 2092 3926 aila
2108 3893 2179 3928 OpftJa
2191 3888 2263 3928 adhr-

72 3919 177 3958 vinciae
189 3926 355 3958 propinquae
369 3929 394 3949 ct
410 3923 542 3948 finitimae
561 3923 617 3949 th.
626 3921 740 3957 Philipp.
761 3931 797 3955 11,
807 3934 839 3959 34
850 3937 871 3953 c.
888 3936 919 3955 ις,
993 3927 1054 3961 Spes
1068 3934 1130 3960 pro·
1200 3930 1266 3956 bene.
1303 3927 1371 3954 Plin,
1385 3935 1430 3960 35,
1449 3935 1474 3953 12
1489 3927 1508 3953 s.
1521 3935 1555 3961 45
1575 3926 1700 3954 Arcesilai
1715 3926 1891 3962 proplasmata
1901 3926 1987 3961 pluris
2007 3931 2098 3949 ventre
2111 3923 2188 3950 solita
2200 3931 2264 3950 arn-

73 3963 170 3989 1³1⁰q¹¹¹
191 3954 301 3980 Redmss
328 3958 402 3985 Idem
422 3960 476 3984 Att.
497 3967 528 3990 9,
550 3963 584 3987 ¹8·
679 3959 765 3992 ReglO
785 3961 866 3989 Ouid·
880 3962 968 3989 Trist·
993 3971 1016 3995 3,
1035 3970 1073 3994 12,
1087 3970 1131 3995 33·
1201 3964 1295 3992 ficibus
1309 3962 1386 3998 ipfis,
1407 3971 1487 3998 quam
1502 3963 1619 3991 aliorum
1632 3971 1722 3997 opera.
2104 3995 2108 3999 ·

72 3991 142 4023 Ter.
162 3991 228 4030 Eun:
249 3997 278 4022 5,
301 3992 334 4023 6,
353 4002 376 4031 1⁵
401 3996 439 4022 Ex
458 4002 519 4021 meo
540 3993 694 4028 propinquo
714 3994 793 4021 Rure.
811 3995 861 4024 hoc
881 3998 957 4033 capio
983 3997 1130 4024 commodi.
1238 4006 1339 4027 PRO?
1352 4000 1525 4032 N1GF20N,
1551 4000 1569 4026 i.
1590 4009 1615 4025 n.
1654 3999 1834 4034 [npomlyaov]
1871 3999 1908 4025 Os
1921 4001 2014 4030 patens
2027 3992 2123 4028 surm,
2141 3993 2262 4033 praesim.

73 4026 152 4061 Signa
171 4024 327 4053 OmdAEast.
341 4036 367 4060 2,
381 4035 432 4063 189·
505 4031 581 4065 Spem
595 4029 707 4056 alicuius
721 4030 761 4056 rei
774 4033 951 4068 propinquam
958 4034 1045 4061 facere
1067 4033 1128 4061 Liu.
1201 4039 1278 4063 nium.
1333 4035 1400 4062 Plin.
1416 4034 1496 4069 Epist.
1511 4043 1535 4066 2,
1557 4042 1595 4069 17,
1612 4043 1635 4061 11
1665 4034 1774 4061 Adiacet
1788 4034 1942 4060 νηξὶοτίιιηι
1955 4028 2143 4062 hyPOfflUstfflb
2162 4028 2265 4070 ³³¹³?‘t

75 4067 115 4095 28,
131 4071 168 4094 25,
263 4061 361 4090 Verbis
378 4067 537 4103 propinquis
556 4065 632 4094 abuti
658 4065 714 4092 Cic.
729 4065 756 4092 in
770 4067 844 4094 Orat.
859 4077 905 4102 94.
1013 4070 1130 4105 Vespera
1140 4079 1184 4105 105
1201 4071 1370 4108 propnigeon
1384 4070 1500 4098 balinei:
1516 4079 1578 4098 mox
1594 4070 1660 4098 duae
1674 4070 1754 4098 cellae
1767 4069 1850 4103 magis
1864 4068 2089 4101 elegantes,quam
2104 4063 2262 4091 summotae.

1399 4114 1417 4143 7
1440 4107 1462 4134 (ae
1499 4115 1513 4133 2
2168 4110 2264 4134 πὶΓΙἚις
