<?xml version="1.0" encoding="UTF-8"?>
<!DOCTYPE html PUBLIC "-//W3C//DTD XHTML 1.0 Transitional//EN"
    "http://www.w3.org/TR/xhtml1/DTD/xhtml1-transitional.dtd">
<html xmlns="http://www.w3.org/1999/xhtml" xml:lang="en" lang="en">
 <head>
  <title>
</title>
<meta http-equiv="Content-Type" content="text/html;charset=utf-8" />
  <meta name='ocr-system' content='tesseract 3.04.00' />
  <meta name='ocr-capabilities' content='ocr_page ocr_carea ocr_par ocr_line ocrx_word'/>
</head>
<body>
  <div class='ocr_page' id='page_1' title='image "./novuslinguaeeter03gesn/novuslinguaeeter03gesn_0455.png"; bbox 0 0 2517 4231; ppageno 0'>
   <div class='ocr_carea' id='block_1_1' title="bbox 0 86 2 733">
    <p class='ocr_par' dir='ltr' id='par_1_1' title="bbox 0 86 2 733">
     <span class='ocr_line' id='line_1_1' title="bbox 0 86 2 733; baseline 0 0"><span class='ocrx_word' id='word_1_1' title='bbox 0 86 2 733; x_wconf 95' lang='lat' dir='ltr'> </span> 
     </span>
    </p>
   </div>
   <div class='ocr_carea' id='block_1_2' title="bbox 425 191 704 235">
    <p class='ocr_par' dir='ltr' id='par_1_2' title="bbox 425 191 704 235">
     <span class='ocr_line' id='line_1_2' title="bbox 425 191 704 235; baseline 0.011 -3"><span class='ocrx_word' id='word_1_2' title='bbox 425 191 704 235; x_wconf 92' lang='lat' dir='ltr'>PlN</span> 
     </span>
    </p>
   </div>
   <div class='ocr_carea' id='block_1_3' title="bbox 35 281 1110 571">
    <p class='ocr_par' dir='ltr' id='par_1_3' title="bbox 35 281 1110 571">
     <span class='ocr_line' id='line_1_3' title="bbox 45 281 1102 318; baseline -0.003 -7"><span class='ocrx_word' id='word_1_3' title='bbox 45 282 243 312; x_wconf 77' lang='lat' dir='ltr'>Heliconiades.</span> <span class='ocrx_word' id='word_1_4' title='bbox 314 282 413 310; x_wconf 75' lang='lat' dir='ltr'>Auson.</span> <span class='ocrx_word' id='word_1_5' title='bbox 427 282 507 318; x_wconf 85' lang='lat' dir='ltr'>Epist.</span> <span class='ocrx_word' id='word_1_6' title='bbox 523 292 564 317; x_wconf 83' lang='lat'>14,</span> <span class='ocrx_word' id='word_1_7' title='bbox 580 292 597 317; x_wconf 91' lang='lat'><em>9</em></span> <span class='ocrx_word' id='word_1_8' title='bbox 616 283 645 310; x_wconf 91' lang='lat' dir='ltr'>Si</span> <span class='ocrx_word' id='word_1_9' title='bbox 657 282 764 318; x_wconf 78' lang='lat' dir='ltr'>riguam</span> <span class='ocrx_word' id='word_1_10' title='bbox 776 281 852 309; x_wconf 81' lang='lat' dir='ltr'>laetis</span> <span class='ocrx_word' id='word_1_11' title='bbox 864 281 961 308; x_wconf 79' lang='lat' dir='ltr'>recolis</span> <span class='ocrx_word' id='word_1_12' title='bbox 980 281 1102 317; x_wconf 84' lang='lat' dir='ltr'>Pimplei-</span> 
     </span>
     <span class='ocr_line' id='line_1_4' title="bbox 45 313 1110 355; baseline -0.002 -8"><span class='ocrx_word' id='word_1_13' title='bbox 45 321 79 348; x_wconf 83' lang='lat' dir='ltr'>da</span> <span class='ocrx_word' id='word_1_14' title='bbox 91 319 177 348; x_wconf 71' lang='lat' dir='ltr'>mufie.</span> <span class='ocrx_word' id='word_1_15' title='bbox 215 321 257 347; x_wconf 78' lang='lat' dir='ltr'>Ita</span> <span class='ocrx_word' id='word_1_16' title='bbox 274 327 302 346; x_wconf 86' lang='lat' dir='ltr'>ue</span> <span class='ocrx_word' id='word_1_17' title='bbox 314 318 382 354; x_wconf 79' lang='lat' dir='ltr'>apud</span> <span class='ocrx_word' id='word_1_18' title='bbox 396 319 531 346; x_wconf 82' lang='lat' dir='ltr'><em>Horatium</em></span> <span class='ocrx_word' id='word_1_19' title='bbox 544 322 561 347; x_wconf 86' lang='grc' dir='ltr'>Ι.</span> <span class='ocrx_word' id='word_1_20' title='bbox 577 329 600 346; x_wconf 89' lang='lat' dir='ltr'>c.</span> <span class='ocrx_word' id='word_1_21' title='bbox 646 318 811 355; x_wconf 80' lang='lat' dir='ltr'>suffragante</span> <span class='ocrx_word' id='word_1_22' title='bbox 821 318 969 354; x_wconf 63' lang='lat' dir='ltr'>praesertim</span> <span class='ocrx_word' id='word_1_23' title='bbox 990 313 1110 346; x_wconf 80' lang='lat' dir='ltr'>Scholia-¹</span> 
     </span>
     <span class='ocr_line' id='line_1_5' title="bbox 35 327 1102 392; baseline -0.002 -10"><span class='ocrx_word' id='word_1_24' title='bbox 35 354 80 390; x_wconf 77' lang='lat' dir='ltr'>ste</span> <span class='ocrx_word' id='word_1_25' title='bbox 104 357 159 383; x_wconf 83' lang='lat' dir='ltr'>Vet.</span> <span class='ocrx_word' id='word_1_26' title='bbox 180 327 294 390; x_wconf 63' lang='lat' dir='ltr'>Pimpfe‘i</span> <span class='ocrx_word' id='word_1_27' title='bbox 308 356 449 381; x_wconf 75' lang='lat' dir='ltr'>maluerunt</span> <span class='ocrx_word' id='word_1_28' title='bbox 461 357 540 392; x_wconf 78' lang='lat' dir='ltr'>legere</span> <span class='ocrx_word' id='word_1_29' title='bbox 551 358 606 383; x_wconf 83' lang='lat' dir='ltr'>viri</span> <span class='ocrx_word' id='word_1_30' title='bbox 617 354 703 387; x_wconf 65' lang='lat' dir='ltr'>datii,</span> <span class='ocrx_word' id='word_1_31' title='bbox 720 363 793 390; x_wconf 85' lang='lat' dir='ltr'>quam</span> <span class='ocrx_word' id='word_1_32' title='bbox 809 354 926 389; x_wconf 78' lang='lat' dir='ltr'>Pimplea</span> <span class='ocrx_word' id='word_1_33' title='bbox 941 364 947 380; x_wconf 80' lang='grc' dir='ltr'><em>τ</em></span> <span class='ocrx_word' id='word_1_34' title='bbox 965 364 1018 381; x_wconf 85' lang='lat' dir='ltr'>cum</span> <span class='ocrx_word' id='word_1_35' title='bbox 1027 362 1102 390; x_wconf 84' lang='lat' dir='ltr'>prae-</span> 
     </span>
     <span class='ocr_line' id='line_1_6' title="bbox 37 388 1100 429; baseline -0.001 -11"><span class='ocrx_word' id='word_1_36' title='bbox 37 392 130 429; x_wconf 74' lang='lat' dir='ltr'>sertim</span> <span class='ocrx_word' id='word_1_37' title='bbox 143 392 189 419; x_wconf 83' lang='lat' dir='ltr'>hoc</span> <span class='ocrx_word' id='word_1_38' title='bbox 201 401 250 418; x_wconf 82' lang='lat' dir='ltr'>non</span> <span class='ocrx_word' id='word_1_39' title='bbox 264 390 474 426; x_wconf 83' lang='lat' dir='ltr'>habeatformam</span> <span class='ocrx_word' id='word_1_40' title='bbox 487 393 700 428; x_wconf 78' lang='lat' dir='ltr'>Patroitymicam,</span> <span class='ocrx_word' id='word_1_41' title='bbox 733 398 765 417; x_wconf 89' lang='lat' dir='ltr'>ua</span> <span class='ocrx_word' id='word_1_42' title='bbox 776 389 818 417; x_wconf 85' lang='lat' dir='ltr'>hic</span> <span class='ocrx_word' id='word_1_43' title='bbox 830 398 890 426; x_wconf 74' lang='lat' dir='ltr'>opus</span> <span class='ocrx_word' id='word_1_44' title='bbox 903 388 946 423; x_wconf 71' lang='lat' dir='ltr'>«st.</span> <span class='ocrx_word' id='word_1_45' title='bbox 983 390 1100 417; x_wconf 84' lang='lat' dir='ltr'>Martial.</span> 
     </span>
     <span class='ocr_line' id='line_1_7' title="bbox 45 425 1101 462; baseline -0.001 -8"><span class='ocrx_word' id='word_1_46' title='bbox 45 435 77 458; x_wconf 83' lang='lat'>1¹,</span> <span class='ocrx_word' id='word_1_47' title='bbox 90 435 109 460; x_wconf 91' lang='lat'>4</span> <span class='ocrx_word' id='word_1_48' title='bbox 124 427 189 454; x_wconf 83' lang='lat' dir='ltr'>Non</span> <span class='ocrx_word' id='word_1_49' title='bbox 202 426 302 454; x_wconf 84' lang='lat' dir='ltr'>vrbana</span> <span class='ocrx_word' id='word_1_50' title='bbox 316 435 375 453; x_wconf 89' lang='lat' dir='ltr'>mea</span> <span class='ocrx_word' id='word_1_51' title='bbox 387 432 492 454; x_wconf 88' lang='lat' dir='ltr'>tantum</span> <span class='ocrx_word' id='word_1_52' title='bbox 506 425 653 462; x_wconf 87' lang='lat' dir='ltr'>Pimpleide</span> <span class='ocrx_word' id='word_1_53' title='bbox 666 434 717 460; x_wconf 83' lang='lat' dir='ltr'>gau</span> <span class='ocrx_word' id='word_1_54' title='bbox 737 431 791 452; x_wconf 88' lang='lat' dir='ltr'>ent.</span> <span class='ocrx_word' id='word_1_55' title='bbox 862 426 1020 461; x_wconf 73' lang='lat' dir='ltr'>Pimpleidos</span> <span class='ocrx_word' id='word_1_56' title='bbox 1040 428 1101 453; x_wconf 93' lang='lat' dir='ltr'>Mu-</span> 
     </span>
     <span class='ocr_line' id='line_1_8' title="bbox 44 461 1103 526; baseline 0 -36"><span class='ocrx_word' id='word_1_57' title='bbox 44 463 86 490; x_wconf 81' lang='lat' dir='ltr'>sae</span> <span class='ocrx_word' id='word_1_58' title='bbox 98 471 112 489; x_wconf 90' lang='lat' dir='ltr'>a</span> <span class='ocrx_word' id='word_1_59' title='bbox 125 462 212 526; x_wconf 54' lang='lat' dir='ltr'>foptest</span> <span class='ocrx_word' id='word_1_60' title='bbox 216 463 392 490; x_wconf 72' lang='lat' dir='ltr'>Macedoniae</span> <span class='ocrx_word' id='word_1_61' title='bbox 404 463 507 497; x_wconf 59' lang='lat' dir='ltr'>didiae,</span> <span class='ocrx_word' id='word_1_62' title='bbox 526 469 635 500; x_wconf 85' lang='lat' dir='ltr'>propter</span> <span class='ocrx_word' id='word_1_63' title='bbox 647 461 764 497; x_wconf 87' lang='lat' dir='ltr'>liquoris</span> <span class='ocrx_word' id='word_1_64' title='bbox 776 462 834 490; x_wconf 89' lang='lat' dir='ltr'>eius</span> <span class='ocrx_word' id='word_1_65' title='bbox 847 463 954 490; x_wconf 73' lang='lat' dir='ltr'>vulcam</span> <span class='ocrx_word' id='word_1_66' title='bbox 972 462 1103 490; x_wconf 82' lang='lat' dir='ltr'>subtilita-</span> 
     </span>
     <span class='ocr_line' id='line_1_9' title="bbox 43 499 433 529; baseline 0 -4"><span class='ocrx_word' id='word_1_67' title='bbox 43 503 107 529; x_wconf 79' lang='lat' dir='ltr'>tem.</span> <span class='ocrx_word' id='word_1_68' title='bbox 165 499 191 525; x_wconf 56' lang='lat' dir='ltr'>&#39;e</span> <span class='ocrx_word' id='word_1_69' title='bbox 215 507 254 525; x_wconf 86' lang='lat' dir='ltr'>us.</span> <span class='ocrx_word' id='word_1_70' title='bbox 428 505 433 507; x_wconf 79' lang='grc'><strong><em>·</em></strong></span> 
     </span>
     <span class='ocr_line' id='line_1_10' title="bbox 441 536 723 571; baseline -0.007 -1"><span class='ocrx_word' id='word_1_71' title='bbox 441 539 464 571; x_wconf 91' lang='grc' dir='ltr'><strong>Ρ</strong></span> <span class='ocrx_word' id='word_1_72' title='bbox 567 536 583 568; x_wconf 94' lang='grc' dir='ltr'><strong>Ι</strong></span> <span class='ocrx_word' id='word_1_73' title='bbox 691 536 723 569; x_wconf 91' lang='grc' dir='ltr'>Ν</span> 
     </span>
    </p>
   </div>
   <div class='ocr_carea' id='block_1_4' title="bbox 42 607 1105 786">
    <p class='ocr_par' dir='ltr' id='par_1_4' title="bbox 80 607 574 645">
     <span class='ocr_line' id='line_1_11' title="bbox 80 607 574 645; baseline -0.002 -12"><span class='ocrx_word' id='word_1_74' title='bbox 80 613 190 634; x_wconf 76' lang='grc' dir='ltr'>ιηΝΑ.</span> <span class='ocrx_word' id='word_1_75' title='bbox 225 608 326 645; x_wconf 82' lang='lat' dir='ltr'><em>Piscis,</em></span> <span class='ocrx_word' id='word_1_76' title='bbox 360 607 574 636; x_wconf 76' lang='lat' dir='ltr'>vid.P1NNA.</span> 
     </span>
    </p>

    <p class='ocr_par' dir='ltr' id='par_1_5' title="bbox 42 641 1105 786">
     <span class='ocr_line' id='line_1_12' title="bbox 81 641 724 678; baseline -0.006 -7"><span class='ocrx_word' id='word_1_77' title='bbox 81 649 291 672; x_wconf 72' lang='grc' dir='ltr'><strong>ΡΙΝΑΟΟΤΗ</strong></span> <span class='ocrx_word' id='word_1_78' title='bbox 302 645 345 671; x_wconf 67' lang='lat' dir='ltr'>EC</span> <span class='ocrx_word' id='word_1_79' title='bbox 356 652 396 677; x_wconf 81' lang='grc' dir='ltr'>Α,</span> <span class='ocrx_word' id='word_1_80' title='bbox 414 651 454 671; x_wconf 73' lang='lat' dir='ltr'>ae.</span> <span class='ocrx_word' id='word_1_81' title='bbox 480 642 501 669; x_wconf 90' lang='lat' dir='ltr'>f.</span> <span class='ocrx_word' id='word_1_82' title='bbox 538 641 724 678; x_wconf 62' lang='grc' dir='ltr'>[πινακυθήκη]</span> 
     </span>
     <span class='ocr_line' id='line_1_13' title="bbox 42 676 1104 720; baseline -0.002 -14"><span class='ocrx_word' id='word_1_83' title='bbox 42 677 127 706; x_wconf 80' lang='lat' dir='ltr'>thecis</span> <span class='ocrx_word' id='word_1_84' title='bbox 142 686 224 706; x_wconf 81' lang='lat' dir='ltr'>autem</span> <span class='ocrx_word' id='word_1_85' title='bbox 236 681 334 707; x_wconf 67' lang='lat' dir='ltr'>tabulae·</span> <span class='ocrx_word' id='word_1_86' title='bbox 341 678 445 716; x_wconf 60' lang='lat' dir='ltr'>pictae,</span> <span class='ocrx_word' id='word_1_87' title='bbox 463 679 586 705; x_wconf 81' lang='lat' dir='ltr'>caelatum</span> <span class='ocrx_word' id='word_1_88' title='bbox 599 686 745 715; x_wconf 70' lang='lat' dir='ltr'>argentum,</span> <span class='ocrx_word' id='word_1_89' title='bbox 754 677 873 720; x_wconf 73' lang='lat' dir='ltr'>stragula</span> <span class='ocrx_word' id='word_1_90' title='bbox 885 676 975 710; x_wconf 63' lang='lat' dir='ltr'>vellis,</span> <span class='ocrx_word' id='word_1_91' title='bbox 989 678 1067 715; x_wconf 75' lang='lat' dir='ltr'>signa</span> <span class='ocrx_word' id='word_1_92' title='bbox 1080 684 1104 704; x_wconf 76' lang='lat' dir='ltr'>et</span> 
     </span>
     <span class='ocr_line' id='line_1_14' title="bbox 42 713 1104 752; baseline -0.001 -11"><span class='ocrx_word' id='word_1_93' title='bbox 42 722 190 742; x_wconf 79' lang='lat' dir='ltr'>ornamenta</span> <span class='ocrx_word' id='word_1_94' title='bbox 201 717 390 752; x_wconf 70' lang='lat' dir='ltr'>reparxebmztur.</span> <span class='ocrx_word' id='word_1_95' title='bbox 426 714 493 741; x_wconf 84' lang='lat' dir='ltr'>Plin.</span> <span class='ocrx_word' id='word_1_96' title='bbox 506 723 541 747; x_wconf 78' lang='lat'>35,</span> <span class='ocrx_word' id='word_1_97' title='bbox 555 723 571 741; x_wconf 88' lang='lat'>2</span> <span class='ocrx_word' id='word_1_98' title='bbox 592 715 622 741; x_wconf 83' lang='lat' dir='ltr'>Et</span> <span class='ocrx_word' id='word_1_99' title='bbox 636 716 708 741; x_wconf 84' lang='lat' dir='ltr'>inter</span> <span class='ocrx_word' id='word_1_100' title='bbox 720 715 784 742; x_wconf 87' lang='lat' dir='ltr'>haec</span> <span class='ocrx_word' id='word_1_101' title='bbox 801 714 985 750; x_wconf 80' lang='lat' dir='ltr'>pinacothecas</span> <span class='ocrx_word' id='word_1_102' title='bbox 1005 713 1104 741; x_wconf 88' lang='lat' dir='ltr'>veteri-</span> 
     </span>
     <span class='ocr_line' id='line_1_15' title="bbox 43 748 1105 786; baseline 0 -10"><span class='ocrx_word' id='word_1_103' title='bbox 43 749 93 777; x_wconf 87' lang='lat' dir='ltr'>bus</span> <span class='ocrx_word' id='word_1_104' title='bbox 102 750 200 778; x_wconf 85' lang='lat' dir='ltr'>tabulis</span> <span class='ocrx_word' id='word_1_105' title='bbox 213 753 351 783; x_wconf 84' lang='lat' dir='ltr'>consuunt,</span> <span class='ocrx_word' id='word_1_106' title='bbox 359 751 512 786; x_wconf 77' lang='lat' dir='ltr'>alienasque</span> <span class='ocrx_word' id='word_1_107' title='bbox 526 749 626 785; x_wconf 77' lang='lat' dir='ltr'>efligies</span> <span class='ocrx_word' id='word_1_108' title='bbox 638 752 739 778; x_wconf 87' lang='lat' dir='ltr'>colunt.</span> <span class='ocrx_word' id='word_1_109' title='bbox 775 752 851 777; x_wconf 86' lang='lat' dir='ltr'>Varr.</span> <span class='ocrx_word' id='word_1_110' title='bbox 867 748 899 774; x_wconf 84' lang='lat' dir='ltr'>de</span> <span class='ocrx_word' id='word_1_111' title='bbox 912 750 944 775; x_wconf 71' lang='lat' dir='ltr'>R.</span> <span class='ocrx_word' id='word_1_112' title='bbox 959 750 990 776; x_wconf 86' lang='lat' dir='ltr'>R.</span> <span class='ocrx_word' id='word_1_113' title='bbox 1006 759 1026 783; x_wconf 93' lang='grc'>1,</span> <span class='ocrx_word' id='word_1_114' title='bbox 1041 759 1061 781; x_wconf 82' lang='lat'>2,</span> <span class='ocrx_word' id='word_1_115' title='bbox 1076 759 1105 776; x_wconf 89' lang='lat'>10</span> 
     </span>
    </p>
   </div>
   <div class='ocr_carea' id='block_1_5' title="bbox 45 201 121 247">
    <p class='ocr_par' dir='ltr' id='par_1_6' title="bbox 45 201 121 247">
     <span class='ocr_line' id='line_1_16' title="bbox 45 201 121 247; baseline 0.053 -5"><span class='ocrx_word' id='word_1_116' title='bbox 45 201 121 247; x_wconf 90' lang='lat'>889</span> 
     </span>
    </p>
   </div>
   <div class='ocr_carea' id='block_1_6' title="bbox 22 784 1684 828">
    <p class='ocr_par' dir='ltr' id='par_1_7' title="bbox 22 784 1684 828">
     <span class='ocr_line' id='line_1_17' title="bbox 22 784 1684 828; baseline 0 -16"><span class='ocrx_word' id='word_1_117' title='bbox 22 787 27 794; x_wconf 66' lang='lat'>¹</span> <span class='ocrx_word' id='word_1_118' title='bbox 44 786 115 813; x_wconf 76' lang='lat' dir='ltr'>Cum</span> <span class='ocrx_word' id='word_1_119' title='bbox 129 786 208 814; x_wconf 87' lang='lat' dir='ltr'>huius</span> <span class='ocrx_word' id='word_1_120' title='bbox 221 787 365 824; x_wconf 59' lang='lat' dir='ltr'>speciatum</span> <span class='ocrx_word' id='word_1_121' title='bbox 377 787 486 814; x_wconf 87' lang='lat' dir='ltr'>veniant</span> <span class='ocrx_word' id='word_1_122' title='bbox 498 787 593 820; x_wconf 84' lang='lat' dir='ltr'>villas,</span> <span class='ocrx_word' id='word_1_123' title='bbox 610 796 665 814; x_wconf 89' lang='lat' dir='ltr'>non</span> <span class='ocrx_word' id='word_1_124' title='bbox 679 792 707 814; x_wconf 93' lang='lat' dir='ltr'>vt</span> <span class='ocrx_word' id='word_1_125' title='bbox 727 786 797 821; x_wconf 86' lang='lat' dir='ltr'>apud</span> <span class='ocrx_word' id='word_1_126' title='bbox 811 785 968 816; x_wconf 77' lang='lat' dir='ltr'><strong>Lucullum,</strong></span> <span class='ocrx_word' id='word_1_127' title='bbox 988 792 1016 812; x_wconf 89' lang='lat' dir='ltr'>vt</span> <span class='ocrx_word' id='word_1_128' title='bbox 1030 785 1104 812; x_wconf 86' lang='lat' dir='ltr'>vide·</span> <span class='ocrx_word' id='word_1_129' title='bbox 1124 806 1148 828; x_wconf 74' lang='grc' dir='ltr'>,ς</span> <span class='ocrx_word' id='word_1_130' title='bbox 1166 784 1397 821; x_wconf 82' lang='lat' dir='ltr'>pulclu·itudinen1</span> <span class='ocrx_word' id='word_1_131' title='bbox 1419 784 1487 811; x_wconf 90' lang='lat' dir='ltr'>Plin.</span> <span class='ocrx_word' id='word_1_132' title='bbox 1502 785 1581 819; x_wconf 69' lang='lat' dir='ltr'>lipist.</span> <span class='ocrx_word' id='word_1_133' title='bbox 1597 794 1618 817; x_wconf 80' lang='grc' dir='ltr'>ς,</span> <span class='ocrx_word' id='word_1_134' title='bbox 1635 794 1684 812; x_wconf 83' lang='lat'>101.</span> 
     </span>
    </p>
   </div>
   <div class='ocr_carea' id='block_1_7' title="bbox 9 821 1106 1398">
    <p class='ocr_par' dir='ltr' id='par_1_8' title="bbox 9 821 1106 1398">
     <span class='ocr_line' id='line_1_18' title="bbox 42 821 1105 858; baseline -0.002 -10"><span class='ocrx_word' id='word_1_135' title='bbox 42 829 90 848; x_wconf 85' lang='lat' dir='ltr'>ant</span> <span class='ocrx_word' id='word_1_136' title='bbox 102 823 302 858; x_wconf 78' lang='lat' dir='ltr'>pinacothecaS,</span> <span class='ocrx_word' id='word_1_137' title='bbox 318 822 362 849; x_wconf 85' lang='lat' dir='ltr'>sed</span> <span class='ocrx_word' id='word_1_138' title='bbox 376 823 562 858; x_wconf 78' lang='lat' dir='ltr'>oporothecas.</span> <span class='ocrx_word' id='word_1_139' title='bbox 655 824 687 849; x_wconf 83' lang='lat' dir='ltr'>Et</span> <span class='ocrx_word' id='word_1_140' title='bbox 700 823 808 849; x_wconf 85' lang='lat' dir='ltr'>Petron.</span> <span class='ocrx_word' id='word_1_141' title='bbox 821 831 843 849; x_wconf 88' lang='lat' dir='ltr'>c.</span> <span class='ocrx_word' id='word_1_142' title='bbox 859 827 885 850; x_wconf 70' lang='lat'>83</span> <span class='ocrx_word' id='word_1_143' title='bbox 908 822 937 846; x_wconf 90' lang='lat' dir='ltr'>In</span> <span class='ocrx_word' id='word_1_144' title='bbox 951 821 1105 854; x_wconf 84' lang='lat' dir='ltr'>pinacothe-</span> 
     </span>
     <span class='ocr_line' id='line_1_19' title="bbox 42 856 1105 895; baseline -0.002 -11"><span class='ocrx_word' id='word_1_145' title='bbox 42 866 100 884; x_wconf 84' lang='lat' dir='ltr'>cam</span> <span class='ocrx_word' id='word_1_146' title='bbox 113 860 241 895; x_wconf 87' lang='lat' dir='ltr'>perueni,</span> <span class='ocrx_word' id='word_1_147' title='bbox 261 859 338 885; x_wconf 78' lang='lat' dir='ltr'>vario</span> <span class='ocrx_word' id='word_1_148' title='bbox 352 867 449 894; x_wconf 82' lang='lat' dir='ltr'>genere</span> <span class='ocrx_word' id='word_1_149' title='bbox 463 859 614 886; x_wconf 88' lang='lat' dir='ltr'>tabularum</span> <span class='ocrx_word' id='word_1_150' title='bbox 632 858 794 886; x_wconf 85' lang='lat' dir='ltr'>mirabilem.</span> <span class='ocrx_word' id='word_1_151' title='bbox 852 857 923 883; x_wconf 85' lang='lat' dir='ltr'>Nam</span> <span class='ocrx_word' id='word_1_152' title='bbox 937 863 963 882; x_wconf 85' lang='lat' dir='ltr'>et</span> <span class='ocrx_word' id='word_1_153' title='bbox 977 856 1105 883; x_wconf 81' lang='lat' dir='ltr'>Zeuxidis</span> 
     </span>
     <span class='ocr_line' id='line_1_20' title="bbox 42 893 1105 928; baseline -0.002 -8"><span class='ocrx_word' id='word_1_154' title='bbox 42 902 136 921; x_wconf 83' lang='lat' dir='ltr'>manus</span> <span class='ocrx_word' id='word_1_155' title='bbox 149 894 222 928; x_wconf 87' lang='lat' dir='ltr'>vidi,</span> <span class='ocrx_word' id='word_1_156' title='bbox 238 894 360 921; x_wconf 85' lang='lat' dir='ltr'>nondum</span> <span class='ocrx_word' id='word_1_157' title='bbox 374 895 511 922; x_wconf 77' lang='lat' dir='ltr'>vetustatis</span> <span class='ocrx_word' id='word_1_158' title='bbox 522 895 624 922; x_wconf 84' lang='lat' dir='ltr'>iniuria</span> <span class='ocrx_word' id='word_1_159' title='bbox 637 894 739 927; x_wconf 64' lang='lat' dir='ltr'>victas,</span> <span class='ocrx_word' id='word_1_160' title='bbox 757 900 783 921; x_wconf 88' lang='lat' dir='ltr'>et</span> <span class='ocrx_word' id='word_1_161' title='bbox 798 893 956 927; x_wconf 83' lang='lat' dir='ltr'>Protogenis</span> <span class='ocrx_word' id='word_1_162' title='bbox 969 893 1105 919; x_wconf 85' lang='lat' dir='ltr'>rudimen-</span> 
     </span>
     <span class='ocr_line' id='line_1_21' title="bbox 40 928 1106 965; baseline -0.001 -9"><span class='ocrx_word' id='word_1_163' title='bbox 40 935 82 961; x_wconf 80' lang='lat' dir='ltr'>ta,</span> <span class='ocrx_word' id='word_1_164' title='bbox 100 937 146 957; x_wconf 83' lang='lat' dir='ltr'>etc.</span> <span class='ocrx_word' id='word_1_165' title='bbox 216 930 285 959; x_wconf 74' lang='lat' dir='ltr'>Add.</span> <span class='ocrx_word' id='word_1_166' title='bbox 300 931 373 958; x_wconf 86' lang='lat' dir='ltr'>Idem</span> <span class='ocrx_word' id='word_1_167' title='bbox 391 941 412 958; x_wconf 86' lang='lat' dir='ltr'>c.</span> <span class='ocrx_word' id='word_1_168' title='bbox 427 940 466 964; x_wconf 81' lang='lat'>93.</span> <span class='ocrx_word' id='word_1_169' title='bbox 539 932 648 958; x_wconf 85' lang='lat' dir='ltr'>Vitruu.</span> <span class='ocrx_word' id='word_1_170' title='bbox 665 933 692 963; x_wconf 93' lang='lat'>6,</span> <span class='ocrx_word' id='word_1_171' title='bbox 704 938 731 965; x_wconf 84' lang='lat'>7.</span> <span class='ocrx_word' id='word_1_172' title='bbox 808 928 867 956; x_wconf 84' lang='lat' dir='ltr'>Vid.</span> <span class='ocrx_word' id='word_1_173' title='bbox 887 929 961 955; x_wconf 67' lang='lat' dir='ltr'>Alex.</span> <span class='ocrx_word' id='word_1_174' title='bbox 981 928 1013 956; x_wconf 89' lang='lat' dir='ltr'>ab</span> <span class='ocrx_word' id='word_1_175' title='bbox 1030 930 1106 956; x_wconf 73' lang='lat' dir='ltr'>Alex.</span> 
     </span>
     <span class='ocr_line' id='line_1_22' title="bbox 11 965 947 1003; baseline -0.002 -10"><span class='ocrx_word' id='word_1_176' title='bbox 11 981 27 1000; x_wconf 63' lang='grc' dir='ltr'>,ι</span> <span class='ocrx_word' id='word_1_177' title='bbox 37 975 65 1002; x_wconf 83' lang='lat'>5,</span> <span class='ocrx_word' id='word_1_178' title='bbox 80 976 122 1001; x_wconf 79' lang='lat'>24.</span> <span class='ocrx_word' id='word_1_179' title='bbox 195 966 290 1003; x_wconf 77' lang='lat' dir='ltr'>Scalig.</span> <span class='ocrx_word' id='word_1_180' title='bbox 306 968 340 994; x_wconf 84' lang='lat' dir='ltr'>ad</span> <span class='ocrx_word' id='word_1_181' title='bbox 352 968 418 995; x_wconf 69' lang='lat' dir='ltr'>fest.</span> <span class='ocrx_word' id='word_1_182' title='bbox 432 975 456 994; x_wconf 75' lang='lat' dir='ltr'>et</span> <span class='ocrx_word' id='word_1_183' title='bbox 470 970 556 995; x_wconf 85' lang='lat' dir='ltr'>Petau.</span> <span class='ocrx_word' id='word_1_184' title='bbox 569 973 621 993; x_wconf 80' lang='lat' dir='ltr'>not.</span> <span class='ocrx_word' id='word_1_185' title='bbox 633 970 661 993; x_wconf 84' lang='lat' dir='ltr'>in</span> <span class='ocrx_word' id='word_1_186' title='bbox 675 968 753 993; x_wconf 82' lang='lat' dir='ltr'>Dion.</span> <span class='ocrx_word' id='word_1_187' title='bbox 767 965 851 1001; x_wconf 56' lang='lat' dir='ltr'>Sjynefi</span> <span class='ocrx_word' id='word_1_188' title='bbox 865 972 891 1000; x_wconf 83' lang='lat' dir='ltr'>p.</span> <span class='ocrx_word' id='word_1_189' title='bbox 907 975 947 999; x_wconf 62' lang='grc' dir='ltr'>εγ.</span> 
     </span>
     <span class='ocr_line' id='line_1_23' title="bbox 12 998 1104 1038; baseline -0.004 -9"><span class='ocrx_word' id='word_1_190' title='bbox 12 998 35 1033; x_wconf 48' lang='grc' dir='ltr'>ἦ]</span> <span class='ocrx_word' id='word_1_191' title='bbox 78 1008 94 1029; x_wconf 78' lang='grc' dir='ltr'><strong>Ρ</strong></span> <span class='ocrx_word' id='word_1_192' title='bbox 104 1011 112 1029; x_wconf 93' lang='grc'>1</span> <span class='ocrx_word' id='word_1_193' title='bbox 122 1009 174 1029; x_wconf 86' lang='grc' dir='ltr'>ΝΑ</span> <span class='ocrx_word' id='word_1_194' title='bbox 186 1009 222 1029; x_wconf 80' lang='lat' dir='ltr'>Rl</span> <span class='ocrx_word' id='word_1_195' title='bbox 234 1009 253 1030; x_wconf 85' lang='lat' dir='ltr'>v</span> <span class='ocrx_word' id='word_1_196' title='bbox 263 1011 275 1030; x_wconf 89' lang='lat' dir='ltr'>s</span> <span class='ocrx_word' id='word_1_197' title='bbox 285 1023 292 1034; x_wconf 90' lang='lat'>,</span> <span class='ocrx_word' id='word_1_198' title='bbox 328 1004 347 1030; x_wconf 86' lang='lat' dir='ltr'>i.</span> <span class='ocrx_word' id='word_1_199' title='bbox 385 1013 422 1030; x_wconf 85' lang='grc'>111.</span> <span class='ocrx_word' id='word_1_200' title='bbox 459 1011 483 1031; x_wconf 81' lang='lat' dir='ltr'>et</span> <span class='ocrx_word' id='word_1_201' title='bbox 509 1003 623 1030; x_wconf 81' lang='lat' dir='ltr'>Potitius</span> <span class='ocrx_word' id='word_1_202' title='bbox 661 1001 789 1038; x_wconf 69' lang='grc' dir='ltr'>[Πινοίρᾱος</span> <span class='ocrx_word' id='word_1_203' title='bbox 807 1001 851 1035; x_wconf 56' lang='lat' dir='ltr'>uae)</span> <span class='ocrx_word' id='word_1_204' title='bbox 873 1000 1004 1034; x_wconf 77' lang='grc' dir='ltr'><strong><em>Ποτίτιος]</em></strong></span> <span class='ocrx_word' id='word_1_205' title='bbox 1042 1000 1104 1026; x_wconf 92' lang='lat' dir='ltr'>Duo</span> 
     </span>
     <span class='ocr_line' id='line_1_24' title="bbox 27 1036 1104 1074; baseline -0.003 -9"><span class='ocrx_word' id='word_1_206' title='bbox 27 1036 114 1072; x_wconf 64' lang='lat' dir='ltr'>,Yenes</span> <span class='ocrx_word' id='word_1_207' title='bbox 123 1058 131 1071; x_wconf 92' lang='lat'>,</span> <span class='ocrx_word' id='word_1_208' title='bbox 151 1038 261 1073; x_wconf 87' lang='lat' dir='ltr'>quibus,</span> <span class='ocrx_word' id='word_1_209' title='bbox 270 1040 385 1074; x_wconf 80' lang='lat' dir='ltr'>qualiter</span> <span class='ocrx_word' id='word_1_210' title='bbox 397 1039 451 1066; x_wconf 88' lang='lat' dir='ltr'>coli</span> <span class='ocrx_word' id='word_1_211' title='bbox 464 1040 560 1072; x_wconf 86' lang='lat' dir='ltr'>vellet,</span> <span class='ocrx_word' id='word_1_212' title='bbox 579 1038 696 1066; x_wconf 84' lang='lat' dir='ltr'>ostendit</span> <span class='ocrx_word' id='word_1_213' title='bbox 708 1037 838 1065; x_wconf 88' lang='lat' dir='ltr'>Hercules</span> <span class='ocrx_word' id='word_1_214' title='bbox 854 1047 860 1063; x_wconf 91' lang='lat'>:</span> <span class='ocrx_word' id='word_1_215' title='bbox 896 1037 997 1064; x_wconf 87' lang='lat' dir='ltr'>scilicet</span> <span class='ocrx_word' id='word_1_216' title='bbox 1010 1041 1039 1063; x_wconf 88' lang='lat' dir='ltr'>vt</span> <span class='ocrx_word' id='word_1_217' title='bbox 1051 1045 1104 1062; x_wconf 89' lang='lat' dir='ltr'>ma-</span> 
     </span>
     <span class='ocr_line' id='line_1_25' title="bbox 39 1072 1104 1110; baseline -0.002 -10"><span class='ocrx_word' id='word_1_218' title='bbox 39 1082 74 1101; x_wconf 86' lang='lat' dir='ltr'>ne</span> <span class='ocrx_word' id='word_1_219' title='bbox 87 1080 113 1101; x_wconf 92' lang='lat' dir='ltr'>et</span> <span class='ocrx_word' id='word_1_220' title='bbox 128 1075 232 1110; x_wconf 79' lang='lat' dir='ltr'>vesperi</span> <span class='ocrx_word' id='word_1_221' title='bbox 241 1076 267 1102; x_wconf 83' lang='lat' dir='ltr'>ei</span> <span class='ocrx_word' id='word_1_222' title='bbox 281 1076 480 1102; x_wconf 83' lang='lat' dir='ltr'>sacrificaretur.</span> <span class='ocrx_word' id='word_1_223' title='bbox 512 1074 690 1109; x_wconf 63' lang='lat' dir='ltr'>Perfectoque</span> <span class='ocrx_word' id='word_1_224' title='bbox 705 1073 797 1109; x_wconf 87' lang='lat' dir='ltr'>itaque</span> <span class='ocrx_word' id='word_1_225' title='bbox 812 1073 947 1100; x_wconf 86' lang='lat' dir='ltr'>matutino</span> <span class='ocrx_word' id='word_1_226' title='bbox 962 1072 1104 1105; x_wconf 80' lang='lat' dir='ltr'>sacrificio,</span> 
     </span>
     <span class='ocr_line' id='line_1_26' title="bbox 9 1108 1105 1146; baseline -0.001 -10"><span class='ocrx_word' id='word_1_227' title='bbox 9 1120 14 1125; x_wconf 54' lang='lat'>⁸</span> <span class='ocrx_word' id='word_1_228' title='bbox 40 1119 125 1145; x_wconf 89' lang='lat' dir='ltr'>quum</span> <span class='ocrx_word' id='word_1_229' title='bbox 141 1110 211 1138; x_wconf 82' lang='lat' dir='ltr'>circa</span> <span class='ocrx_word' id='word_1_230' title='bbox 226 1111 288 1138; x_wconf 88' lang='lat' dir='ltr'>solis</span> <span class='ocrx_word' id='word_1_231' title='bbox 303 1113 423 1139; x_wconf 87' lang='lat' dir='ltr'>occasum</span> <span class='ocrx_word' id='word_1_232' title='bbox 436 1112 516 1138; x_wconf 70' lang='lat' dir='ltr'>essent</span> <span class='ocrx_word' id='word_1_233' title='bbox 533 1112 604 1137; x_wconf 86' lang='lat' dir='ltr'>sacra</span> <span class='ocrx_word' id='word_1_234' title='bbox 619 1110 778 1146; x_wconf 86' lang='lat' dir='ltr'>repetenda,</span> <span class='ocrx_word' id='word_1_235' title='bbox 798 1110 913 1136; x_wconf 80' lang='lat' dir='ltr'>Potitius</span> <span class='ocrx_word' id='word_1_236' title='bbox 931 1110 1008 1145; x_wconf 90' lang='lat' dir='ltr'>prior</span> <span class='ocrx_word' id='word_1_237' title='bbox 1025 1108 1105 1135; x_wconf 85' lang='lat' dir='ltr'>adue-</span> 
     </span>
     <span class='ocr_line' id='line_1_27' title="bbox 35 1145 1104 1183; baseline -0.002 -10"><span class='ocrx_word' id='word_1_238' title='bbox 35 1146 98 1179; x_wconf 62' lang='grc'>1111,</span> <span class='ocrx_word' id='word_1_239' title='bbox 119 1147 240 1174; x_wconf 73' lang='lat' dir='ltr'>Pinarius</span> <span class='ocrx_word' id='word_1_240' title='bbox 255 1148 344 1183; x_wconf 85' lang='lat' dir='ltr'>postea</span> <span class='ocrx_word' id='word_1_241' title='bbox 359 1148 427 1174; x_wconf 82' lang='lat' dir='ltr'>extis</span> <span class='ocrx_word' id='word_1_242' title='bbox 444 1148 498 1174; x_wconf 79' lang='lat' dir='ltr'>iam</span> <span class='ocrx_word' id='word_1_243' title='bbox 511 1146 632 1175; x_wconf 83' lang='lat' dir='ltr'>redditis.</span> <span class='ocrx_word' id='word_1_244' title='bbox 662 1147 752 1173; x_wconf 76' lang='lat' dir='ltr'>&#39;Vnde</span> <span class='ocrx_word' id='word_1_245' title='bbox 765 1146 848 1173; x_wconf 86' lang='lat' dir='ltr'>iratus</span> <span class='ocrx_word' id='word_1_246' title='bbox 862 1146 991 1172; x_wconf 84' lang='lat' dir='ltr'>Hercules</span> <span class='ocrx_word' id='word_1_247' title='bbox 1004 1145 1104 1174; x_wconf 85' lang='lat' dir='ltr'>statuit,</span> 
     </span>
     <span class='ocr_line' id='line_1_28' title="bbox 39 1182 1104 1218; baseline -0.002 -9"><span class='ocrx_word' id='word_1_248' title='bbox 39 1189 70 1209; x_wconf 91' lang='lat' dir='ltr'>vt</span> <span class='ocrx_word' id='word_1_249' title='bbox 90 1183 261 1210; x_wconf 81' lang='lat' dir='ltr'>Pinariorum</span> <span class='ocrx_word' id='word_1_250' title='bbox 281 1183 385 1211; x_wconf 86' lang='lat' dir='ltr'>familia</span> <span class='ocrx_word' id='word_1_251' title='bbox 405 1190 506 1210; x_wconf 85' lang='lat' dir='ltr'>tantum</span> <span class='ocrx_word' id='word_1_252' title='bbox 526 1183 649 1210; x_wconf 85' lang='lat' dir='ltr'>ministra</span> <span class='ocrx_word' id='word_1_253' title='bbox 673 1183 734 1209; x_wconf 81' lang='lat' dir='ltr'>effet</span> <span class='ocrx_word' id='word_1_254' title='bbox 755 1182 926 1218; x_wconf 84' lang='lat' dir='ltr'>epulantibus</span> <span class='ocrx_word' id='word_1_255' title='bbox 950 1182 1058 1208; x_wconf 87' lang='lat' dir='ltr'>Potitiis</span> <span class='ocrx_word' id='word_1_256' title='bbox 1078 1186 1104 1207; x_wconf 85' lang='lat' dir='ltr'>et</span> 
     </span>
     <span class='ocr_line' id='line_1_29' title="bbox 42 1217 1105 1254; baseline -0.002 -9"><span class='ocrx_word' id='word_1_257' title='bbox 42 1219 239 1254; x_wconf 76' lang='lat' dir='ltr'>complentibus</span> <span class='ocrx_word' id='word_1_258' title='bbox 254 1220 332 1247; x_wconf 86' lang='lat' dir='ltr'>sacra.</span> <span class='ocrx_word' id='word_1_259' title='bbox 368 1220 445 1246; x_wconf 87' lang='lat' dir='ltr'>Vnde</span> <span class='ocrx_word' id='word_1_260' title='bbox 459 1226 485 1247; x_wconf 90' lang='lat' dir='ltr'>et</span> <span class='ocrx_word' id='word_1_261' title='bbox 502 1219 604 1246; x_wconf 82' lang='lat' dir='ltr'>Pinarii</span> <span class='ocrx_word' id='word_1_262' title='bbox 618 1218 685 1245; x_wconf 72' lang='lat' dir='ltr'>di&amp;i</span> <span class='ocrx_word' id='word_1_263' title='bbox 703 1220 777 1252; x_wconf 89' lang='lat' dir='ltr'>sunt,</span> <span class='ocrx_word' id='word_1_264' title='bbox 794 1218 843 1245; x_wconf 77' lang='grc' dir='ltr'>α’πό</span> <span class='ocrx_word' id='word_1_265' title='bbox 857 1220 899 1248; x_wconf 73' lang='grc' dir='ltr'>τῆς</span> <span class='ocrx_word' id='word_1_266' title='bbox 913 1217 1008 1250; x_wconf 65' lang='grc' dir='ltr'>πάγας,</span> <span class='ocrx_word' id='word_1_267' title='bbox 1027 1217 1054 1244; x_wconf 85' lang='lat' dir='ltr'>id</span> <span class='ocrx_word' id='word_1_268' title='bbox 1068 1217 1105 1243; x_wconf 90' lang='lat' dir='ltr'>est</span> 
     </span>
     <span class='ocr_line' id='line_1_30' title="bbox 40 1255 1105 1287; baseline -0.001 -5"><span class='ocrx_word' id='word_1_269' title='bbox 40 1264 57 1282; x_wconf 86' lang='lat' dir='ltr'>a</span> <span class='ocrx_word' id='word_1_270' title='bbox 69 1255 147 1282; x_wconf 85' lang='lat' dir='ltr'>fame.</span> <span class='ocrx_word' id='word_1_271' title='bbox 185 1255 257 1282; x_wconf 88' lang='lat' dir='ltr'>Nam</span> <span class='ocrx_word' id='word_1_272' title='bbox 270 1257 357 1282; x_wconf 85' lang='lat' dir='ltr'>senem</span> <span class='ocrx_word' id='word_1_273' title='bbox 373 1256 452 1284; x_wconf 76' lang='lat' dir='ltr'>illtun</span> <span class='ocrx_word' id='word_1_274' title='bbox 465 1256 603 1283; x_wconf 86' lang='lat' dir='ltr'>Pinarium</span> <span class='ocrx_word' id='word_1_275' title='bbox 617 1255 718 1282; x_wconf 85' lang='lat' dir='ltr'>constat</span> <span class='ocrx_word' id='word_1_276' title='bbox 731 1255 905 1282; x_wconf 85' lang='lat' dir='ltr'>alionomine</span> <span class='ocrx_word' id='word_1_277' title='bbox 912 1260 1105 1287; x_wconf 80' lang='lat' dir='ltr'>nuncupatum.</span> 
     </span>
     <span class='ocr_line' id='line_1_31' title="bbox 40 1288 1106 1328; baseline -0.001 -11"><span class='ocrx_word' id='word_1_278' title='bbox 40 1288 113 1318; x_wconf 59' lang='lat' dir='ltr'>Haec*</span> <span class='ocrx_word' id='word_1_279' title='bbox 131 1292 238 1318; x_wconf 81' lang='lat' dir='ltr'>Seruius</span> <span class='ocrx_word' id='word_1_280' title='bbox 257 1293 386 1328; x_wconf 79' lang='lat' dir='ltr'>explicans</span> <span class='ocrx_word' id='word_1_281' title='bbox 397 1292 462 1319; x_wconf 82' lang='lat' dir='ltr'>illud</span> <span class='ocrx_word' id='word_1_282' title='bbox 479 1292 556 1327; x_wconf 79' lang='lat' dir='ltr'>Vix-g.</span> <span class='ocrx_word' id='word_1_283' title='bbox 569 1292 636 1319; x_wconf 86' lang='lat' dir='ltr'>Aen.</span> <span class='ocrx_word' id='word_1_284' title='bbox 651 1297 675 1324; x_wconf 87' lang='lat'>8,</span> <span class='ocrx_word' id='word_1_285' title='bbox 688 1299 741 1326; x_wconf 76' lang='lat'>270</span> <span class='ocrx_word' id='word_1_286' title='bbox 758 1291 917 1326; x_wconf 80' lang='lat' dir='ltr'>Primusque</span> <span class='ocrx_word' id='word_1_287' title='bbox 932 1290 1046 1317; x_wconf 82' lang='lat' dir='ltr'>Potitius</span> <span class='ocrx_word' id='word_1_288' title='bbox 1060 1299 1106 1316; x_wconf 89' lang='lat' dir='ltr'>au-</span> 
     </span>
     <span class='ocr_line' id='line_1_32' title="bbox 12 1326 790 1398; baseline 0.001 -45"><span class='ocrx_word' id='word_1_289' title='bbox 12 1332 25 1366; x_wconf 31' lang='grc'>7·</span> <span class='ocrx_word' id='word_1_290' title='bbox 38 1326 118 1398; x_wconf 49' lang='lat' dir='ltr'>{tlon</span> <span class='ocrx_word' id='word_1_291' title='bbox 153 1328 185 1354; x_wconf 83' lang='lat' dir='ltr'>Et</span> <span class='ocrx_word' id='word_1_292' title='bbox 207 1327 303 1354; x_wconf 84' lang='lat' dir='ltr'>domus</span> <span class='ocrx_word' id='word_1_293' title='bbox 321 1328 453 1356; x_wconf 85' lang='lat' dir='ltr'>Herculei</span> <span class='ocrx_word' id='word_1_294' title='bbox 474 1328 560 1355; x_wconf 86' lang='lat' dir='ltr'>custos</span> <span class='ocrx_word' id='word_1_295' title='bbox 584 1328 691 1357; x_wconf 85' lang='lat' dir='ltr'>Pinaria</span> <span class='ocrx_word' id='word_1_296' title='bbox 712 1328 790 1355; x_wconf 85' lang='lat' dir='ltr'>sacri.</span> 
     </span>
     <span class='ocr_line' id='line_1_33' title="bbox 33 1371 135 1398; baseline 0 -9"><span class='ocrx_word' id='word_1_297' title='bbox 33 1373 41 1381; x_wconf 56' lang='grc' dir='ltr'><strong>ν</strong></span> <span class='ocrx_word' id='word_1_298' title='bbox 69 1371 135 1398; x_wconf 78' lang='lat' dir='ltr'>empe</span> 
     </span>
    </p>
   </div>
   <div class='ocr_carea' id='block_1_8' title="bbox 35 1397 1109 1436">
    <p class='ocr_par' dir='ltr' id='par_1_9' title="bbox 35 1397 1109 1436">
     <span class='ocr_line' id='line_1_34' title="bbox 35 1397 1109 1436; baseline -0.001 -11"><span class='ocrx_word' id='word_1_299' title='bbox 35 1403 38 1409; x_wconf 69' lang='lat'><strong><em>¹</em></strong></span> <span class='ocrx_word' id='word_1_300' title='bbox 77 1406 92 1426; x_wconf 90' lang='lat' dir='ltr'>P</span> <span class='ocrx_word' id='word_1_301' title='bbox 102 1407 110 1425; x_wconf 83' lang='lat'>1</span> <span class='ocrx_word' id='word_1_302' title='bbox 121 1406 143 1425; x_wconf 86' lang='lat' dir='ltr'>N</span> <span class='ocrx_word' id='word_1_303' title='bbox 152 1405 220 1426; x_wconf 81' lang='lat' dir='ltr'>ARI</span> <span class='ocrx_word' id='word_1_304' title='bbox 229 1406 252 1427; x_wconf 89' lang='lat' dir='ltr'>A</span> <span class='ocrx_word' id='word_1_305' title='bbox 277 1408 357 1434; x_wconf 83' lang='lat' dir='ltr'>gens,</span> <span class='ocrx_word' id='word_1_306' title='bbox 380 1401 497 1427; x_wconf 81' lang='lat' dir='ltr'>Patricia</span> <span class='ocrx_word' id='word_1_307' title='bbox 508 1401 600 1427; x_wconf 74' lang='lat' dir='ltr'>Romae</span> <span class='ocrx_word' id='word_1_308' title='bbox 608 1399 684 1436; x_wconf 83' lang='lat' dir='ltr'>fuit,</span> <span class='ocrx_word' id='word_1_309' title='bbox 698 1398 739 1434; x_wconf 81' lang='lat' dir='ltr'>fic</span> <span class='ocrx_word' id='word_1_310' title='bbox 752 1397 824 1426; x_wconf 60' lang='lat' dir='ltr'>dista</span> <span class='ocrx_word' id='word_1_311' title='bbox 837 1409 853 1427; x_wconf 89' lang='lat' dir='ltr'>a</span> <span class='ocrx_word' id='word_1_312' title='bbox 865 1399 945 1432; x_wconf 90' lang='lat' dir='ltr'>Pino,</span> <span class='ocrx_word' id='word_1_313' title='bbox 961 1400 1058 1425; x_wconf 81' lang='lat' dir='ltr'>Numae</span> <span class='ocrx_word' id='word_1_314' title='bbox 1070 1407 1109 1424; x_wconf 84' lang='lat' dir='ltr'>re-</span> 
     </span>
    </p>
   </div>
   <div class='ocr_carea' id='block_1_9' title="bbox 38 1434 1110 1508">
    <p class='ocr_par' dir='ltr' id='par_1_10' title="bbox 38 1434 1110 1508">
     <span class='ocr_line' id='line_1_35' title="bbox 38 1434 1110 1472; baseline -0.001 -11"><span class='ocrx_word' id='word_1_315' title='bbox 38 1437 81 1472; x_wconf 80' lang='lat' dir='ltr'>gis</span> <span class='ocrx_word' id='word_1_316' title='bbox 87 1434 163 1471; x_wconf 80' lang='lat' dir='ltr'>filio,</span> <span class='ocrx_word' id='word_1_317' title='bbox 178 1441 209 1462; x_wconf 81' lang='lat' dir='ltr'>vt</span> <span class='ocrx_word' id='word_1_318' title='bbox 219 1434 308 1462; x_wconf 61' lang='lat' dir='ltr'>auctor</span> <span class='ocrx_word' id='word_1_319' title='bbox 322 1435 355 1470; x_wconf 83' lang='lat' dir='ltr'>est</span> <span class='ocrx_word' id='word_1_320' title='bbox 369 1437 519 1463; x_wconf 84' lang='lat' dir='ltr'>Plutarchus</span> <span class='ocrx_word' id='word_1_321' title='bbox 533 1440 560 1462; x_wconf 85' lang='lat' dir='ltr'>in</span> <span class='ocrx_word' id='word_1_322' title='bbox 578 1438 664 1463; x_wconf 84' lang='lat' dir='ltr'>Numa</span> <span class='ocrx_word' id='word_1_323' title='bbox 676 1447 684 1462; x_wconf 94' lang='lat'><em>:</em></span> <span class='ocrx_word' id='word_1_324' title='bbox 720 1437 787 1463; x_wconf 84' lang='lat' dir='ltr'>vela</span> <span class='ocrx_word' id='word_1_325' title='bbox 800 1434 879 1463; x_wconf 55' lang='lat' dir='ltr'>dialis</span> <span class='ocrx_word' id='word_1_326' title='bbox 894 1434 964 1462; x_wconf 80' lang='lat' dir='ltr'>modo</span> <span class='ocrx_word' id='word_1_327' title='bbox 984 1434 1110 1466; x_wconf 79' lang='lat' dir='ltr'>Pinariis,</span> 
     </span>
     <span class='ocr_line' id='line_1_36' title="bbox 684 1471 1110 1508; baseline -0.007 -9"><span class='ocrx_word' id='word_1_328' title='bbox 684 1472 747 1499; x_wconf 88' lang='lat' dir='ltr'>Liu.</span> <span class='ocrx_word' id='word_1_329' title='bbox 763 1481 783 1505; x_wconf 84' lang='lat'>1,</span> <span class='ocrx_word' id='word_1_330' title='bbox 797 1480 824 1508; x_wconf 88' lang='lat'>7.</span> <span class='ocrx_word' id='word_1_331' title='bbox 871 1471 979 1508; x_wconf 52' lang='lat' dir='ltr'>Dion-ff.</span> <span class='ocrx_word' id='word_1_332' title='bbox 994 1478 1019 1498; x_wconf 79' lang='lat' dir='ltr'>et</span> <span class='ocrx_word' id='word_1_333' title='bbox 1033 1471 1110 1505; x_wconf 83' lang='lat' dir='ltr'>Virg.</span> 
     </span>
    </p>
   </div>
   <div class='ocr_carea' id='block_1_10' title="bbox 11 1470 1109 1687">
    <p class='ocr_par' dir='ltr' id='par_1_11' title="bbox 11 1470 1109 1687">
     <span class='ocr_line' id='line_1_37' title="bbox 11 1470 627 1509; baseline 0.003 -12"><span class='ocrx_word' id='word_1_334' title='bbox 11 1470 16 1476; x_wconf 84' lang='grc'><strong>”</strong></span> <span class='ocrx_word' id='word_1_335' title='bbox 37 1474 84 1507; x_wconf 74' lang='lat' dir='ltr'>qui</span> <span class='ocrx_word' id='word_1_336' title='bbox 96 1472 202 1499; x_wconf 79' lang='lat' dir='ltr'>Herculi</span> <span class='ocrx_word' id='word_1_337' title='bbox 208 1471 343 1509; x_wconf 77' lang='lat' dir='ltr'>faciebant</span> <span class='ocrx_word' id='word_1_338' title='bbox 350 1472 429 1509; x_wconf 67' lang='lat' dir='ltr'>fici-a</span> <span class='ocrx_word' id='word_1_339' title='bbox 442 1472 627 1509; x_wconf 72' lang='lat' dir='ltr'>arzniuerjaria.</span> 
     </span>
     <span class='ocr_line' id='line_1_38' title="bbox 35 1508 214 1542; baseline 0 -8"><span class='ocrx_word' id='word_1_340' title='bbox 35 1508 104 1535; x_wconf 78' lang='lat' dir='ltr'>Aen.</span> <span class='ocrx_word' id='word_1_341' title='bbox 121 1514 142 1538; x_wconf 87' lang='lat'>8,</span> <span class='ocrx_word' id='word_1_342' title='bbox 150 1515 214 1542; x_wconf 84' lang='lat'>270.</span> 
     </span>
     <span class='ocr_line' id='line_1_39' title="bbox 78 1543 863 1577; baseline 0.001 -7"><span class='ocrx_word' id='word_1_343' title='bbox 78 1550 396 1577; x_wconf 61' lang='lat' dir='ltr'>PINASTELLVhI,</span> <span class='ocrx_word' id='word_1_344' title='bbox 413 1551 513 1572; x_wconf 80' lang='lat' dir='ltr'>PINA</span> <span class='ocrx_word' id='word_1_345' title='bbox 525 1550 639 1575; x_wconf 86' lang='lat' dir='ltr'>STER,</span> <span class='ocrx_word' id='word_1_346' title='bbox 656 1543 712 1571; x_wconf 72' lang='lat' dir='ltr'>vld.</span> <span class='ocrx_word' id='word_1_347' title='bbox 727 1551 863 1571; x_wconf 83' lang='lat' dir='ltr'>PINVS.</span> 
     </span>
     <span class='ocr_line' id='line_1_40' title="bbox 75 1579 681 1616; baseline 0 -10"><span class='ocrx_word' id='word_1_348' title='bbox 75 1586 93 1606; x_wconf 78' lang='lat' dir='ltr'>r</span> <span class='ocrx_word' id='word_1_349' title='bbox 105 1587 113 1607; x_wconf 93' lang='grc'>1</span> <span class='ocrx_word' id='word_1_350' title='bbox 124 1586 146 1605; x_wconf 83' lang='lat' dir='ltr'>N</span> <span class='ocrx_word' id='word_1_351' title='bbox 156 1587 178 1607; x_wconf 82' lang='grc' dir='ltr'>Α</span> <span class='ocrx_word' id='word_1_352' title='bbox 188 1587 205 1606; x_wconf 89' lang='lat' dir='ltr'>x</span> <span class='ocrx_word' id='word_1_353' title='bbox 214 1600 223 1613; x_wconf 94' lang='lat'>,</span> <span class='ocrx_word' id='word_1_354' title='bbox 238 1579 301 1607; x_wconf 80' lang='lat' dir='ltr'>acis,</span> <span class='ocrx_word' id='word_1_355' title='bbox 339 1589 377 1608; x_wconf 89' lang='lat' dir='ltr'>m.</span> <span class='ocrx_word' id='word_1_356' title='bbox 414 1581 428 1616; x_wconf 91' lang='lat'>[</span> <span class='ocrx_word' id='word_1_357' title='bbox 435 1581 526 1616; x_wconf 72' lang='grc' dir='ltr'><strong><em>πίναξ]</em></strong></span> <span class='ocrx_word' id='word_1_358' title='bbox 569 1580 681 1608; x_wconf 84' lang='lat' dir='ltr'>Tabella.</span> 
     </span>
     <span class='ocr_line' id='line_1_41' title="bbox 36 1615 222 1643; baseline -0.005 0"><span class='ocrx_word' id='word_1_359' title='bbox 36 1615 222 1643; x_wconf 84' lang='lat' dir='ltr'>Pinacotheca.</span> 
     </span>
     <span class='ocr_line' id='line_1_42' title="bbox 78 1648 1109 1687; baseline -0.002 -9"><span class='ocrx_word' id='word_1_360' title='bbox 78 1657 96 1678; x_wconf 75' lang='lat' dir='ltr'>P</span> <span class='ocrx_word' id='word_1_361' title='bbox 107 1659 116 1678; x_wconf 88' lang='lat'>1</span> <span class='ocrx_word' id='word_1_362' title='bbox 129 1658 151 1677; x_wconf 88' lang='lat' dir='ltr'>N</span> <span class='ocrx_word' id='word_1_363' title='bbox 163 1659 186 1679; x_wconf 79' lang='lat' dir='ltr'>A</span> <span class='ocrx_word' id='word_1_364' title='bbox 195 1659 212 1679; x_wconf 94' lang='lat' dir='ltr'>C</span> <span class='ocrx_word' id='word_1_365' title='bbox 220 1659 231 1678; x_wconf 62' lang='grc' dir='ltr'>ἰ</span> <span class='ocrx_word' id='word_1_366' title='bbox 240 1657 259 1678; x_wconf 91' lang='lat' dir='ltr'>D</span> <span class='ocrx_word' id='word_1_367' title='bbox 269 1659 279 1678; x_wconf 83' lang='grc' dir='ltr'>Ι</span> <span class='ocrx_word' id='word_1_368' title='bbox 290 1659 309 1679; x_wconf 93' lang='grc' dir='ltr'>Ο</span> <span class='ocrx_word' id='word_1_369' title='bbox 318 1659 356 1684; x_wconf 88' lang='lat' dir='ltr'>N,</span> <span class='ocrx_word' id='word_1_370' title='bbox 377 1651 396 1679; x_wconf 79' lang='grc' dir='ltr'>ἰ.</span> <span class='ocrx_word' id='word_1_371' title='bbox 421 1662 450 1679; x_wconf 85' lang='grc'>11.</span> <span class='ocrx_word' id='word_1_372' title='bbox 487 1648 651 1685; x_wconf 58' lang='lat' dir='ltr'>[anamiim]</span> <span class='ocrx_word' id='word_1_373' title='bbox 691 1651 811 1684; x_wconf 77' lang='lat' dir='ltr'>Tabella,</span> <span class='ocrx_word' id='word_1_374' title='bbox 828 1651 970 1682; x_wconf 78' lang='lat' dir='ltr'>indiculus,</span> <span class='ocrx_word' id='word_1_375' title='bbox 984 1650 1109 1687; x_wconf 78' lang='lat' dir='ltr'>pugillar.</span> 
     </span>
    </p>
   </div>
   <div class='ocr_carea' id='block_1_11' title="bbox 44 1685 1605 1724">
    <p class='ocr_par' dir='ltr' id='par_1_12' title="bbox 44 1685 1605 1724">
     <span class='ocr_line' id='line_1_43' title="bbox 44 1685 1605 1724; baseline -0.001 -10"><span class='ocrx_word' id='word_1_376' title='bbox 44 1687 106 1714; x_wconf 73' lang='lat' dir='ltr'>vid.</span> <span class='ocrx_word' id='word_1_377' title='bbox 119 1687 189 1714; x_wconf 76' lang='lat' dir='ltr'>Ptin.</span> <span class='ocrx_word' id='word_1_378' title='bbox 204 1688 288 1722; x_wconf 84' lang='lat' dir='ltr'>praef.</span> <span class='ocrx_word' id='word_1_379' title='bbox 301 1688 346 1714; x_wconf 79' lang='lat' dir='ltr'>ubi</span> <span class='ocrx_word' id='word_1_380' title='bbox 357 1692 452 1724; x_wconf 70' lang='lat' dir='ltr'>recepit</span> <span class='ocrx_word' id='word_1_381' title='bbox 465 1689 540 1721; x_wconf 74' lang='grc' dir='ltr'>πίναξ</span> <span class='ocrx_word' id='word_1_382' title='bbox 551 1688 712 1718; x_wconf 76' lang='lat' dir='ltr'>Harduirzus,</span> <span class='ocrx_word' id='word_1_383' title='bbox 730 1694 755 1713; x_wconf 81' lang='lat' dir='ltr'>et</span> <span class='ocrx_word' id='word_1_384' title='bbox 766 1694 848 1714; x_wconf 84' lang='lat' dir='ltr'>tamen</span> <span class='ocrx_word' id='word_1_385' title='bbox 861 1685 1044 1720; x_wconf 60' lang='lat' dir='ltr'>aivaxa&#39;dawfibi</span> <span class='ocrx_word' id='word_1_386' title='bbox 1057 1695 1108 1712; x_wconf 85' lang='lat' dir='ltr'>ma·</span> <span class='ocrx_word' id='word_1_387' title='bbox 1139 1705 1156 1722; x_wconf 86' lang='lat'><em>0</em></span> <span class='ocrx_word' id='word_1_388' title='bbox 1169 1688 1234 1714; x_wconf 80' lang='lat' dir='ltr'>facit</span> <span class='ocrx_word' id='word_1_389' title='bbox 1256 1687 1334 1722; x_wconf 86' lang='lat' dir='ltr'>Apul.</span> <span class='ocrx_word' id='word_1_390' title='bbox 1352 1687 1383 1712; x_wconf 84' lang='lat' dir='ltr'>de</span> <span class='ocrx_word' id='word_1_391' title='bbox 1397 1687 1501 1713; x_wconf 89' lang='lat' dir='ltr'>Mundo</span> <span class='ocrx_word' id='word_1_392' title='bbox 1521 1696 1546 1721; x_wconf 89' lang='lat' dir='ltr'>p.</span> <span class='ocrx_word' id='word_1_393' title='bbox 1561 1689 1605 1712; x_wconf 88' lang='lat'>66.</span> 
     </span>
    </p>
   </div>
   <div class='ocr_carea' id='block_1_12' title="bbox 39 1721 1107 1764">
    <p class='ocr_par' dir='ltr' id='par_1_13' title="bbox 39 1721 1107 1764">
     <span class='ocr_line' id='line_1_44' title="bbox 39 1721 1107 1764; baseline -0.002 -15"><span class='ocrx_word' id='word_1_394' title='bbox 39 1727 82 1761; x_wconf 79' lang='lat' dir='ltr'>gis</span> <span class='ocrx_word' id='word_1_395' title='bbox 90 1724 191 1759; x_wconf 78' lang='lat' dir='ltr'>placere</span> <span class='ocrx_word' id='word_1_396' title='bbox 202 1733 251 1751; x_wconf 81' lang='lat' dir='ltr'>non</span> <span class='ocrx_word' id='word_1_397' title='bbox 263 1722 397 1764; x_wconf 62' lang='lat' dir='ltr'>diffitetur.</span> <span class='ocrx_word' id='word_1_398' title='bbox 435 1723 478 1758; x_wconf 84' lang='lat' dir='ltr'>Est</span> <span class='ocrx_word' id='word_1_399' title='bbox 488 1731 570 1751; x_wconf 87' lang='lat' dir='ltr'>autem</span> <span class='ocrx_word' id='word_1_400' title='bbox 583 1723 645 1750; x_wconf 82' lang='lat' dir='ltr'>libri</span> <span class='ocrx_word' id='word_1_401' title='bbox 657 1724 760 1754; x_wconf 81' lang='lat' dir='ltr'>titulus,</span> <span class='ocrx_word' id='word_1_402' title='bbox 766 1732 835 1758; x_wconf 78' lang='lat' dir='ltr'>quem</span> <span class='ocrx_word' id='word_1_403' title='bbox 847 1726 923 1749; x_wconf 72' lang='lat' dir='ltr'>etiam</span> <span class='ocrx_word' id='word_1_404' title='bbox 936 1723 1025 1749; x_wconf 76' lang='lat' dir='ltr'>retulit</span> <span class='ocrx_word' id='word_1_405' title='bbox 1037 1721 1107 1747; x_wconf 84' lang='lat' dir='ltr'>Gell.</span> 
     </span>
    </p>
   </div>
   <div class='ocr_carea' id='block_1_13' title="bbox 38 1759 1108 1869">
    <p class='ocr_par' dir='ltr' id='par_1_14' title="bbox 38 1759 1108 1869">
     <span class='ocr_line' id='line_1_45' title="bbox 40 1759 575 1795; baseline -0.002 -9"><span class='ocrx_word' id='word_1_406' title='bbox 40 1759 151 1795; x_wconf 85' lang='lat' dir='ltr'>praefat.</span> <span class='ocrx_word' id='word_1_407' title='bbox 165 1761 224 1787; x_wconf 84' lang='lat' dir='ltr'>licet</span> <span class='ocrx_word' id='word_1_408' title='bbox 236 1763 343 1787; x_wconf 82' lang='lat' dir='ltr'>mutarit</span> <span class='ocrx_word' id='word_1_409' title='bbox 356 1760 506 1787; x_wconf 82' lang='lat' dir='ltr'>Gronouius.</span> <span class='ocrx_word' id='word_1_410' title='bbox 574 1779 575 1785; x_wconf 65' lang='grc'>,</span> 
     </span>
     <span class='ocr_line' id='line_1_46' title="bbox 79 1789 1107 1828; baseline -0.006 -6"><span class='ocrx_word' id='word_1_411' title='bbox 79 1802 96 1822; x_wconf 74' lang='lat' dir='ltr'>P</span> <span class='ocrx_word' id='word_1_412' title='bbox 108 1802 117 1821; x_wconf 90' lang='lat'>1</span> <span class='ocrx_word' id='word_1_413' title='bbox 128 1801 175 1822; x_wconf 84' lang='lat' dir='ltr'>Nc</span> <span class='ocrx_word' id='word_1_414' title='bbox 185 1802 230 1822; x_wconf 83' lang='lat' dir='ltr'>ER</span> <span class='ocrx_word' id='word_1_415' title='bbox 241 1803 264 1822; x_wconf 87' lang='lat' dir='ltr'><strong>N</strong></span> <span class='ocrx_word' id='word_1_416' title='bbox 273 1803 311 1827; x_wconf 87' lang='lat' dir='ltr'>A,</span> <span class='ocrx_word' id='word_1_417' title='bbox 337 1804 378 1822; x_wconf 89' lang='lat' dir='ltr'>ae.</span> <span class='ocrx_word' id='word_1_418' title='bbox 413 1804 449 1820; x_wconf 91' lang='lat' dir='ltr'>m.</span> <span class='ocrx_word' id='word_1_419' title='bbox 486 1789 636 1825; x_wconf 77' lang='lat' dir='ltr'>Pocz&#39;llator‚</span> <span class='ocrx_word' id='word_1_420' title='bbox 650 1795 696 1828; x_wconf 86' lang='lat' dir='ltr'>qui</span> <span class='ocrx_word' id='word_1_421' title='bbox 704 1791 763 1826; x_wconf 83' lang='lat' dir='ltr'>stat</span> <span class='ocrx_word' id='word_1_422' title='bbox 780 1789 816 1819; x_wconf 85' lang='lat' dir='ltr'>ad</span> <span class='ocrx_word' id='word_1_423' title='bbox 826 1791 946 1825; x_wconf 70' lang='lat' dir='ltr'>cyathos,</span> <span class='ocrx_word' id='word_1_424' title='bbox 960 1791 1107 1826; x_wconf 80' lang='lat' dir='ltr'>poculorum</span> 
     </span>
     <span class='ocr_line' id='line_1_47' title="bbox 38 1825 1108 1869; baseline -0.005 -12"><span class='ocrx_word' id='word_1_425' title='bbox 38 1828 208 1864; x_wconf 68' lang='lat' dir='ltr'>ministrator.</span> <span class='ocrx_word' id='word_1_426' title='bbox 243 1831 371 1858; x_wconf 85' lang='lat' dir='ltr'>Pincerna</span> <span class='ocrx_word' id='word_1_427' title='bbox 389 1830 497 1869; x_wconf 70' lang='lat' dir='ltr'>(inquit</span> <span class='ocrx_word' id='word_1_428' title='bbox 505 1829 641 1863; x_wconf 75' lang='lat' dir='ltr'>Budaeus)</span> <span class='ocrx_word' id='word_1_429' title='bbox 655 1838 705 1854; x_wconf 77' lang='lat' dir='ltr'>non</span> <span class='ocrx_word' id='word_1_430' title='bbox 717 1827 794 1862; x_wconf 82' lang='lat' dir='ltr'>aufim</span> <span class='ocrx_word' id='word_1_431' title='bbox 806 1826 935 1863; x_wconf 81' lang='lat' dir='ltr'>affirmare</span> <span class='ocrx_word' id='word_1_432' title='bbox 944 1826 1051 1862; x_wconf 74' lang='lat' dir='ltr'>probum</span> <span class='ocrx_word' id='word_1_433' title='bbox 1065 1825 1108 1859; x_wconf 81' lang='lat' dir='ltr'>effe</span> 
     </span>
    </p>
   </div>
   <div class='ocr_carea' id='block_1_14' title="bbox 36 1861 1456 1905">
    <p class='ocr_par' dir='ltr' id='par_1_15' title="bbox 36 1861 1456 1905">
     <span class='ocr_line' id='line_1_48' title="bbox 36 1861 1456 1905; baseline -0.004 -12"><span class='ocrx_word' id='word_1_434' title='bbox 36 1866 200 1898; x_wconf 82' lang='lat' dir='ltr'>vocabulum,</span> <span class='ocrx_word' id='word_1_435' title='bbox 219 1865 314 1900; x_wconf 83' lang='lat' dir='ltr'>etiamsi</span> <span class='ocrx_word' id='word_1_436' title='bbox 332 1866 464 1892; x_wconf 84' lang='lat' dir='ltr'>Ascomus</span> <span class='ocrx_word' id='word_1_437' title='bbox 483 1865 512 1891; x_wconf 92' lang='lat' dir='ltr'>in</span> <span class='ocrx_word' id='word_1_438' title='bbox 526 1865 652 1891; x_wconf 85' lang='lat' dir='ltr'>Praetura</span> <span class='ocrx_word' id='word_1_439' title='bbox 665 1864 767 1891; x_wconf 83' lang='lat' dir='ltr'>vrbana</span> <span class='ocrx_word' id='word_1_440' title='bbox 780 1873 806 1898; x_wconf 90' lang='lat' dir='ltr'>p.</span> <span class='ocrx_word' id='word_1_441' title='bbox 821 1869 853 1897; x_wconf 86' lang='lat'>89</span> <span class='ocrx_word' id='word_1_442' title='bbox 869 1863 928 1900; x_wconf 76' lang='lat' dir='ltr'>usus</span> <span class='ocrx_word' id='word_1_443' title='bbox 942 1861 992 1896; x_wconf 76' lang='lat' dir='ltr'>est,</span> <span class='ocrx_word' id='word_1_444' title='bbox 1006 1861 1032 1897; x_wconf 83' lang='lat' dir='ltr'><em>fi</em></span> <span class='ocrx_word' id='word_1_445' title='bbox 1045 1871 1106 1888; x_wconf 79' lang='lat' dir='ltr'>vera</span> <span class='ocrx_word' id='word_1_446' title='bbox 1122 1880 1152 1905; x_wconf 75' lang='lat'>45</span> <span class='ocrx_word' id='word_1_447' title='bbox 1169 1865 1248 1897; x_wconf 66' lang='lat' dir='ltr'>bula,</span> <span class='ocrx_word' id='word_1_448' title='bbox 1266 1864 1321 1891; x_wconf 79' lang='lat' dir='ltr'>vid,</span> <span class='ocrx_word' id='word_1_449' title='bbox 1337 1870 1456 1891; x_wconf 70' lang='lat' dir='ltr'>lNSVM.</span> 
     </span>
    </p>
   </div>
   <div class='ocr_carea' id='block_1_15' title="bbox 29 1898 1106 2042">
    <p class='ocr_par' dir='ltr' id='par_1_16' title="bbox 29 1898 1106 2042">
     <span class='ocr_line' id='line_1_49' title="bbox 29 1898 1105 1939; baseline -0.004 -10"><span class='ocrx_word' id='word_1_450' title='bbox 29 1901 97 1939; x_wconf 80' lang='lat' dir='ltr'>sunt</span> <span class='ocrx_word' id='word_1_451' title='bbox 119 1911 145 1928; x_wconf 86' lang='lat' dir='ltr'>eo</span> <span class='ocrx_word' id='word_1_452' title='bbox 168 1905 197 1927; x_wconf 85' lang='lat' dir='ltr'>in</span> <span class='ocrx_word' id='word_1_453' title='bbox 223 1902 276 1928; x_wconf 87' lang='lat' dir='ltr'>loco</span> <span class='ocrx_word' id='word_1_454' title='bbox 296 1902 457 1936; x_wconf 76' lang='lat' dir='ltr'>exemplaria.</span> <span class='ocrx_word' id='word_1_455' title='bbox 493 1902 574 1928; x_wconf 81' lang='lat' dir='ltr'>Locus</span> <span class='ocrx_word' id='word_1_456' title='bbox 596 1899 631 1934; x_wconf 66' lang='lat' dir='ltr'>&lt;si</span> <span class='ocrx_word' id='word_1_457' title='bbox 645 1899 678 1927; x_wconf 87' lang='lat' dir='ltr'>ad</span> <span class='ocrx_word' id='word_1_458' title='bbox 691 1902 727 1927; x_wconf 87' lang='lat'>66</span> <span class='ocrx_word' id='word_1_459' title='bbox 739 1909 762 1926; x_wconf 89' lang='lat' dir='ltr'>c.</span> <span class='ocrx_word' id='word_1_460' title='bbox 775 1901 811 1926; x_wconf 91' lang='lat'>26</span> <span class='ocrx_word' id='word_1_461' title='bbox 830 1900 942 1926; x_wconf 84' lang='lat' dir='ltr'>Poscunt</span> <span class='ocrx_word' id='word_1_462' title='bbox 955 1898 1105 1925; x_wconf 89' lang='lat' dir='ltr'>maioribus</span> 
     </span>
     <span class='ocr_line' id='line_1_50' title="bbox 36 1935 1103 1974; baseline -0.004 -10"><span class='ocrx_word' id='word_1_463' title='bbox 36 1937 140 1974; x_wconf 85' lang='lat' dir='ltr'>poculis</span> <span class='ocrx_word' id='word_1_464' title='bbox 153 1947 160 1964; x_wconf 75' lang='grc' dir='ltr'><strong>ε</strong></span> <span class='ocrx_word' id='word_1_465' title='bbox 196 1936 350 1964; x_wconf 80' lang='lat' dir='ltr'>Maioribus</span> <span class='ocrx_word' id='word_1_466' title='bbox 365 1942 456 1965; x_wconf 83' lang='lat' dir='ltr'>autem</span> <span class='ocrx_word' id='word_1_467' title='bbox 468 1936 572 1972; x_wconf 87' lang='lat' dir='ltr'>poculis</span> <span class='ocrx_word' id='word_1_468' title='bbox 585 1937 697 1972; x_wconf 87' lang='lat' dir='ltr'>poscunt</span> <span class='ocrx_word' id='word_1_469' title='bbox 711 1946 726 1963; x_wconf 86' lang='lat' dir='ltr'>a</span> <span class='ocrx_word' id='word_1_470' title='bbox 743 1936 886 1971; x_wconf 76' lang='lat' dir='ltr'>pincerna,</span> <span class='ocrx_word' id='word_1_471' title='bbox 905 1935 932 1962; x_wconf 88' lang='lat' dir='ltr'>id</span> <span class='ocrx_word' id='word_1_472' title='bbox 949 1936 984 1961; x_wconf 86' lang='lat' dir='ltr'>est</span> <span class='ocrx_word' id='word_1_473' title='bbox 999 1941 1103 1969; x_wconf 86' lang='lat' dir='ltr'>petunt,</span> 
     </span>
     <span class='ocr_line' id='line_1_51' title="bbox 36 1971 1106 2008; baseline -0.005 -7"><span class='ocrx_word' id='word_1_474' title='bbox 36 1980 66 2001; x_wconf 93' lang='lat' dir='ltr'>vt</span> <span class='ocrx_word' id='word_1_475' title='bbox 79 1973 268 2006; x_wconf 80' lang='lat' dir='ltr'>subaudiatur,</span> <span class='ocrx_word' id='word_1_476' title='bbox 285 1973 390 2000; x_wconf 83' lang='lat' dir='ltr'>bibere.</span> <span class='ocrx_word' id='word_1_477' title='bbox 429 1974 470 2001; x_wconf 89' lang='lat' dir='ltr'>Sic</span> <span class='ocrx_word' id='word_1_478' title='bbox 482 1976 558 2000; x_wconf 80' lang='lat' dir='ltr'>etiam</span> <span class='ocrx_word' id='word_1_479' title='bbox 568 1976 668 2008; x_wconf 79' lang='lat' dir='ltr'>primae</span> <span class='ocrx_word' id='word_1_480' title='bbox 681 1972 817 2006; x_wconf 79' lang='lat' dir='ltr'>editiones,</span> <span class='ocrx_word' id='word_1_481' title='bbox 831 1971 888 2006; x_wconf 80' lang='lat' dir='ltr'>stne</span> <span class='ocrx_word' id='word_1_482' title='bbox 901 1974 1033 1998; x_wconf 72' lang='lat' dir='ltr'>varietate.</span> <span class='ocrx_word' id='word_1_483' title='bbox 1078 1972 1106 1997; x_wconf 75' lang='lat' dir='ltr'>Si</span> 
     </span>
     <span class='ocr_line' id='line_1_52' title="bbox 37 2006 1106 2042; baseline -0.005 -6"><span class='ocrx_word' id='word_1_484' title='bbox 37 2010 164 2039; x_wconf 80' lang='lat' dir='ltr'>Budaeum</span> <span class='ocrx_word' id='word_1_485' title='bbox 185 2009 316 2042; x_wconf 81' lang='lat' dir='ltr'>audimus,</span> <span class='ocrx_word' id='word_1_486' title='bbox 337 2009 466 2035; x_wconf 81' lang='lat' dir='ltr'>Pincetna</span> <span class='ocrx_word' id='word_1_487' title='bbox 491 2019 507 2035; x_wconf 83' lang='lat' dir='ltr'>a</span> <span class='ocrx_word' id='word_1_488' title='bbox 534 2010 630 2035; x_wconf 77' lang='lat' dir='ltr'>Gracco</span> <span class='ocrx_word' id='word_1_489' title='bbox 655 2008 803 2039; x_wconf 83' lang='lat' dir='ltr'>deducitur,</span> <span class='ocrx_word' id='word_1_490' title='bbox 819 2011 861 2034; x_wconf 82' lang='lat' dir='ltr'>cui</span> <span class='ocrx_word' id='word_1_491' title='bbox 879 2009 997 2033; x_wconf 84' lang='lat' dir='ltr'>conuiuae</span> <span class='ocrx_word' id='word_1_492' title='bbox 1017 2006 1106 2032; x_wconf 80' lang='lat' dir='ltr'>dicunt</span> 
     </span>
    </p>
   </div>
   <div class='ocr_carea' id='block_1_16' title="bbox 37 2041 1151 2112">
    <p class='ocr_par' dir='ltr' id='par_1_17' title="bbox 37 2041 1151 2112">
     <span class='ocr_line' id='line_1_53' title="bbox 37 2041 1151 2103; baseline -0.006 -30"><span class='ocrx_word' id='word_1_493' title='bbox 37 2045 174 2073; x_wconf 79' lang='lat' dir='ltr'>identidem</span> <span class='ocrx_word' id='word_1_494' title='bbox 187 2046 257 2071; x_wconf 73' lang='grc' dir='ltr'><strong><em>πίνειν</em></strong></span> <span class='ocrx_word' id='word_1_495' title='bbox 270 2046 354 2081; x_wconf 56' lang='lat' dir='ltr'>aleva,</span> <span class='ocrx_word' id='word_1_496' title='bbox 373 2044 402 2070; x_wconf 84' lang='lat' dir='ltr'>id</span> <span class='ocrx_word' id='word_1_497' title='bbox 415 2042 449 2077; x_wconf 75' lang='lat' dir='ltr'>est</span> <span class='ocrx_word' id='word_1_498' title='bbox 460 2043 534 2079; x_wconf 84' lang='lat' dir='ltr'>misce</span> <span class='ocrx_word' id='word_1_499' title='bbox 547 2047 651 2074; x_wconf 81' lang='lat' dir='ltr'>vinum,</span> <span class='ocrx_word' id='word_1_500' title='bbox 670 2044 713 2069; x_wconf 81' lang='lat' dir='ltr'>vel</span> <span class='ocrx_word' id='word_1_501' title='bbox 724 2049 835 2078; x_wconf 77' lang='lat' dir='ltr'>tempera</span> <span class='ocrx_word' id='word_1_502' title='bbox 849 2045 953 2103; x_wconf 52' lang='grc' dir='ltr'>υίηῧφηι,</span> <span class='ocrx_word' id='word_1_503' title='bbox 973 2048 1002 2103; x_wconf 69' lang='lat' dir='ltr'>vil*</span> <span class='ocrx_word' id='word_1_504' title='bbox 1015 2041 1104 2068; x_wconf 73' lang='lat' dir='ltr'>bibam.</span> <span class='ocrx_word' id='word_1_505' title='bbox 1120 2056 1151 2078; x_wconf 81' lang='lat'>50</span> 
     </span>
     <span class='ocr_line' id='line_1_54' title="bbox 917 2083 1105 2112; baseline -0.005 -9"><span class='ocrx_word' id='word_1_506' title='bbox 917 2086 933 2103; x_wconf 91' lang='lat' dir='ltr'>u</span> <span class='ocrx_word' id='word_1_507' title='bbox 945 2085 969 2112; x_wconf 84' lang='lat' dir='ltr'>g.</span> <span class='ocrx_word' id='word_1_508' title='bbox 1005 2083 1105 2111; x_wconf 86' lang='lat' dir='ltr'>nterpr.</span> 
     </span>
    </p>
   </div>
   <div class='ocr_carea' id='block_1_17' title="bbox 38 2080 845 2225">
    <p class='ocr_par' dir='ltr' id='par_1_18' title="bbox 38 2080 265 2109">
     <span class='ocr_line' id='line_1_55' title="bbox 38 2080 265 2109; baseline -0.013 0"><span class='ocrx_word' id='word_1_509' title='bbox 38 2083 110 2109; x_wconf 85' lang='lat' dir='ltr'>Haec</span> <span class='ocrx_word' id='word_1_510' title='bbox 141 2080 265 2108; x_wconf 78' lang='lat' dir='ltr'>Budaeus.</span> 
     </span>
    </p>

    <p class='ocr_par' dir='ltr' id='par_1_19' title="bbox 38 2118 631 2186">
     <span class='ocr_line' id='line_1_56' title="bbox 38 2118 230 2150; baseline -0.016 -5"><span class='ocrx_word' id='word_1_511' title='bbox 38 2118 133 2145; x_wconf 87' lang='lat' dir='ltr'>Genes.</span> <span class='ocrx_word' id='word_1_512' title='bbox 147 2125 194 2150; x_wconf 88' lang='lat'>40,</span> <span class='ocrx_word' id='word_1_513' title='bbox 210 2124 230 2142; x_wconf 89' lang='lat'>1.</span> 
     </span>
     <span class='ocr_line' id='line_1_57' title="bbox 75 2148 631 2186; baseline -0.007 -7"><span class='ocrx_word' id='word_1_514' title='bbox 75 2161 111 2180; x_wconf 81' lang='grc'>1&gt;1</span> <span class='ocrx_word' id='word_1_515' title='bbox 123 2150 299 2185; x_wconf 60' lang='lat' dir='ltr'>nmirum,</span> <span class='ocrx_word' id='word_1_516' title='bbox 333 2151 353 2179; x_wconf 84' lang='lat' dir='ltr'>i.</span> <span class='ocrx_word' id='word_1_517' title='bbox 392 2160 429 2178; x_wconf 88' lang='lat' dir='ltr'>m.</span> <span class='ocrx_word' id='word_1_518' title='bbox 478 2148 631 2186; x_wconf 65' lang='grc' dir='ltr'>[Πίνδαρος]</span> 
     </span>
    </p>

    <p class='ocr_par' dir='ltr' id='par_1_20' title="bbox 38 2187 845 2225">
     <span class='ocr_line' id='line_1_58' title="bbox 38 2187 845 2225; baseline -0.005 -10"><span class='ocrx_word' id='word_1_519' title='bbox 38 2189 159 2225; x_wconf 75' lang='lat' dir='ltr'>Aeschyli</span> <span class='ocrx_word' id='word_1_520' title='bbox 173 2190 278 2224; x_wconf 67' lang='lat' dir='ltr'>Poetae,</span> <span class='ocrx_word' id='word_1_521' title='bbox 298 2194 322 2214; x_wconf 84' lang='lat' dir='ltr'>et</span> <span class='ocrx_word' id='word_1_522' title='bbox 336 2188 470 2224; x_wconf 74' lang='lat' dir='ltr'>Perfizrum</span> <span class='ocrx_word' id='word_1_523' title='bbox 483 2187 651 2223; x_wconf 74' lang='lat' dir='ltr'>expeditionis</span> <span class='ocrx_word' id='word_1_524' title='bbox 664 2190 692 2213; x_wconf 80' lang='lat' dir='ltr'>in</span> <span class='ocrx_word' id='word_1_525' title='bbox 705 2187 845 2213; x_wconf 86' lang='lat' dir='ltr'>Graeciam.</span> 
     </span>
    </p>
   </div>
   <div class='ocr_carea' id='block_1_18' title="bbox 326 2078 817 2114">
    <p class='ocr_par' dir='ltr' id='par_1_21' title="bbox 326 2078 817 2114">
     <span class='ocr_line' id='line_1_59' title="bbox 326 2078 817 2114; baseline -0.004 -7"><span class='ocrx_word' id='word_1_526' title='bbox 326 2080 386 2108; x_wconf 73' lang='lat' dir='ltr'>Vici.</span> <span class='ocrx_word' id='word_1_527' title='bbox 408 2078 545 2114; x_wconf 87' lang='lat' dir='ltr'>Lamprid.</span> <span class='ocrx_word' id='word_1_528' title='bbox 563 2078 718 2105; x_wconf 79' lang='lat' dir='ltr'>Alexandro</span> <span class='ocrx_word' id='word_1_529' title='bbox 738 2087 761 2105; x_wconf 91' lang='lat' dir='ltr'>c.</span> <span class='ocrx_word' id='word_1_530' title='bbox 781 2086 817 2110; x_wconf 85' lang='lat'>41.</span> 
     </span>
    </p>
   </div>
   <div class='ocr_carea' id='block_1_19' title="bbox 690 2147 1106 2220">
    <p class='ocr_par' dir='ltr' id='par_1_22' title="bbox 690 2147 1106 2220">
     <span class='ocr_line' id='line_1_60' title="bbox 690 2147 1106 2184; baseline -0.007 -7"><span class='ocrx_word' id='word_1_531' title='bbox 690 2149 841 2182; x_wconf 62' lang='lat' dir='ltr'>Thebanus,</span> <span class='ocrx_word' id='word_1_532' title='bbox 869 2148 1022 2184; x_wconf 79' lang='lat' dir='ltr'>temporibus</span> <span class='ocrx_word' id='word_1_533' title='bbox 1044 2147 1106 2184; x_wconf 80' lang='lat' dir='ltr'>fuit</span> 
     </span>
     <span class='ocr_line' id='line_1_61' title="bbox 895 2182 1106 2220; baseline -0.005 -9"><span class='ocrx_word' id='word_1_534' title='bbox 895 2182 1011 2211; x_wconf 69' lang='lat' dir='ltr'>ViHores</span> <span class='ocrx_word' id='word_1_535' title='bbox 1017 2184 1106 2220; x_wconf 70' lang='lat' dir='ltr'>sacro-</span> 
     </span>
    </p>
   </div>
   <div class='ocr_carea' id='block_1_20' title="bbox 38 2221 1149 2262">
    <p class='ocr_par' dir='ltr' id='par_1_23' title="bbox 38 2221 1149 2262">
     <span class='ocr_line' id='line_1_62' title="bbox 38 2221 1149 2262; baseline -0.006 -10"><span class='ocrx_word' id='word_1_536' title='bbox 38 2236 95 2253; x_wconf 90' lang='lat' dir='ltr'>rum</span> <span class='ocrx_word' id='word_1_537' title='bbox 122 2227 285 2251; x_wconf 75' lang='lat' dir='ltr'>certaminum</span> <span class='ocrx_word' id='word_1_538' title='bbox 312 2224 448 2250; x_wconf 77' lang='lat' dir='ltr'>celebrauit</span> <span class='ocrx_word' id='word_1_539' title='bbox 475 2222 645 2255; x_wconf 73' lang='lat' dir='ltr'>carminibus,</span> <span class='ocrx_word' id='word_1_540' title='bbox 663 2231 724 2258; x_wconf 82' lang='lat' dir='ltr'>quae</span> <span class='ocrx_word' id='word_1_541' title='bbox 743 2224 833 2248; x_wconf 84' lang='lat' dir='ltr'>titulos</span> <span class='ocrx_word' id='word_1_542' title='bbox 853 2221 943 2248; x_wconf 74' lang='lat' dir='ltr'>habent</span> <span class='ocrx_word' id='word_1_543' title='bbox 960 2221 1105 2254; x_wconf 81' lang='lat' dir='ltr'>Olympia,</span> <span class='ocrx_word' id='word_1_544' title='bbox 1136 2236 1149 2262; x_wconf 59' lang='grc' dir='ltr'><strong><em>ς</em></strong></span> 
     </span>
    </p>
   </div>
   <div class='ocr_carea' id='block_1_21' title="bbox 28 2256 1106 2545">
    <p class='ocr_par' dir='ltr' id='par_1_24' title="bbox 28 2256 1106 2492">
     <span class='ocr_line' id='line_1_63' title="bbox 38 2256 1106 2294; baseline -0.008 -4"><span class='ocrx_word' id='word_1_545' title='bbox 38 2262 149 2290; x_wconf 87' lang='lat' dir='ltr'>Isthmia</span> <span class='ocrx_word' id='word_1_546' title='bbox 158 2280 166 2292; x_wconf 92' lang='lat'>,</span> <span class='ocrx_word' id='word_1_547' title='bbox 186 2259 295 2294; x_wconf 78' lang='lat' dir='ltr'>Pythia,</span> <span class='ocrx_word' id='word_1_548' title='bbox 314 2260 425 2287; x_wconf 86' lang='lat' dir='ltr'>Nemea.</span> <span class='ocrx_word' id='word_1_549' title='bbox 463 2258 607 2286; x_wconf 81' lang='lat' dir='ltr'>Altiffimus</span> <span class='ocrx_word' id='word_1_550' title='bbox 621 2259 708 2286; x_wconf 85' lang='lat' dir='ltr'>fertur</span> <span class='ocrx_word' id='word_1_551' title='bbox 721 2264 748 2285; x_wconf 86' lang='lat' dir='ltr'>et</span> <span class='ocrx_word' id='word_1_552' title='bbox 762 2257 912 2285; x_wconf 86' lang='lat' dir='ltr'>verborum</span> <span class='ocrx_word' id='word_1_553' title='bbox 926 2262 951 2283; x_wconf 85' lang='lat' dir='ltr'>et</span> <span class='ocrx_word' id='word_1_554' title='bbox 967 2256 1106 2282; x_wconf 73' lang='lat' dir='ltr'>sententia-</span> 
     </span>
     <span class='ocr_line' id='line_1_64' title="bbox 39 2292 1106 2332; baseline -0.007 -8"><span class='ocrx_word' id='word_1_555' title='bbox 39 2308 100 2326; x_wconf 82' lang='lat' dir='ltr'>rum</span> <span class='ocrx_word' id='word_1_556' title='bbox 116 2297 206 2332; x_wconf 83' lang='lat' dir='ltr'>copia,</span> <span class='ocrx_word' id='word_1_557' title='bbox 225 2303 255 2323; x_wconf 82' lang='lat' dir='ltr'>vt</span> <span class='ocrx_word' id='word_1_558' title='bbox 266 2299 305 2323; x_wconf 82' lang='lat' dir='ltr'>ait</span> <span class='ocrx_word' id='word_1_559' title='bbox 317 2296 521 2329; x_wconf 74' lang='lat' dir='ltr'>Qinffllianus</span> <span class='ocrx_word' id='word_1_560' title='bbox 535 2304 575 2328; x_wconf 88' lang='lat'>10,</span> <span class='ocrx_word' id='word_1_561' title='bbox 589 2304 600 2322; x_wconf 87' lang='lat'>1</span> <span class='ocrx_word' id='word_1_562' title='bbox 620 2294 750 2330; x_wconf 82' lang='lat' dir='ltr'>grauitate</span> <span class='ocrx_word' id='word_1_563' title='bbox 763 2294 860 2321; x_wconf 73' lang='lat' dir='ltr'>arduus</span> <span class='ocrx_word' id='word_1_564' title='bbox 870 2314 877 2325; x_wconf 92' lang='lat'><em>‚</em></span> <span class='ocrx_word' id='word_1_565' title='bbox 895 2292 1106 2319; x_wconf 45' lang='lat' dir='ltr'>constructione-</span> 
     </span>
     <span class='ocr_line' id='line_1_65' title="bbox 39 2329 1106 2370; baseline -0.007 -9"><span class='ocrx_word' id='word_1_566' title='bbox 39 2344 92 2370; x_wconf 88' lang='lat' dir='ltr'>que</span> <span class='ocrx_word' id='word_1_567' title='bbox 104 2342 134 2360; x_wconf 87' lang='lat' dir='ltr'>ac</span> <span class='ocrx_word' id='word_1_568' title='bbox 147 2333 243 2361; x_wconf 80' lang='lat' dir='ltr'>ordine</span> <span class='ocrx_word' id='word_1_569' title='bbox 256 2332 401 2359; x_wconf 82' lang='lat' dir='ltr'>immensus</span> <span class='ocrx_word' id='word_1_570' title='bbox 412 2341 441 2359; x_wconf 89' lang='lat' dir='ltr'>ac</span> <span class='ocrx_word' id='word_1_571' title='bbox 455 2332 586 2367; x_wconf 63' lang='lat' dir='ltr'>pronitus.</span> <span class='ocrx_word' id='word_1_572' title='bbox 697 2331 828 2357; x_wconf 80' lang='lat' dir='ltr'>Horatius</span> <span class='ocrx_word' id='word_1_573' title='bbox 842 2330 931 2356; x_wconf 81' lang='lat' dir='ltr'>Car-m.</span> <span class='ocrx_word' id='word_1_574' title='bbox 946 2338 979 2362; x_wconf 84' lang='lat'>4,</span> <span class='ocrx_word' id='word_1_575' title='bbox 993 2337 1009 2355; x_wconf 83' lang='lat'>2.</span> <span class='ocrx_word' id='word_1_576' title='bbox 1045 2329 1106 2355; x_wconf 86' lang='lat' dir='ltr'>Pin-</span> 
     </span>
     <span class='ocr_line' id='line_1_66' title="bbox 40 2365 1105 2404; baseline -0.007 -7"><span class='ocrx_word' id='word_1_577' title='bbox 40 2371 134 2403; x_wconf 84' lang='lat' dir='ltr'>darum</span> <span class='ocrx_word' id='word_1_578' title='bbox 148 2369 270 2404; x_wconf 79' lang='lat' dir='ltr'>quisquis</span> <span class='ocrx_word' id='word_1_579' title='bbox 282 2368 368 2395; x_wconf 82' lang='lat' dir='ltr'>studet</span> <span class='ocrx_word' id='word_1_580' title='bbox 381 2368 511 2396; x_wconf 85' lang='lat' dir='ltr'>aemulari</span> <span class='ocrx_word' id='word_1_581' title='bbox 524 2368 573 2394; x_wconf 93' lang='lat' dir='ltr'>Ille</span> <span class='ocrx_word' id='word_1_582' title='bbox 588 2366 682 2394; x_wconf 81' lang='lat' dir='ltr'>ceratis</span> <span class='ocrx_word' id='word_1_583' title='bbox 697 2376 748 2401; x_wconf 85' lang='lat' dir='ltr'>ope</span> <span class='ocrx_word' id='word_1_584' title='bbox 761 2366 892 2393; x_wconf 80' lang='lat' dir='ltr'>Daedalea</span> <span class='ocrx_word' id='word_1_585' title='bbox 914 2365 1023 2392; x_wconf 75' lang='lat' dir='ltr'>Nititur</span> <span class='ocrx_word' id='word_1_586' title='bbox 1043 2374 1105 2400; x_wconf 89' lang='lat' dir='ltr'>pen-</span> 
     </span>
     <span class='ocr_line' id='line_1_67' title="bbox 39 2404 583 2440; baseline -0.006 -7"><span class='ocrx_word' id='word_1_587' title='bbox 39 2406 97 2437; x_wconf 85' lang='lat' dir='ltr'>nis,</span> <span class='ocrx_word' id='word_1_588' title='bbox 117 2405 208 2431; x_wconf 88' lang='lat' dir='ltr'>vitreo</span> <span class='ocrx_word' id='word_1_589' title='bbox 220 2404 472 2432; x_wconf 79' lang='lat' dir='ltr'>daturusNomina</span> <span class='ocrx_word' id='word_1_590' title='bbox 490 2409 583 2440; x_wconf 90' lang='lat' dir='ltr'>ponto.</span> 
     </span>
     <span class='ocr_line' id='line_1_68' title="bbox 28 2441 316 2492; baseline -0.007 -23"><span class='ocrx_word' id='word_1_591' title='bbox 28 2441 177 2492; x_wconf 43' lang='lat' dir='ltr'>‘profundo</span> <span class='ocrx_word' id='word_1_592' title='bbox 190 2441 246 2468; x_wconf 89' lang='lat' dir='ltr'>ruit</span> <span class='ocrx_word' id='word_1_593' title='bbox 260 2449 316 2468; x_wconf 87' lang='lat' dir='ltr'>ore.</span> 
     </span>
    </p>

    <p class='ocr_par' dir='ltr' id='par_1_25' title="bbox 28 2472 1105 2545">
     <span class='ocr_line' id='line_1_69' title="bbox 28 2472 1103 2509; baseline -0.005 -3"><span class='ocrx_word' id='word_1_594' title='bbox 28 2498 30 2506; x_wconf 81' lang='grc'>.</span> <span class='ocrx_word' id='word_1_595' title='bbox 74 2484 90 2504; x_wconf 79' lang='grc'>1&gt;</span> <span class='ocrx_word' id='word_1_596' title='bbox 101 2484 110 2503; x_wconf 90' lang='grc'>1</span> <span class='ocrx_word' id='word_1_597' title='bbox 120 2484 143 2503; x_wconf 85' lang='grc' dir='ltr'>Ν</span> <span class='ocrx_word' id='word_1_598' title='bbox 153 2484 173 2504; x_wconf 85' lang='grc'>1)</span> <span class='ocrx_word' id='word_1_599' title='bbox 183 2483 232 2503; x_wconf 82' lang='lat' dir='ltr'>AR</span> <span class='ocrx_word' id='word_1_600' title='bbox 244 2474 332 2504; x_wconf 74' lang='lat' dir='ltr'>icvs</span> <span class='ocrx_word' id='word_1_601' title='bbox 342 2497 351 2509; x_wconf 87' lang='lat'>,</span> <span class='ocrx_word' id='word_1_602' title='bbox 377 2485 407 2508; x_wconf 89' lang='lat' dir='ltr'>a,</span> <span class='ocrx_word' id='word_1_603' title='bbox 434 2484 489 2503; x_wconf 90' lang='lat' dir='ltr'>um.</span> <span class='ocrx_word' id='word_1_604' title='bbox 525 2475 587 2502; x_wconf 85' lang='lat' dir='ltr'>Adi.</span> <span class='ocrx_word' id='word_1_605' title='bbox 624 2472 804 2509; x_wconf 50' lang='grc' dir='ltr'>[Πινδαρικὰ]</span> <span class='ocrx_word' id='word_1_606' title='bbox 839 2475 960 2509; x_wconf 84' lang='lat' dir='ltr'>Propert.</span> <span class='ocrx_word' id='word_1_607' title='bbox 973 2482 997 2507; x_wconf 85' lang='grc'>3,</span> <span class='ocrx_word' id='word_1_608' title='bbox 1012 2482 1051 2509; x_wconf 91' lang='lat'>17,</span> <span class='ocrx_word' id='word_1_609' title='bbox 1066 2483 1103 2509; x_wconf 81' lang='lat'>40</span> 
     </span>
     <span class='ocr_line' id='line_1_70' title="bbox 719 2510 1105 2545; baseline -0.003 -8"><span class='ocrx_word' id='word_1_610' title='bbox 719 2512 789 2537; x_wconf 80' lang='lat' dir='ltr'>Fons</span> <span class='ocrx_word' id='word_1_611' title='bbox 814 2511 883 2537; x_wconf 85' lang='lat' dir='ltr'>Hor.</span> <span class='ocrx_word' id='word_1_612' title='bbox 898 2510 977 2545; x_wconf 81' lang='lat' dir='ltr'>Epist.</span> <span class='ocrx_word' id='word_1_613' title='bbox 994 2519 1014 2543; x_wconf 85' lang='lat'>1,</span> <span class='ocrx_word' id='word_1_614' title='bbox 1029 2519 1052 2543; x_wconf 83' lang='grc'>3,</span> <span class='ocrx_word' id='word_1_615' title='bbox 1067 2520 1105 2536; x_wconf 88' lang='grc'>10.</span> 
     </span>
    </p>
   </div>
   <div class='ocr_carea' id='block_1_22' title="bbox 38 2509 1107 2574">
    <p class='ocr_par' dir='ltr' id='par_1_26' title="bbox 38 2509 1107 2574">
     <span class='ocr_line' id='line_1_71' title="bbox 38 2509 644 2548; baseline -0.003 -8"><span class='ocrx_word' id='word_1_616' title='bbox 38 2509 133 2548; x_wconf 66' lang='lat' dir='ltr'>&#39;Qtalis</span> <span class='ocrx_word' id='word_1_617' title='bbox 167 2512 309 2539; x_wconf 83' lang='lat' dir='ltr'>Pindarico</span> <span class='ocrx_word' id='word_1_618' title='bbox 337 2513 445 2547; x_wconf 83' lang='lat' dir='ltr'>spiritus</span> <span class='ocrx_word' id='word_1_619' title='bbox 479 2520 528 2539; x_wconf 87' lang='lat' dir='ltr'>ore</span> <span class='ocrx_word' id='word_1_620' title='bbox 561 2517 644 2538; x_wconf 85' lang='lat' dir='ltr'>tonat.</span> 
     </span>
     <span class='ocr_line' id='line_1_72' title="bbox 862 2546 1107 2574; baseline 0 -2"><span class='ocrx_word' id='word_1_621' title='bbox 862 2546 973 2573; x_wconf 63' lang='lat' dir='ltr'>electris</span> <span class='ocrx_word' id='word_1_622' title='bbox 987 2546 1107 2574; x_wconf 87' lang='lat' dir='ltr'>Pindari-</span> 
     </span>
    </p>
   </div>
   <div class='ocr_carea' id='block_1_23' title="bbox 57 2548 793 2583">
    <p class='ocr_par' dir='ltr' id='par_1_27' title="bbox 57 2548 793 2583">
     <span class='ocr_line' id='line_1_73' title="bbox 57 2548 793 2583; baseline -0.005 -6"><span class='ocrx_word' id='word_1_623' title='bbox 57 2548 124 2583; x_wconf 83' lang='lat' dir='ltr'>‘yrae</span> <span class='ocrx_word' id='word_1_624' title='bbox 138 2548 293 2576; x_wconf 80' lang='lat' dir='ltr'>Pindaricae</span> <span class='ocrx_word' id='word_1_625' title='bbox 304 2548 402 2577; x_wconf 86' lang='lat' dir='ltr'>fidicen</span> <span class='ocrx_word' id='word_1_626' title='bbox 418 2548 502 2576; x_wconf 86' lang='lat' dir='ltr'>Ouid.</span> <span class='ocrx_word' id='word_1_627' title='bbox 517 2557 550 2575; x_wconf 89' lang='lat' dir='ltr'>ex</span> <span class='ocrx_word' id='word_1_628' title='bbox 564 2549 646 2575; x_wconf 62' lang='lat' dir='ltr'>Ponts</span> <span class='ocrx_word' id='word_1_629' title='bbox 656 2557 684 2582; x_wconf 88' lang='lat'>4,</span> <span class='ocrx_word' id='word_1_630' title='bbox 697 2555 735 2583; x_wconf 87' lang='lat'>17,</span> <span class='ocrx_word' id='word_1_631' title='bbox 746 2556 793 2582; x_wconf 89' lang='lat'>40.</span> 
     </span>
    </p>
   </div>
   <div class='ocr_carea' id='block_1_24' title="bbox 723 1579 1110 1613">
    <p class='ocr_par' dir='ltr' id='par_1_28' title="bbox 723 1579 1110 1613">
     <span class='ocr_line' id='line_1_74' title="bbox 723 1579 1110 1613; baseline -0.008 -6"><span class='ocrx_word' id='word_1_632' title='bbox 723 1580 784 1608; x_wconf 85' lang='lat' dir='ltr'>Vid.</span> <span class='ocrx_word' id='word_1_633' title='bbox 803 1581 912 1607; x_wconf 87' lang='lat' dir='ltr'>Vitruu.</span> <span class='ocrx_word' id='word_1_634' title='bbox 927 1588 968 1613; x_wconf 81' lang='lat'>10,</span> <span class='ocrx_word' id='word_1_635' title='bbox 981 1587 1003 1612; x_wconf 79' lang='grc'>3.</span> <span class='ocrx_word' id='word_1_636' title='bbox 1039 1579 1110 1605; x_wconf 78' lang='lat' dir='ltr'>Hinc</span> 
     </span>
    </p>
   </div>
   <div class='ocr_carea' id='block_1_25' title="bbox 1126 449 1140 474">
    <p class='ocr_par' dir='ltr' id='par_1_29' title="bbox 1126 449 1140 474">
     <span class='ocr_line' id='line_1_75' title="bbox 1126 449 1140 474; baseline 0 0"><span class='ocrx_word' id='word_1_637' title='bbox 1126 449 1140 474; x_wconf 83' lang='lat'><em>5</em></span> 
     </span>
    </p>
   </div>
   <div class='ocr_carea' id='block_1_26' title="bbox 765 628 1198 677">
    <p class='ocr_par' dir='ltr' id='par_1_30' title="bbox 765 628 1198 677">
     <span class='ocr_line' id='line_1_76' title="bbox 765 628 1198 677; baseline -0.007 -7"><span class='ocrx_word' id='word_1_638' title='bbox 765 642 907 670; x_wconf 76' lang='lat' dir='ltr'>Tablinum.</span> <span class='ocrx_word' id='word_1_639' title='bbox 946 643 977 669; x_wconf 85' lang='lat' dir='ltr'>In</span> <span class='ocrx_word' id='word_1_640' title='bbox 995 641 1103 677; x_wconf 86' lang='lat' dir='ltr'>pinaco-</span> <span class='ocrx_word' id='word_1_641' title='bbox 1119 628 1149 646; x_wconf 78' lang='lat'>¹0</span> <span class='ocrx_word' id='word_1_642' title='bbox 1165 640 1198 668; x_wconf 88' lang='lat' dir='ltr'>de</span> 
     </span>
    </p>
   </div>
   <div class='ocr_carea' id='block_1_27' title="bbox 1120 1167 1147 1193">
    <p class='ocr_par' dir='ltr' id='par_1_31' title="bbox 1120 1167 1147 1193">
     <span class='ocr_line' id='line_1_77' title="bbox 1120 1167 1147 1193; baseline 0 0"><span class='ocrx_word' id='word_1_643' title='bbox 1120 1167 1147 1193; x_wconf 76' lang='lat'>25</span> 
     </span>
    </p>
   </div>
   <div class='ocr_carea' id='block_1_28' title="bbox 829 1326 1151 1370">
    <p class='ocr_par' dir='ltr' id='par_1_32' title="bbox 829 1326 1151 1370">
     <span class='ocr_line' id='line_1_78' title="bbox 829 1326 1151 1370; baseline -0.009 -15"><span class='ocrx_word' id='word_1_644' title='bbox 829 1329 869 1355; x_wconf 86' lang='lat' dir='ltr'>De</span> <span class='ocrx_word' id='word_1_645' title='bbox 887 1327 929 1355; x_wconf 84' lang='lat' dir='ltr'>his</span> <span class='ocrx_word' id='word_1_646' title='bbox 950 1326 1105 1354; x_wconf 81' lang='lat' dir='ltr'>Fenestella.</span> <span class='ocrx_word' id='word_1_647' title='bbox 1121 1346 1151 1370; x_wconf 74' lang='lat'>30</span> 
     </span>
    </p>
   </div>
   <div class='ocr_carea' id='block_1_29' title="bbox 1127 1505 1539 1549">
    <p class='ocr_par' dir='ltr' id='par_1_33' title="bbox 1127 1505 1539 1549">
     <span class='ocr_line' id='line_1_79' title="bbox 1127 1505 1539 1549; baseline -0.005 -15"><span class='ocrx_word' id='word_1_648' title='bbox 1127 1525 1155 1549; x_wconf 77' lang='lat'>35</span> <span class='ocrx_word' id='word_1_649' title='bbox 1172 1507 1324 1534; x_wconf 78' lang='lat' dir='ltr'>institutum</span> <span class='ocrx_word' id='word_1_650' title='bbox 1345 1506 1381 1532; x_wconf 89' lang='lat' dir='ltr'>est</span> <span class='ocrx_word' id='word_1_651' title='bbox 1402 1505 1539 1533; x_wconf 74' lang='lat' dir='ltr'>Corinthi.</span> 
     </span>
    </p>
   </div>
   <div class='ocr_carea' id='block_1_30' title="bbox 676 2401 1229 2439">
    <p class='ocr_par' dir='ltr' id='par_1_34' title="bbox 676 2401 1229 2439">
     <span class='ocr_line' id='line_1_80' title="bbox 676 2401 1229 2439; baseline -0.005 -9"><span class='ocrx_word' id='word_1_652' title='bbox 676 2404 708 2431; x_wconf 82' lang='lat' dir='ltr'>Et</span> <span class='ocrx_word' id='word_1_653' title='bbox 721 2413 747 2430; x_wconf 79' lang='lat' dir='ltr'>v.</span> <span class='ocrx_word' id='word_1_654' title='bbox 762 2408 776 2434; x_wconf 90' lang='lat'><strong>8</strong></span> <span class='ocrx_word' id='word_1_655' title='bbox 813 2402 960 2429; x_wconf 76' lang='lat' dir='ltr'>immensus</span> <span class='ocrx_word' id='word_1_656' title='bbox 974 2401 1104 2428; x_wconf 79' lang='lat' dir='ltr'>Pindarus</span> <span class='ocrx_word' id='word_1_657' title='bbox 1117 2411 1151 2436; x_wconf 78' lang='lat'>60</span> <span class='ocrx_word' id='word_1_658' title='bbox 1165 2414 1188 2431; x_wconf 77' lang='lat' dir='ltr'>c,</span> <span class='ocrx_word' id='word_1_659' title='bbox 1202 2412 1229 2439; x_wconf 84' lang='lat'>7.</span> 
     </span>
    </p>
   </div>
   <div class='ocr_carea' id='block_1_31' title="bbox 1558 190 2217 252">
    <p class='ocr_par' dir='ltr' id='par_1_35' title="bbox 1558 190 2217 252">
     <span class='ocr_line' id='line_1_81' title="bbox 1558 190 2217 252; baseline -0.009 -1"><span class='ocrx_word' id='word_1_660' title='bbox 1558 192 1587 233; x_wconf 82' lang='grc' dir='ltr'>Ρ</span> <span class='ocrx_word' id='word_1_661' title='bbox 1666 190 1815 232; x_wconf 58' lang='lat' dir='ltr'>I&#39;N</span> <span class='ocrx_word' id='word_1_662' title='bbox 2135 206 2217 252; x_wconf 90' lang='lat'>890</span> 
     </span>
    </p>
   </div>
   <div class='ocr_carea' id='block_1_32' title="bbox 1161 281 2227 961">
    <p class='ocr_par' dir='ltr' id='par_1_36' title="bbox 1161 281 2221 595">
     <span class='ocr_line' id='line_1_82' title="bbox 1164 281 2217 318; baseline 0.009 -9"><span class='ocrx_word' id='word_1_663' title='bbox 1164 282 1237 310; x_wconf 88' lang='lat' dir='ltr'>soleo</span> <span class='ocrx_word' id='word_1_664' title='bbox 1250 281 1376 317; x_wconf 80' lang='lat' dir='ltr'>pingere,</span> <span class='ocrx_word' id='word_1_665' title='bbox 1397 283 1430 310; x_wconf 87' lang='lat' dir='ltr'>de</span> <span class='ocrx_word' id='word_1_666' title='bbox 1444 283 1564 316; x_wconf 83' lang='lat' dir='ltr'>flamma,</span> <span class='ocrx_word' id='word_1_667' title='bbox 1584 281 1617 309; x_wconf 87' lang='lat' dir='ltr'>de</span> <span class='ocrx_word' id='word_1_668' title='bbox 1629 282 1718 314; x_wconf 86' lang='lat' dir='ltr'>ferro,</span> <span class='ocrx_word' id='word_1_669' title='bbox 1734 282 1856 318; x_wconf 84' lang='lat' dir='ltr'>grauiter</span> <span class='ocrx_word' id='word_1_670' title='bbox 1868 287 2008 316; x_wconf 83' lang='lat' dir='ltr'>pertexuit.</span> <span class='ocrx_word' id='word_1_671' title='bbox 2044 290 2068 316; x_wconf 82' lang='lat' dir='ltr'>h.</span> <span class='ocrx_word' id='word_1_672' title='bbox 2084 299 2102 316; x_wconf 85' lang='lat' dir='ltr'>e.</span> <span class='ocrx_word' id='word_1_673' title='bbox 2124 290 2217 318; x_wconf 80' lang='lat' dir='ltr'>Admo-</span> 
     </span>
     <span class='ocr_line' id='line_1_83' title="bbox 1162 316 2217 356; baseline 0.009 -11"><span class='ocrx_word' id='word_1_674' title='bbox 1162 318 1220 345; x_wconf 90' lang='lat' dir='ltr'>dum</span> <span class='ocrx_word' id='word_1_675' title='bbox 1235 326 1355 345; x_wconf 72' lang='lat' dir='ltr'>cxvi-nure</span> <span class='ocrx_word' id='word_1_676' title='bbox 1370 330 1378 345; x_wconf 84' lang='grc'>.-</span> <span class='ocrx_word' id='word_1_677' title='bbox 1413 324 1472 356; x_wconf 77' lang='lat' dir='ltr'>quia</span> <span class='ocrx_word' id='word_1_678' title='bbox 1498 323 1610 346; x_wconf 76' lang='lat' dir='ltr'>varietas</span> <span class='ocrx_word' id='word_1_679' title='bbox 1629 322 1656 346; x_wconf 81' lang='lat' dir='ltr'>in</span> <span class='ocrx_word' id='word_1_680' title='bbox 1670 317 1776 355; x_wconf 70' lang='lat' dir='ltr'>pit‘tura</span> <span class='ocrx_word' id='word_1_681' title='bbox 1788 316 1904 345; x_wconf 64' lang='lat' dir='ltr'>delectat.</span> <span class='ocrx_word' id='word_1_682' title='bbox 1947 322 2004 348; x_wconf 65' lang='grc' dir='ltr'>ΜΔ.</span> <span class='ocrx_word' id='word_1_683' title='bbox 2021 331 2077 351; x_wconf 72' lang='lat' dir='ltr'>LIJC</span> <span class='ocrx_word' id='word_1_684' title='bbox 2087 333 2104 351; x_wconf 73' lang='grc'>1·</span> <span class='ocrx_word' id='word_1_685' title='bbox 2112 333 2217 353; x_wconf 70' lang='lat' dir='ltr'>&#39;ri-lvs-</span> 
     </span>
     <span class='ocr_line' id='line_1_84' title="bbox 1162 354 2219 391; baseline 0.003 -12"><span class='ocrx_word' id='word_1_686' title='bbox 1162 355 1212 381; x_wconf 87' lang='lat' dir='ltr'>Pro</span> <span class='ocrx_word' id='word_1_687' title='bbox 1227 362 1362 387; x_wconf 69' lang='lat' dir='ltr'>exornare,</span> <span class='ocrx_word' id='word_1_688' title='bbox 1382 362 1404 381; x_wconf 75' lang='lat' dir='ltr'>et</span> <span class='ocrx_word' id='word_1_689' title='bbox 1419 355 1537 391; x_wconf 67' lang='lat' dir='ltr'>adjpeflu</span> <span class='ocrx_word' id='word_1_690' title='bbox 1561 356 1695 382; x_wconf 78' lang='lat' dir='ltr'>iucundius</span> <span class='ocrx_word' id='word_1_691' title='bbox 1712 356 1813 382; x_wconf 73' lang='lat' dir='ltr'>reddere</span> <span class='ocrx_word' id='word_1_692' title='bbox 1861 354 1919 381; x_wconf 80' lang='lat' dir='ltr'>Cic-</span> <span class='ocrx_word' id='word_1_693' title='bbox 1934 356 1988 382; x_wconf 81' lang='lat' dir='ltr'>Att.</span> <span class='ocrx_word' id='word_1_694' title='bbox 2002 366 2030 390; x_wconf 79' lang='lat'>4,</span> <span class='ocrx_word' id='word_1_695' title='bbox 2044 369 2054 391; x_wconf 74' lang='grc' dir='ltr'>ς</span> <span class='ocrx_word' id='word_1_696' title='bbox 2073 362 2219 389; x_wconf 55' lang='lat' dir='ltr'>Bmfimhe.</span> 
     </span>
     <span class='ocr_line' id='line_1_85' title="bbox 1163 389 2218 425; baseline 0.009 -10"><span class='ocrx_word' id='word_1_697' title='bbox 1163 398 1221 416; x_wconf 79' lang='lat' dir='ltr'>cam</span> <span class='ocrx_word' id='word_1_698' title='bbox 1236 389 1306 416; x_wconf 85' lang='lat' dir='ltr'>mihi</span> <span class='ocrx_word' id='word_1_699' title='bbox 1319 391 1359 416; x_wconf 88' lang='lat' dir='ltr'>tui</span> <span class='ocrx_word' id='word_1_700' title='bbox 1374 391 1518 425; x_wconf 75' lang='lat' dir='ltr'>pinxerunt</span> <span class='ocrx_word' id='word_1_701' title='bbox 1533 391 1745 424; x_wconf 64' lang='lat' dir='ltr'>construetione,</span> <span class='ocrx_word' id='word_1_702' title='bbox 1764 397 1790 418; x_wconf 85' lang='lat' dir='ltr'>et</span> <span class='ocrx_word' id='word_1_703' title='bbox 1803 389 1905 423; x_wconf 75' lang='lat' dir='ltr'>fittybis</span> <span class='ocrx_word' id='word_1_704' title='bbox 1919 401 1926 417; x_wconf 88' lang='lat'>:</span> <span class='ocrx_word' id='word_1_705' title='bbox 1963 400 2007 417; x_wconf 77' lang='lat' dir='ltr'>eos</span> <span class='ocrx_word' id='word_1_706' title='bbox 2021 395 2100 421; x_wconf 73' lang='lat' dir='ltr'>velim</span> <span class='ocrx_word' id='word_1_707' title='bbox 2120 398 2218 425; x_wconf 81' lang='lat' dir='ltr'>laudes.</span> 
     </span>
     <span class='ocr_line' id='line_1_86' title="bbox 1164 424 2219 465; baseline 0.009 -14"><span class='ocrx_word' id='word_1_708' title='bbox 1164 424 1243 465; x_wconf 62' lang='lat' dir='ltr'>Conf.</span> <span class='ocrx_word' id='word_1_709' title='bbox 1262 426 1306 459; x_wconf 81' lang='lat' dir='ltr'>Ep.</span> <span class='ocrx_word' id='word_1_710' title='bbox 1326 435 1412 460; x_wconf 78' lang='lat' dir='ltr'>praec.</span> <span class='ocrx_word' id='word_1_711' title='bbox 1450 435 1473 453; x_wconf 80' lang='lat' dir='ltr'>et</span> <span class='ocrx_word' id='word_1_712' title='bbox 1494 434 1652 455; x_wconf 74' lang='lat' dir='ltr'>311.¹.Y13vs.</span> <span class='ocrx_word' id='word_1_713' title='bbox 1771 428 1802 454; x_wconf 94' lang='lat' dir='ltr'>1n</span> <span class='ocrx_word' id='word_1_714' title='bbox 1824 426 1916 454; x_wconf 82' lang='lat' dir='ltr'>verbis</span> <span class='ocrx_word' id='word_1_715' title='bbox 1931 427 2070 462; x_wconf 77' lang='lat' dir='ltr'>pingendis</span> <span class='ocrx_word' id='word_1_716' title='bbox 2083 437 2107 457; x_wconf 80' lang='lat' dir='ltr'>ct</span> <span class='ocrx_word' id='word_1_717' title='bbox 2122 433 2219 460; x_wconf 86' lang='lat' dir='ltr'>illumi-</span> 
     </span>
     <span class='ocr_line' id='line_1_87' title="bbox 1163 461 2219 501; baseline 0.005 -13"><span class='ocrx_word' id='word_1_718' title='bbox 1163 461 1258 488; x_wconf 78' lang='lat' dir='ltr'>nandls</span> <span class='ocrx_word' id='word_1_719' title='bbox 1271 461 1407 488; x_wconf 77' lang='lat' dir='ltr'>sententiis</span> <span class='ocrx_word' id='word_1_720' title='bbox 1427 464 1483 490; x_wconf 77' lang='lat' dir='ltr'>Cic.</span> <span class='ocrx_word' id='word_1_721' title='bbox 1497 463 1529 489; x_wconf 78' lang='lat' dir='ltr'>de</span> <span class='ocrx_word' id='word_1_722' title='bbox 1543 462 1614 490; x_wconf 85' lang='lat' dir='ltr'>Clar.</span> <span class='ocrx_word' id='word_1_723' title='bbox 1630 466 1704 490; x_wconf 83' lang='lat' dir='ltr'>Orat.</span> <span class='ocrx_word' id='word_1_724' title='bbox 1720 471 1762 496; x_wconf 84' lang='lat'>¹41</span> <span class='ocrx_word' id='word_1_725' title='bbox 1776 473 1798 489; x_wconf 84' lang='lat' dir='ltr'>c.</span> <span class='ocrx_word' id='word_1_726' title='bbox 1812 471 1853 498; x_wconf 84' lang='grc'>37.</span> <span class='ocrx_word' id='word_1_727' title='bbox 1958 463 2033 490; x_wconf 83' lang='lat' dir='ltr'>Idem</span> <span class='ocrx_word' id='word_1_728' title='bbox 2047 466 2083 498; x_wconf 73' lang='lat' dir='ltr'>Q</span> <span class='ocrx_word' id='word_1_729' title='bbox 2098 468 2180 493; x_wconf 64' lang='lat' dir='ltr'>tran:</span> <span class='ocrx_word' id='word_1_730' title='bbox 2194 478 2219 501; x_wconf 87' lang='lat'>2,</span> 
     </span>
     <span class='ocr_line' id='line_1_88' title="bbox 1165 498 2221 535; baseline 0.006 -11"><span class='ocrx_word' id='word_1_731' title='bbox 1165 505 1196 531; x_wconf 87' lang='lat'>14</span> <span class='ocrx_word' id='word_1_732' title='bbox 1215 498 1352 530; x_wconf 73' lang='lat' dir='ltr'>Quoniam</span> <span class='ocrx_word' id='word_1_733' title='bbox 1367 498 1459 525; x_wconf 85' lang='lat' dir='ltr'>scribis</span> <span class='ocrx_word' id='word_1_734' title='bbox 1476 501 1569 525; x_wconf 70' lang='lat' dir='ltr'>l&#39;ocma</span> <span class='ocrx_word' id='word_1_735' title='bbox 1584 499 1617 526; x_wconf 87' lang='lat' dir='ltr'>ab</span> <span class='ocrx_word' id='word_1_736' title='bbox 1631 509 1664 526; x_wconf 82' lang='lat' dir='ltr'>eo</span> <span class='ocrx_word' id='word_1_737' title='bbox 1678 500 1797 526; x_wconf 87' lang='lat' dir='ltr'>nostrum</span> <span class='ocrx_word' id='word_1_738' title='bbox 1812 499 1939 534; x_wconf 87' lang='lat' dir='ltr'>probari,</span> <span class='ocrx_word' id='word_1_739' title='bbox 1958 499 2094 535; x_wconf 67' lang='lat' dir='ltr'>quadrigis</span> <span class='ocrx_word' id='word_1_740' title='bbox 2112 504 2221 535; x_wconf 67' lang='lat' dir='ltr'>poeticis</span> 
     </span>
     <span class='ocr_line' id='line_1_89' title="bbox 1165 532 2221 573; baseline 0.004 -15"><span class='ocrx_word' id='word_1_741' title='bbox 1165 532 1248 560; x_wconf 85' lang='lat' dir='ltr'>modo</span> <span class='ocrx_word' id='word_1_742' title='bbox 1283 534 1353 561; x_wconf 88' lang='lat' dir='ltr'>mihi</span> <span class='ocrx_word' id='word_1_743' title='bbox 1383 535 1442 561; x_wconf 84' lang='lat' dir='ltr'>date</span> <span class='ocrx_word' id='word_1_744' title='bbox 1472 536 1656 569; x_wconf 78' lang='lat' dir='ltr'>Britanniam,</span> <span class='ocrx_word' id='word_1_745' title='bbox 1677 545 1759 571; x_wconf 80' lang='lat' dir='ltr'>quam</span> <span class='ocrx_word' id='word_1_746' title='bbox 1790 536 1898 571; x_wconf 81' lang='lat' dir='ltr'>pingam</span> <span class='ocrx_word' id='word_1_747' title='bbox 1930 535 2069 563; x_wconf 81' lang='lat' dir='ltr'>coloribus</span> <span class='ocrx_word' id='word_1_748' title='bbox 2097 538 2149 563; x_wconf 75' lang='lat' dir='ltr'>tuis</span> <span class='ocrx_word' id='word_1_749' title='bbox 2179 548 2221 573; x_wconf 80' lang='lat' dir='ltr'>pe.</span> 
     </span>
     <span class='ocr_line' id='line_1_90' title="bbox 1161 568 1341 595; baseline 0.006 -1"><span class='ocrx_word' id='word_1_750' title='bbox 1161 568 1256 595; x_wconf 89' lang='lat' dir='ltr'>nicillo</span> <span class='ocrx_word' id='word_1_751' title='bbox 1271 578 1341 595; x_wconf 85' lang='lat' dir='ltr'>meo.</span> 
     </span>
    </p>

    <p class='ocr_par' dir='ltr' id='par_1_37' title="bbox 1165 606 2227 961">
     <span class='ocr_line' id='line_1_91' title="bbox 1174 606 2223 642; baseline 0.004 -12"><span class='ocrx_word' id='word_1_752' title='bbox 1174 617 1180 625; x_wconf 90' lang='lat'><strong>·</strong></span> <span class='ocrx_word' id='word_1_753' title='bbox 1203 611 1218 631; x_wconf 80' lang='grc' dir='ltr'>ι’</span> <span class='ocrx_word' id='word_1_754' title='bbox 1231 610 1300 630; x_wconf 75' lang='lat'><em>10¹1·</em></span> <span class='ocrx_word' id='word_1_755' title='bbox 1311 613 1329 631; x_wconf 90' lang='grc' dir='ltr'><strong><em>ν</em></strong></span> <span class='ocrx_word' id='word_1_756' title='bbox 1340 612 1370 638; x_wconf 83' lang='lat' dir='ltr'>s,</span> <span class='ocrx_word' id='word_1_757' title='bbox 1389 614 1420 636; x_wconf 88' lang='lat' dir='ltr'>a,</span> <span class='ocrx_word' id='word_1_758' title='bbox 1440 615 1496 632; x_wconf 91' lang='lat' dir='ltr'>um.</span> <span class='ocrx_word' id='word_1_759' title='bbox 1516 607 1611 634; x_wconf 83' lang='lat' dir='ltr'>Partic-</span> <span class='ocrx_word' id='word_1_760' title='bbox 1646 606 1789 642; x_wconf 59' lang='lat' dir='ltr'>[ream-br,</span> <span class='ocrx_word' id='word_1_761' title='bbox 1806 606 1906 641; x_wconf 70' lang='grc' dir='ltr'><strong><em>ςικτός]</em></strong></span> <span class='ocrx_word' id='word_1_762' title='bbox 1943 606 2032 635; x_wconf 66' lang='grc' dir='ltr'>Ρίἐὶκ</span> <span class='ocrx_word' id='word_1_763' title='bbox 2046 606 2151 635; x_wconf 84' lang='lat' dir='ltr'>tabulae</span> <span class='ocrx_word' id='word_1_764' title='bbox 2166 609 2223 634; x_wconf 86' lang='lat' dir='ltr'>Cic.</span> 
     </span>
     <span class='ocr_line' id='line_1_92' title="bbox 1210 640 2225 679; baseline 0.004 -12"><span class='ocrx_word' id='word_1_765' title='bbox 1210 640 1282 667; x_wconf 82' lang='lat' dir='ltr'>clar.</span> <span class='ocrx_word' id='word_1_766' title='bbox 1298 641 1374 668; x_wconf 86' lang='lat' dir='ltr'>Orat.</span> <span class='ocrx_word' id='word_1_767' title='bbox 1389 644 1447 673; x_wconf 77' lang='lat'>263.</span> <span class='ocrx_word' id='word_1_768' title='bbox 1526 642 1620 669; x_wconf 78' lang='lat' dir='ltr'>Horat.</span> <span class='ocrx_word' id='word_1_769' title='bbox 1637 643 1716 677; x_wconf 78' lang='lat' dir='ltr'>Epist.</span> <span class='ocrx_word' id='word_1_770' title='bbox 1730 652 1749 674; x_wconf 85' lang='lat'>1,</span> <span class='ocrx_word' id='word_1_771' title='bbox 1762 652 1784 675; x_wconf 78' lang='lat'>2,</span> <span class='ocrx_word' id='word_1_772' title='bbox 1798 653 1837 677; x_wconf 85' lang='lat'>52.</span> <span class='ocrx_word' id='word_1_773' title='bbox 1931 643 2034 671; x_wconf 86' lang='lat' dir='ltr'>Adonis</span> <span class='ocrx_word' id='word_1_774' title='bbox 2048 644 2150 679; x_wconf 62' lang='lat' dir='ltr'>pictus,</span> <span class='ocrx_word' id='word_1_775' title='bbox 2170 645 2225 670; x_wconf 79' lang='lat' dir='ltr'>vid.</span> 
     </span>
     <span class='ocr_line' id='line_1_93' title="bbox 1165 677 2226 716; baseline 0.002 -12"><span class='ocrx_word' id='word_1_776' title='bbox 1165 682 1300 716; x_wconf 71' lang='lat' dir='ltr'>ADQNIS.</span> <span class='ocrx_word' id='word_1_777' title='bbox 1411 678 1479 703; x_wconf 83' lang='lat' dir='ltr'>Cum</span> <span class='ocrx_word' id='word_1_778' title='bbox 1502 677 1587 711; x_wconf 70' lang='lat' dir='ltr'>pictus</span> <span class='ocrx_word' id='word_1_779' title='bbox 1609 680 1662 704; x_wconf 63' lang='lat' dir='ltr'>Aer</span> <span class='ocrx_word' id='word_1_780' title='bbox 1681 679 1796 706; x_wconf 82' lang='lat' dir='ltr'>feruidis</span> <span class='ocrx_word' id='word_1_781' title='bbox 1816 680 1867 706; x_wconf 87' lang='lat' dir='ltr'>late</span> <span class='ocrx_word' id='word_1_782' title='bbox 1881 679 1988 715; x_wconf 80' lang='lat' dir='ltr'>ignibus</span> <span class='ocrx_word' id='word_1_783' title='bbox 2024 680 2101 707; x_wconf 83' lang='lat' dir='ltr'>Caeli</span> <span class='ocrx_word' id='word_1_784' title='bbox 2116 680 2226 708; x_wconf 74' lang='lat' dir='ltr'>choreas</span> 
     </span>
     <span class='ocr_line' id='line_1_94' title="bbox 1165 712 2227 751; baseline 0.004 -11"><span class='ocrx_word' id='word_1_785' title='bbox 1165 713 1271 740; x_wconf 81' lang='lat' dir='ltr'>astricas</span> <span class='ocrx_word' id='word_1_786' title='bbox 1283 712 1431 739; x_wconf 81' lang='lat' dir='ltr'>ostenderet</span> <span class='ocrx_word' id='word_1_787' title='bbox 1452 714 1539 739; x_wconf 81' lang='lat' dir='ltr'>Varro</span> <span class='ocrx_word' id='word_1_788' title='bbox 1553 721 1594 748; x_wconf 84' lang='lat' dir='ltr'>ap.</span> <span class='ocrx_word' id='word_1_789' title='bbox 1609 713 1682 740; x_wconf 86' lang='lat' dir='ltr'>Non.</span> <span class='ocrx_word' id='word_1_790' title='bbox 1697 717 1722 745; x_wconf 89' lang='lat'>6,</span> <span class='ocrx_word' id='word_1_791' title='bbox 1737 717 1774 742; x_wconf 89' lang='grc'>16.</span> <span class='ocrx_word' id='word_1_792' title='bbox 1859 717 1941 743; x_wconf 83' lang='lat' dir='ltr'>Arma</span> <span class='ocrx_word' id='word_1_793' title='bbox 1969 717 2045 751; x_wconf 87' lang='lat' dir='ltr'>Virg.</span> <span class='ocrx_word' id='word_1_794' title='bbox 2060 717 2125 744; x_wconf 83' lang='lat' dir='ltr'>Aen.</span> <span class='ocrx_word' id='word_1_795' title='bbox 2142 722 2165 750; x_wconf 84' lang='lat'>8,</span> <span class='ocrx_word' id='word_1_796' title='bbox 2173 721 2227 749; x_wconf 78' lang='lat'>588.</span> 
     </span>
     <span class='ocr_line' id='line_1_95' title="bbox 1167 748 2227 786; baseline 0.004 -10"><span class='ocrx_word' id='word_1_797' title='bbox 1167 748 1257 776; x_wconf 86' lang='lat' dir='ltr'>Cauda</span> <span class='ocrx_word' id='word_1_798' title='bbox 1277 749 1347 775; x_wconf 79' lang='lat' dir='ltr'>Hor.</span> <span class='ocrx_word' id='word_1_799' title='bbox 1362 748 1446 774; x_wconf 86' lang='lat' dir='ltr'>Serm.</span> <span class='ocrx_word' id='word_1_800' title='bbox 1460 757 1485 780; x_wconf 87' lang='lat'>2,</span> <span class='ocrx_word' id='word_1_801' title='bbox 1500 757 1524 780; x_wconf 86' lang='lat'>2,</span> <span class='ocrx_word' id='word_1_802' title='bbox 1539 752 1581 776; x_wconf 80' lang='lat'>26.</span> <span class='ocrx_word' id='word_1_803' title='bbox 1602 749 1630 775; x_wconf 71' lang='lat' dir='ltr'>de</span> <span class='ocrx_word' id='word_1_804' title='bbox 1640 757 1747 784; x_wconf 76' lang='lat' dir='ltr'>pauent.</span> <span class='ocrx_word' id='word_1_805' title='bbox 1856 752 1953 779; x_wconf 85' lang='lat' dir='ltr'>Forma</span> <span class='ocrx_word' id='word_1_806' title='bbox 1967 752 2036 786; x_wconf 57' lang='lat' dir='ltr'>pib‘ta</span> <span class='ocrx_word' id='word_1_807' title='bbox 2049 753 2081 779; x_wconf 81' lang='lat' dir='ltr'>ad</span> <span class='ocrx_word' id='word_1_808' title='bbox 2096 753 2227 780; x_wconf 79' lang='lat' dir='ltr'>eximiam</span> 
     </span>
     <span class='ocr_line' id='line_1_96' title="bbox 1778 787 2225 824; baseline 0.009 -12"><span class='ocrx_word' id='word_1_809' title='bbox 1778 787 1895 813; x_wconf 86' lang='lat' dir='ltr'>Martial.</span> <span class='ocrx_word' id='word_1_810' title='bbox 1910 797 1928 820; x_wconf 85' lang='grc'>1,</span> <span class='ocrx_word' id='word_1_811' title='bbox 1938 790 1967 821; x_wconf 79' lang='lat'>56</span> <span class='ocrx_word' id='word_1_812' title='bbox 1989 789 2138 824; x_wconf 71' lang='lat' dir='ltr'>Quisquam</span> <span class='ocrx_word' id='word_1_813' title='bbox 2154 788 2225 824; x_wconf 68' lang='lat' dir='ltr'>pieta</span> 
     </span>
     <span class='ocr_line' id='line_1_97' title="bbox 1165 820 2226 857; baseline 0.004 -9"><span class='ocrx_word' id='word_1_814' title='bbox 1165 821 1232 848; x_wconf 84' lang='lat' dir='ltr'>colit</span> <span class='ocrx_word' id='word_1_815' title='bbox 1245 821 1366 856; x_wconf 83' lang='lat' dir='ltr'>Spartani</span> <span class='ocrx_word' id='word_1_816' title='bbox 1378 820 1482 853; x_wconf 79' lang='lat' dir='ltr'>frigora</span> <span class='ocrx_word' id='word_1_817' title='bbox 1497 821 1563 852; x_wconf 68' lang='lat' dir='ltr'>saxi,</span> <span class='ocrx_word' id='word_1_818' title='bbox 1584 828 1630 847; x_wconf 74' lang='lat' dir='ltr'>etc.</span> <span class='ocrx_word' id='word_1_819' title='bbox 1650 821 1675 847; x_wconf 86' lang='lat' dir='ltr'>h.</span> <span class='ocrx_word' id='word_1_820' title='bbox 1690 830 1710 847; x_wconf 89' lang='lat' dir='ltr'>e.</span> <span class='ocrx_word' id='word_1_821' title='bbox 1730 822 1811 848; x_wconf 70' lang='lat' dir='ltr'>Aedes</span> <span class='ocrx_word' id='word_1_822' title='bbox 1819 827 1989 857; x_wconf 73' lang='lat' dir='ltr'>potentiorum</span> <span class='ocrx_word' id='word_1_823' title='bbox 2002 833 2105 852; x_wconf 67' lang='lat' dir='ltr'>ornatas</span> <span class='ocrx_word' id='word_1_824' title='bbox 2120 835 2226 852; x_wconf 80' lang='lat' dir='ltr'>marmo-</span> 
     </span>
     <span class='ocr_line' id='line_1_98' title="bbox 1166 856 2226 892; baseline 0.005 -8"><span class='ocrx_word' id='word_1_825' title='bbox 1166 867 1193 885; x_wconf 86' lang='lat' dir='ltr'>re</span> <span class='ocrx_word' id='word_1_826' title='bbox 1207 859 1343 889; x_wconf 70' lang='lat' dir='ltr'>Laconico,</span> <span class='ocrx_word' id='word_1_827' title='bbox 1362 858 1427 892; x_wconf 74' lang='lat' dir='ltr'>quad</span> <span class='ocrx_word' id='word_1_828' title='bbox 1449 856 1492 890; x_wconf 70' lang='lat' dir='ltr'>este</span> <span class='ocrx_word' id='word_1_829' title='bbox 1505 856 1588 883; x_wconf 73' lang='lat' dir='ltr'>viride</span> <span class='ocrx_word' id='word_1_830' title='bbox 1601 857 1684 884; x_wconf 74' lang='lat' dir='ltr'>tradit</span> <span class='ocrx_word' id='word_1_831' title='bbox 1699 857 1765 884; x_wconf 91' lang='lat' dir='ltr'>Plin.</span> <span class='ocrx_word' id='word_1_832' title='bbox 1782 860 1820 890; x_wconf 80' lang='grc'>36,</span> <span class='ocrx_word' id='word_1_833' title='bbox 1835 867 1860 892; x_wconf 89' lang='lat'>7.</span> <span class='ocrx_word' id='word_1_834' title='bbox 1968 860 2080 892; x_wconf 85' lang='lat' dir='ltr'>Geloni,</span> <span class='ocrx_word' id='word_1_835' title='bbox 2100 862 2153 888; x_wconf 85' lang='lat' dir='ltr'>vid.</span> <span class='ocrx_word' id='word_1_836' title='bbox 2170 866 2226 888; x_wconf 85' lang='lat' dir='ltr'>GE-</span> 
     </span>
     <span class='ocr_line' id='line_1_99' title="bbox 1165 892 2073 930; baseline 0.003 -10"><span class='ocrx_word' id='word_1_837' title='bbox 1165 901 1256 921; x_wconf 66' lang='lat' dir='ltr'>LONI.</span> <span class='ocrx_word' id='word_1_838' title='bbox 1343 893 1448 919; x_wconf 85' lang='lat' dir='ltr'>Lacerti</span> <span class='ocrx_word' id='word_1_839' title='bbox 1464 892 1530 927; x_wconf 69' lang='lat' dir='ltr'>picti</span> <span class='ocrx_word' id='word_1_840' title='bbox 1545 899 1617 928; x_wconf 82' lang='lat' dir='ltr'>terga</span> <span class='ocrx_word' id='word_1_841' title='bbox 1634 893 1780 928; x_wconf 83' lang='lat' dir='ltr'>squalentia</span> <span class='ocrx_word' id='word_1_842' title='bbox 1798 894 1872 929; x_wconf 70' lang='lat' dir='ltr'>Vin-g.</span> <span class='ocrx_word' id='word_1_843' title='bbox 1886 895 1984 930; x_wconf 76' lang='lat' dir='ltr'>Georg.</span> <span class='ocrx_word' id='word_1_844' title='bbox 2000 905 2028 929; x_wconf 87' lang='lat'>4,</span> <span class='ocrx_word' id='word_1_845' title='bbox 2041 906 2073 929; x_wconf 83' lang='grc'>13,</span> 
     </span>
     <span class='ocr_line' id='line_1_100' title="bbox 1166 929 1553 961; baseline -0.003 -5"><span class='ocrx_word' id='word_1_846' title='bbox 1166 929 1258 956; x_wconf 83' lang='lat' dir='ltr'>thetae</span> <span class='ocrx_word' id='word_1_847' title='bbox 1277 929 1359 956; x_wconf 86' lang='lat' dir='ltr'>Ouid.</span> <span class='ocrx_word' id='word_1_848' title='bbox 1374 929 1440 955; x_wconf 82' lang='lat' dir='ltr'>Met.</span> <span class='ocrx_word' id='word_1_849' title='bbox 1456 938 1476 961; x_wconf 76' lang='lat'>3,</span> <span class='ocrx_word' id='word_1_850' title='bbox 1492 931 1553 961; x_wconf 87' lang='lat'>669.</span> 
     </span>
    </p>
   </div>
   <div class='ocr_carea' id='block_1_33' title="bbox 1662 898 2228 968">
    <p class='ocr_par' dir='ltr' id='par_1_38' title="bbox 1662 898 2228 968">
     <span class='ocr_line' id='line_1_101' title="bbox 1662 898 2228 968; baseline 0.009 -12"><span class='ocrx_word' id='word_1_851' title='bbox 1662 930 1718 956; x_wconf 88' lang='lat' dir='ltr'>Cic.</span> <span class='ocrx_word' id='word_1_852' title='bbox 1733 930 1765 956; x_wconf 83' lang='lat' dir='ltr'>de</span> <span class='ocrx_word' id='word_1_853' title='bbox 1779 930 1836 956; x_wconf 81' lang='lat' dir='ltr'>Fin.</span> <span class='ocrx_word' id='word_1_854' title='bbox 1851 939 1873 962; x_wconf 82' lang='lat'>5,</span> <span class='ocrx_word' id='word_1_855' title='bbox 1888 936 1919 960; x_wconf 84' lang='lat'>80</span> <span class='ocrx_word' id='word_1_856' title='bbox 1934 941 1954 956; x_wconf 89' lang='lat' dir='ltr'>c.</span> <span class='ocrx_word' id='word_1_857' title='bbox 1968 939 2002 965; x_wconf 82' lang='lat'>27</span> <span class='ocrx_word' id='word_1_858' title='bbox 2027 935 2104 967; x_wconf 62' lang='lat' dir='ltr'>(Qiae</span> <span class='ocrx_word' id='word_1_859' title='bbox 2117 898 2228 968; x_wconf 52' lang='lat' dir='ltr'>quildziii</span> 
     </span>
    </p>
   </div>
   <div class='ocr_carea' id='block_1_34' title="bbox 1118 964 2226 1001">
    <p class='ocr_par' dir='ltr' id='par_1_39' title="bbox 1118 964 2226 1001">
     <span class='ocr_line' id='line_1_102' title="bbox 1118 964 2226 1001; baseline 0.005 -9"><span class='ocrx_word' id='word_1_860' title='bbox 1118 983 1150 1001; x_wconf 75' lang='lat'>20</span> <span class='ocrx_word' id='word_1_861' title='bbox 1168 966 1276 998; x_wconf 86' lang='lat' dir='ltr'>dicunt,</span> <span class='ocrx_word' id='word_1_862' title='bbox 1293 965 1341 1000; x_wconf 88' lang='lat' dir='ltr'>qui</span> <span class='ocrx_word' id='word_1_863' title='bbox 1371 973 1510 999; x_wconf 74' lang='lat' dir='ltr'>nunquam</span> <span class='ocrx_word' id='word_1_864' title='bbox 1539 964 1748 1000; x_wconf 75' lang='lat' dir='ltr'>Philosophum,</span> <span class='ocrx_word' id='word_1_865' title='bbox 1769 972 1797 992; x_wconf 85' lang='lat' dir='ltr'>vt</span> <span class='ocrx_word' id='word_1_866' title='bbox 1828 966 1946 999; x_wconf 83' lang='lat' dir='ltr'>dicitur,</span> <span class='ocrx_word' id='word_1_867' title='bbox 1965 967 2067 1001; x_wconf 66' lang='lat' dir='ltr'>pictum</span> <span class='ocrx_word' id='word_1_868' title='bbox 2092 969 2226 997; x_wconf 82' lang='lat' dir='ltr'>viderunt.</span> 
     </span>
    </p>
   </div>
   <div class='ocr_carea' id='block_1_35' title="bbox 1168 1000 2229 1040">
    <p class='ocr_par' dir='ltr' id='par_1_40' title="bbox 1168 1000 2229 1040">
     <span class='ocr_line' id='line_1_103' title="bbox 1168 1000 2229 1040; baseline 0.005 -12"><span class='ocrx_word' id='word_1_869' title='bbox 1168 1001 1271 1028; x_wconf 75' lang='lat' dir='ltr'>Prae-lia</span> <span class='ocrx_word' id='word_1_870' title='bbox 1294 1000 1366 1037; x_wconf 70' lang='lat' dir='ltr'>pieta</span> <span class='ocrx_word' id='word_1_871' title='bbox 1389 1001 1498 1027; x_wconf 86' lang='lat' dir='ltr'>rubrica</span> <span class='ocrx_word' id='word_1_872' title='bbox 1531 1001 1599 1027; x_wconf 67' lang='lat' dir='ltr'>Hor.</span> <span class='ocrx_word' id='word_1_873' title='bbox 1611 1002 1693 1028; x_wconf 85' lang='lat' dir='ltr'>Serm.</span> <span class='ocrx_word' id='word_1_874' title='bbox 1707 1011 1731 1033; x_wconf 85' lang='lat'>2,</span> <span class='ocrx_word' id='word_1_875' title='bbox 1746 1010 1771 1036; x_wconf 88' lang='lat'>7,</span> <span class='ocrx_word' id='word_1_876' title='bbox 1786 1007 1825 1035; x_wconf 84' lang='lat'>98.</span> <span class='ocrx_word' id='word_1_877' title='bbox 1934 1004 2051 1037; x_wconf 84' lang='lat' dir='ltr'>Purpura</span> <span class='ocrx_word' id='word_1_878' title='bbox 2072 1005 2147 1040; x_wconf 84' lang='lat' dir='ltr'>Virg.</span> <span class='ocrx_word' id='word_1_879' title='bbox 2163 1007 2229 1032; x_wconf 89' lang='lat' dir='ltr'>Aen.</span> 
     </span>
    </p>
   </div>
   <div class='ocr_carea' id='block_1_36' title="bbox 1167 1037 2231 1183">
    <p class='ocr_par' dir='ltr' id='par_1_41' title="bbox 1167 1037 2231 1183">
     <span class='ocr_line' id='line_1_104' title="bbox 1167 1037 2228 1073; baseline 0.008 -12"><span class='ocrx_word' id='word_1_880' title='bbox 1167 1045 1193 1073; x_wconf 86' lang='lat'>7,</span> <span class='ocrx_word' id='word_1_881' title='bbox 1209 1046 1260 1066; x_wconf 73' lang='lat'>252.</span> <span class='ocrx_word' id='word_1_882' title='bbox 1377 1037 1528 1071; x_wconf 76' lang='lat' dir='ltr'>Stragnluni</span> <span class='ocrx_word' id='word_1_883' title='bbox 1543 1037 1634 1064; x_wconf 73' lang='lat' dir='ltr'>textile</span> <span class='ocrx_word' id='word_1_884' title='bbox 1646 1038 1794 1072; x_wconf 84' lang='lat' dir='ltr'>magnificis</span> <span class='ocrx_word' id='word_1_885' title='bbox 1807 1037 1934 1073; x_wconf 84' lang='lat' dir='ltr'>operibus</span> <span class='ocrx_word' id='word_1_886' title='bbox 1947 1040 2048 1073; x_wconf 71' lang='lat' dir='ltr'>pic&#39;lum</span> <span class='ocrx_word' id='word_1_887' title='bbox 2073 1042 2130 1068; x_wconf 87' lang='lat' dir='ltr'>Cic.</span> <span class='ocrx_word' id='word_1_888' title='bbox 2143 1042 2228 1069; x_wconf 82' lang='lat' dir='ltr'>Tusc.</span> 
     </span>
     <span class='ocr_line' id='line_1_105' title="bbox 1167 1072 2229 1110; baseline 0.004 -10"><span class='ocrx_word' id='word_1_889' title='bbox 1167 1081 1190 1107; x_wconf 88' lang='lat'>5,</span> <span class='ocrx_word' id='word_1_890' title='bbox 1212 1076 1250 1100; x_wconf 86' lang='lat'>61.</span> <span class='ocrx_word' id='word_1_891' title='bbox 1367 1072 1452 1099; x_wconf 84' lang='lat' dir='ltr'>Strata</span> <span class='ocrx_word' id='word_1_892' title='bbox 1470 1072 1553 1100; x_wconf 78' lang='lat' dir='ltr'>Ouid.</span> <span class='ocrx_word' id='word_1_893' title='bbox 1570 1073 1636 1100; x_wconf 89' lang='lat' dir='ltr'>Met.</span> <span class='ocrx_word' id='word_1_894' title='bbox 1650 1079 1674 1105; x_wconf 85' lang='lat'>8,</span> <span class='ocrx_word' id='word_1_895' title='bbox 1686 1083 1724 1106; x_wconf 87' lang='grc'>33.</span> <span class='ocrx_word' id='word_1_896' title='bbox 1842 1074 1975 1101; x_wconf 79' lang='lat' dir='ltr'>Tabellae</span> <span class='ocrx_word' id='word_1_897' title='bbox 1996 1077 2062 1103; x_wconf 85' lang='lat' dir='ltr'>Hor.</span> <span class='ocrx_word' id='word_1_898' title='bbox 2078 1077 2160 1105; x_wconf 84' lang='lat' dir='ltr'>Serm.</span> <span class='ocrx_word' id='word_1_899' title='bbox 2175 1087 2193 1110; x_wconf 90' lang='grc'>1,</span> <span class='ocrx_word' id='word_1_900' title='bbox 2210 1087 2229 1110; x_wconf 91' lang='grc'>1,</span> 
     </span>
     <span class='ocr_line' id='line_1_106' title="bbox 1167 1107 2230 1147; baseline 0.004 -11"><span class='ocrx_word' id='word_1_901' title='bbox 1167 1118 1211 1144; x_wconf 84' lang='lat'>72.</span> <span class='ocrx_word' id='word_1_902' title='bbox 1308 1107 1418 1143; x_wconf 76' lang='lat' dir='ltr'>Tapeta</span> <span class='ocrx_word' id='word_1_903' title='bbox 1437 1109 1512 1144; x_wconf 82' lang='lat' dir='ltr'>Virg.</span> <span class='ocrx_word' id='word_1_904' title='bbox 1528 1110 1595 1136; x_wconf 81' lang='lat' dir='ltr'>Aen.</span> <span class='ocrx_word' id='word_1_905' title='bbox 1608 1117 1636 1144; x_wconf 88' lang='lat'>7,</span> <span class='ocrx_word' id='word_1_906' title='bbox 1650 1117 1710 1144; x_wconf 83' lang='lat'>277.</span> <span class='ocrx_word' id='word_1_907' title='bbox 1819 1109 1928 1137; x_wconf 82' lang='lat' dir='ltr'>Florida</span> <span class='ocrx_word' id='word_1_908' title='bbox 1948 1112 2046 1138; x_wconf 77' lang='lat' dir='ltr'>Tellus</span> <span class='ocrx_word' id='word_1_909' title='bbox 2065 1121 2230 1147; x_wconf 81' lang='lat' dir='ltr'>gemmantes</span> 
     </span>
     <span class='ocr_line' id='line_1_107' title="bbox 1167 1144 2231 1183; baseline 0.006 -13"><span class='ocrx_word' id='word_1_910' title='bbox 1167 1145 1238 1179; x_wconf 69' lang='lat' dir='ltr'>pi&amp;a</span> <span class='ocrx_word' id='word_1_911' title='bbox 1251 1153 1300 1181; x_wconf 86' lang='lat' dir='ltr'>per</span> <span class='ocrx_word' id='word_1_912' title='bbox 1318 1144 1414 1171; x_wconf 87' lang='lat' dir='ltr'>herbas</span> <span class='ocrx_word' id='word_1_913' title='bbox 1435 1146 1510 1180; x_wconf 81' lang='lat' dir='ltr'>Virg.</span> <span class='ocrx_word' id='word_1_914' title='bbox 1526 1145 1615 1172; x_wconf 84' lang='lat' dir='ltr'>Culic.</span> <span class='ocrx_word' id='word_1_915' title='bbox 1628 1155 1654 1172; x_wconf 87' lang='lat' dir='ltr'>v.</span> <span class='ocrx_word' id='word_1_916' title='bbox 1668 1149 1713 1178; x_wconf 90' lang='lat'>69.</span> <span class='ocrx_word' id='word_1_917' title='bbox 1785 1145 1869 1180; x_wconf 81' lang='lat' dir='ltr'>Toga</span> <span class='ocrx_word' id='word_1_918' title='bbox 1889 1147 2008 1181; x_wconf 81' lang='lat' dir='ltr'>Propert.</span> <span class='ocrx_word' id='word_1_919' title='bbox 2021 1158 2049 1181; x_wconf 90' lang='lat'>4,</span> <span class='ocrx_word' id='word_1_920' title='bbox 2063 1158 2089 1181; x_wconf 80' lang='lat'>4,</span> <span class='ocrx_word' id='word_1_921' title='bbox 2105 1158 2140 1183; x_wconf 77' lang='lat'>53.</span> <span class='ocrx_word' id='word_1_922' title='bbox 2178 1151 2231 1176; x_wconf 87' lang='lat' dir='ltr'>Ve-</span> 
     </span>
    </p>
   </div>
   <div class='ocr_carea' id='block_1_37' title="bbox 1165 1181 2238 2544">
    <p class='ocr_par' dir='ltr' id='par_1_42' title="bbox 1165 1181 2230 1220">
     <span class='ocr_line' id='line_1_108' title="bbox 1165 1181 2230 1220; baseline 0.005 -13"><span class='ocrx_word' id='word_1_923' title='bbox 1165 1182 1253 1208; x_wconf 82' lang='lat' dir='ltr'>lamen</span> <span class='ocrx_word' id='word_1_924' title='bbox 1265 1189 1361 1207; x_wconf 82' lang='lat' dir='ltr'>croeeo</span> <span class='ocrx_word' id='word_1_925' title='bbox 1374 1181 1488 1208; x_wconf 81' lang='lat' dir='ltr'>acantho</span> <span class='ocrx_word' id='word_1_926' title='bbox 1514 1182 1592 1216; x_wconf 83' lang='lat' dir='ltr'>Virg.</span> <span class='ocrx_word' id='word_1_927' title='bbox 1605 1182 1671 1208; x_wconf 85' lang='lat' dir='ltr'>Aen.</span> <span class='ocrx_word' id='word_1_928' title='bbox 1686 1191 1706 1215; x_wconf 84' lang='lat'>1,</span> <span class='ocrx_word' id='word_1_929' title='bbox 1717 1190 1754 1214; x_wconf 86' lang='lat'>711</span> <span class='ocrx_word' id='word_1_930' title='bbox 1768 1185 1848 1216; x_wconf 70' lang='lat'>(715)</span> <span class='ocrx_word' id='word_1_931' title='bbox 1941 1183 2031 1211; x_wconf 84' lang='lat' dir='ltr'>Vestes</span> <span class='ocrx_word' id='word_1_932' title='bbox 2047 1185 2144 1220; x_wconf 65' lang='lat' dir='ltr'>plebe,</span> <span class='ocrx_word' id='word_1_933' title='bbox 2159 1186 2230 1213; x_wconf 89' lang='lat' dir='ltr'>vnde</span> 
     </span>
    </p>

    <p class='ocr_par' dir='ltr' id='par_1_43' title="bbox 1165 1216 2231 1255">
     <span class='ocr_line' id='line_1_109' title="bbox 1165 1216 2231 1255; baseline 0.003 -10"><span class='ocrx_word' id='word_1_934' title='bbox 1165 1216 1342 1252; x_wconf 79' lang='lat' dir='ltr'>triumphales</span> <span class='ocrx_word' id='word_1_935' title='bbox 1363 1224 1440 1244; x_wconf 83' lang='lat' dir='ltr'>natae</span> <span class='ocrx_word' id='word_1_936' title='bbox 1470 1217 1536 1244; x_wconf 69' lang='lat' dir='ltr'>Ptin.</span> <span class='ocrx_word' id='word_1_937' title='bbox 1563 1223 1586 1247; x_wconf 83' lang='lat'>8,</span> <span class='ocrx_word' id='word_1_938' title='bbox 1610 1223 1653 1251; x_wconf 88' lang='lat'>48.</span> <span class='ocrx_word' id='word_1_939' title='bbox 1762 1218 1892 1246; x_wconf 80' lang='lat' dir='ltr'>Volucres</span> <span class='ocrx_word' id='word_1_940' title='bbox 1920 1220 1996 1254; x_wconf 82' lang='lat' dir='ltr'>Virg.</span> <span class='ocrx_word' id='word_1_941' title='bbox 2010 1221 2106 1255; x_wconf 75' lang='lat' dir='ltr'>Georg.</span> <span class='ocrx_word' id='word_1_942' title='bbox 2123 1230 2152 1254; x_wconf 83' lang='grc'>3,</span> <span class='ocrx_word' id='word_1_943' title='bbox 2173 1231 2231 1255; x_wconf 80' lang='lat'>243.</span> 
     </span>
    </p>

    <p class='ocr_par' dir='ltr' id='par_1_44' title="bbox 1166 1253 2233 1317">
     <span class='ocr_line' id='line_1_110' title="bbox 1166 1253 2233 1317; baseline 0.005 -37"><span class='ocrx_word' id='word_1_944' title='bbox 1166 1255 1282 1317; x_wconf 56' lang='lat' dir='ltr'>Cogpar.</span> <span class='ocrx_word' id='word_1_945' title='bbox 1319 1253 1378 1280; x_wconf 87' lang='lat' dir='ltr'>Cic.</span> <span class='ocrx_word' id='word_1_946' title='bbox 1408 1254 1442 1280; x_wconf 88' lang='lat' dir='ltr'>de</span> <span class='ocrx_word' id='word_1_947' title='bbox 1474 1253 1547 1281; x_wconf 86' lang='lat' dir='ltr'>Clar.</span> <span class='ocrx_word' id='word_1_948' title='bbox 1582 1253 1657 1282; x_wconf 82' lang='lat' dir='ltr'>Orat.</span> <span class='ocrx_word' id='word_1_949' title='bbox 1687 1262 1740 1287; x_wconf 83' lang='lat'>292</span> <span class='ocrx_word' id='word_1_950' title='bbox 1773 1262 1796 1280; x_wconf 86' lang='lat' dir='ltr'>c.</span> <span class='ocrx_word' id='word_1_951' title='bbox 1831 1260 1860 1288; x_wconf 76' lang='lat'>85</span> <span class='ocrx_word' id='word_1_952' title='bbox 1897 1256 1961 1289; x_wconf 74' lang='lat' dir='ltr'>Qio</span> <span class='ocrx_word' id='word_1_953' title='bbox 1984 1257 2052 1283; x_wconf 83' lang='lat' dir='ltr'>nihil</span> <span class='ocrx_word' id='word_1_954' title='bbox 2076 1257 2161 1292; x_wconf 85' lang='lat' dir='ltr'>potest</span> <span class='ocrx_word' id='word_1_955' title='bbox 2182 1258 2233 1285; x_wconf 76' lang='lat' dir='ltr'>else</span> 
     </span>
     <span class='ocr_line' id='line_1_111' title="bbox 1185 1299 1274 1317; baseline -0.022 0"><span class='ocrx_word' id='word_1_956' title='bbox 1185 1300 1193 1317; x_wconf 90' lang='lat'>1</span> <span class='ocrx_word' id='word_1_957' title='bbox 1225 1299 1274 1316; x_wconf 86' lang='lat' dir='ltr'>ms.</span> 
     </span>
    </p>

    <p class='ocr_par' dir='ltr' id='par_1_45' title="bbox 1165 1300 2232 1364">
     <span class='ocr_line' id='line_1_112' title="bbox 1165 1300 2232 1364; baseline 0.001 -10"><span class='ocrx_word' id='word_1_958' title='bbox 1165 1300 1182 1326; x_wconf 67' lang='lat' dir='ltr'>p</span> <span class='ocrx_word' id='word_1_959' title='bbox 1201 1334 1216 1354; x_wconf 76' lang='lat' dir='ltr'>r</span> <span class='ocrx_word' id='word_1_960' title='bbox 1227 1334 1236 1353; x_wconf 91' lang='lat'>1</span> <span class='ocrx_word' id='word_1_961' title='bbox 1247 1332 1264 1352; x_wconf 84' lang='lat' dir='ltr'>c</span> <span class='ocrx_word' id='word_1_962' title='bbox 1276 1332 1297 1352; x_wconf 85' lang='lat' dir='ltr'>T</span> <span class='ocrx_word' id='word_1_963' title='bbox 1307 1332 1324 1351; x_wconf 72' lang='lat' dir='ltr'>r.</span> <span class='ocrx_word' id='word_1_964' title='bbox 1333 1346 1342 1358; x_wconf 89' lang='lat'>‚</span> <span class='ocrx_word' id='word_1_965' title='bbox 1362 1332 1402 1361; x_wconf 81' lang='lat' dir='ltr'>ap.</span> <span class='ocrx_word' id='word_1_966' title='bbox 1419 1325 1528 1352; x_wconf 83' lang='lat' dir='ltr'>Phaedr.</span> <span class='ocrx_word' id='word_1_967' title='bbox 1543 1334 1572 1359; x_wconf 88' lang='lat'>4,</span> <span class='ocrx_word' id='word_1_968' title='bbox 1586 1334 1629 1359; x_wconf 75' lang='lat'>24,</span> <span class='ocrx_word' id='word_1_969' title='bbox 1642 1332 1656 1359; x_wconf 87' lang='lat'>5</span> <span class='ocrx_word' id='word_1_970' title='bbox 1676 1325 1739 1362; x_wconf 79' lang='lat' dir='ltr'>legit</span> <span class='ocrx_word' id='word_1_971' title='bbox 1753 1326 1880 1353; x_wconf 84' lang='lat' dir='ltr'>Rittersh.</span> <span class='ocrx_word' id='word_1_972' title='bbox 1909 1326 1959 1363; x_wconf 74' lang='lat' dir='ltr'>sed</span> <span class='ocrx_word' id='word_1_973' title='bbox 1970 1337 2035 1354; x_wconf 81' lang='lat' dir='ltr'>nunc</span> <span class='ocrx_word' id='word_1_974' title='bbox 2048 1336 2131 1353; x_wconf 79' lang='lat' dir='ltr'>omnes</span> <span class='ocrx_word' id='word_1_975' title='bbox 2143 1335 2232 1364; x_wconf 76' lang='lat' dir='ltr'>appro-</span> 
     </span>
    </p>

    <p class='ocr_par' dir='ltr' id='par_1_46' title="bbox 1165 1361 1596 1398">
     <span class='ocr_line' id='line_1_113' title="bbox 1165 1361 1596 1398; baseline -0.005 -9"><span class='ocrx_word' id='word_1_976' title='bbox 1165 1362 1227 1390; x_wconf 79' lang='lat' dir='ltr'>bam</span> <span class='ocrx_word' id='word_1_977' title='bbox 1240 1361 1368 1389; x_wconf 68' lang='lat' dir='ltr'>leHiorzem</span> <span class='ocrx_word' id='word_1_978' title='bbox 1382 1363 1479 1398; x_wconf 75' lang='lat' dir='ltr'>Rigalt.</span> <span class='ocrx_word' id='word_1_979' title='bbox 1495 1364 1596 1396; x_wconf 62' lang='lat' dir='ltr'>pyetae.</span> 
     </span>
    </p>

    <p class='ocr_par' dir='ltr' id='par_1_47' title="bbox 1206 1397 2120 1433">
     <span class='ocr_line' id='line_1_114' title="bbox 1206 1397 2120 1433; baseline 0.001 -8"><span class='ocrx_word' id='word_1_980' title='bbox 1206 1406 1240 1425; x_wconf 79' lang='lat'>1’1</span> <span class='ocrx_word' id='word_1_981' title='bbox 1253 1404 1302 1425; x_wconf 82' lang='lat' dir='ltr'>CT</span> <span class='ocrx_word' id='word_1_982' title='bbox 1313 1397 1326 1424; x_wconf 75' lang='lat' dir='ltr'>i</span> <span class='ocrx_word' id='word_1_983' title='bbox 1337 1404 1410 1429; x_wconf 75' lang='lat' dir='ltr'>t1s,</span> <span class='ocrx_word' id='word_1_984' title='bbox 1432 1407 1454 1424; x_wconf 81' lang='lat' dir='ltr'>c.</span> <span class='ocrx_word' id='word_1_985' title='bbox 1474 1398 1536 1425; x_wconf 83' lang='lat' dir='ltr'>Adi.</span> <span class='ocrx_word' id='word_1_986' title='bbox 1574 1397 1652 1432; x_wconf 85' lang='lat' dir='ltr'>Apul.</span> <span class='ocrx_word' id='word_1_987' title='bbox 1668 1398 1734 1424; x_wconf 88' lang='lat' dir='ltr'>Met.</span> <span class='ocrx_word' id='word_1_988' title='bbox 1749 1407 1777 1424; x_wconf 85' lang='lat'>10</span> <span class='ocrx_word' id='word_1_989' title='bbox 1793 1408 1817 1433; x_wconf 78' lang='lat' dir='ltr'>p,</span> <span class='ocrx_word' id='word_1_990' title='bbox 1833 1405 1888 1433; x_wconf 82' lang='lat'>247</span> <span class='ocrx_word' id='word_1_991' title='bbox 1905 1397 1990 1426; x_wconf 86' lang='lat' dir='ltr'>Baltei</span> <span class='ocrx_word' id='word_1_992' title='bbox 2004 1399 2120 1432; x_wconf 73' lang='lat' dir='ltr'>piffiles.</span> 
     </span>
    </p>

    <p class='ocr_par' dir='ltr' id='par_1_48' title="bbox 1166 1433 2238 2041">
     <span class='ocr_line' id='line_1_115' title="bbox 1204 1433 2235 1471; baseline 0 -10"><span class='ocrx_word' id='word_1_993' title='bbox 1204 1442 1237 1461; x_wconf 77' lang='grc' dir='ltr'>Ρ]</span> <span class='ocrx_word' id='word_1_994' title='bbox 1252 1440 1269 1461; x_wconf 92' lang='lat' dir='ltr'>C</span> <span class='ocrx_word' id='word_1_995' title='bbox 1280 1441 1302 1461; x_wconf 88' lang='lat' dir='ltr'>T</span> <span class='ocrx_word' id='word_1_996' title='bbox 1311 1436 1358 1460; x_wconf 63' lang='lat' dir='ltr'>VR</span> <span class='ocrx_word' id='word_1_997' title='bbox 1368 1441 1407 1466; x_wconf 83' lang='lat' dir='ltr'>A,</span> <span class='ocrx_word' id='word_1_998' title='bbox 1428 1443 1469 1461; x_wconf 87' lang='lat' dir='ltr'>ae.</span> <span class='ocrx_word' id='word_1_999' title='bbox 1508 1434 1528 1460; x_wconf 87' lang='lat' dir='ltr'>f.</span> <span class='ocrx_word' id='word_1_1000' title='bbox 1566 1434 1729 1470; x_wconf 47' lang='lat' dir='ltr'>[gfwypoctvlm</span> <span class='ocrx_word' id='word_1_1001' title='bbox 1740 1433 1924 1471; x_wconf 69' lang='grc' dir='ltr'>ὖπόγροιμμος]</span> <span class='ocrx_word' id='word_1_1002' title='bbox 1962 1433 2046 1462; x_wconf 69' lang='lat' dir='ltr'>AHus</span> <span class='ocrx_word' id='word_1_1003' title='bbox 2059 1438 2099 1462; x_wconf 78' lang='lat' dir='ltr'>uel</span> <span class='ocrx_word' id='word_1_1004' title='bbox 2111 1437 2167 1463; x_wconf 64' lang='lat' dir='ltr'>Ars</span> <span class='ocrx_word' id='word_1_1005' title='bbox 2175 1438 2235 1471; x_wconf 76' lang='lat' dir='ltr'>pin-</span> 
     </span>
     <span class='ocr_line' id='line_1_116' title="bbox 1170 1469 2234 1508; baseline 0.001 -11"><span class='ocrx_word' id='word_1_1006' title='bbox 1170 1471 1256 1508; x_wconf 82' lang='lat' dir='ltr'>gendi.</span> <span class='ocrx_word' id='word_1_1007' title='bbox 1328 1470 1397 1497; x_wconf 87' lang='lat' dir='ltr'>Plin.</span> <span class='ocrx_word' id='word_1_1008' title='bbox 1413 1478 1449 1503; x_wconf 77' lang='lat'>35,</span> <span class='ocrx_word' id='word_1_1009' title='bbox 1463 1478 1479 1503; x_wconf 78' lang='lat'>9</span> <span class='ocrx_word' id='word_1_1010' title='bbox 1508 1471 1583 1504; x_wconf 65' lang='lat' dir='ltr'>an</span> <span class='ocrx_word' id='word_1_1011' title='bbox 1596 1471 1683 1497; x_wconf 83' lang='lat' dir='ltr'>immo</span> <span class='ocrx_word' id='word_1_1012' title='bbox 1696 1477 1830 1497; x_wconf 85' lang='lat' dir='ltr'>certamen</span> <span class='ocrx_word' id='word_1_1013' title='bbox 1844 1469 1963 1505; x_wconf 68' lang='lat' dir='ltr'>picturae</span> <span class='ocrx_word' id='word_1_1014' title='bbox 1977 1472 2059 1498; x_wconf 79' lang='lat' dir='ltr'>etiam</span> <span class='ocrx_word' id='word_1_1015' title='bbox 2072 1473 2185 1499; x_wconf 80' lang='lat' dir='ltr'>florente</span> <span class='ocrx_word' id='word_1_1016' title='bbox 2200 1480 2234 1498; x_wconf 87' lang='lat' dir='ltr'>eo</span> 
     </span>
     <span class='ocr_line' id='line_1_117' title="bbox 1638 1506 2235 1543; baseline 0.003 -11"><span class='ocrx_word' id='word_1_1017' title='bbox 1638 1507 1740 1533; x_wconf 83' lang='lat' dir='ltr'>Similis</span> <span class='ocrx_word' id='word_1_1018' title='bbox 1759 1507 1788 1533; x_wconf 89' lang='lat' dir='ltr'>in</span> <span class='ocrx_word' id='word_1_1019' title='bbox 1809 1506 1913 1541; x_wconf 57' lang='lat' dir='ltr'>pictura</span> <span class='ocrx_word' id='word_1_1020' title='bbox 1927 1507 2015 1540; x_wconf 77' lang='lat' dir='ltr'>ratio,</span> <span class='ocrx_word' id='word_1_1021' title='bbox 2036 1509 2064 1535; x_wconf 90' lang='lat' dir='ltr'>in</span> <span class='ocrx_word' id='word_1_1022' title='bbox 2079 1517 2130 1543; x_wconf 89' lang='lat' dir='ltr'>qua</span> <span class='ocrx_word' id='word_1_1023' title='bbox 2145 1507 2235 1535; x_wconf 81' lang='lat' dir='ltr'>lauda-</span> 
     </span>
     <span class='ocr_line' id='line_1_118' title="bbox 1171 1538 2236 1579; baseline 0.001 -9"><span class='ocrx_word' id='word_1_1024' title='bbox 1171 1553 1229 1570; x_wconf 84' lang='lat' dir='ltr'>mus</span> <span class='ocrx_word' id='word_1_1025' title='bbox 1243 1548 1269 1569; x_wconf 88' lang='lat' dir='ltr'>et</span> <span class='ocrx_word' id='word_1_1026' title='bbox 1281 1543 1422 1569; x_wconf 81' lang='lat' dir='ltr'>inuentum</span> <span class='ocrx_word' id='word_1_1027' title='bbox 1436 1549 1462 1568; x_wconf 86' lang='lat' dir='ltr'>et</span> <span class='ocrx_word' id='word_1_1028' title='bbox 1475 1541 1624 1577; x_wconf 67' lang='lat' dir='ltr'>pcrfcc‘lum</span> <span class='ocrx_word' id='word_1_1029' title='bbox 1638 1549 1685 1569; x_wconf 84' lang='lat' dir='ltr'>etc.</span> <span class='ocrx_word' id='word_1_1030' title='bbox 1706 1543 1763 1569; x_wconf 82' lang='lat' dir='ltr'>Cic.</span> <span class='ocrx_word' id='word_1_1031' title='bbox 1779 1543 1807 1568; x_wconf 91' lang='lat' dir='ltr'>in</span> <span class='ocrx_word' id='word_1_1032' title='bbox 1825 1543 1908 1570; x_wconf 73' lang='lat' dir='ltr'>Bruto</span> <span class='ocrx_word' id='word_1_1033' title='bbox 1920 1552 1942 1568; x_wconf 84' lang='lat' dir='ltr'>c.</span> <span class='ocrx_word' id='word_1_1034' title='bbox 1958 1548 1993 1573; x_wconf 87' lang='lat'>18.</span> <span class='ocrx_word' id='word_1_1035' title='bbox 2032 1538 2047 1552; x_wconf 69' lang='lat'><em>⁶</em></span> <span class='ocrx_word' id='word_1_1036' title='bbox 2078 1545 2109 1571; x_wconf 90' lang='lat' dir='ltr'>In</span> <span class='ocrx_word' id='word_1_1037' title='bbox 2124 1543 2236 1579; x_wconf 62' lang='lat' dir='ltr'>pieluris</span> 
     </span>
     <span class='ocr_line' id='line_1_119' title="bbox 1169 1579 2236 1613; baseline 0 -7"><span class='ocrx_word' id='word_1_1038' title='bbox 1169 1580 1238 1607; x_wconf 81' lang='lat' dir='ltr'>alios</span> <span class='ocrx_word' id='word_1_1039' title='bbox 1252 1579 1380 1611; x_wconf 85' lang='lat' dir='ltr'>horrida,</span> <span class='ocrx_word' id='word_1_1040' title='bbox 1399 1579 1516 1610; x_wconf 83' lang='lat' dir='ltr'>inculta,</span> <span class='ocrx_word' id='word_1_1041' title='bbox 1536 1579 1628 1605; x_wconf 87' lang='lat' dir='ltr'>abdita</span> <span class='ocrx_word' id='word_1_1042' title='bbox 1641 1584 1668 1605; x_wconf 82' lang='lat' dir='ltr'>et</span> <span class='ocrx_word' id='word_1_1043' title='bbox 1680 1587 1762 1613; x_wconf 83' lang='lat' dir='ltr'>opaca</span> <span class='ocrx_word' id='word_1_1044' title='bbox 1778 1590 1783 1605; x_wconf 76' lang='lat' dir='ltr'><strong><em>z</em></strong></span> <span class='ocrx_word' id='word_1_1045' title='bbox 1819 1588 1928 1611; x_wconf 85' lang='lat' dir='ltr'>contra,</span> <span class='ocrx_word' id='word_1_1046' title='bbox 1944 1580 2135 1612; x_wconf 59' lang='lat' dir='ltr'>alios-nitida,</span> <span class='ocrx_word' id='word_1_1047' title='bbox 2156 1581 2236 1613; x_wconf 91' lang='lat' dir='ltr'>laeta,</span> 
     </span>
     <span class='ocr_line' id='line_1_120' title="bbox 1172 1614 2237 1646; baseline 0.001 -4"><span class='ocrx_word' id='word_1_1048' title='bbox 1172 1616 1325 1643; x_wconf 80' lang='lat' dir='ltr'>collustrata</span> <span class='ocrx_word' id='word_1_1049' title='bbox 1337 1614 1469 1641; x_wconf 59' lang='lat' dir='ltr'>delectant</span> <span class='ocrx_word' id='word_1_1050' title='bbox 1490 1616 1547 1642; x_wconf 87' lang='lat' dir='ltr'>Cic.</span> <span class='ocrx_word' id='word_1_1051' title='bbox 1561 1615 1589 1640; x_wconf 84' lang='lat' dir='ltr'>in</span> <span class='ocrx_word' id='word_1_1052' title='bbox 1602 1616 1678 1641; x_wconf 84' lang='lat' dir='ltr'>Orat.</span> <span class='ocrx_word' id='word_1_1053' title='bbox 1692 1617 1724 1646; x_wconf 80' lang='grc'>36</span> <span class='ocrx_word' id='word_1_1054' title='bbox 1737 1625 1758 1640; x_wconf 83' lang='lat' dir='ltr'>c.</span> <span class='ocrx_word' id='word_1_1055' title='bbox 1775 1623 1806 1641; x_wconf 85' lang='grc'>11.</span> <span class='ocrx_word' id='word_1_1056' title='bbox 1899 1615 2006 1642; x_wconf 55' lang='lat' dir='ltr'>Pictura</span> <span class='ocrx_word' id='word_1_1057' title='bbox 2019 1625 2052 1642; x_wconf 84' lang='lat' dir='ltr'>ex</span> <span class='ocrx_word' id='word_1_1058' title='bbox 2066 1616 2237 1643; x_wconf 75' lang='lat' dir='ltr'>discordibus</span> 
     </span>
     <span class='ocr_line' id='line_1_121' title="bbox 1171 1650 2237 1687; baseline 0 -9"><span class='ocrx_word' id='word_1_1059' title='bbox 1171 1653 1371 1687; x_wconf 85' lang='lat' dir='ltr'>pigmentorum</span> <span class='ocrx_word' id='word_1_1060' title='bbox 1385 1651 1542 1683; x_wconf 82' lang='lat' dir='ltr'>coloribus,</span> <span class='ocrx_word' id='word_1_1061' title='bbox 1561 1651 1642 1682; x_wconf 83' lang='lat' dir='ltr'>atris,</span> <span class='ocrx_word' id='word_1_1062' title='bbox 1661 1650 1739 1681; x_wconf 83' lang='lat' dir='ltr'>albis,</span> <span class='ocrx_word' id='word_1_1063' title='bbox 1758 1650 1847 1681; x_wconf 82' lang='lat' dir='ltr'>luteis,</span> <span class='ocrx_word' id='word_1_1064' title='bbox 1866 1657 1893 1677; x_wconf 88' lang='lat' dir='ltr'>et</span> <span class='ocrx_word' id='word_1_1065' title='bbox 1906 1652 2025 1686; x_wconf 86' lang='lat' dir='ltr'>puniceis</span> <span class='ocrx_word' id='word_1_1066' title='bbox 2040 1660 2087 1679; x_wconf 84' lang='lat' dir='ltr'>etc.</span> <span class='ocrx_word' id='word_1_1067' title='bbox 2104 1653 2237 1686; x_wconf 73' lang='lat' dir='ltr'>imagines</span> 
     </span>
     <span class='ocr_line' id='line_1_122' title="bbox 1716 1686 2236 1721; baseline 0 -8"><span class='ocrx_word' id='word_1_1068' title='bbox 1716 1686 1876 1713; x_wconf 84' lang='lat' dir='ltr'>Collusttata</span> <span class='ocrx_word' id='word_1_1069' title='bbox 1896 1687 2017 1721; x_wconf 60' lang='lat' dir='ltr'>pie‘tura,</span> <span class='ocrx_word' id='word_1_1070' title='bbox 2037 1688 2091 1714; x_wconf 73' lang='lat' dir='ltr'>md.</span> <span class='ocrx_word' id='word_1_1071' title='bbox 2116 1694 2236 1714; x_wconf 61' lang='lat' dir='ltr'>couv-</span> 
     </span>
     <span class='ocr_line' id='line_1_123' title="bbox 1170 1721 2238 1755; baseline -0.001 -6"><span class='ocrx_word' id='word_1_1072' title='bbox 1170 1729 1268 1754; x_wconf 65' lang='lat' dir='ltr'>sTsso.</span> <span class='ocrx_word' id='word_1_1073' title='bbox 1342 1723 1451 1754; x_wconf 81' lang='lat' dir='ltr'>Inanis‚</span> <span class='ocrx_word' id='word_1_1074' title='bbox 1474 1721 1528 1747; x_wconf 85' lang='lat' dir='ltr'>vid.</span> <span class='ocrx_word' id='word_1_1075' title='bbox 1548 1728 1678 1748; x_wconf 79' lang='lat' dir='ltr'>INANIS.</span> <span class='ocrx_word' id='word_1_1076' title='bbox 1797 1722 1925 1748; x_wconf 74' lang='lat' dir='ltr'>&#39;sextiles</span> <span class='ocrx_word' id='word_1_1077' title='bbox 1950 1724 2056 1749; x_wconf 89' lang='lat' dir='ltr'>Lucret.</span> <span class='ocrx_word' id='word_1_1078' title='bbox 2070 1732 2095 1755; x_wconf 88' lang='lat'>2,</span> <span class='ocrx_word' id='word_1_1079' title='bbox 2109 1731 2146 1755; x_wconf 81' lang='lat'>35.</span> <span class='ocrx_word' id='word_1_1080' title='bbox 2165 1729 2194 1749; x_wconf 79' lang='lat' dir='ltr'>vt</span> <span class='ocrx_word' id='word_1_1081' title='bbox 2208 1725 2238 1749; x_wconf 81' lang='lat' dir='ltr'>in</span> 
     </span>
     <span class='ocr_line' id='line_1_124' title="bbox 1168 1756 2238 1793; baseline 0.001 -9"><span class='ocrx_word' id='word_1_1082' title='bbox 1168 1758 1303 1793; x_wconf 74' lang='lat' dir='ltr'>tapetibus.</span> <span class='ocrx_word' id='word_1_1083' title='bbox 1413 1757 1471 1783; x_wconf 86' lang='lat' dir='ltr'>Cic.</span> <span class='ocrx_word' id='word_1_1084' title='bbox 1484 1758 1562 1783; x_wconf 88' lang='lat' dir='ltr'>Verr.</span> <span class='ocrx_word' id='word_1_1085' title='bbox 1577 1766 1606 1789; x_wconf 88' lang='lat'>4,</span> <span class='ocrx_word' id='word_1_1086' title='bbox 1621 1764 1631 1781; x_wconf 91' lang='lat'>1</span> <span class='ocrx_word' id='word_1_1087' title='bbox 1657 1757 1736 1789; x_wconf 84' lang='lat' dir='ltr'>Nego</span> <span class='ocrx_word' id='word_1_1088' title='bbox 1750 1756 1832 1782; x_wconf 79' lang='lat' dir='ltr'>vllam</span> <span class='ocrx_word' id='word_1_1089' title='bbox 1848 1758 1980 1791; x_wconf 61' lang='lat' dir='ltr'>pieluram</span> <span class='ocrx_word' id='word_1_1090' title='bbox 1990 1777 1999 1791; x_wconf 95' lang='lat'>,</span> <span class='ocrx_word' id='word_1_1091' title='bbox 2019 1767 2106 1793; x_wconf 86' lang='lat' dir='ltr'>neque</span> <span class='ocrx_word' id='word_1_1092' title='bbox 2121 1760 2149 1785; x_wconf 93' lang='lat' dir='ltr'>in</span> <span class='ocrx_word' id='word_1_1093' title='bbox 2161 1758 2238 1785; x_wconf 85' lang='lat' dir='ltr'>tabu-</span> 
     </span>
     <span class='ocr_line' id='line_1_125' title="bbox 1166 1791 2238 1829; baseline 0.002 -10"><span class='ocrx_word' id='word_1_1094' title='bbox 1166 1794 1216 1825; x_wconf 82' lang='lat' dir='ltr'>lis,</span> <span class='ocrx_word' id='word_1_1095' title='bbox 1237 1802 1325 1826; x_wconf 82' lang='lat' dir='ltr'>neque</span> <span class='ocrx_word' id='word_1_1096' title='bbox 1340 1792 1460 1819; x_wconf 83' lang='lat' dir='ltr'>textilem</span> <span class='ocrx_word' id='word_1_1097' title='bbox 1475 1792 1569 1824; x_wconf 68' lang='lat' dir='ltr'>fuisse,</span> <span class='ocrx_word' id='word_1_1098' title='bbox 1589 1792 1656 1826; x_wconf 88' lang='lat' dir='ltr'>quin</span> <span class='ocrx_word' id='word_1_1099' title='bbox 1664 1791 1828 1827; x_wconf 54' lang='lat' dir='ltr'>gemmetic,</span> <span class='ocrx_word' id='word_1_1100' title='bbox 1848 1794 2003 1825; x_wconf 81' lang='lat' dir='ltr'>inspexerit,</span> <span class='ocrx_word' id='word_1_1101' title='bbox 2022 1795 2094 1829; x_wconf 87' lang='lat' dir='ltr'>quod</span> <span class='ocrx_word' id='word_1_1102' title='bbox 2109 1795 2238 1829; x_wconf 85' lang='lat' dir='ltr'>placitum</span> 
     </span>
     <span class='ocr_line' id='line_1_126' title="bbox 1169 1828 2237 1865; baseline 0.002 -10"><span class='ocrx_word' id='word_1_1103' title='bbox 1169 1829 1199 1856; x_wconf 85' lang='lat' dir='ltr'>fit</span> <span class='ocrx_word' id='word_1_1104' title='bbox 1211 1828 1360 1855; x_wconf 83' lang='lat' dir='ltr'>abstulerit.</span> <span class='ocrx_word' id='word_1_1105' title='bbox 1397 1829 1431 1854; x_wconf 82' lang='lat' dir='ltr'>al.</span> <span class='ocrx_word' id='word_1_1106' title='bbox 1447 1828 1595 1860; x_wconf 67' lang='lat' dir='ltr'>emendant,</span> <span class='ocrx_word' id='word_1_1107' title='bbox 1619 1837 1706 1863; x_wconf 84' lang='lat' dir='ltr'>neque</span> <span class='ocrx_word' id='word_1_1108' title='bbox 1719 1828 1818 1855; x_wconf 84' lang='lat' dir='ltr'>textili.</span> <span class='ocrx_word' id='word_1_1109' title='bbox 1889 1829 1959 1856; x_wconf 74' lang='lat' dir='ltr'>inest</span> <span class='ocrx_word' id='word_1_1110' title='bbox 1975 1830 2080 1865; x_wconf 55' lang='lat' dir='ltr'>pictura</span> <span class='ocrx_word' id='word_1_1111' title='bbox 2096 1832 2123 1857; x_wconf 86' lang='lat' dir='ltr'>in</span> <span class='ocrx_word' id='word_1_1112' title='bbox 2139 1831 2186 1857; x_wconf 88' lang='lat' dir='ltr'>hac</span> <span class='ocrx_word' id='word_1_1113' title='bbox 2199 1837 2237 1857; x_wconf 87' lang='lat' dir='ltr'>ta-</span> 
     </span>
     <span class='ocr_line' id='line_1_127' title="bbox 1552 1863 2236 1901; baseline 0.007 -12"><span class='ocrx_word' id='word_1_1114' title='bbox 1552 1864 1634 1890; x_wconf 89' lang='lat' dir='ltr'>Noua</span> <span class='ocrx_word' id='word_1_1115' title='bbox 1648 1863 1753 1899; x_wconf 71' lang='lat' dir='ltr'>pi&amp;ura</span> <span class='ocrx_word' id='word_1_1116' title='bbox 1768 1864 1934 1898; x_wconf 76' lang='lat' dir='ltr'>interpolare</span> <span class='ocrx_word' id='word_1_1117' title='bbox 1954 1873 2021 1901; x_wconf 81' lang='lat' dir='ltr'>opus</span> <span class='ocrx_word' id='word_1_1118' title='bbox 2057 1868 2140 1893; x_wconf 79' lang='lat' dir='ltr'>Plaut.</span> <span class='ocrx_word' id='word_1_1119' title='bbox 2156 1867 2236 1894; x_wconf 90' lang='lat' dir='ltr'>Most.</span> 
     </span>
     <span class='ocr_line' id='line_1_128' title="bbox 1168 1899 2237 1936; baseline 0.003 -9"><span class='ocrx_word' id='word_1_1120' title='bbox 1168 1911 1188 1933; x_wconf 90' lang='lat'>1,</span> <span class='ocrx_word' id='word_1_1121' title='bbox 1204 1910 1226 1935; x_wconf 76' lang='lat'>3,</span> <span class='ocrx_word' id='word_1_1122' title='bbox 1241 1908 1294 1934; x_wconf 84' lang='lat'>105.</span> <span class='ocrx_word' id='word_1_1123' title='bbox 1367 1901 1451 1927; x_wconf 87' lang='lat' dir='ltr'>Pascit</span> <span class='ocrx_word' id='word_1_1124' title='bbox 1466 1899 1540 1926; x_wconf 80' lang='lat' dir='ltr'>inani</span> <span class='ocrx_word' id='word_1_1125' title='bbox 1555 1899 1660 1935; x_wconf 70' lang='lat' dir='ltr'>piciura</span> <span class='ocrx_word' id='word_1_1126' title='bbox 1676 1900 1798 1927; x_wconf 87' lang='lat' dir='ltr'>animum</span> <span class='ocrx_word' id='word_1_1127' title='bbox 1819 1902 1894 1934; x_wconf 78' lang='lat' dir='ltr'>Virg.</span> <span class='ocrx_word' id='word_1_1128' title='bbox 1910 1903 1975 1928; x_wconf 83' lang='lat' dir='ltr'>Aen.</span> <span class='ocrx_word' id='word_1_1129' title='bbox 1991 1911 2011 1935; x_wconf 91' lang='grc'>1,</span> <span class='ocrx_word' id='word_1_1130' title='bbox 2023 1905 2086 1936; x_wconf 71' lang='lat'>468.</span> <span class='ocrx_word' id='word_1_1131' title='bbox 2177 1903 2237 1930; x_wconf 84' lang='lat' dir='ltr'>Te-</span> 
     </span>
     <span class='ocr_line' id='line_1_129' title="bbox 1167 1935 2237 1973; baseline 0.002 -10"><span class='ocrx_word' id='word_1_1132' title='bbox 1167 1945 1266 1964; x_wconf 83' lang='lat' dir='ltr'>nentur</span> <span class='ocrx_word' id='word_1_1133' title='bbox 1279 1936 1384 1972; x_wconf 70' lang='lat' dir='ltr'>pi&amp;ura</span> <span class='ocrx_word' id='word_1_1134' title='bbox 1397 1936 1488 1969; x_wconf 82' lang='lat' dir='ltr'>oculi,</span> <span class='ocrx_word' id='word_1_1135' title='bbox 1504 1945 1581 1962; x_wconf 85' lang='lat' dir='ltr'>aures</span> <span class='ocrx_word' id='word_1_1136' title='bbox 1596 1935 1718 1963; x_wconf 85' lang='lat' dir='ltr'>cantibus</span> <span class='ocrx_word' id='word_1_1137' title='bbox 1737 1937 1793 1963; x_wconf 87' lang='lat' dir='ltr'>Cic.</span> <span class='ocrx_word' id='word_1_1138' title='bbox 1809 1937 1890 1963; x_wconf 78' lang='lat' dir='ltr'>Acad.</span> <span class='ocrx_word' id='word_1_1139' title='bbox 1904 1947 1932 1971; x_wconf 83' lang='lat'>4,</span> <span class='ocrx_word' id='word_1_1140' title='bbox 1948 1947 1978 1964; x_wconf 77' lang='lat'>20</span> <span class='ocrx_word' id='word_1_1141' title='bbox 1994 1949 2015 1965; x_wconf 85' lang='lat' dir='ltr'>c.</span> <span class='ocrx_word' id='word_1_1142' title='bbox 2030 1947 2056 1973; x_wconf 90' lang='lat'>7.</span> <span class='ocrx_word' id='word_1_1143' title='bbox 2128 1940 2177 1965; x_wconf 84' lang='lat' dir='ltr'>Per</span> <span class='ocrx_word' id='word_1_1144' title='bbox 2189 1949 2237 1966; x_wconf 83' lang='lat' dir='ltr'>me-</span> 
     </span>
     <span class='ocr_line' id='line_1_130' title="bbox 1166 1972 2237 2008; baseline 0.002 -8"><span class='ocrx_word' id='word_1_1145' title='bbox 1166 1974 1299 2008; x_wconf 80' lang='lat' dir='ltr'>taphoram</span> <span class='ocrx_word' id='word_1_1146' title='bbox 1313 1973 1476 2008; x_wconf 62' lang='lat' dir='ltr'>transfertur</span> <span class='ocrx_word' id='word_1_1147' title='bbox 1489 1972 1523 1998; x_wconf 80' lang='lat' dir='ltr'>ad</span> <span class='ocrx_word' id='word_1_1148' title='bbox 1535 1974 1633 1998; x_wconf 63' lang='lat' dir='ltr'>Pactus.</span> <span class='ocrx_word' id='word_1_1149' title='bbox 1669 1972 1726 1998; x_wconf 90' lang='lat' dir='ltr'>Cic.</span> <span class='ocrx_word' id='word_1_1150' title='bbox 1740 1972 1823 1998; x_wconf 79' lang='lat' dir='ltr'>Tnsc.</span> <span class='ocrx_word' id='word_1_1151' title='bbox 1839 1981 1861 2005; x_wconf 80' lang='grc' dir='ltr'>ς,</span> <span class='ocrx_word' id='word_1_1152' title='bbox 1877 1981 1920 2006; x_wconf 80' lang='lat'>114</span> <span class='ocrx_word' id='word_1_1153' title='bbox 1940 1973 2089 2000; x_wconf 87' lang='lat' dir='ltr'>Traditum</span> <span class='ocrx_word' id='word_1_1154' title='bbox 2104 1975 2140 2001; x_wconf 83' lang='lat' dir='ltr'>est</span> <span class='ocrx_word' id='word_1_1155' title='bbox 2153 1975 2237 2002; x_wconf 84' lang='lat' dir='ltr'>etiam</span> 
     </span>
     <span class='ocr_line' id='line_1_131' title="bbox 1168 2006 2145 2041; baseline 0.002 -6"><span class='ocrx_word' id='word_1_1156' title='bbox 1168 2010 1321 2035; x_wconf 84' lang='lat' dir='ltr'>Homerum</span> <span class='ocrx_word' id='word_1_1157' title='bbox 1335 2016 1442 2033; x_wconf 84' lang='lat' dir='ltr'>caecum</span> <span class='ocrx_word' id='word_1_1158' title='bbox 1457 2007 1548 2039; x_wconf 77' lang='lat' dir='ltr'>fuisse,</span> <span class='ocrx_word' id='word_1_1159' title='bbox 1575 2012 1601 2033; x_wconf 84' lang='lat' dir='ltr'>at</span> <span class='ocrx_word' id='word_1_1160' title='bbox 1615 2007 1672 2037; x_wconf 84' lang='lat' dir='ltr'>eius</span> <span class='ocrx_word' id='word_1_1161' title='bbox 1687 2006 1819 2041; x_wconf 64' lang='lat' dir='ltr'>pifluram</span> <span class='ocrx_word' id='word_1_1162' title='bbox 1834 2016 1890 2034; x_wconf 85' lang='lat' dir='ltr'>non</span> <span class='ocrx_word' id='word_1_1163' title='bbox 1907 2009 1998 2036; x_wconf 72' lang='lat' dir='ltr'>l’oelin</span> <span class='ocrx_word' id='word_1_1164' title='bbox 2011 2010 2145 2037; x_wconf 88' lang='lat' dir='ltr'>videmus.</span> 
     </span>
    </p>

    <p class='ocr_par' dir='ltr' id='par_1_49' title="bbox 1166 2041 2236 2222">
     <span class='ocr_line' id='line_1_132' title="bbox 1206 2041 2236 2078; baseline 0.004 -9"><span class='ocrx_word' id='word_1_1165' title='bbox 1206 2050 1223 2069; x_wconf 74' lang='grc' dir='ltr'>Ρ</span> <span class='ocrx_word' id='word_1_1166' title='bbox 1234 2051 1243 2070; x_wconf 92' lang='lat'>1</span> <span class='ocrx_word' id='word_1_1167' title='bbox 1253 2050 1269 2070; x_wconf 89' lang='lat' dir='ltr'>C</span> <span class='ocrx_word' id='word_1_1168' title='bbox 1278 2049 1300 2068; x_wconf 92' lang='lat' dir='ltr'>T</span> <span class='ocrx_word' id='word_1_1169' title='bbox 1309 2050 1331 2069; x_wconf 88' lang='lat' dir='ltr'>v</span> <span class='ocrx_word' id='word_1_1170' title='bbox 1339 2049 1358 2068; x_wconf 86' lang='lat' dir='ltr'>R</span> <span class='ocrx_word' id='word_1_1171' title='bbox 1368 2044 1418 2069; x_wconf 81' lang='grc' dir='ltr'>ᾸΤ</span> <span class='ocrx_word' id='word_1_1172' title='bbox 1427 2049 1448 2068; x_wconf 85' lang='grc' dir='ltr'><strong><em>ν</em></strong></span> <span class='ocrx_word' id='word_1_1173' title='bbox 1457 2049 1469 2068; x_wconf 84' lang='lat' dir='ltr'>s</span> <span class='ocrx_word' id='word_1_1174' title='bbox 1477 2062 1485 2074; x_wconf 92' lang='lat'>,</span> <span class='ocrx_word' id='word_1_1175' title='bbox 1506 2051 1520 2068; x_wconf 92' lang='lat' dir='ltr'>a</span> <span class='ocrx_word' id='word_1_1176' title='bbox 1529 2061 1536 2072; x_wconf 87' lang='lat'>,</span> <span class='ocrx_word' id='word_1_1177' title='bbox 1555 2051 1610 2068; x_wconf 90' lang='lat' dir='ltr'>um.</span> <span class='ocrx_word' id='word_1_1178' title='bbox 1628 2041 1691 2068; x_wconf 88' lang='lat' dir='ltr'>Adi.</span> <span class='ocrx_word' id='word_1_1179' title='bbox 1727 2042 1967 2078; x_wconf 67' lang='grc' dir='ltr'>[ποικιλόγραπτσς]</span> <span class='ocrx_word' id='word_1_1180' title='bbox 2010 2047 2099 2072; x_wconf 79' lang='lat' dir='ltr'>Variis</span> <span class='ocrx_word' id='word_1_1181' title='bbox 2112 2046 2236 2074; x_wconf 73' lang='lat' dir='ltr'>coloribus</span> 
     </span>
     <span class='ocr_line' id='line_1_133' title="bbox 1167 2077 2235 2116; baseline 0.006 -12"><span class='ocrx_word' id='word_1_1182' title='bbox 1167 2077 1315 2112; x_wconf 67' lang='lat' dir='ltr'>distinfim.</span> <span class='ocrx_word' id='word_1_1183' title='bbox 1372 2079 1460 2113; x_wconf 85' lang='lat' dir='ltr'>Agger</span> <span class='ocrx_word' id='word_1_1184' title='bbox 1478 2078 1626 2113; x_wconf 67' lang='lat' dir='ltr'>picturatus</span> <span class='ocrx_word' id='word_1_1185' title='bbox 1645 2077 1787 2106; x_wconf 83' lang='lat' dir='ltr'>morituris</span> <span class='ocrx_word' id='word_1_1186' title='bbox 1807 2079 1921 2106; x_wconf 82' lang='lat' dir='ltr'>floribus</span> <span class='ocrx_word' id='word_1_1187' title='bbox 1954 2081 2017 2108; x_wconf 85' lang='lat' dir='ltr'>Stat.</span> <span class='ocrx_word' id='word_1_1188' title='bbox 2033 2081 2128 2109; x_wconf 86' lang='lat' dir='ltr'>Theb.</span> <span class='ocrx_word' id='word_1_1189' title='bbox 2143 2085 2176 2115; x_wconf 88' lang='lat'>6,</span> <span class='ocrx_word' id='word_1_1190' title='bbox 2195 2088 2235 2116; x_wconf 86' lang='lat'>58.</span> 
     </span>
     <span class='ocr_line' id='line_1_134' title="bbox 1168 2114 2235 2151; baseline 0.004 -10"><span class='ocrx_word' id='word_1_1191' title='bbox 1168 2116 1243 2148; x_wconf 89' lang='lat' dir='ltr'>Gyro</span> <span class='ocrx_word' id='word_1_1192' title='bbox 1256 2114 1391 2150; x_wconf 62' lang='lat' dir='ltr'>pielurato</span> <span class='ocrx_word' id='word_1_1193' title='bbox 1411 2115 1472 2141; x_wconf 87' lang='lat' dir='ltr'>Stat.</span> <span class='ocrx_word' id='word_1_1194' title='bbox 1488 2114 1551 2140; x_wconf 65' lang='lat' dir='ltr'>suu.</span> <span class='ocrx_word' id='word_1_1195' title='bbox 1568 2122 1592 2148; x_wconf 87' lang='lat'>5,</span> <span class='ocrx_word' id='word_1_1196' title='bbox 1606 2122 1625 2146; x_wconf 86' lang='lat'>1,</span> <span class='ocrx_word' id='word_1_1197' title='bbox 1642 2123 1699 2146; x_wconf 84' lang='lat'>¹04·</span> <span class='ocrx_word' id='word_1_1198' title='bbox 1817 2115 1929 2142; x_wconf 87' lang='lat' dir='ltr'>Limbus</span> <span class='ocrx_word' id='word_1_1199' title='bbox 1947 2116 2021 2144; x_wconf 84' lang='lat' dir='ltr'>Idem</span> <span class='ocrx_word' id='word_1_1200' title='bbox 2034 2118 2123 2145; x_wconf 85' lang='lat' dir='ltr'>Achil.</span> <span class='ocrx_word' id='word_1_1201' title='bbox 2138 2127 2165 2151; x_wconf 85' lang='lat'>1,</span> <span class='ocrx_word' id='word_1_1202' title='bbox 2178 2127 2235 2151; x_wconf 85' lang='grc'>330.</span> 
     </span>
     <span class='ocr_line' id='line_1_135' title="bbox 1166 2149 2234 2187; baseline 0.005 -10"><span class='ocrx_word' id='word_1_1203' title='bbox 1166 2152 1241 2185; x_wconf 88' lang='lat' dir='ltr'>Opus</span> <span class='ocrx_word' id='word_1_1204' title='bbox 1258 2150 1421 2186; x_wconf 61' lang='lat' dir='ltr'>picturatum</span> <span class='ocrx_word' id='word_1_1205' title='bbox 1434 2150 1549 2177; x_wconf 83' lang='lat' dir='ltr'>metallis</span> <span class='ocrx_word' id='word_1_1206' title='bbox 1569 2150 1663 2177; x_wconf 83' lang='lat' dir='ltr'>Claud.</span> <span class='ocrx_word' id='word_1_1207' title='bbox 1678 2149 1711 2176; x_wconf 89' lang='lat' dir='ltr'>de</span> <span class='ocrx_word' id='word_1_1208' title='bbox 1729 2156 1817 2184; x_wconf 85' lang='lat' dir='ltr'>quart.</span> <span class='ocrx_word' id='word_1_1209' title='bbox 1830 2152 1911 2178; x_wconf 70' lang='lat' dir='ltr'>Cous.</span> <span class='ocrx_word' id='word_1_1210' title='bbox 1925 2153 1997 2180; x_wconf 92' lang='lat' dir='ltr'>Hon.</span> <span class='ocrx_word' id='word_1_1211' title='bbox 2014 2159 2069 2187; x_wconf 81' lang='lat'>589.</span> <span class='ocrx_word' id='word_1_1212' title='bbox 2140 2155 2234 2181; x_wconf 85' lang='lat' dir='ltr'>Vestes</span> 
     </span>
     <span class='ocr_line' id='line_1_136' title="bbox 1166 2185 2034 2222; baseline 0.002 -8"><span class='ocrx_word' id='word_1_1213' title='bbox 1166 2188 1244 2222; x_wconf 84' lang='lat' dir='ltr'>Virg.</span> <span class='ocrx_word' id='word_1_1214' title='bbox 1259 2188 1324 2213; x_wconf 83' lang='lat' dir='ltr'>Aen.</span> <span class='ocrx_word' id='word_1_1215' title='bbox 1340 2196 1363 2219; x_wconf 84' lang='grc'>3,</span> <span class='ocrx_word' id='word_1_1216' title='bbox 1372 2192 1429 2220; x_wconf 82' lang='lat'>483.</span> <span class='ocrx_word' id='word_1_1217' title='bbox 1498 2186 1628 2213; x_wconf 81' lang='lat' dir='ltr'>Volucres</span> <span class='ocrx_word' id='word_1_1218' title='bbox 1648 2185 1741 2213; x_wconf 82' lang='lat' dir='ltr'>Claud.</span> <span class='ocrx_word' id='word_1_1219' title='bbox 1751 2187 1829 2220; x_wconf 81' lang='lat' dir='ltr'>Epist.</span> <span class='ocrx_word' id='word_1_1220' title='bbox 1838 2187 1871 2213; x_wconf 85' lang='lat' dir='ltr'>ad</span> <span class='ocrx_word' id='word_1_1221' title='bbox 1878 2188 1967 2215; x_wconf 79' lang='lat' dir='ltr'>Seren.</span> <span class='ocrx_word' id='word_1_1222' title='bbox 1976 2199 2002 2216; x_wconf 87' lang='lat' dir='ltr'>v.</span> <span class='ocrx_word' id='word_1_1223' title='bbox 2012 2199 2034 2222; x_wconf 83' lang='grc'>3.</span> 
     </span>
    </p>

    <p class='ocr_par' dir='ltr' id='par_1_50' title="bbox 1166 2221 2235 2442">
     <span class='ocr_line' id='line_1_137' title="bbox 1204 2221 2235 2261; baseline 0.005 -12"><span class='ocrx_word' id='word_1_1224' title='bbox 1204 2230 1219 2249; x_wconf 75' lang='grc'>1&gt;</span> <span class='ocrx_word' id='word_1_1225' title='bbox 1230 2231 1238 2249; x_wconf 94' lang='grc'>1</span> <span class='ocrx_word' id='word_1_1226' title='bbox 1248 2229 1352 2250; x_wconf 77' lang='lat' dir='ltr'>CTOR</span> <span class='ocrx_word' id='word_1_1227' title='bbox 1362 2243 1370 2255; x_wconf 96' lang='lat'>,</span> <span class='ocrx_word' id='word_1_1228' title='bbox 1389 2223 1454 2249; x_wconf 67' lang='lat' dir='ltr'>bris.</span> <span class='ocrx_word' id='word_1_1229' title='bbox 1476 2232 1512 2249; x_wconf 91' lang='lat' dir='ltr'>m.</span> <span class='ocrx_word' id='word_1_1230' title='bbox 1549 2221 1690 2258; x_wconf 53' lang='lat' dir='ltr'>hemonis,</span> <span class='ocrx_word' id='word_1_1231' title='bbox 1705 2221 1849 2258; x_wconf 70' lang='grc' dir='ltr'>ζωγράφος]</span> <span class='ocrx_word' id='word_1_1232' title='bbox 1887 2224 2039 2252; x_wconf 63' lang='lat' dir='ltr'>pictoribus</span> <span class='ocrx_word' id='word_1_1233' title='bbox 2051 2230 2130 2261; x_wconf 87' lang='lat' dir='ltr'>atque</span> <span class='ocrx_word' id='word_1_1234' title='bbox 2145 2226 2235 2254; x_wconf 71' lang='lat' dir='ltr'>Poe&#39;tin</span> 
     </span>
     <span class='ocr_line' id='line_1_138' title="bbox 1168 2258 2234 2295; baseline 0.004 -10"><span class='ocrx_word' id='word_1_1235' title='bbox 1168 2259 1312 2293; x_wconf 72' lang='lat' dir='ltr'>Qualibet</span> <span class='ocrx_word' id='word_1_1236' title='bbox 1324 2258 1442 2285; x_wconf 87' lang='lat' dir='ltr'>audendi</span> <span class='ocrx_word' id='word_1_1237' title='bbox 1457 2260 1558 2293; x_wconf 80' lang='lat' dir='ltr'>semper</span> <span class='ocrx_word' id='word_1_1238' title='bbox 1571 2259 1623 2284; x_wconf 86' lang='lat' dir='ltr'>fuit</span> <span class='ocrx_word' id='word_1_1239' title='bbox 1637 2267 1721 2293; x_wconf 86' lang='lat' dir='ltr'>aequa</span> <span class='ocrx_word' id='word_1_1240' title='bbox 1735 2258 1847 2292; x_wconf 82' lang='lat' dir='ltr'>potestas</span> <span class='ocrx_word' id='word_1_1241' title='bbox 1869 2261 1936 2288; x_wconf 90' lang='lat' dir='ltr'>Hor.</span> <span class='ocrx_word' id='word_1_1242' title='bbox 1953 2263 1984 2288; x_wconf 87' lang='lat' dir='ltr'>A.</span> <span class='ocrx_word' id='word_1_1243' title='bbox 2000 2263 2026 2288; x_wconf 91' lang='lat' dir='ltr'>P.</span> <span class='ocrx_word' id='word_1_1244' title='bbox 2041 2272 2067 2289; x_wconf 93' lang='lat' dir='ltr'>v.</span> <span class='ocrx_word' id='word_1_1245' title='bbox 2082 2271 2106 2295; x_wconf 83' lang='lat'>9.</span> <span class='ocrx_word' id='word_1_1246' title='bbox 2165 2259 2234 2289; x_wconf 85' lang='lat' dir='ltr'>Plin.</span> 
     </span>
     <span class='ocr_line' id='line_1_139' title="bbox 1166 2294 2235 2331; baseline 0.003 -9"><span class='ocrx_word' id='word_1_1247' title='bbox 1166 2304 1202 2328; x_wconf 77' lang='lat'>13,</span> <span class='ocrx_word' id='word_1_1248' title='bbox 1218 2304 1241 2322; x_wconf 91' lang='lat'>11</span> <span class='ocrx_word' id='word_1_1249' title='bbox 1274 2295 1317 2322; x_wconf 90' lang='lat' dir='ltr'>Fit</span> <span class='ocrx_word' id='word_1_1250' title='bbox 1339 2301 1365 2321; x_wconf 84' lang='lat' dir='ltr'>et</span> <span class='ocrx_word' id='word_1_1251' title='bbox 1379 2304 1411 2321; x_wconf 81' lang='lat' dir='ltr'>ex</span> <span class='ocrx_word' id='word_1_1252' title='bbox 1439 2294 1584 2321; x_wconf 82' lang='lat' dir='ltr'>sarcocolla</span> <span class='ocrx_word' id='word_1_1253' title='bbox 1604 2294 1709 2329; x_wconf 83' lang='lat' dir='ltr'>gummi</span> <span class='ocrx_word' id='word_1_1254' title='bbox 1728 2294 1894 2322; x_wconf 86' lang='lat' dir='ltr'>vtilillimum</span> <span class='ocrx_word' id='word_1_1255' title='bbox 1906 2297 2057 2331; x_wconf 68' lang='lat' dir='ltr'>pictoribus</span> <span class='ocrx_word' id='word_1_1256' title='bbox 2071 2307 2100 2324; x_wconf 82' lang='lat' dir='ltr'>ac</span> <span class='ocrx_word' id='word_1_1257' title='bbox 2113 2298 2235 2326; x_wconf 78' lang='lat' dir='ltr'>medicis.</span> 
     </span>
     <span class='ocr_line' id='line_1_140' title="bbox 1166 2330 2234 2368; baseline 0.004 -10"><span class='ocrx_word' id='word_1_1258' title='bbox 1166 2332 1223 2358; x_wconf 84' lang='lat' dir='ltr'>Cic.</span> <span class='ocrx_word' id='word_1_1259' title='bbox 1239 2332 1318 2358; x_wconf 82' lang='lat' dir='ltr'>Verr.</span> <span class='ocrx_word' id='word_1_1260' title='bbox 1330 2340 1361 2364; x_wconf 87' lang='lat'>4,</span> <span class='ocrx_word' id='word_1_1261' title='bbox 1378 2340 1408 2363; x_wconf 77' lang='lat'>30</span> <span class='ocrx_word' id='word_1_1262' title='bbox 1439 2331 1562 2357; x_wconf 80' lang='lat' dir='ltr'>Alterum</span> <span class='ocrx_word' id='word_1_1263' title='bbox 1582 2331 1632 2357; x_wconf 78' lang='lat' dir='ltr'>css&#39;e</span> <span class='ocrx_word' id='word_1_1264' title='bbox 1644 2330 1787 2365; x_wconf 64' lang='lat' dir='ltr'>pictorem.</span> <span class='ocrx_word' id='word_1_1265' title='bbox 1893 2333 1993 2360; x_wconf 85' lang='lat' dir='ltr'>Vident</span> <span class='ocrx_word' id='word_1_1266' title='bbox 2013 2334 2098 2361; x_wconf 83' lang='lat' dir='ltr'>multa</span> <span class='ocrx_word' id='word_1_1267' title='bbox 2117 2335 2234 2368; x_wconf 48' lang='lat' dir='ltr'>pictores</span> 
     </span>
     <span class='ocr_line' id='line_1_141' title="bbox 1166 2366 2234 2406; baseline 0.004 -12"><span class='ocrx_word' id='word_1_1268' title='bbox 1166 2368 1196 2394; x_wconf 93' lang='lat' dir='ltr'>in</span> <span class='ocrx_word' id='word_1_1269' title='bbox 1209 2367 1329 2400; x_wconf 83' lang='lat' dir='ltr'>vmbris,</span> <span class='ocrx_word' id='word_1_1270' title='bbox 1347 2373 1373 2393; x_wconf 88' lang='lat' dir='ltr'>et</span> <span class='ocrx_word' id='word_1_1271' title='bbox 1385 2369 1413 2393; x_wconf 72' lang='lat' dir='ltr'>in</span> <span class='ocrx_word' id='word_1_1272' title='bbox 1429 2367 1591 2400; x_wconf 84' lang='lat' dir='ltr'>eminentia,</span> <span class='ocrx_word' id='word_1_1273' title='bbox 1612 2376 1680 2401; x_wconf 84' lang='lat' dir='ltr'>quae</span> <span class='ocrx_word' id='word_1_1274' title='bbox 1694 2376 1743 2393; x_wconf 82' lang='lat' dir='ltr'>nos</span> <span class='ocrx_word' id='word_1_1275' title='bbox 1755 2375 1810 2393; x_wconf 88' lang='lat' dir='ltr'>non</span> <span class='ocrx_word' id='word_1_1276' title='bbox 1823 2366 1946 2396; x_wconf 86' lang='lat' dir='ltr'>videmus</span> <span class='ocrx_word' id='word_1_1277' title='bbox 1981 2370 2040 2397; x_wconf 88' lang='lat' dir='ltr'>Cic.</span> <span class='ocrx_word' id='word_1_1278' title='bbox 2053 2370 2132 2396; x_wconf 81' lang='lat' dir='ltr'>Acad.</span> <span class='ocrx_word' id='word_1_1279' title='bbox 2145 2381 2164 2406; x_wconf 94' lang='lat'>4</span> <span class='ocrx_word' id='word_1_1280' title='bbox 2173 2391 2181 2404; x_wconf 91' lang='lat'>,</span> <span class='ocrx_word' id='word_1_1281' title='bbox 2201 2380 2234 2398; x_wconf 79' lang='lat'>20</span> 
     </span>
     <span class='ocr_line' id='line_1_142' title="bbox 1301 2402 1977 2442; baseline 0.001 -12"><span class='ocrx_word' id='word_1_1282' title='bbox 1301 2402 1370 2431; x_wconf 80' lang='lat' dir='ltr'>Add.</span> <span class='ocrx_word' id='word_1_1283' title='bbox 1386 2403 1460 2430; x_wconf 83' lang='lat' dir='ltr'>Idem</span> <span class='ocrx_word' id='word_1_1284' title='bbox 1475 2403 1502 2429; x_wconf 87' lang='lat' dir='ltr'>iu</span> <span class='ocrx_word' id='word_1_1285' title='bbox 1519 2404 1601 2430; x_wconf 71' lang='lat' dir='ltr'>Bruto</span> <span class='ocrx_word' id='word_1_1286' title='bbox 1614 2412 1635 2429; x_wconf 84' lang='lat' dir='ltr'>e.</span> <span class='ocrx_word' id='word_1_1287' title='bbox 1652 2408 1685 2433; x_wconf 84' lang='lat'>18.</span> <span class='ocrx_word' id='word_1_1288' title='bbox 1760 2403 1827 2430; x_wconf 90' lang='lat' dir='ltr'>Plin.</span> <span class='ocrx_word' id='word_1_1289' title='bbox 1842 2413 1880 2438; x_wconf 67' lang='lat'>35,</span> <span class='ocrx_word' id='word_1_1290' title='bbox 1892 2405 1977 2442; x_wconf 83' lang='lat' dir='ltr'>9sqq.</span> 
     </span>
    </p>

    <p class='ocr_par' dir='ltr' id='par_1_51' title="bbox 1165 2439 2235 2512">
     <span class='ocr_line' id='line_1_143' title="bbox 1201 2439 2235 2476; baseline 0.004 -10"><span class='ocrx_word' id='word_1_1291' title='bbox 1201 2448 1217 2466; x_wconf 86' lang='lat' dir='ltr'>P</span> <span class='ocrx_word' id='word_1_1292' title='bbox 1226 2447 1235 2466; x_wconf 92' lang='lat'>1</span> <span class='ocrx_word' id='word_1_1293' title='bbox 1245 2445 1262 2467; x_wconf 87' lang='lat' dir='ltr'>C</span> <span class='ocrx_word' id='word_1_1294' title='bbox 1271 2445 1292 2465; x_wconf 83' lang='lat' dir='ltr'>T</span> <span class='ocrx_word' id='word_1_1295' title='bbox 1302 2446 1321 2466; x_wconf 88' lang='lat' dir='ltr'>o</span> <span class='ocrx_word' id='word_1_1296' title='bbox 1331 2446 1349 2466; x_wconf 77' lang='lat' dir='ltr'><strong>R</strong></span> <span class='ocrx_word' id='word_1_1297' title='bbox 1360 2446 1370 2465; x_wconf 85' lang='grc'>1</span> <span class='ocrx_word' id='word_1_1298' title='bbox 1380 2447 1401 2466; x_wconf 89' lang='lat' dir='ltr'>V</span> <span class='ocrx_word' id='word_1_1299' title='bbox 1414 2447 1427 2467; x_wconf 85' lang='lat' dir='ltr'>s</span> <span class='ocrx_word' id='word_1_1300' title='bbox 1436 2459 1444 2471; x_wconf 94' lang='lat'>,</span> <span class='ocrx_word' id='word_1_1301' title='bbox 1463 2448 1494 2473; x_wconf 87' lang='lat' dir='ltr'>a,</span> <span class='ocrx_word' id='word_1_1302' title='bbox 1515 2449 1570 2469; x_wconf 82' lang='lat' dir='ltr'>um..</span> <span class='ocrx_word' id='word_1_1303' title='bbox 1611 2439 1674 2466; x_wconf 67' lang='lat' dir='ltr'>Adi.</span> <span class='ocrx_word' id='word_1_1304' title='bbox 1711 2439 1832 2467; x_wconf 82' lang='lat' dir='ltr'>Tertull-</span> <span class='ocrx_word' id='word_1_1305' title='bbox 1847 2439 1908 2468; x_wconf 80' lang='lat' dir='ltr'>adu.</span> <span class='ocrx_word' id='word_1_1306' title='bbox 1921 2443 2004 2470; x_wconf 80' lang='lat' dir='ltr'>Marc.</span> <span class='ocrx_word' id='word_1_1307' title='bbox 2020 2451 2042 2476; x_wconf 89' lang='lat'>1,</span> <span class='ocrx_word' id='word_1_1308' title='bbox 2055 2450 2069 2475; x_wconf 89' lang='grc'>3</span> <span class='ocrx_word' id='word_1_1309' title='bbox 2086 2443 2194 2469; x_wconf 81' lang='lat' dir='ltr'>Po’e‘tica</span> <span class='ocrx_word' id='word_1_1310' title='bbox 2206 2447 2235 2471; x_wconf 78' lang='lat' dir='ltr'>et</span> 
     </span>
     <span class='ocr_line' id='line_1_144' title="bbox 1165 2475 1417 2512; baseline 0 -9"><span class='ocrx_word' id='word_1_1311' title='bbox 1165 2476 1282 2512; x_wconf 66' lang='lat' dir='ltr'>pieioria</span> <span class='ocrx_word' id='word_1_1312' title='bbox 1298 2475 1417 2503; x_wconf 85' lang='lat' dir='ltr'>licentia.</span> 
     </span>
    </p>

    <p class='ocr_par' dir='ltr' id='par_1_52' title="bbox 1203 2509 2235 2544">
     <span class='ocr_line' id='line_1_145' title="bbox 1203 2509 2235 2544; baseline 0.003 -5"><span class='ocrx_word' id='word_1_1313' title='bbox 1203 2509 1354 2539; x_wconf 69' lang='lat' dir='ltr'>PiCTAC</span> <span class='ocrx_word' id='word_1_1314' title='bbox 1367 2519 1449 2544; x_wconf 86' lang='lat' dir='ltr'>IVS,</span> <span class='ocrx_word' id='word_1_1315' title='bbox 1466 2512 1507 2538; x_wconf 74' lang='lat' dir='ltr'>vel</span> <span class='ocrx_word' id='word_1_1316' title='bbox 1526 2517 1778 2543; x_wconf 80' lang='lat' dir='ltr'>PICTACEVS‚</span> <span class='ocrx_word' id='word_1_1317' title='bbox 1798 2521 1830 2544; x_wconf 87' lang='lat' dir='ltr'>a,</span> <span class='ocrx_word' id='word_1_1318' title='bbox 1849 2521 1903 2538; x_wconf 91' lang='lat' dir='ltr'>um.</span> <span class='ocrx_word' id='word_1_1319' title='bbox 1924 2511 1985 2539; x_wconf 87' lang='lat' dir='ltr'>Adi.</span> <span class='ocrx_word' id='word_1_1320' title='bbox 2024 2514 2096 2541; x_wconf 80' lang='lat' dir='ltr'>Inter</span> <span class='ocrx_word' id='word_1_1321' title='bbox 2113 2514 2189 2542; x_wconf 79' lang='lat' dir='ltr'>verba</span> <span class='ocrx_word' id='word_1_1322' title='bbox 2201 2515 2235 2542; x_wconf 87' lang='lat' dir='ltr'>Ii-</span> 
     </span>
    </p>
   </div>
   <div class='ocr_carea' id='block_1_38' title="bbox 1120 2547 2235 2622">
    <p class='ocr_par' dir='ltr' id='par_1_53' title="bbox 1120 2547 2235 2622">
     <span class='ocr_line' id='line_1_146' title="bbox 1164 2547 2235 2586; baseline 0.004 -12"><span class='ocrx_word' id='word_1_1323' title='bbox 1164 2549 1248 2575; x_wconf 76' lang='lat' dir='ltr'>berius</span> <span class='ocrx_word' id='word_1_1324' title='bbox 1263 2549 1383 2584; x_wconf 71' lang='lat' dir='ltr'>usurpata</span> <span class='ocrx_word' id='word_1_1325' title='bbox 1395 2559 1409 2575; x_wconf 78' lang='lat' dir='ltr'>a</span> <span class='ocrx_word' id='word_1_1326' title='bbox 1423 2548 1542 2575; x_wconf 87' lang='lat' dir='ltr'>Laberio</span> <span class='ocrx_word' id='word_1_1327' title='bbox 1556 2548 1639 2584; x_wconf 59' lang='lat' dir='ltr'>refert</span> <span class='ocrx_word' id='word_1_1328' title='bbox 1653 2547 1757 2574; x_wconf 85' lang='lat' dir='ltr'>Gellius</span> <span class='ocrx_word' id='word_1_1329' title='bbox 1771 2550 1811 2580; x_wconf 84' lang='lat'>16,</span> <span class='ocrx_word' id='word_1_1330' title='bbox 1825 2557 1842 2583; x_wconf 92' lang='lat'>7</span> <span class='ocrx_word' id='word_1_1331' title='bbox 1861 2547 1996 2585; x_wconf 77' lang='lat' dir='ltr'>laudatque</span> <span class='ocrx_word' id='word_1_1332' title='bbox 2014 2550 2128 2586; x_wconf 62' lang='lat' dir='ltr'>versiam,</span> <span class='ocrx_word' id='word_1_1333' title='bbox 2143 2551 2235 2578; x_wconf 86' lang='lat' dir='ltr'>Induis</span> 
     </span>
     <span class='ocr_line' id='line_1_147' title="bbox 1120 2583 2234 2622; baseline 0.004 -12"><span class='ocrx_word' id='word_1_1334' title='bbox 1120 2594 1152 2622; x_wconf 88' lang='lat'>65</span> <span class='ocrx_word' id='word_1_1335' title='bbox 1167 2585 1297 2619; x_wconf 84' lang='lat' dir='ltr'>capitium</span> <span class='ocrx_word' id='word_1_1336' title='bbox 1310 2585 1417 2611; x_wconf 89' lang='lat' dir='ltr'>tunicae</span> <span class='ocrx_word' id='word_1_1337' title='bbox 1430 2585 1584 2619; x_wconf 65' lang='lat' dir='ltr'>pic&#39;lncium.</span> <span class='ocrx_word' id='word_1_1338' title='bbox 1664 2584 1772 2612; x_wconf 64' lang='lat' dir='ltr'>Videtur</span> <span class='ocrx_word' id='word_1_1339' title='bbox 1785 2584 1849 2611; x_wconf 83' lang='lat' dir='ltr'>idem</span> <span class='ocrx_word' id='word_1_1340' title='bbox 1862 2583 1906 2618; x_wconf 65' lang='lat' dir='ltr'>«sse</span> <span class='ocrx_word' id='word_1_1341' title='bbox 1919 2584 2108 2621; x_wconf 64' lang='lat' dir='ltr'>quodpibium,</span> <span class='ocrx_word' id='word_1_1342' title='bbox 2126 2593 2156 2613; x_wconf 82' lang='lat' dir='ltr'>vt</span> <span class='ocrx_word' id='word_1_1343' title='bbox 2171 2593 2234 2622; x_wconf 84' lang='lat' dir='ltr'>toga</span> 
     </span>
    </p>
   </div>
   <div class='ocr_carea' id='block_1_39' title="bbox 17 2583 2234 2660">
    <p class='ocr_par' dir='ltr' id='par_1_54' title="bbox 17 2583 2234 2660">
     <span class='ocr_line' id='line_1_148' title="bbox 17 2583 560 2620; baseline -0.006 -7"><span class='ocrx_word' id='word_1_1344' title='bbox 17 2614 21 2620; x_wconf 64' lang='grc'><strong>,</strong></span> <span class='ocrx_word' id='word_1_1345' title='bbox 57 2583 78 2613; x_wconf 87' lang='lat' dir='ltr'>is</span> <span class='ocrx_word' id='word_1_1346' title='bbox 91 2584 251 2612; x_wconf 87' lang='lat' dir='ltr'>contendere</span> <span class='ocrx_word' id='word_1_1347' title='bbox 271 2585 334 2612; x_wconf 86' lang='lat' dir='ltr'>Stat.</span> <span class='ocrx_word' id='word_1_1348' title='bbox 349 2584 415 2611; x_wconf 87' lang='lat' dir='ltr'>Silu.</span> <span class='ocrx_word' id='word_1_1349' title='bbox 429 2593 451 2617; x_wconf 86' lang='lat'>1,</span> <span class='ocrx_word' id='word_1_1350' title='bbox 466 2592 489 2616; x_wconf 88' lang='grc'>3,</span> <span class='ocrx_word' id='word_1_1351' title='bbox 507 2593 560 2610; x_wconf 82' lang='grc'>101.</span> 
     </span>
     <span class='ocr_line' id='line_1_149' title="bbox 1166 2620 2234 2660; baseline 0.005 -14"><span class='ocrx_word' id='word_1_1352' title='bbox 1166 2620 1239 2656; x_wconf 61' lang='lat' dir='ltr'>piola</span> <span class='ocrx_word' id='word_1_1353' title='bbox 1252 2627 1297 2646; x_wconf 82' lang='lat' dir='ltr'>etc.</span> <span class='ocrx_word' id='word_1_1354' title='bbox 1336 2621 1389 2656; x_wconf 59' lang='lat' dir='ltr'>Qu*</span> <span class='ocrx_word' id='word_1_1355' title='bbox 1399 2621 1435 2647; x_wconf 82' lang='lat' dir='ltr'>ad</span> <span class='ocrx_word' id='word_1_1356' title='bbox 1447 2621 1588 2647; x_wconf 65' lang='lat' dir='ltr'>pittacium</span> <span class='ocrx_word' id='word_1_1357' title='bbox 1603 2620 1735 2657; x_wconf 60' lang='lat' dir='ltr'>referunt,</span> <span class='ocrx_word' id='word_1_1358' title='bbox 1755 2621 1780 2647; x_wconf 63' lang='grc' dir='ltr'>ἔτ</span> <span class='ocrx_word' id='word_1_1359' title='bbox 1794 2621 1939 2656; x_wconf 63' lang='grc' dir='ltr'>Ρίἑὶειείυιη</span> <span class='ocrx_word' id='word_1_1360' title='bbox 1952 2628 1979 2648; x_wconf 86' lang='lat' dir='ltr'>et</span> <span class='ocrx_word' id='word_1_1361' title='bbox 1993 2623 2121 2657; x_wconf 83' lang='lat' dir='ltr'>capitium</span> <span class='ocrx_word' id='word_1_1362' title='bbox 2128 2623 2234 2660; x_wconf 74' lang='lat' dir='ltr'>separa-</span> 
     </span>
    </p>
   </div>
   <div class='ocr_carea' id='block_1_40' title="bbox 0 2617 2233 3812">
    <p class='ocr_par' dir='ltr' id='par_1_55' title="bbox 41 2617 1754 2694">
     <span class='ocr_line' id='line_1_150' title="bbox 79 2617 1105 2654; baseline -0.003 -7"><span class='ocrx_word' id='word_1_1363' title='bbox 79 2628 95 2647; x_wconf 74' lang='lat' dir='ltr'>r</span> <span class='ocrx_word' id='word_1_1364' title='bbox 106 2629 117 2648; x_wconf 91' lang='lat'>1</span> <span class='ocrx_word' id='word_1_1365' title='bbox 127 2627 282 2649; x_wconf 84' lang='lat' dir='ltr'>NDAsvs</span> <span class='ocrx_word' id='word_1_1366' title='bbox 292 2640 299 2652; x_wconf 93' lang='lat'>,</span> <span class='ocrx_word' id='word_1_1367' title='bbox 315 2620 335 2648; x_wconf 87' lang='lat' dir='ltr'>i.</span> <span class='ocrx_word' id='word_1_1368' title='bbox 365 2630 402 2647; x_wconf 89' lang='lat' dir='ltr'>m.</span> <span class='ocrx_word' id='word_1_1369' title='bbox 440 2618 592 2654; x_wconf 74' lang='grc' dir='ltr'><strong><em>[Πίνδασος]</em></strong></span> <span class='ocrx_word' id='word_1_1370' title='bbox 631 2620 711 2646; x_wconf 84' lang='lat' dir='ltr'>Mons</span> <span class='ocrx_word' id='word_1_1371' title='bbox 725 2618 872 2654; x_wconf 32' lang='lat' dir='ltr'>,Troadig</span> <span class='ocrx_word' id='word_1_1372' title='bbox 888 2617 918 2644; x_wconf 89' lang='lat' dir='ltr'>in</span> <span class='ocrx_word' id='word_1_1373' title='bbox 942 2626 997 2653; x_wconf 92' lang='lat' dir='ltr'>quo</span> <span class='ocrx_word' id='word_1_1374' title='bbox 1011 2618 1105 2645; x_wconf 77' lang='lat' dir='ltr'>Cetius</span> 
     </span>
     <span class='ocr_line' id='line_1_151' title="bbox 41 2655 1754 2694; baseline 0 -11"><span class='ocrx_word' id='word_1_1375' title='bbox 41 2657 141 2683; x_wconf 87' lang='lat' dir='ltr'>fluuius</span> <span class='ocrx_word' id='word_1_1376' title='bbox 155 2656 287 2689; x_wconf 75' lang='lat' dir='ltr'>nascitur,</span> <span class='ocrx_word' id='word_1_1377' title='bbox 307 2657 355 2691; x_wconf 87' lang='lat' dir='ltr'>qui</span> <span class='ocrx_word' id='word_1_1378' title='bbox 367 2657 524 2692; x_wconf 85' lang='lat' dir='ltr'>Pergamum</span> <span class='ocrx_word' id='word_1_1379' title='bbox 539 2655 708 2691; x_wconf 86' lang='lat' dir='ltr'>praeterfluit</span> <span class='ocrx_word' id='word_1_1380' title='bbox 744 2655 814 2682; x_wconf 86' lang='lat' dir='ltr'>Pliu.</span> <span class='ocrx_word' id='word_1_1381' title='bbox 837 2662 860 2688; x_wconf 89' lang='lat'>5,</span> <span class='ocrx_word' id='word_1_1382' title='bbox 876 2663 917 2687; x_wconf 81' lang='lat'>30.</span> <span class='ocrx_word' id='word_1_1383' title='bbox 1167 2660 1215 2684; x_wconf 84' lang='lat' dir='ltr'>tim</span> <span class='ocrx_word' id='word_1_1384' title='bbox 1226 2663 1342 2692; x_wconf 64' lang='lat' dir='ltr'>ponunt,</span> <span class='ocrx_word' id='word_1_1385' title='bbox 1361 2657 1477 2684; x_wconf 79' lang='lat' dir='ltr'>viderint</span> <span class='ocrx_word' id='word_1_1386' title='bbox 1508 2657 1607 2683; x_wconf 75' lang='lat' dir='ltr'>uomodo</span> <span class='ocrx_word' id='word_1_1387' title='bbox 1620 2659 1754 2694; x_wconf 76' lang='lat' dir='ltr'>explicent.</span> 
     </span>
    </p>

    <p class='ocr_par' dir='ltr' id='par_1_56' title="bbox 2 2688 2233 2910">
     <span class='ocr_line' id='line_1_152' title="bbox 2 2688 2233 2731; baseline 0.001 -12"><span class='ocrx_word' id='word_1_1388' title='bbox 2 2726 4 2731; x_wconf 47' lang='grc' dir='ltr'>Ι</span> <span class='ocrx_word' id='word_1_1389' title='bbox 77 2699 145 2720; x_wconf 83' lang='lat' dir='ltr'>PIN</span> <span class='ocrx_word' id='word_1_1390' title='bbox 157 2697 177 2718; x_wconf 84' lang='lat' dir='ltr'><strong>D</strong></span> <span class='ocrx_word' id='word_1_1391' title='bbox 189 2699 381 2727; x_wconf 77' lang='lat' dir='ltr'>ENISSVM,</span> <span class='ocrx_word' id='word_1_1392' title='bbox 399 2692 419 2719; x_wconf 85' lang='lat' dir='ltr'>i.</span> <span class='ocrx_word' id='word_1_1393' title='bbox 447 2701 475 2719; x_wconf 89' lang='lat' dir='ltr'>n.</span> <span class='ocrx_word' id='word_1_1394' title='bbox 513 2692 639 2729; x_wconf 78' lang='lat' dir='ltr'>Oppidum</span> <span class='ocrx_word' id='word_1_1395' title='bbox 662 2692 782 2722; x_wconf 84' lang='lat' dir='ltr'>Ciliciae,</span> <span class='ocrx_word' id='word_1_1396' title='bbox 806 2689 928 2727; x_wconf 81' lang='lat' dir='ltr'>ignobile,</span> <span class='ocrx_word' id='word_1_1397' title='bbox 946 2696 977 2716; x_wconf 85' lang='lat' dir='ltr'>vt</span> <span class='ocrx_word' id='word_1_1398' title='bbox 999 2688 1107 2723; x_wconf 65' lang='lat' dir='ltr'>ostendit</span> <span class='ocrx_word' id='word_1_1399' title='bbox 1204 2701 1270 2720; x_wconf 81' lang='lat' dir='ltr'>1&gt;1N</span> <span class='ocrx_word' id='word_1_1400' title='bbox 1282 2699 1302 2719; x_wconf 77' lang='lat'>0</span> <span class='ocrx_word' id='word_1_1401' title='bbox 1315 2700 1394 2726; x_wconf 81' lang='lat' dir='ltr'>VIS,</span> <span class='ocrx_word' id='word_1_1402' title='bbox 1414 2702 1437 2720; x_wconf 79' lang='lat' dir='ltr'>e,</span> <span class='ocrx_word' id='word_1_1403' title='bbox 1459 2694 1492 2719; x_wconf 63' lang='lat' dir='ltr'>A.</span> <span class='ocrx_word' id='word_1_1404' title='bbox 1504 2693 1521 2720; x_wconf 84' lang='lat' dir='ltr'>i.</span> <span class='ocrx_word' id='word_1_1405' title='bbox 1559 2693 1651 2726; x_wconf 71' lang='grc' dir='ltr'><strong><em>[πίων,</em></strong></span> <span class='ocrx_word' id='word_1_1406' title='bbox 1669 2692 1766 2726; x_wconf 68' lang='grc' dir='ltr'>τριχὸς,</span> <span class='ocrx_word' id='word_1_1407' title='bbox 1784 2692 1905 2726; x_wconf 73' lang='grc' dir='ltr'>πιμελῆς,</span> <span class='ocrx_word' id='word_1_1408' title='bbox 1920 2692 2038 2728; x_wconf 47' lang='grc' dir='ltr'>λιπαροὶ]</span> <span class='ocrx_word' id='word_1_1409' title='bbox 2074 2695 2233 2723; x_wconf 81' lang='lat' dir='ltr'>Animalium</span> 
     </span>
     <span class='ocr_line' id='line_1_153' title="bbox 41 2725 2233 2768; baseline 0.001 -12"><span class='ocrx_word' id='word_1_1410' title='bbox 41 2729 100 2756; x_wconf 82' lang='lat' dir='ltr'>Cic.</span> <span class='ocrx_word' id='word_1_1411' title='bbox 116 2729 189 2755; x_wconf 88' lang='lat' dir='ltr'>Fam.</span> <span class='ocrx_word' id='word_1_1412' title='bbox 201 2736 227 2760; x_wconf 83' lang='lat'>2,</span> <span class='ocrx_word' id='word_1_1413' title='bbox 242 2736 270 2754; x_wconf 86' lang='lat'>10</span> <span class='ocrx_word' id='word_1_1414' title='bbox 302 2728 466 2762; x_wconf 78' lang='lat' dir='ltr'>Oppugnaui</span> <span class='ocrx_word' id='word_1_1415' title='bbox 478 2730 599 2764; x_wconf 83' lang='lat' dir='ltr'>quinque</span> <span class='ocrx_word' id='word_1_1416' title='bbox 611 2734 638 2755; x_wconf 88' lang='lat' dir='ltr'>et</span> <span class='ocrx_word' id='word_1_1417' title='bbox 651 2728 752 2763; x_wconf 80' lang='lat' dir='ltr'>viginti</span> <span class='ocrx_word' id='word_1_1418' title='bbox 769 2727 865 2754; x_wconf 88' lang='lat' dir='ltr'>dicbus</span> <span class='ocrx_word' id='word_1_1419' title='bbox 887 2725 1029 2760; x_wconf 78' lang='lat' dir='ltr'>aggeribus</span> <span class='ocrx_word' id='word_1_1420' title='bbox 1039 2746 1047 2758; x_wconf 90' lang='lat'>‚</span> <span class='ocrx_word' id='word_1_1421' title='bbox 1067 2726 1105 2752; x_wconf 83' lang='lat' dir='ltr'>vi·</span> <span class='ocrx_word' id='word_1_1422' title='bbox 1166 2730 1308 2765; x_wconf 68' lang='lat' dir='ltr'>epitheton,</span> <span class='ocrx_word' id='word_1_1423' title='bbox 1327 2739 1381 2755; x_wconf 80' lang='lat' dir='ltr'>cum</span> <span class='ocrx_word' id='word_1_1424' title='bbox 1394 2739 1442 2756; x_wconf 86' lang='lat' dir='ltr'>non</span> <span class='ocrx_word' id='word_1_1425' title='bbox 1456 2739 1555 2756; x_wconf 73' lang='lat' dir='ltr'>carnem</span> <span class='ocrx_word' id='word_1_1426' title='bbox 1569 2729 1639 2756; x_wconf 83' lang='lat' dir='ltr'>mado</span> <span class='ocrx_word' id='word_1_1427' title='bbox 1651 2731 1755 2756; x_wconf 83' lang='lat' dir='ltr'>multam</span> <span class='ocrx_word' id='word_1_1428' title='bbox 1769 2729 1928 2764; x_wconf 75' lang='lat' dir='ltr'>habent,sed</span> <span class='ocrx_word' id='word_1_1429' title='bbox 1937 2729 2040 2765; x_wconf 73' lang='lat' dir='ltr'>oleosum</span> <span class='ocrx_word' id='word_1_1430' title='bbox 2053 2730 2117 2757; x_wconf 81' lang='lat' dir='ltr'>illud</span> <span class='ocrx_word' id='word_1_1431' title='bbox 2129 2740 2233 2768; x_wconf 79' lang='lat' dir='ltr'>quoque,</span> 
     </span>
     <span class='ocr_line' id='line_1_154' title="bbox 34 2762 2233 2804; baseline 0.001 -12"><span class='ocrx_word' id='word_1_1432' title='bbox 34 2765 118 2798; x_wconf 67' lang='lat' dir='ltr'>neis,</span> <span class='ocrx_word' id='word_1_1433' title='bbox 136 2763 258 2791; x_wconf 83' lang='lat' dir='ltr'>turribus</span> <span class='ocrx_word' id='word_1_1434' title='bbox 276 2763 407 2798; x_wconf 86' lang='lat' dir='ltr'>oppidum</span> <span class='ocrx_word' id='word_1_1435' title='bbox 426 2764 604 2791; x_wconf 74' lang='lat' dir='ltr'>Pindenissum</span> <span class='ocrx_word' id='word_1_1436' title='bbox 624 2763 845 2796; x_wconf 86' lang='lat' dir='ltr'>munitissimum,</span> <span class='ocrx_word' id='word_1_1437' title='bbox 865 2763 945 2789; x_wconf 80' lang='lat' dir='ltr'>tantis</span> <span class='ocrx_word' id='word_1_1438' title='bbox 965 2762 1105 2797; x_wconf 82' lang='lat' dir='ltr'>operibus,</span> <span class='ocrx_word' id='word_1_1439' title='bbox 1121 2780 1153 2804; x_wconf 83' lang='lat'>70</span> <span class='ocrx_word' id='word_1_1440' title='bbox 1166 2765 1233 2802; x_wconf 76' lang='lat' dir='ltr'>quod</span> <span class='ocrx_word' id='word_1_1441' title='bbox 1244 2765 1343 2801; x_wconf 79' lang='lat' dir='ltr'>adipem</span> <span class='ocrx_word' id='word_1_1442' title='bbox 1357 2775 1481 2792; x_wconf 78' lang='lat' dir='ltr'>vocamus.</span> <span class='ocrx_word' id='word_1_1443' title='bbox 1519 2766 1616 2793; x_wconf 81' lang='lat' dir='ltr'>Deinde</span> <span class='ocrx_word' id='word_1_1444' title='bbox 1629 2770 1712 2793; x_wconf 85' lang='lat' dir='ltr'>omnia</span> <span class='ocrx_word' id='word_1_1445' title='bbox 1725 2775 1839 2792; x_wconf 78' lang='lat' dir='ltr'>vocamus</span> <span class='ocrx_word' id='word_1_1446' title='bbox 1851 2765 1973 2800; x_wconf 73' lang='lat' dir='ltr'>pinguia,</span> <span class='ocrx_word' id='word_1_1447' title='bbox 1988 2775 2049 2802; x_wconf 78' lang='lat' dir='ltr'>quae</span> <span class='ocrx_word' id='word_1_1448' title='bbox 2059 2766 2117 2794; x_wconf 80' lang='lat' dir='ltr'>bene</span> <span class='ocrx_word' id='word_1_1449' title='bbox 2130 2771 2233 2796; x_wconf 84' lang='lat' dir='ltr'>nutrita</span> 
     </span>
     <span class='ocr_line' id='line_1_155' title="bbox 40 2798 2232 2838; baseline 0.001 -9"><span class='ocrx_word' id='word_1_1450' title='bbox 40 2807 70 2830; x_wconf 87' lang='lat' dir='ltr'>vt</span> <span class='ocrx_word' id='word_1_1451' title='bbox 82 2799 152 2828; x_wconf 77' lang='lat' dir='ltr'>mihi</span> <span class='ocrx_word' id='word_1_1452' title='bbox 165 2799 197 2827; x_wconf 70' lang='lat' dir='ltr'>ad</span> <span class='ocrx_word' id='word_1_1453' title='bbox 212 2800 342 2826; x_wconf 67' lang='lat' dir='ltr'>summam</span> <span class='ocrx_word' id='word_1_1454' title='bbox 354 2799 469 2834; x_wconf 67' lang='lat' dir='ltr'>gloriam</span> <span class='ocrx_word' id='word_1_1455' title='bbox 481 2800 552 2827; x_wconf 74' lang='lat' dir='ltr'>nihil</span> <span class='ocrx_word' id='word_1_1456' title='bbox 565 2800 646 2831; x_wconf 81' lang='lat' dir='ltr'>defit,</span> <span class='ocrx_word' id='word_1_1457' title='bbox 664 2800 714 2827; x_wconf 66' lang='lat' dir='ltr'>nist</span> <span class='ocrx_word' id='word_1_1458' title='bbox 735 2809 835 2826; x_wconf 75' lang='lat' dir='ltr'>nomen</span> <span class='ocrx_word' id='word_1_1459' title='bbox 854 2798 965 2834; x_wconf 72' lang='lat' dir='ltr'>Oppidi,</span> <span class='ocrx_word' id='word_1_1460' title='bbox 994 2801 1013 2825; x_wconf 69' lang='grc' dir='ltr'>ἰ·</span> <span class='ocrx_word' id='word_1_1461' title='bbox 1026 2798 1105 2834; x_wconf 65' lang='lat' dir='ltr'>,fama</span> <span class='ocrx_word' id='word_1_1462' title='bbox 1166 2810 1189 2828; x_wconf 78' lang='lat' dir='ltr'>et</span> <span class='ocrx_word' id='word_1_1463' title='bbox 1201 2802 1261 2828; x_wconf 79' lang='lat' dir='ltr'>hinc</span> <span class='ocrx_word' id='word_1_1464' title='bbox 1273 2801 1359 2828; x_wconf 77' lang='lat' dir='ltr'>nitida</span> <span class='ocrx_word' id='word_1_1465' title='bbox 1370 2801 1453 2829; x_wconf 67' lang='lat' dir='ltr'>dicere</span> <span class='ocrx_word' id='word_1_1466' title='bbox 1466 2803 1578 2829; x_wconf 82' lang='lat' dir='ltr'>volumus</span> <span class='ocrx_word' id='word_1_1467' title='bbox 1591 2813 1599 2827; x_wconf 92' lang='lat'><em>:</em></span> <span class='ocrx_word' id='word_1_1468' title='bbox 1638 2809 1668 2828; x_wconf 85' lang='lat' dir='ltr'>vt</span> <span class='ocrx_word' id='word_1_1469' title='bbox 1682 2804 1756 2828; x_wconf 81' lang='lat' dir='ltr'>etiam</span> <span class='ocrx_word' id='word_1_1470' title='bbox 1779 2808 1904 2828; x_wconf 80' lang='lat' dir='ltr'>terrarum</span> <span class='ocrx_word' id='word_1_1471' title='bbox 1928 2807 1952 2827; x_wconf 82' lang='lat' dir='ltr'>et</span> <span class='ocrx_word' id='word_1_1472' title='bbox 1971 2811 2089 2837; x_wconf 79' lang='lat' dir='ltr'>agrorum</span> <span class='ocrx_word' id='word_1_1473' title='bbox 2112 2804 2168 2830; x_wconf 80' lang='lat' dir='ltr'>taus</span> <span class='ocrx_word' id='word_1_1474' title='bbox 2182 2803 2232 2838; x_wconf 84' lang='lat' dir='ltr'>fit.</span> 
     </span>
     <span class='ocr_line' id='line_1_156' title="bbox 40 2836 2231 2873; baseline 0.001 -9"><span class='ocrx_word' id='word_1_1475' title='bbox 40 2844 66 2864; x_wconf 71' lang='lat' dir='ltr'>et</span> <span class='ocrx_word' id='word_1_1476' title='bbox 99 2836 248 2869; x_wconf 75' lang='lat' dir='ltr'>celebritas,</span> <span class='ocrx_word' id='word_1_1477' title='bbox 265 2845 319 2862; x_wconf 89' lang='lat' dir='ltr'>cum</span> <span class='ocrx_word' id='word_1_1478' title='bbox 349 2845 418 2862; x_wconf 76' lang='lat' dir='ltr'>nemo</span> <span class='ocrx_word' id='word_1_1479' title='bbox 448 2839 534 2870; x_wconf 82' lang='lat' dir='ltr'>norit,</span> <span class='ocrx_word' id='word_1_1480' title='bbox 570 2840 660 2873; x_wconf 83' lang='lat' dir='ltr'>quanti</span> <span class='ocrx_word' id='word_1_1481' title='bbox 692 2836 787 2863; x_wconf 82' lang='lat' dir='ltr'>laboris</span> <span class='ocrx_word' id='word_1_1482' title='bbox 822 2842 847 2862; x_wconf 76' lang='lat' dir='ltr'>et</span> <span class='ocrx_word' id='word_1_1483' title='bbox 879 2837 988 2862; x_wconf 80' lang='lat' dir='ltr'>virtutis</span> <span class='ocrx_word' id='word_1_1484' title='bbox 1016 2836 1106 2871; x_wconf 77' lang='lat' dir='ltr'>fuerit</span> <span class='ocrx_word' id='word_1_1485' title='bbox 1165 2838 1233 2864; x_wconf 78' lang='lat' dir='ltr'>Plin.</span> <span class='ocrx_word' id='word_1_1486' title='bbox 1252 2847 1290 2871; x_wconf 82' lang='grc' dir='ltr'>ιο,</span> <span class='ocrx_word' id='word_1_1487' title='bbox 1305 2847 1337 2871; x_wconf 81' lang='lat'>50</span> <span class='ocrx_word' id='word_1_1488' title='bbox 1353 2838 1480 2865; x_wconf 84' lang='lat' dir='ltr'>Feminae</span> <span class='ocrx_word' id='word_1_1489' title='bbox 1495 2838 1603 2873; x_wconf 87' lang='lat' dir='ltr'>quidem</span> <span class='ocrx_word' id='word_1_1490' title='bbox 1618 2838 1650 2864; x_wconf 83' lang='lat' dir='ltr'>ad</span> <span class='ocrx_word' id='word_1_1491' title='bbox 1663 2838 1780 2871; x_wconf 82' lang='lat' dir='ltr'>saginam</span> <span class='ocrx_word' id='word_1_1492' title='bbox 1793 2846 1849 2864; x_wconf 86' lang='lat' dir='ltr'>non</span> <span class='ocrx_word' id='word_1_1493' title='bbox 1861 2846 1953 2864; x_wconf 81' lang='lat' dir='ltr'>omnes</span> <span class='ocrx_word' id='word_1_1494' title='bbox 1965 2838 2168 2873; x_wconf 80' lang='lat' dir='ltr'>eliguntur‚nec</span> <span class='ocrx_word' id='word_1_1495' title='bbox 2181 2840 2231 2867; x_wconf 85' lang='lat' dir='ltr'>nisi</span> 
     </span>
     <span class='ocr_line' id='line_1_157' title="bbox 39 2873 2231 2910; baseline 0 -9"><span class='ocrx_word' id='word_1_1496' title='bbox 39 2873 105 2910; x_wconf 69' lang='lat' dir='ltr'>illud</span> <span class='ocrx_word' id='word_1_1497' title='bbox 122 2880 216 2908; x_wconf 77' lang='lat' dir='ltr'>capere.</span> <span class='ocrx_word' id='word_1_1498' title='bbox 1165 2874 1195 2900; x_wconf 89' lang='lat' dir='ltr'>in</span> <span class='ocrx_word' id='word_1_1499' title='bbox 1207 2874 1311 2901; x_wconf 85' lang='lat' dir='ltr'>ceruice</span> <span class='ocrx_word' id='word_1_1500' title='bbox 1323 2874 1418 2909; x_wconf 80' lang='lat' dir='ltr'>pingui</span> <span class='ocrx_word' id='word_1_1501' title='bbox 1430 2881 1499 2901; x_wconf 84' lang='lat' dir='ltr'>cute.</span> <span class='ocrx_word' id='word_1_1502' title='bbox 1591 2874 1702 2907; x_wconf 82' lang='lat' dir='ltr'>Pingues</span> <span class='ocrx_word' id='word_1_1503' title='bbox 1716 2879 1741 2899; x_wconf 89' lang='lat' dir='ltr'>et</span> <span class='ocrx_word' id='word_1_1504' title='bbox 1756 2873 1873 2899; x_wconf 78' lang='lat' dir='ltr'>valentes</span> <span class='ocrx_word' id='word_1_1505' title='bbox 1888 2873 2019 2901; x_wconf 79' lang='lat' dir='ltr'>Thebani</span> <span class='ocrx_word' id='word_1_1506' title='bbox 2046 2875 2103 2902; x_wconf 87' lang='lat' dir='ltr'>Cic.</span> <span class='ocrx_word' id='word_1_1507' title='bbox 2118 2875 2151 2902; x_wconf 90' lang='lat' dir='ltr'>de</span> <span class='ocrx_word' id='word_1_1508' title='bbox 2163 2876 2231 2903; x_wconf 84' lang='lat' dir='ltr'>Fato</span> 
     </span>
    </p>

    <p class='ocr_par' dir='ltr' id='par_1_57' title="bbox 26 2905 2230 3163">
     <span class='ocr_line' id='line_1_158' title="bbox 77 2905 2230 2947; baseline 0.001 -12"><span class='ocrx_word' id='word_1_1509' title='bbox 77 2916 111 2935; x_wconf 81' lang='lat' dir='ltr'>Pl</span> <span class='ocrx_word' id='word_1_1510' title='bbox 122 2916 144 2935; x_wconf 82' lang='lat' dir='ltr'>N</span> <span class='ocrx_word' id='word_1_1511' title='bbox 154 2915 202 2936; x_wconf 90' lang='lat' dir='ltr'>DV</span> <span class='ocrx_word' id='word_1_1512' title='bbox 212 2915 225 2935; x_wconf 90' lang='lat' dir='ltr'>s</span> <span class='ocrx_word' id='word_1_1513' title='bbox 235 2927 244 2940; x_wconf 89' lang='lat'><em>‚</em></span> <span class='ocrx_word' id='word_1_1514' title='bbox 282 2906 303 2934; x_wconf 87' lang='lat' dir='ltr'>i.</span> <span class='ocrx_word' id='word_1_1515' title='bbox 342 2917 379 2935; x_wconf 89' lang='lat' dir='ltr'>m.</span> <span class='ocrx_word' id='word_1_1516' title='bbox 415 2905 532 2944; x_wconf 65' lang='grc' dir='ltr'>[Πίνδος]</span> <span class='ocrx_word' id='word_1_1517' title='bbox 567 2907 736 2943; x_wconf 73' lang='lat' dir='ltr'>Lapitharum</span> <span class='ocrx_word' id='word_1_1518' title='bbox 754 2906 843 2947; x_wconf 39' lang='lat' dir='ltr'>fidei-¹,</span> <span class='ocrx_word' id='word_1_1519' title='bbox 862 2917 928 2933; x_wconf 79' lang='lat' dir='ltr'>mon.</span> <span class='ocrx_word' id='word_1_1520' title='bbox 956 2905 1106 2940; x_wconf 71' lang='lat' dir='ltr'>Thsffiliae‚</span> <span class='ocrx_word' id='word_1_1521' title='bbox 1166 2917 1192 2944; x_wconf 87' lang='lat'>7.</span> <span class='ocrx_word' id='word_1_1522' title='bbox 1265 2911 1340 2944; x_wconf 80' lang='lat' dir='ltr'>Virg.</span> <span class='ocrx_word' id='word_1_1523' title='bbox 1356 2911 1454 2944; x_wconf 86' lang='lat' dir='ltr'>Georg.</span> <span class='ocrx_word' id='word_1_1524' title='bbox 1470 2920 1498 2943; x_wconf 87' lang='lat'>4,</span> <span class='ocrx_word' id='word_1_1525' title='bbox 1514 2915 1551 2940; x_wconf 85' lang='grc'>118</span> <span class='ocrx_word' id='word_1_1526' title='bbox 1570 2910 1602 2936; x_wconf 89' lang='lat' dir='ltr'>Et</span> <span class='ocrx_word' id='word_1_1527' title='bbox 1617 2910 1729 2944; x_wconf 81' lang='lat' dir='ltr'>pingues</span> <span class='ocrx_word' id='word_1_1528' title='bbox 1744 2908 1846 2936; x_wconf 60' lang='lat' dir='ltr'>hortm*-</span> <span class='ocrx_word' id='word_1_1529' title='bbox 1920 2910 1987 2944; x_wconf 81' lang='lat' dir='ltr'>Agri</span> <span class='ocrx_word' id='word_1_1530' title='bbox 2008 2910 2114 2938; x_wconf 85' lang='lat' dir='ltr'>Lucret.</span> <span class='ocrx_word' id='word_1_1531' title='bbox 2124 2919 2230 2946; x_wconf 84' lang='lat'>5,1247.</span> 
     </span>
     <span class='ocr_line' id='line_1_159' title="bbox 40 2943 2230 2982; baseline -0.001 -10"><span class='ocrx_word' id='word_1_1532' title='bbox 40 2944 156 2982; x_wconf 64' lang='lat' dir='ltr'>Apoffini</span> <span class='ocrx_word' id='word_1_1533' title='bbox 169 2943 387 2980; x_wconf 74' lang='lat' dir='ltr'>Musisquefhcer.</span> <span class='ocrx_word' id='word_1_1534' title='bbox 443 2943 621 2971; x_wconf 86' lang='lat' dir='ltr'>Acarnaniam</span> <span class='ocrx_word' id='word_1_1535' title='bbox 639 2944 673 2970; x_wconf 92' lang='lat' dir='ltr'>ab</span> <span class='ocrx_word' id='word_1_1536' title='bbox 688 2943 796 2970; x_wconf 87' lang='lat' dir='ltr'>Aetolia</span> <span class='ocrx_word' id='word_1_1537' title='bbox 809 2943 922 2974; x_wconf 81' lang='lat' dir='ltr'>diuidit,</span> <span class='ocrx_word' id='word_1_1538' title='bbox 942 2950 971 2970; x_wconf 73' lang='lat' dir='ltr'>ut</span> <span class='ocrx_word' id='word_1_1539' title='bbox 986 2947 1024 2969; x_wconf 84' lang='lat' dir='ltr'>ait</span> <span class='ocrx_word' id='word_1_1540' title='bbox 1039 2943 1106 2969; x_wconf 83' lang='lat' dir='ltr'>Soli·</span> <span class='ocrx_word' id='word_1_1541' title='bbox 1120 2958 1148 2982; x_wconf 87' lang='lat'>75</span> <span class='ocrx_word' id='word_1_1542' title='bbox 1166 2948 1238 2980; x_wconf 82' lang='lat' dir='ltr'>Ager</span> <span class='ocrx_word' id='word_1_1543' title='bbox 1252 2946 1358 2980; x_wconf 82' lang='lat' dir='ltr'>pinguis</span> <span class='ocrx_word' id='word_1_1544' title='bbox 1372 2954 1400 2971; x_wconf 83' lang='lat' dir='ltr'>ac</span> <span class='ocrx_word' id='word_1_1545' title='bbox 1414 2947 1499 2980; x_wconf 87' lang='lat' dir='ltr'>putris</span> <span class='ocrx_word' id='word_1_1546' title='bbox 1518 2945 1653 2972; x_wconf 85' lang='lat' dir='ltr'>Columel.</span> <span class='ocrx_word' id='word_1_1547' title='bbox 1669 2955 1695 2978; x_wconf 90' lang='lat' dir='ltr'>z,</span> <span class='ocrx_word' id='word_1_1548' title='bbox 1710 2954 1731 2972; x_wconf 81' lang='lat'>2.</span> <span class='ocrx_word' id='word_1_1549' title='bbox 1821 2946 1995 2980; x_wconf 75' lang='lat' dir='ltr'>pinguiorem</span> <span class='ocrx_word' id='word_1_1550' title='bbox 2010 2948 2115 2982; x_wconf 83' lang='lat' dir='ltr'>Agnum</span> <span class='ocrx_word' id='word_1_1551' title='bbox 2127 2947 2170 2973; x_wconf 87' lang='lat' dir='ltr'>illi</span> <span class='ocrx_word' id='word_1_1552' title='bbox 2184 2947 2230 2973; x_wconf 70' lang='lat' dir='ltr'>ha-</span> 
     </span>
     <span class='ocr_line' id='line_1_160' title="bbox 26 2979 2229 3017; baseline -0.001 -9"><span class='ocrx_word' id='word_1_1553' title='bbox 26 2989 100 3008; x_wconf 59' lang='lat' dir='ltr'>*num</span> <span class='ocrx_word' id='word_1_1554' title='bbox 170 2981 235 3015; x_wconf 86' lang='lat' dir='ltr'>Iuga</span> <span class='ocrx_word' id='word_1_1555' title='bbox 248 2980 327 3007; x_wconf 87' lang='lat' dir='ltr'>Pindi</span> <span class='ocrx_word' id='word_1_1556' title='bbox 343 2981 420 3015; x_wconf 86' lang='lat' dir='ltr'>Virg.</span> <span class='ocrx_word' id='word_1_1557' title='bbox 436 2980 491 3006; x_wconf 84' lang='lat' dir='ltr'>Ecl.</span> <span class='ocrx_word' id='word_1_1558' title='bbox 507 2988 587 3012; x_wconf 87' lang='grc'>10,11.</span> <span class='ocrx_word' id='word_1_1559' title='bbox 696 2980 795 3006; x_wconf 86' lang='lat' dir='ltr'>Vertex</span> <span class='ocrx_word' id='word_1_1560' title='bbox 810 2979 887 3006; x_wconf 87' lang='lat' dir='ltr'>Pindi</span> <span class='ocrx_word' id='word_1_1561' title='bbox 906 2980 1034 3012; x_wconf 54' lang='lat' dir='ltr'>Lucana,</span> <span class='ocrx_word' id='word_1_1562' title='bbox 1041 2981 1104 3011; x_wconf 88' lang='lat'>669.</span> <span class='ocrx_word' id='word_1_1563' title='bbox 1166 2981 1231 3008; x_wconf 76' lang='lat' dir='ltr'>beut</span> <span class='ocrx_word' id='word_1_1564' title='bbox 1251 2981 1334 3008; x_wconf 71' lang='lat' dir='ltr'>Plaut.</span> <span class='ocrx_word' id='word_1_1565' title='bbox 1350 2981 1412 3007; x_wconf 81' lang='lat' dir='ltr'>Aul,</span> <span class='ocrx_word' id='word_1_1566' title='bbox 1425 2990 1450 3012; x_wconf 84' lang='lat'>2,</span> <span class='ocrx_word' id='word_1_1567' title='bbox 1466 2990 1493 3014; x_wconf 86' lang='lat'>2,</span> <span class='ocrx_word' id='word_1_1568' title='bbox 1507 2990 1528 3014; x_wconf 78' lang='grc' dir='ltr'>ς.</span> <span class='ocrx_word' id='word_1_1569' title='bbox 1637 2982 1707 3016; x_wconf 78' lang='lat' dir='ltr'>Agni</span> <span class='ocrx_word' id='word_1_1570' title='bbox 1733 2981 1808 3016; x_wconf 86' lang='lat' dir='ltr'>Virg.</span> <span class='ocrx_word' id='word_1_1571' title='bbox 1823 2982 1923 3017; x_wconf 77' lang='lat' dir='ltr'>Georg,</span> <span class='ocrx_word' id='word_1_1572' title='bbox 1939 2992 1957 3015; x_wconf 72' lang='grc' dir='ltr'>ι,</span> <span class='ocrx_word' id='word_1_1573' title='bbox 1972 2991 2026 3016; x_wconf 74' lang='lat'>341,</span> <span class='ocrx_word' id='word_1_1574' title='bbox 2133 2983 2229 3010; x_wconf 75' lang='lat' dir='ltr'>Amnis</span> 
     </span>
     <span class='ocr_line' id='line_1_161' title="bbox 43 3014 2228 3053; baseline 0 -9"><span class='ocrx_word' id='word_1_1575' title='bbox 43 3017 137 3053; x_wconf 85' lang='lat' dir='ltr'>Ingens</span> <span class='ocrx_word' id='word_1_1576' title='bbox 151 3016 249 3043; x_wconf 82' lang='lat' dir='ltr'>Pindus</span> <span class='ocrx_word' id='word_1_1577' title='bbox 267 3016 356 3045; x_wconf 85' lang='lat' dir='ltr'>Senec.</span> <span class='ocrx_word' id='word_1_1578' title='bbox 370 3016 443 3043; x_wconf 88' lang='lat' dir='ltr'>Med.</span> <span class='ocrx_word' id='word_1_1579' title='bbox 458 3017 476 3043; x_wconf 91' lang='lat' dir='ltr'>s.</span> <span class='ocrx_word' id='word_1_1580' title='bbox 489 3025 516 3049; x_wconf 88' lang='lat'>9.</span> <span class='ocrx_word' id='word_1_1581' title='bbox 606 3014 716 3042; x_wconf 87' lang='lat' dir='ltr'>Niualis</span> <span class='ocrx_word' id='word_1_1582' title='bbox 735 3015 809 3042; x_wconf 87' lang='lat' dir='ltr'>Idem</span> <span class='ocrx_word' id='word_1_1583' title='bbox 823 3015 891 3042; x_wconf 86' lang='lat' dir='ltr'>ibid.</span> <span class='ocrx_word' id='word_1_1584' title='bbox 906 3016 925 3042; x_wconf 88' lang='lat' dir='ltr'>s.</span> <span class='ocrx_word' id='word_1_1585' title='bbox 939 3017 964 3041; x_wconf 88' lang='lat'>6.</span> <span class='ocrx_word' id='word_1_1586' title='bbox 1044 3015 1104 3041; x_wconf 78' lang='lat' dir='ltr'>Por-</span> <span class='ocrx_word' id='word_1_1587' title='bbox 1164 3017 1254 3043; x_wconf 80' lang='lat' dir='ltr'>Valet.</span> <span class='ocrx_word' id='word_1_1588' title='bbox 1270 3017 1370 3052; x_wconf 81' lang='lat' dir='ltr'>Argon.</span> <span class='ocrx_word' id='word_1_1589' title='bbox 1385 3027 1407 3052; x_wconf 86' lang='lat'>5,</span> <span class='ocrx_word' id='word_1_1590' title='bbox 1422 3026 1485 3051; x_wconf 81' lang='lat'>424.</span> <span class='ocrx_word' id='word_1_1591' title='bbox 1524 3017 1581 3044; x_wconf 82' lang='lat' dir='ltr'>MS.</span> <span class='ocrx_word' id='word_1_1592' title='bbox 1602 3018 1708 3050; x_wconf 87' lang='lat' dir='ltr'>Annus,</span> <span class='ocrx_word' id='word_1_1593' title='bbox 1728 3025 1752 3044; x_wconf 85' lang='lat' dir='ltr'>et</span> <span class='ocrx_word' id='word_1_1594' title='bbox 1780 3021 1819 3044; x_wconf 80' lang='lat' dir='ltr'>ita</span> <span class='ocrx_word' id='word_1_1595' title='bbox 1849 3018 1918 3045; x_wconf 82' lang='lat' dir='ltr'>Edit.</span> <span class='ocrx_word' id='word_1_1596' title='bbox 1953 3019 2039 3045; x_wconf 71' lang='lat' dir='ltr'>Hui-m.</span> <span class='ocrx_word' id='word_1_1597' title='bbox 2121 3019 2228 3046; x_wconf 86' lang='lat' dir='ltr'>Arnum</span> 
     </span>
     <span class='ocr_line' id='line_1_162' title="bbox 41 3051 2229 3091; baseline 0 -10"><span class='ocrx_word' id='word_1_1598' title='bbox 41 3051 137 3091; x_wconf 53' lang='lat' dir='ltr'>rhaebi</span> <span class='ocrx_word' id='word_1_1599' title='bbox 151 3059 287 3081; x_wconf 86' lang='lat' dir='ltr'>tremuere</span> <span class='ocrx_word' id='word_1_1600' title='bbox 303 3052 441 3080; x_wconf 81' lang='lat' dir='ltr'>cacumina</span> <span class='ocrx_word' id='word_1_1601' title='bbox 453 3052 532 3079; x_wconf 83' lang='lat' dir='ltr'>Pindi</span> <span class='ocrx_word' id='word_1_1602' title='bbox 553 3052 677 3086; x_wconf 83' lang='lat' dir='ltr'>Propert.</span> <span class='ocrx_word' id='word_1_1603' title='bbox 689 3060 711 3084; x_wconf 83' lang='lat'>3,</span> <span class='ocrx_word' id='word_1_1604' title='bbox 725 3059 748 3084; x_wconf 90' lang='lat'>5,</span> <span class='ocrx_word' id='word_1_1605' title='bbox 760 3061 794 3084; x_wconf 81' lang='lat'>33.</span> <span class='ocrx_word' id='word_1_1606' title='bbox 1164 3053 1242 3087; x_wconf 84' lang='lat' dir='ltr'>Virg.</span> <span class='ocrx_word' id='word_1_1607' title='bbox 1258 3053 1310 3079; x_wconf 83' lang='lat' dir='ltr'>Ecl.</span> <span class='ocrx_word' id='word_1_1608' title='bbox 1325 3062 1348 3085; x_wconf 89' lang='grc'>3,</span> <span class='ocrx_word' id='word_1_1609' title='bbox 1365 3062 1421 3080; x_wconf 64' lang='lat'>107.</span> <span class='ocrx_word' id='word_1_1610' title='bbox 1493 3054 1549 3080; x_wconf 89' lang='lat' dir='ltr'>Cic.</span> <span class='ocrx_word' id='word_1_1611' title='bbox 1564 3053 1596 3079; x_wconf 90' lang='lat' dir='ltr'>de</span> <span class='ocrx_word' id='word_1_1612' title='bbox 1611 3054 1705 3080; x_wconf 90' lang='lat' dir='ltr'>Diuin.</span> <span class='ocrx_word' id='word_1_1613' title='bbox 1721 3063 1740 3086; x_wconf 88' lang='lat'>1,</span> <span class='ocrx_word' id='word_1_1614' title='bbox 1756 3063 1796 3085; x_wconf 83' lang='lat'>130</span> <span class='ocrx_word' id='word_1_1615' title='bbox 1816 3054 1843 3080; x_wconf 86' lang='lat' dir='ltr'>Si</span> <span class='ocrx_word' id='word_1_1616' title='bbox 1857 3054 1999 3081; x_wconf 82' lang='lat' dir='ltr'>obscurior</span> <span class='ocrx_word' id='word_1_1617' title='bbox 2011 3052 2083 3088; x_wconf 80' lang='lat' dir='ltr'>quasi</span> <span class='ocrx_word' id='word_1_1618' title='bbox 2097 3055 2229 3089; x_wconf 85' lang='lat' dir='ltr'>caligino-</span> 
     </span>
     <span class='ocr_line' id='line_1_163' title="bbox 33 3084 2228 3141; baseline 0 -24"><span class='ocrx_word' id='word_1_1619' title='bbox 33 3084 67 3141; x_wconf 42' lang='lat' dir='ltr'>aey&#39;</span> <span class='ocrx_word' id='word_1_1620' title='bbox 77 3096 142 3117; x_wconf 75' lang='lat' dir='ltr'>PJN</span> <span class='ocrx_word' id='word_1_1621' title='bbox 151 3095 214 3121; x_wconf 84' lang='lat' dir='ltr'>EA,</span> <span class='ocrx_word' id='word_1_1622' title='bbox 236 3095 252 3116; x_wconf 76' lang='grc' dir='ltr'>Ρ</span> <span class='ocrx_word' id='word_1_1623' title='bbox 264 3096 273 3114; x_wconf 94' lang='lat'>1</span> <span class='ocrx_word' id='word_1_1624' title='bbox 284 3096 306 3116; x_wconf 89' lang='grc' dir='ltr'>Ν</span> <span class='ocrx_word' id='word_1_1625' title='bbox 318 3095 336 3115; x_wconf 86' lang='grc' dir='ltr'><strong>Ε</strong></span> <span class='ocrx_word' id='word_1_1626' title='bbox 348 3095 370 3115; x_wconf 86' lang='grc' dir='ltr'>Τ</span> <span class='ocrx_word' id='word_1_1627' title='bbox 382 3096 403 3115; x_wconf 83' lang='grc' dir='ltr'><strong><em>ν</em></strong></span> <span class='ocrx_word' id='word_1_1628' title='bbox 412 3096 437 3115; x_wconf 88' lang='lat' dir='ltr'>M</span> <span class='ocrx_word' id='word_1_1629' title='bbox 446 3108 453 3120; x_wconf 88' lang='lat'>‚</span> <span class='ocrx_word' id='word_1_1630' title='bbox 473 3095 497 3115; x_wconf 81' lang='lat' dir='ltr'>et</span> <span class='ocrx_word' id='word_1_1631' title='bbox 517 3095 532 3115; x_wconf 83' lang='lat' dir='ltr'>P</span> <span class='ocrx_word' id='word_1_1632' title='bbox 542 3095 610 3115; x_wconf 46' lang='lat' dir='ltr'>lvNE</span> <span class='ocrx_word' id='word_1_1633' title='bbox 619 3095 640 3114; x_wconf 85' lang='lat' dir='ltr'>V</span> <span class='ocrx_word' id='word_1_1634' title='bbox 649 3095 661 3114; x_wconf 85' lang='lat' dir='ltr'>S</span> <span class='ocrx_word' id='word_1_1635' title='bbox 670 3108 678 3119; x_wconf 80' lang='lat'>,</span> <span class='ocrx_word' id='word_1_1636' title='bbox 694 3088 750 3114; x_wconf 84' lang='lat' dir='ltr'>vid.</span> <span class='ocrx_word' id='word_1_1637' title='bbox 771 3093 787 3113; x_wconf 77' lang='grc' dir='ltr'>Ρ</span> <span class='ocrx_word' id='word_1_1638' title='bbox 797 3095 807 3114; x_wconf 92' lang='lat'>1</span> <span class='ocrx_word' id='word_1_1639' title='bbox 817 3094 839 3114; x_wconf 79' lang='lat' dir='ltr'>N</span> <span class='ocrx_word' id='word_1_1640' title='bbox 849 3095 871 3113; x_wconf 82' lang='lat' dir='ltr'>v</span> <span class='ocrx_word' id='word_1_1641' title='bbox 880 3095 904 3115; x_wconf 79' lang='lat' dir='ltr'>S.</span> <span class='ocrx_word' id='word_1_1642' title='bbox 1165 3090 1191 3116; x_wconf 85' lang='lat' dir='ltr'>sa</span> <span class='ocrx_word' id='word_1_1643' title='bbox 1204 3089 1276 3116; x_wconf 86' lang='lat' dir='ltr'>stella</span> <span class='ocrx_word' id='word_1_1644' title='bbox 1291 3089 1439 3122; x_wconf 72' lang='lat' dir='ltr'>exstiterit,</span> <span class='ocrx_word' id='word_1_1645' title='bbox 1460 3089 1558 3124; x_wconf 83' lang='lat' dir='ltr'>pingue</span> <span class='ocrx_word' id='word_1_1646' title='bbox 1572 3096 1598 3116; x_wconf 84' lang='lat' dir='ltr'>et</span> <span class='ocrx_word' id='word_1_1647' title='bbox 1612 3096 1766 3117; x_wconf 84' lang='lat' dir='ltr'>concretum</span> <span class='ocrx_word' id='word_1_1648' title='bbox 1781 3091 1828 3117; x_wconf 78' lang='lat' dir='ltr'>ess&#39;c</span> <span class='ocrx_word' id='word_1_1649' title='bbox 1842 3090 1950 3116; x_wconf 85' lang='lat' dir='ltr'>Caelum</span> <span class='ocrx_word' id='word_1_1650' title='bbox 1959 3109 1967 3121; x_wconf 97' lang='lat'>‚</span> <span class='ocrx_word' id='word_1_1651' title='bbox 1988 3095 2018 3115; x_wconf 89' lang='lat' dir='ltr'>vt.</span> <span class='ocrx_word' id='word_1_1652' title='bbox 2039 3090 2096 3115; x_wconf 78' lang='lat' dir='ltr'>eius</span> <span class='ocrx_word' id='word_1_1653' title='bbox 2110 3090 2228 3125; x_wconf 87' lang='lat' dir='ltr'>adspira-</span> 
     </span>
     <span class='ocr_line' id='line_1_164' title="bbox 103 3120 2228 3163; baseline -0.001 -11.058"><span class='ocrx_word' id='word_1_1654' title='bbox 103 3130 174 3152; x_wconf 74' lang='lat' dir='ltr'>!NG</span> <span class='ocrx_word' id='word_1_1655' title='bbox 185 3131 222 3158; x_wconf 85' lang='lat' dir='ltr'>G,</span> <span class='ocrx_word' id='word_1_1656' title='bbox 248 3125 342 3160; x_wconf 86' lang='lat' dir='ltr'>pinxi,</span> <span class='ocrx_word' id='word_1_1657' title='bbox 369 3124 487 3160; x_wconf 71' lang='lat' dir='ltr'>piGutm,</span> <span class='ocrx_word' id='word_1_1658' title='bbox 519 3126 574 3151; x_wconf 69' lang='lat' dir='ltr'>ere.</span> <span class='ocrx_word' id='word_1_1659' title='bbox 618 3122 741 3158; x_wconf 59' lang='grc' dir='ltr'>[γράφω5</span> <span class='ocrx_word' id='word_1_1660' title='bbox 765 3123 912 3158; x_wconf 71' lang='grc' dir='ltr'><em>ζωγραφέω,</em></span> <span class='ocrx_word' id='word_1_1661' title='bbox 932 3121 1013 3148; x_wconf 59' lang='lat' dir='ltr'>romola-a</span> <span class='ocrx_word' id='word_1_1662' title='bbox 1023 3142 1030 3155; x_wconf 86' lang='lat'>,</span> <span class='ocrx_word' id='word_1_1663' title='bbox 1048 3120 1103 3148; x_wconf 72' lang='grc' dir='ltr'><em>ὖπσ-</em></span> <span class='ocrx_word' id='word_1_1664' title='bbox 1116 3136 1150 3160; x_wconf 79' lang='lat'>80</span> <span class='ocrx_word' id='word_1_1665' title='bbox 1165 3126 1205 3152; x_wconf 88' lang='lat' dir='ltr'>tio</span> <span class='ocrx_word' id='word_1_1666' title='bbox 1220 3126 1310 3159; x_wconf 83' lang='lat' dir='ltr'>grauis</span> <span class='ocrx_word' id='word_1_1667' title='bbox 1326 3131 1352 3152; x_wconf 86' lang='lat' dir='ltr'>et</span> <span class='ocrx_word' id='word_1_1668' title='bbox 1365 3126 1487 3160; x_wconf 81' lang='lat' dir='ltr'>pestilens</span> <span class='ocrx_word' id='word_1_1669' title='bbox 1502 3125 1593 3152; x_wconf 82' lang='lat' dir='ltr'>futura</span> <span class='ocrx_word' id='word_1_1670' title='bbox 1608 3126 1637 3153; x_wconf 81' lang='lat' dir='ltr'>fit</span> <span class='ocrx_word' id='word_1_1671' title='bbox 1652 3137 1658 3153; x_wconf 73' lang='grc' dir='ltr'>ε</span> <span class='ocrx_word' id='word_1_1672' title='bbox 1693 3126 1731 3153; x_wconf 85' lang='lat' dir='ltr'>fin</span> <span class='ocrx_word' id='word_1_1673' title='bbox 1747 3126 1855 3152; x_wconf 76' lang='lat' dir='ltr'>illustris</span> <span class='ocrx_word' id='word_1_1674' title='bbox 1868 3132 1893 3151; x_wconf 90' lang='lat' dir='ltr'>et</span> <span class='ocrx_word' id='word_1_1675' title='bbox 1906 3124 2042 3159; x_wconf 84' lang='lat' dir='ltr'>perlucida</span> <span class='ocrx_word' id='word_1_1676' title='bbox 2055 3125 2127 3152; x_wconf 87' lang='lat' dir='ltr'>stella</span> <span class='ocrx_word' id='word_1_1677' title='bbox 2148 3136 2228 3163; x_wconf 68' lang='lat' dir='ltr'>appa-</span> 
     </span>
    </p>

    <p class='ocr_par' dir='ltr' id='par_1_58' title="bbox 0 3131 2226 3197">
     <span class='ocr_line' id='line_1_165' title="bbox 0 3131 2226 3197; baseline 0.002 -11"><span class='ocrx_word' id='word_1_1678' title='bbox 0 3185 1 3188; x_wconf 68' lang='lat'>,</span> <span class='ocrx_word' id='word_1_1679' title='bbox 71 3131 124 3195; x_wconf 50' lang='lat' dir='ltr'>§NJ</span> <span class='ocrx_word' id='word_1_1680' title='bbox 163 3162 276 3189; x_wconf 87' lang='lat' dir='ltr'>Formam</span> <span class='ocrx_word' id='word_1_1681' title='bbox 297 3162 407 3188; x_wconf 82' lang='lat' dir='ltr'>alicuius</span> <span class='ocrx_word' id='word_1_1682' title='bbox 429 3164 469 3188; x_wconf 87' lang='lat' dir='ltr'>rei</span> <span class='ocrx_word' id='word_1_1683' title='bbox 487 3162 561 3188; x_wconf 77' lang='lat' dir='ltr'>lineis</span> <span class='ocrx_word' id='word_1_1684' title='bbox 580 3163 657 3187; x_wconf 79' lang='lat' dir='ltr'>vuius</span> <span class='ocrx_word' id='word_1_1685' title='bbox 672 3162 713 3186; x_wconf 76' lang='lat' dir='ltr'>vel</span> <span class='ocrx_word' id='word_1_1686' title='bbox 724 3160 875 3196; x_wconf 78' lang='lat' dir='ltr'>diuersorum</span> <span class='ocrx_word' id='word_1_1687' title='bbox 889 3160 995 3185; x_wconf 79' lang='lat' dir='ltr'>colorum</span> <span class='ocrx_word' id='word_1_1688' title='bbox 1007 3165 1105 3193; x_wconf 66' lang='lat' dir='ltr'>reprae-</span> <span class='ocrx_word' id='word_1_1689' title='bbox 1163 3163 1265 3194; x_wconf 85' lang='lat' dir='ltr'>ruerit,</span> <span class='ocrx_word' id='word_1_1690' title='bbox 1286 3162 1428 3195; x_wconf 81' lang='lat' dir='ltr'>significari</span> <span class='ocrx_word' id='word_1_1691' title='bbox 1441 3162 1544 3188; x_wconf 76' lang='lat' dir='ltr'>caelum</span> <span class='ocrx_word' id='word_1_1692' title='bbox 1558 3163 1607 3189; x_wconf 81' lang='lat' dir='ltr'>esse</span> <span class='ocrx_word' id='word_1_1693' title='bbox 1620 3168 1700 3190; x_wconf 89' lang='lat' dir='ltr'>tenue</span> <span class='ocrx_word' id='word_1_1694' title='bbox 1719 3170 1887 3197; x_wconf 85' lang='lat' dir='ltr'>purumque,</span> <span class='ocrx_word' id='word_1_1695' title='bbox 1905 3167 1931 3188; x_wconf 84' lang='lat' dir='ltr'>et</span> <span class='ocrx_word' id='word_1_1696' title='bbox 1952 3168 2091 3195; x_wconf 86' lang='lat' dir='ltr'>propterea</span> <span class='ocrx_word' id='word_1_1697' title='bbox 2110 3163 2226 3190; x_wconf 82' lang='lat' dir='ltr'>salubre.</span> 
     </span>
    </p>

    <p class='ocr_par' dir='ltr' id='par_1_59' title="bbox 0 3194 2225 3234">
     <span class='ocr_line' id='line_1_166' title="bbox 0 3194 2225 3234; baseline -0.003 -13"><span class='ocrx_word' id='word_1_1698' title='bbox 0 3196 25 3233; x_wconf 49' lang='lat' dir='ltr'>l,</span> <span class='ocrx_word' id='word_1_1699' title='bbox 39 3195 147 3232; x_wconf 68' lang='lat' dir='ltr'>fintan-</span> <span class='ocrx_word' id='word_1_1700' title='bbox 201 3197 271 3225; x_wconf 90' lang='lat' dir='ltr'>Plin.</span> <span class='ocrx_word' id='word_1_1701' title='bbox 285 3206 321 3231; x_wconf 79' lang='lat'>35,</span> <span class='ocrx_word' id='word_1_1702' title='bbox 336 3203 350 3228; x_wconf 87' lang='lat'>8</span> <span class='ocrx_word' id='word_1_1703' title='bbox 386 3198 462 3224; x_wconf 84' lang='lat' dir='ltr'>Adeo</span> <span class='ocrx_word' id='word_1_1704' title='bbox 483 3197 537 3224; x_wconf 86' lang='lat' dir='ltr'>iam</span> <span class='ocrx_word' id='word_1_1705' title='bbox 556 3197 679 3223; x_wconf 80' lang='lat' dir='ltr'>colorum</span> <span class='ocrx_word' id='word_1_1706' title='bbox 698 3197 757 3222; x_wconf 85' lang='lat' dir='ltr'>vsus</span> <span class='ocrx_word' id='word_1_1707' title='bbox 777 3196 959 3227; x_wconf 77' lang='lat' dir='ltr'>increbuerat,</span> <span class='ocrx_word' id='word_1_1708' title='bbox 980 3194 1047 3221; x_wconf 81' lang='lat' dir='ltr'>adeo</span> <span class='ocrx_word' id='word_1_1709' title='bbox 1062 3203 1104 3220; x_wconf 87' lang='lat' dir='ltr'>ars</span> <span class='ocrx_word' id='word_1_1710' title='bbox 1164 3199 1282 3232; x_wconf 62' lang='lat' dir='ltr'>Campus</span> <span class='ocrx_word' id='word_1_1711' title='bbox 1302 3199 1378 3232; x_wconf 68' lang='lat' dir='ltr'>Virg,</span> <span class='ocrx_word' id='word_1_1712' title='bbox 1392 3200 1530 3231; x_wconf 56' lang='lat' dir='ltr'>0201-g‚2‚</span> <span class='ocrx_word' id='word_1_1713' title='bbox 1547 3206 1609 3234; x_wconf 65' lang='lat'>274,</span> <span class='ocrx_word' id='word_1_1714' title='bbox 1719 3200 1833 3231; x_wconf 58' lang='lat' dir='ltr'>Campus</span> <span class='ocrx_word' id='word_1_1715' title='bbox 1848 3197 1976 3232; x_wconf 64' lang='lat' dir='ltr'>pinguior</span> <span class='ocrx_word' id='word_1_1716' title='bbox 1994 3195 2124 3231; x_wconf 63' lang='lat' dir='ltr'>sanguine</span> <span class='ocrx_word' id='word_1_1717' title='bbox 2155 3199 2225 3227; x_wconf 52' lang='lat' dir='ltr'>Hor·</span> 
     </span>
    </p>

    <p class='ocr_par' dir='ltr' id='par_1_60' title="bbox 46 3230 2226 3270">
     <span class='ocr_line' id='line_1_167' title="bbox 46 3230 2226 3270; baseline 0 -13"><span class='ocrx_word' id='word_1_1718' title='bbox 46 3230 162 3265; x_wconf 66' lang='lat' dir='ltr'>perfecta</span> <span class='ocrx_word' id='word_1_1719' title='bbox 173 3239 244 3266; x_wconf 79' lang='lat' dir='ltr'>erat,</span> <span class='ocrx_word' id='word_1_1720' title='bbox 263 3240 293 3261; x_wconf 87' lang='lat' dir='ltr'>vt</span> <span class='ocrx_word' id='word_1_1721' title='bbox 306 3234 336 3260; x_wconf 84' lang='lat' dir='ltr'>in</span> <span class='ocrx_word' id='word_1_1722' title='bbox 349 3243 383 3260; x_wconf 89' lang='lat' dir='ltr'>eo</span> <span class='ocrx_word' id='word_1_1723' title='bbox 398 3234 501 3269; x_wconf 86' lang='lat' dir='ltr'>praelio</span> <span class='ocrx_word' id='word_1_1724' title='bbox 514 3233 634 3260; x_wconf 86' lang='lat' dir='ltr'>iconicos</span> <span class='ocrx_word' id='word_1_1725' title='bbox 647 3232 726 3259; x_wconf 83' lang='lat' dir='ltr'>duces</span> <span class='ocrx_word' id='word_1_1726' title='bbox 741 3233 850 3267; x_wconf 76' lang='lat' dir='ltr'>pinxiss&#39;e</span> <span class='ocrx_word' id='word_1_1727' title='bbox 862 3232 989 3258; x_wconf 76' lang='lat' dir='ltr'>tradatur.</span> <span class='ocrx_word' id='word_1_1728' title='bbox 1045 3231 1102 3257; x_wconf 88' lang='lat' dir='ltr'>Cic.</span> <span class='ocrx_word' id='word_1_1729' title='bbox 1163 3235 1253 3261; x_wconf 82' lang='lat' dir='ltr'>Carm.</span> <span class='ocrx_word' id='word_1_1730' title='bbox 1269 3243 1295 3266; x_wconf 87' lang='lat'>2,</span> <span class='ocrx_word' id='word_1_1731' title='bbox 1312 3243 1332 3266; x_wconf 91' lang='lat'>1,</span> <span class='ocrx_word' id='word_1_1732' title='bbox 1349 3243 1392 3267; x_wconf 87' lang='lat'>29.</span> <span class='ocrx_word' id='word_1_1733' title='bbox 1464 3235 1568 3270; x_wconf 87' lang='lat' dir='ltr'>Corpus</span> <span class='ocrx_word' id='word_1_1734' title='bbox 1581 3244 1636 3261; x_wconf 91' lang='lat' dir='ltr'>non</span> <span class='ocrx_word' id='word_1_1735' title='bbox 1648 3236 1746 3269; x_wconf 80' lang='lat' dir='ltr'>pingue</span> <span class='ocrx_word' id='word_1_1736' title='bbox 1764 3232 1846 3260; x_wconf 91' lang='lat' dir='ltr'>Ouid.</span> <span class='ocrx_word' id='word_1_1737' title='bbox 1861 3242 1893 3260; x_wconf 90' lang='lat' dir='ltr'>ex</span> <span class='ocrx_word' id='word_1_1738' title='bbox 1907 3234 1981 3259; x_wconf 86' lang='lat' dir='ltr'>Pont.</span> <span class='ocrx_word' id='word_1_1739' title='bbox 1999 3242 2020 3266; x_wconf 83' lang='lat'>1,</span> <span class='ocrx_word' id='word_1_1740' title='bbox 2033 3242 2062 3267; x_wconf 88' lang='lat'>4,</span> <span class='ocrx_word' id='word_1_1741' title='bbox 2076 3241 2110 3266; x_wconf 84' lang='lat'>51.</span> <span class='ocrx_word' id='word_1_1742' title='bbox 2160 3235 2226 3262; x_wconf 79' lang='lat' dir='ltr'>Cul-</span> 
     </span>
    </p>

    <p class='ocr_par' dir='ltr' id='par_1_61' title="bbox 46 3266 2225 3307">
     <span class='ocr_line' id='line_1_168' title="bbox 46 3266 2225 3307; baseline 0 -9"><span class='ocrx_word' id='word_1_1743' title='bbox 46 3266 156 3307; x_wconf 64' lang='lat' dir='ltr'>Ff&#39;1m55,</span> <span class='ocrx_word' id='word_1_1744' title='bbox 169 3276 197 3300; x_wconf 78' lang='lat'>12</span> <span class='ocrx_word' id='word_1_1745' title='bbox 215 3269 313 3305; x_wconf 88' lang='lat' dir='ltr'>Neque</span> <span class='ocrx_word' id='word_1_1746' title='bbox 326 3269 475 3297; x_wconf 82' lang='lat' dir='ltr'>Alexander</span> <span class='ocrx_word' id='word_1_1747' title='bbox 489 3270 535 3297; x_wconf 87' lang='lat' dir='ltr'>ille</span> <span class='ocrx_word' id='word_1_1748' title='bbox 548 3270 650 3305; x_wconf 81' lang='lat' dir='ltr'>gratiae</span> <span class='ocrx_word' id='word_1_1749' title='bbox 669 3270 744 3295; x_wconf 82' lang='lat' dir='ltr'>causa</span> <span class='ocrx_word' id='word_1_1750' title='bbox 767 3268 802 3295; x_wconf 82' lang='lat' dir='ltr'>ab</span> <span class='ocrx_word' id='word_1_1751' title='bbox 827 3269 918 3304; x_wconf 76' lang='lat' dir='ltr'>Apelle</span> <span class='ocrx_word' id='word_1_1752' title='bbox 942 3266 1103 3301; x_wconf 81' lang='lat' dir='ltr'>potiffimum</span> <span class='ocrx_word' id='word_1_1753' title='bbox 1164 3277 1191 3297; x_wconf 79' lang='lat' dir='ltr'>ta</span> <span class='ocrx_word' id='word_1_1754' title='bbox 1214 3271 1290 3305; x_wconf 84' lang='lat' dir='ltr'>Virg.</span> <span class='ocrx_word' id='word_1_1755' title='bbox 1305 3271 1373 3297; x_wconf 81' lang='lat' dir='ltr'>Aen.</span> <span class='ocrx_word' id='word_1_1756' title='bbox 1386 3280 1415 3304; x_wconf 81' lang='lat'>4,</span> <span class='ocrx_word' id='word_1_1757' title='bbox 1432 3278 1488 3305; x_wconf 79' lang='lat'>372.</span> <span class='ocrx_word' id='word_1_1758' title='bbox 1534 3271 1619 3306; x_wconf 85' lang='lat' dir='ltr'>Digiti</span> <span class='ocrx_word' id='word_1_1759' title='bbox 1639 3270 1721 3297; x_wconf 75' lang='lat' dir='ltr'>Ouid.</span> <span class='ocrx_word' id='word_1_1760' title='bbox 1736 3269 1768 3296; x_wconf 87' lang='lat' dir='ltr'>de</span> <span class='ocrx_word' id='word_1_1761' title='bbox 1782 3270 2008 3304; x_wconf 79' lang='lat' dir='ltr'>AtteAm-=1‚275.</span> <span class='ocrx_word' id='word_1_1762' title='bbox 2082 3271 2152 3306; x_wconf 87' lang='lat' dir='ltr'>Equi</span> <span class='ocrx_word' id='word_1_1763' title='bbox 2166 3272 2225 3306; x_wconf 88' lang='lat' dir='ltr'>pin-</span> 
     </span>
    </p>

    <p class='ocr_par' dir='ltr' id='par_1_62' title="bbox 44 3302 2226 3343">
     <span class='ocr_line' id='line_1_169' title="bbox 44 3302 2226 3343; baseline 0.002 -15"><span class='ocrx_word' id='word_1_1764' title='bbox 44 3309 206 3343; x_wconf 44' lang='lat' dir='ltr'>ping1,·eta</span> <span class='ocrx_word' id='word_1_1765' title='bbox 218 3304 331 3341; x_wconf 81' lang='lat' dir='ltr'>Lysippo</span> <span class='ocrx_word' id='word_1_1766' title='bbox 344 3305 410 3341; x_wconf 81' lang='lat' dir='ltr'>fingi</span> <span class='ocrx_word' id='word_1_1767' title='bbox 422 3306 548 3338; x_wconf 83' lang='lat' dir='ltr'>volebat,</span> <span class='ocrx_word' id='word_1_1768' title='bbox 567 3306 612 3333; x_wconf 90' lang='lat' dir='ltr'>scd</span> <span class='ocrx_word' id='word_1_1769' title='bbox 625 3305 699 3341; x_wconf 89' lang='lat' dir='ltr'>quod</span> <span class='ocrx_word' id='word_1_1770' title='bbox 719 3305 830 3332; x_wconf 88' lang='lat' dir='ltr'>illorum</span> <span class='ocrx_word' id='word_1_1771' title='bbox 850 3311 933 3332; x_wconf 85' lang='lat' dir='ltr'>artem</span> <span class='ocrx_word' id='word_1_1772' title='bbox 955 3312 1013 3343; x_wconf 79' lang='lat' dir='ltr'>cum</span> <span class='ocrx_word' id='word_1_1773' title='bbox 1034 3302 1103 3338; x_wconf 84' lang='lat' dir='ltr'>ipsis,</span> <span class='ocrx_word' id='word_1_1774' title='bbox 1119 3315 1147 3340; x_wconf 83' lang='lat'>85</span> <span class='ocrx_word' id='word_1_1775' title='bbox 1163 3315 1227 3342; x_wconf 78' lang='lat' dir='ltr'>gues</span> <span class='ocrx_word' id='word_1_1776' title='bbox 1242 3307 1367 3340; x_wconf 76' lang='lat' dir='ltr'>sanguine</span> <span class='ocrx_word' id='word_1_1777' title='bbox 1381 3307 1500 3334; x_wconf 87' lang='lat' dir='ltr'>humano</span> <span class='ocrx_word' id='word_1_1778' title='bbox 1517 3307 1599 3334; x_wconf 89' lang='lat' dir='ltr'>Ouid.</span> <span class='ocrx_word' id='word_1_1779' title='bbox 1616 3307 1680 3333; x_wconf 83' lang='lat' dir='ltr'>Met.</span> <span class='ocrx_word' id='word_1_1780' title='bbox 1694 3316 1719 3339; x_wconf 85' lang='lat'>9,</span> <span class='ocrx_word' id='word_1_1781' title='bbox 1737 3314 1794 3339; x_wconf 73' lang='lat'>194.</span> <span class='ocrx_word' id='word_1_1782' title='bbox 1904 3305 2001 3332; x_wconf 85' lang='lat' dir='ltr'>Ferina</span> <span class='ocrx_word' id='word_1_1783' title='bbox 2026 3305 2105 3340; x_wconf 87' lang='lat' dir='ltr'>Virg.</span> <span class='ocrx_word' id='word_1_1784' title='bbox 2119 3308 2185 3334; x_wconf 78' lang='lat' dir='ltr'>Aen.</span> <span class='ocrx_word' id='word_1_1785' title='bbox 2202 3316 2226 3341; x_wconf 86' lang='lat'>1,</span> 
     </span>
    </p>

    <p class='ocr_par' dir='ltr' id='par_1_63' title="bbox 44 3336 2225 3379">
     <span class='ocr_line' id='line_1_170' title="bbox 44 3336 2225 3379; baseline 0.003 -15"><span class='ocrx_word' id='word_1_1786' title='bbox 44 3346 102 3365; x_wconf 87' lang='lat' dir='ltr'>tum</span> <span class='ocrx_word' id='word_1_1787' title='bbox 116 3343 197 3379; x_wconf 72' lang='lat' dir='ltr'>etlam</span> <span class='ocrx_word' id='word_1_1788' title='bbox 207 3339 257 3366; x_wconf 80' lang='lat' dir='ltr'>fibi</span> <span class='ocrx_word' id='word_1_1789' title='bbox 269 3341 369 3376; x_wconf 84' lang='lat' dir='ltr'>gloriae</span> <span class='ocrx_word' id='word_1_1790' title='bbox 382 3342 442 3369; x_wconf 87' lang='lat' dir='ltr'>fore</span> <span class='ocrx_word' id='word_1_1791' title='bbox 450 3342 567 3377; x_wconf 80' lang='lat' dir='ltr'>putabat.</span> <span class='ocrx_word' id='word_1_1792' title='bbox 676 3341 766 3369; x_wconf 83' lang='lat' dir='ltr'>Castra</span> <span class='ocrx_word' id='word_1_1793' title='bbox 781 3341 887 3376; x_wconf 82' lang='lat' dir='ltr'>pingere</span> <span class='ocrx_word' id='word_1_1794' title='bbox 901 3349 977 3366; x_wconf 75' lang='lat' dir='ltr'>mero</span> <span class='ocrx_word' id='word_1_1795' title='bbox 994 3348 1022 3365; x_wconf 80' lang='grc'>111</span> <span class='ocrx_word' id='word_1_1796' title='bbox 1032 3348 1103 3365; x_wconf 80' lang='lat' dir='ltr'>men-</span> <span class='ocrx_word' id='word_1_1797' title='bbox 1163 3352 1216 3376; x_wconf 81' lang='lat'><em>219·</em></span> <span class='ocrx_word' id='word_1_1798' title='bbox 1287 3343 1346 3370; x_wconf 69' lang='lat' dir='ltr'>Fici</span> <span class='ocrx_word' id='word_1_1799' title='bbox 1368 3344 1436 3370; x_wconf 76' lang='lat' dir='ltr'>Hor,</span> <span class='ocrx_word' id='word_1_1800' title='bbox 1448 3343 1530 3370; x_wconf 75' lang='lat' dir='ltr'>serm,</span> <span class='ocrx_word' id='word_1_1801' title='bbox 1544 3353 1569 3376; x_wconf 80' lang='lat'>2,</span> <span class='ocrx_word' id='word_1_1802' title='bbox 1583 3347 1653 3375; x_wconf 79' lang='lat'>8‚88.</span> <span class='ocrx_word' id='word_1_1803' title='bbox 1749 3342 1826 3367; x_wconf 84' lang='lat' dir='ltr'>Fimo</span> <span class='ocrx_word' id='word_1_1804' title='bbox 1841 3336 1935 3375; x_wconf 82' lang='lat' dir='ltr'>pingui</span> <span class='ocrx_word' id='word_1_1805' title='bbox 1948 3342 2064 3368; x_wconf 87' lang='lat' dir='ltr'>saturare</span> <span class='ocrx_word' id='word_1_1806' title='bbox 2078 3342 2132 3369; x_wconf 84' lang='lat' dir='ltr'>sola</span> <span class='ocrx_word' id='word_1_1807' title='bbox 2146 3344 2225 3379; x_wconf 86' lang='lat' dir='ltr'>Virg.</span> 
     </span>
    </p>

    <p class='ocr_par' dir='ltr' id='par_1_64' title="bbox 45 3373 2225 3451">
     <span class='ocr_line' id='line_1_171' title="bbox 46 3373 2225 3416; baseline 0.002 -14"><span class='ocrx_word' id='word_1_1808' title='bbox 46 3373 290 3416; x_wconf 0' lang='lat' dir='ltr'>sa T1bull.·1,‘10‚</span> <span class='ocrx_word' id='word_1_1809' title='bbox 302 3386 344 3411; x_wconf 77' lang='lat'>34.</span> <span class='ocrx_word' id='word_1_1810' title='bbox 453 3378 511 3405; x_wconf 93' lang='lat' dir='ltr'>Cic.</span> <span class='ocrx_word' id='word_1_1811' title='bbox 527 3379 559 3405; x_wconf 85' lang='lat' dir='ltr'>de</span> <span class='ocrx_word' id='word_1_1812' title='bbox 572 3379 648 3405; x_wconf 83' lang='lat' dir='ltr'>Orat.</span> <span class='ocrx_word' id='word_1_1813' title='bbox 663 3386 686 3411; x_wconf 87' lang='lat'>2,</span> <span class='ocrx_word' id='word_1_1814' title='bbox 702 3380 737 3411; x_wconf 87' lang='lat'>69</span> <span class='ocrx_word' id='word_1_1815' title='bbox 768 3379 803 3404; x_wconf 89' lang='lat' dir='ltr'>Vt</span> <span class='ocrx_word' id='word_1_1816' title='bbox 816 3377 843 3404; x_wconf 92' lang='lat' dir='ltr'>in</span> <span class='ocrx_word' id='word_1_1817' title='bbox 857 3377 975 3412; x_wconf 71' lang='lat' dir='ltr'>piftura,</span> <span class='ocrx_word' id='word_1_1818' title='bbox 995 3375 1042 3410; x_wconf 89' lang='lat' dir='ltr'>qui</span> <span class='ocrx_word' id='word_1_1819' title='bbox 1055 3375 1103 3402; x_wconf 88' lang='lat' dir='ltr'>ho·</span> <span class='ocrx_word' id='word_1_1820' title='bbox 1163 3380 1261 3414; x_wconf 79' lang='lat' dir='ltr'>Georg.</span> <span class='ocrx_word' id='word_1_1821' title='bbox 1277 3389 1296 3412; x_wconf 83' lang='lat'>1,</span> <span class='ocrx_word' id='word_1_1822' title='bbox 1310 3385 1352 3410; x_wconf 77' lang='lat'>80.</span> <span class='ocrx_word' id='word_1_1823' title='bbox 1458 3380 1592 3406; x_wconf 81' lang='lat' dir='ltr'>Flammae</span> <span class='ocrx_word' id='word_1_1824' title='bbox 1605 3378 1714 3413; x_wconf 80' lang='lat' dir='ltr'>pingues</span> <span class='ocrx_word' id='word_1_1825' title='bbox 1737 3378 1818 3404; x_wconf 88' lang='lat' dir='ltr'>Ouid.</span> <span class='ocrx_word' id='word_1_1826' title='bbox 1831 3377 1918 3404; x_wconf 86' lang='lat' dir='ltr'>Trist.</span> <span class='ocrx_word' id='word_1_1827' title='bbox 1933 3385 1954 3411; x_wconf 91' lang='lat'>5,</span> <span class='ocrx_word' id='word_1_1828' title='bbox 1969 3385 1992 3411; x_wconf 84' lang='lat'>5,</span> <span class='ocrx_word' id='word_1_1829' title='bbox 2006 3386 2037 3404; x_wconf 83' lang='lat'>11.</span> <span class='ocrx_word' id='word_1_1830' title='bbox 2112 3379 2225 3406; x_wconf 84' lang='lat' dir='ltr'>Flumen</span> 
     </span>
     <span class='ocr_line' id='line_1_172' title="bbox 45 3411 2225 3451; baseline -0.001 -13"><span class='ocrx_word' id='word_1_1831' title='bbox 45 3420 129 3451; x_wconf 69' lang='lat' dir='ltr'>minis</span> <span class='ocrx_word' id='word_1_1832' title='bbox 143 3411 257 3451; x_wconf 58' lang='lat' dir='ltr'>speciem</span> <span class='ocrx_word' id='word_1_1833' title='bbox 269 3413 377 3447; x_wconf 83' lang='lat' dir='ltr'>pingere</span> <span class='ocrx_word' id='word_1_1834' title='bbox 391 3413 574 3448; x_wconf 86' lang='lat' dir='ltr'>perdidicerit,</span> <span class='ocrx_word' id='word_1_1835' title='bbox 595 3415 664 3449; x_wconf 74' lang='lat' dir='ltr'>polse</span> <span class='ocrx_word' id='word_1_1836' title='bbox 678 3423 740 3441; x_wconf 89' lang='lat' dir='ltr'>eum</span> <span class='ocrx_word' id='word_1_1837' title='bbox 753 3414 871 3440; x_wconf 86' lang='lat' dir='ltr'>cuiusuis</span> <span class='ocrx_word' id='word_1_1838' title='bbox 883 3414 926 3440; x_wconf 90' lang='lat' dir='ltr'>vel</span> <span class='ocrx_word' id='word_1_1839' title='bbox 941 3412 1045 3438; x_wconf 78' lang='lat' dir='ltr'>formae</span> <span class='ocrx_word' id='word_1_1840' title='bbox 1058 3411 1102 3438; x_wconf 90' lang='lat' dir='ltr'>vel</span> <span class='ocrx_word' id='word_1_1841' title='bbox 1162 3415 1224 3442; x_wconf 68' lang='lat' dir='ltr'>Nili</span> <span class='ocrx_word' id='word_1_1842' title='bbox 1246 3416 1319 3451; x_wconf 77' lang='lat' dir='ltr'>Virg,</span> <span class='ocrx_word' id='word_1_1843' title='bbox 1333 3417 1400 3443; x_wconf 79' lang='lat' dir='ltr'>Aen.</span> <span class='ocrx_word' id='word_1_1844' title='bbox 1414 3424 1441 3449; x_wconf 71' lang='lat'>9,</span> <span class='ocrx_word' id='word_1_1845' title='bbox 1456 3425 1490 3449; x_wconf 79' lang='lat'>31·</span> <span class='ocrx_word' id='word_1_1846' title='bbox 1583 3415 1681 3441; x_wconf 85' lang='lat' dir='ltr'>Fumus</span> <span class='ocrx_word' id='word_1_1847' title='bbox 1707 3414 1803 3440; x_wconf 81' lang='lat' dir='ltr'>Lucan.</span> <span class='ocrx_word' id='word_1_1848' title='bbox 1817 3418 1840 3445; x_wconf 85' lang='lat'>8,</span> <span class='ocrx_word' id='word_1_1849' title='bbox 1854 3421 1912 3447; x_wconf 81' lang='lat'>730.</span> <span class='ocrx_word' id='word_1_1850' title='bbox 2008 3414 2065 3440; x_wconf 69' lang='lat' dir='ltr'>Glis</span> <span class='ocrx_word' id='word_1_1851' title='bbox 2077 3414 2154 3441; x_wconf 71' lang='lat' dir='ltr'>hieme</span> <span class='ocrx_word' id='word_1_1852' title='bbox 2166 3417 2225 3451; x_wconf 70' lang='lat' dir='ltr'>pin.</span> 
     </span>
    </p>

    <p class='ocr_par' dir='ltr' id='par_1_65' title="bbox 45 3447 2224 3488">
     <span class='ocr_line' id='line_1_173' title="bbox 45 3447 2224 3488; baseline 0.003 -15"><span class='ocrx_word' id='word_1_1853' title='bbox 45 3453 154 3488; x_wconf 71' lang='lat' dir='ltr'>aetatis,</span> <span class='ocrx_word' id='word_1_1854' title='bbox 175 3447 289 3488; x_wconf 52' lang='grc' dir='ltr'>ςτιᾶῐη-ίί</span> <span class='ocrx_word' id='word_1_1855' title='bbox 303 3457 358 3475; x_wconf 90' lang='lat' dir='ltr'>non</span> <span class='ocrx_word' id='word_1_1856' title='bbox 374 3448 655 3486; x_wconf 26' lang='lat' dir='ltr'>didicerit,vpingere.</span> <span class='ocrx_word' id='word_1_1857' title='bbox 762 3451 887 3477; x_wconf 83' lang='lat' dir='ltr'>Frontem</span> <span class='ocrx_word' id='word_1_1858' title='bbox 901 3448 983 3475; x_wconf 80' lang='lat' dir='ltr'>moris</span> <span class='ocrx_word' id='word_1_1859' title='bbox 999 3447 1103 3482; x_wconf 77' lang='lat' dir='ltr'>sangui-</span> <span class='ocrx_word' id='word_1_1860' title='bbox 1164 3452 1245 3486; x_wconf 74' lang='lat' dir='ltr'>guior</span> <span class='ocrx_word' id='word_1_1861' title='bbox 1266 3451 1382 3479; x_wconf 64' lang='lat' dir='ltr'>Maniai,</span> <span class='ocrx_word' id='word_1_1862' title='bbox 1398 3461 1433 3485; x_wconf 76' lang='lat'>13,</span> <span class='ocrx_word' id='word_1_1863' title='bbox 1447 3461 1486 3485; x_wconf 76' lang='lat'>50.</span> <span class='ocrx_word' id='word_1_1864' title='bbox 1594 3449 1732 3477; x_wconf 82' lang='lat' dir='ltr'>Haedulus</span> <span class='ocrx_word' id='word_1_1865' title='bbox 1748 3449 1927 3484; x_wconf 78' lang='lat' dir='ltr'>pinguissimus</span> <span class='ocrx_word' id='word_1_1866' title='bbox 1959 3450 2053 3477; x_wconf 86' lang='lat' dir='ltr'>quen.</span> <span class='ocrx_word' id='word_1_1867' title='bbox 2067 3450 2118 3478; x_wconf 77' lang='lat' dir='ltr'>Sat.</span> <span class='ocrx_word' id='word_1_1868' title='bbox 2133 3459 2166 3485; x_wconf 88' lang='grc'>11,</span> <span class='ocrx_word' id='word_1_1869' title='bbox 2181 3455 2224 3485; x_wconf 84' lang='lat'>65.</span> 
     </span>
    </p>

    <p class='ocr_par' dir='ltr' id='par_1_66' title="bbox 6 3483 2225 3559">
     <span class='ocr_line' id='line_1_174' title="bbox 6 3483 2225 3523; baseline 0.001 -11"><span class='ocrx_word' id='word_1_1870' title='bbox 6 3506 8 3509; x_wconf 91' lang='lat'>.</span> <span class='ocrx_word' id='word_1_1871' title='bbox 45 3491 103 3512; x_wconf 74' lang='lat' dir='ltr'>neta</span> <span class='ocrx_word' id='word_1_1872' title='bbox 120 3484 206 3518; x_wconf 81' lang='lat' dir='ltr'>pingit</span> <span class='ocrx_word' id='word_1_1873' title='bbox 231 3483 309 3518; x_wconf 82' lang='lat' dir='ltr'>Vlrg.</span> <span class='ocrx_word' id='word_1_1874' title='bbox 329 3484 381 3512; x_wconf 87' lang='lat' dir='ltr'>Eel.</span> <span class='ocrx_word' id='word_1_1875' title='bbox 400 3487 427 3518; x_wconf 95' lang='lat'>6,</span> <span class='ocrx_word' id='word_1_1876' title='bbox 446 3494 488 3512; x_wconf 80' lang='lat'>22.</span> <span class='ocrx_word' id='word_1_1877' title='bbox 603 3487 715 3522; x_wconf 83' lang='lat' dir='ltr'>Pingere</span> <span class='ocrx_word' id='word_1_1878' title='bbox 727 3486 856 3519; x_wconf 89' lang='lat' dir='ltr'>hummn,</span> <span class='ocrx_word' id='word_1_1879' title='bbox 878 3484 911 3520; x_wconf 79' lang='lat' dir='ltr'>est</span> <span class='ocrx_word' id='word_1_1880' title='bbox 922 3483 1103 3517; x_wconf 61' lang='lat' dir='ltr'>Vstficolort&#39;m</span> <span class='ocrx_word' id='word_1_1881' title='bbox 1116 3496 1149 3520; x_wconf 85' lang='lat'>90</span> <span class='ocrx_word' id='word_1_1882' title='bbox 1163 3488 1246 3514; x_wconf 87' lang='lat' dir='ltr'>Horti</span> <span class='ocrx_word' id='word_1_1883' title='bbox 1266 3489 1342 3523; x_wconf 79' lang='lat' dir='ltr'>Vix-g.</span> <span class='ocrx_word' id='word_1_1884' title='bbox 1355 3489 1454 3523; x_wconf 86' lang='lat' dir='ltr'>Georg.</span> <span class='ocrx_word' id='word_1_1885' title='bbox 1467 3497 1495 3521; x_wconf 82' lang='lat'>4,</span> <span class='ocrx_word' id='word_1_1886' title='bbox 1509 3493 1556 3516; x_wconf 80' lang='lat'>118.</span> <span class='ocrx_word' id='word_1_1887' title='bbox 1643 3487 1747 3513; x_wconf 85' lang='lat' dir='ltr'>Humus</span> <span class='ocrx_word' id='word_1_1888' title='bbox 1767 3486 1839 3512; x_wconf 84' lang='lat' dir='ltr'>Idem</span> <span class='ocrx_word' id='word_1_1889' title='bbox 1854 3484 1926 3521; x_wconf 72' lang='lat' dir='ltr'>ibid.</span> <span class='ocrx_word' id='word_1_1890' title='bbox 1937 3494 1960 3517; x_wconf 86' lang='lat'>2,</span> <span class='ocrx_word' id='word_1_1891' title='bbox 1974 3490 2028 3520; x_wconf 85' lang='lat'>184.</span> <span class='ocrx_word' id='word_1_1892' title='bbox 2106 3487 2151 3513; x_wconf 88' lang='lat' dir='ltr'>Ius</span> <span class='ocrx_word' id='word_1_1893' title='bbox 2165 3488 2225 3523; x_wconf 88' lang='lat' dir='ltr'>pin-</span> 
     </span>
     <span class='ocr_line' id='line_1_175' title="bbox 38 3520 2224 3559; baseline 0.002 -13"><span class='ocrx_word' id='word_1_1894' title='bbox 38 3520 136 3556; x_wconf 79' lang='lat' dir='ltr'>florum</span> <span class='ocrx_word' id='word_1_1895' title='bbox 158 3521 307 3546; x_wconf 81' lang='lat' dir='ltr'>varietatem</span> <span class='ocrx_word' id='word_1_1896' title='bbox 329 3520 399 3547; x_wconf 79' lang='lat' dir='ltr'>humo</span> <span class='ocrx_word' id='word_1_1897' title='bbox 421 3520 559 3558; x_wconf 74' lang='lat' dir='ltr'>aspergere.</span> <span class='ocrx_word' id='word_1_1898' title='bbox 593 3523 636 3550; x_wconf 82' lang='lat' dir='ltr'>Sic</span> <span class='ocrx_word' id='word_1_1899' title='bbox 646 3527 849 3558; x_wconf 75' lang='lat' dir='ltr'>interpretantur</span> <span class='ocrx_word' id='word_1_1900' title='bbox 869 3522 943 3549; x_wconf 78' lang='lat' dir='ltr'>verba</span> <span class='ocrx_word' id='word_1_1901' title='bbox 962 3521 1040 3555; x_wconf 85' lang='lat' dir='ltr'>Pinge</span> <span class='ocrx_word' id='word_1_1902' title='bbox 1055 3520 1103 3546; x_wconf 88' lang='lat' dir='ltr'>hu·</span> <span class='ocrx_word' id='word_1_1903' title='bbox 1164 3533 1216 3559; x_wconf 83' lang='lat' dir='ltr'>gue</span> <span class='ocrx_word' id='word_1_1904' title='bbox 1232 3525 1353 3551; x_wconf 77' lang='lat' dir='ltr'>Scribon.</span> <span class='ocrx_word' id='word_1_1905' title='bbox 1367 3534 1429 3551; x_wconf 85' lang='lat'>200.</span> <span class='ocrx_word' id='word_1_1906' title='bbox 1524 3521 1641 3549; x_wconf 83' lang='lat' dir='ltr'>Lardtun</span> <span class='ocrx_word' id='word_1_1907' title='bbox 1666 3523 1734 3549; x_wconf 87' lang='lat' dir='ltr'>Hor.</span> <span class='ocrx_word' id='word_1_1908' title='bbox 1755 3522 1837 3548; x_wconf 87' lang='lat' dir='ltr'>Serm.</span> <span class='ocrx_word' id='word_1_1909' title='bbox 1853 3531 1875 3554; x_wconf 83' lang='lat'>2,</span> <span class='ocrx_word' id='word_1_1910' title='bbox 1888 3523 1915 3553; x_wconf 78' lang='lat'>6,</span> <span class='ocrx_word' id='word_1_1911' title='bbox 1931 3524 1971 3553; x_wconf 75' lang='lat'>64.</span> <span class='ocrx_word' id='word_1_1912' title='bbox 2045 3522 2151 3549; x_wconf 90' lang='lat' dir='ltr'>Mensae</span> <span class='ocrx_word' id='word_1_1913' title='bbox 2173 3525 2224 3551; x_wconf 82' lang='lat' dir='ltr'>Ca-</span> 
     </span>
    </p>

    <p class='ocr_par' dir='ltr' id='par_1_67' title="bbox 0 3554 2222 3596">
     <span class='ocr_line' id='line_1_176' title="bbox 0 3554 2222 3596; baseline 0.002 -14"><span class='ocrx_word' id='word_1_1914' title='bbox 0 3561 1 3588; x_wconf 58' lang='lat' dir='ltr'>l</span> <span class='ocrx_word' id='word_1_1915' title='bbox 47 3565 120 3586; x_wconf 86' lang='lat' dir='ltr'>mum</span> <span class='ocrx_word' id='word_1_1916' title='bbox 140 3555 222 3596; x_wconf 60' lang='lat' dir='ltr'>Plalfft-</span> <span class='ocrx_word' id='word_1_1917' title='bbox 235 3554 316 3582; x_wconf 90' lang='lat' dir='ltr'>Stich.</span> <span class='ocrx_word' id='word_1_1918' title='bbox 332 3564 356 3587; x_wconf 73' lang='lat'>2,</span> <span class='ocrx_word' id='word_1_1919' title='bbox 369 3564 395 3587; x_wconf 70' lang='grc' dir='ltr'>Ζ,</span> <span class='ocrx_word' id='word_1_1920' title='bbox 408 3565 445 3587; x_wconf 89' lang='lat'>30-</span> <span class='ocrx_word' id='word_1_1921' title='bbox 518 3555 565 3584; x_wconf 79' lang='lat' dir='ltr'>Sed</span> <span class='ocrx_word' id='word_1_1922' title='bbox 577 3562 657 3594; x_wconf 84' lang='lat' dir='ltr'>magis</span> <span class='ocrx_word' id='word_1_1923' title='bbox 670 3559 796 3596; x_wconf 76' lang='lat' dir='ltr'>intellige,</span> <span class='ocrx_word' id='word_1_1924' title='bbox 815 3570 869 3586; x_wconf 88' lang='lat' dir='ltr'>cum</span> <span class='ocrx_word' id='word_1_1925' title='bbox 882 3566 974 3585; x_wconf 72' lang='lat' dir='ltr'>natura</span> <span class='ocrx_word' id='word_1_1926' title='bbox 989 3556 1102 3583; x_wconf 85' lang='lat' dir='ltr'>humum</span> <span class='ocrx_word' id='word_1_1927' title='bbox 1162 3560 1222 3587; x_wconf 88' lang='lat' dir='ltr'>tull.</span> <span class='ocrx_word' id='word_1_1928' title='bbox 1237 3563 1282 3594; x_wconf 84' lang='lat'>60,</span> <span class='ocrx_word' id='word_1_1929' title='bbox 1299 3571 1319 3594; x_wconf 85' lang='lat'>3.</span> <span class='ocrx_word' id='word_1_1930' title='bbox 1392 3562 1498 3587; x_wconf 88' lang='lat' dir='ltr'>Merum</span> <span class='ocrx_word' id='word_1_1931' title='bbox 1519 3559 1589 3585; x_wconf 88' lang='lat' dir='ltr'>Hor.</span> <span class='ocrx_word' id='word_1_1932' title='bbox 1602 3559 1684 3585; x_wconf 86' lang='lat' dir='ltr'>Serm.</span> <span class='ocrx_word' id='word_1_1933' title='bbox 1701 3566 1724 3588; x_wconf 84' lang='lat'>2,</span> <span class='ocrx_word' id='word_1_1934' title='bbox 1738 3567 1766 3591; x_wconf 78' lang='lat'>4,</span> <span class='ocrx_word' id='word_1_1935' title='bbox 1779 3560 1819 3591; x_wconf 84' lang='lat'>65.</span> <span class='ocrx_word' id='word_1_1936' title='bbox 1890 3557 1976 3584; x_wconf 81' lang='lat' dir='ltr'>Musta</span> <span class='ocrx_word' id='word_1_1937' title='bbox 1995 3557 2107 3585; x_wconf 86' lang='lat' dir='ltr'>Tibull.</span> <span class='ocrx_word' id='word_1_1938' title='bbox 2124 3568 2173 3592; x_wconf 82' lang='lat'>1,1,</span> <span class='ocrx_word' id='word_1_1939' title='bbox 2183 3569 2222 3587; x_wconf 85' lang='lat'>10.</span> 
     </span>
    </p>

    <p class='ocr_par' dir='ltr' id='par_1_68' title="bbox 0 3591 2222 3632">
     <span class='ocr_line' id='line_1_177' title="bbox 0 3591 2222 3632; baseline 0.002 -14"><span class='ocrx_word' id='word_1_1940' title='bbox 0 3601 1 3615; x_wconf 75' lang='grc'>1</span> <span class='ocrx_word' id='word_1_1941' title='bbox 46 3591 141 3619; x_wconf 81' lang='lat' dir='ltr'>dicitur</span> <span class='ocrx_word' id='word_1_1942' title='bbox 173 3600 295 3632; x_wconf 76' lang='lat' dir='ltr'>pingere,</span> <span class='ocrx_word' id='word_1_1943' title='bbox 312 3592 352 3618; x_wconf 78' lang='lat' dir='ltr'>uel</span> <span class='ocrx_word' id='word_1_1944' title='bbox 380 3592 435 3618; x_wconf 86' lang='lat' dir='ltr'>Ver</span> <span class='ocrx_word' id='word_1_1945' title='bbox 457 3591 531 3625; x_wconf 86' lang='lat' dir='ltr'>adeo,</span> <span class='ocrx_word' id='word_1_1946' title='bbox 547 3598 579 3632; x_wconf 69' lang='lat' dir='ltr'>pt</span> <span class='ocrx_word' id='word_1_1947' title='bbox 605 3593 709 3622; x_wconf 88' lang='lat' dir='ltr'>Lucret.</span> <span class='ocrx_word' id='word_1_1948' title='bbox 735 3604 761 3629; x_wconf 89' lang='lat'>2,</span> <span class='ocrx_word' id='word_1_1949' title='bbox 785 3603 841 3631; x_wconf 78' lang='lat'>375.</span> <span class='ocrx_word' id='word_1_1950' title='bbox 912 3592 980 3620; x_wconf 70' lang='lat' dir='ltr'>Add-</span> <span class='ocrx_word' id='word_1_1951' title='bbox 997 3601 1020 3625; x_wconf 75' lang='grc' dir='ltr'>ς,</span> <span class='ocrx_word' id='word_1_1952' title='bbox 1034 3600 1100 3625; x_wconf 79' lang='lat'>1395-</span> <span class='ocrx_word' id='word_1_1953' title='bbox 1163 3597 1275 3624; x_wconf 82' lang='lat' dir='ltr'>Oliuutn</span> <span class='ocrx_word' id='word_1_1954' title='bbox 1297 3599 1358 3624; x_wconf 86' lang='lat' dir='ltr'>Stat.</span> <span class='ocrx_word' id='word_1_1955' title='bbox 1376 3595 1470 3623; x_wconf 84' lang='lat' dir='ltr'>Theb.</span> <span class='ocrx_word' id='word_1_1956' title='bbox 1485 3597 1512 3626; x_wconf 83' lang='lat'>6,</span> <span class='ocrx_word' id='word_1_1957' title='bbox 1527 3597 1584 3629; x_wconf 84' lang='lat'>576.</span> <span class='ocrx_word' id='word_1_1958' title='bbox 1676 3594 1776 3620; x_wconf 74' lang='lat' dir='ltr'>omaso</span> <span class='ocrx_word' id='word_1_1959' title='bbox 1790 3593 1885 3629; x_wconf 85' lang='lat' dir='ltr'>pingui</span> <span class='ocrx_word' id='word_1_1960' title='bbox 1901 3599 1989 3620; x_wconf 79' lang='lat' dir='ltr'>tentus</span> <span class='ocrx_word' id='word_1_1961' title='bbox 2012 3594 2082 3621; x_wconf 86' lang='lat' dir='ltr'>Hor.</span> <span class='ocrx_word' id='word_1_1962' title='bbox 2098 3595 2180 3622; x_wconf 86' lang='lat' dir='ltr'>Serm.</span> <span class='ocrx_word' id='word_1_1963' title='bbox 2194 3605 2222 3628; x_wconf 91' lang='lat'>2,</span> 
     </span>
    </p>

    <p class='ocr_par' dir='ltr' id='par_1_69' title="bbox 0 3627 2222 3667">
     <span class='ocr_line' id='line_1_178' title="bbox 0 3627 2222 3667; baseline 0.002 -14"><span class='ocrx_word' id='word_1_1964' title='bbox 0 3638 14 3654; x_wconf 52' lang='grc' dir='ltr'>ι.</span> <span class='ocrx_word' id='word_1_1965' title='bbox 48 3627 132 3654; x_wconf 83' lang='lat' dir='ltr'>Malas</span> <span class='ocrx_word' id='word_1_1966' title='bbox 164 3628 285 3654; x_wconf 81' lang='lat' dir='ltr'>iuuenile</span> <span class='ocrx_word' id='word_1_1967' title='bbox 315 3627 394 3654; x_wconf 83' lang='lat' dir='ltr'>decus</span> <span class='ocrx_word' id='word_1_1968' title='bbox 425 3628 496 3654; x_wconf 83' lang='lat' dir='ltr'>mihi</span> <span class='ocrx_word' id='word_1_1969' title='bbox 527 3637 635 3662; x_wconf 79' lang='lat' dir='ltr'>pingere</span> <span class='ocrx_word' id='word_1_1970' title='bbox 667 3632 754 3667; x_wconf 86' lang='lat' dir='ltr'>coepit</span> <span class='ocrx_word' id='word_1_1971' title='bbox 786 3633 883 3659; x_wconf 84' lang='lat' dir='ltr'>Lucan.</span> <span class='ocrx_word' id='word_1_1972' title='bbox 897 3630 929 3657; x_wconf 86' lang='lat' dir='ltr'>ad</span> <span class='ocrx_word' id='word_1_1973' title='bbox 944 3629 1030 3655; x_wconf 86' lang='lat' dir='ltr'>Pison.</span> <span class='ocrx_word' id='word_1_1974' title='bbox 1045 3633 1101 3662; x_wconf 79' lang='lat'><strong>248·</strong></span> <span class='ocrx_word' id='word_1_1975' title='bbox 1162 3640 1184 3665; x_wconf 89' lang='lat'>5,</span> <span class='ocrx_word' id='word_1_1976' title='bbox 1196 3642 1240 3666; x_wconf 87' lang='lat'>40.</span> <span class='ocrx_word' id='word_1_1977' title='bbox 1275 3633 1321 3660; x_wconf 86' lang='lat' dir='ltr'>Ad</span> <span class='ocrx_word' id='word_1_1978' title='bbox 1340 3639 1486 3659; x_wconf 73' lang='lat' dir='ltr'>contemtum</span> <span class='ocrx_word' id='word_1_1979' title='bbox 1510 3629 1606 3656; x_wconf 83' lang='lat' dir='ltr'>dicitur</span> <span class='ocrx_word' id='word_1_1980' title='bbox 1628 3629 1657 3656; x_wconf 81' lang='lat' dir='ltr'>de</span> <span class='ocrx_word' id='word_1_1981' title='bbox 1681 3639 1721 3660; x_wconf 84' lang='lat' dir='ltr'>eo,</span> <span class='ocrx_word' id='word_1_1982' title='bbox 1743 3633 1786 3665; x_wconf 86' lang='lat' dir='ltr'>qui</span> <span class='ocrx_word' id='word_1_1983' title='bbox 1808 3631 1872 3657; x_wconf 82' lang='lat' dir='ltr'>cibis</span> <span class='ocrx_word' id='word_1_1984' title='bbox 1884 3629 1914 3664; x_wconf 76' lang='lat' dir='ltr'><strong><em>fi</em></strong></span> <span class='ocrx_word' id='word_1_1985' title='bbox 1925 3629 2031 3664; x_wconf 81' lang='lat' dir='ltr'>saturat</span> <span class='ocrx_word' id='word_1_1986' title='bbox 2042 3631 2136 3657; x_wconf 82' lang='lat' dir='ltr'>vilibus</span> <span class='ocrx_word' id='word_1_1987' title='bbox 2149 3643 2156 3657; x_wconf 90' lang='lat'>.·</span> <span class='ocrx_word' id='word_1_1988' title='bbox 2190 3639 2222 3658; x_wconf 79' lang='lat' dir='ltr'>vt:</span> 
     </span>
    </p>

    <p class='ocr_par' dir='ltr' id='par_1_70' title="bbox 0 3660 2221 3708">
     <span class='ocr_line' id='line_1_179' title="bbox 0 3660 2221 3708; baseline 0.001 -18"><span class='ocrx_word' id='word_1_1989' title='bbox 0 3660 1 3699; x_wconf 46' lang='grc' dir='ltr'>ἶ</span> <span class='ocrx_word' id='word_1_1990' title='bbox 45 3663 169 3690; x_wconf 77' lang='lat' dir='ltr'>Membra</span> <span class='ocrx_word' id='word_1_1991' title='bbox 200 3663 290 3698; x_wconf 84' lang='lat' dir='ltr'>ingere</span> <span class='ocrx_word' id='word_1_1992' title='bbox 303 3664 379 3690; x_wconf 85' lang='lat' dir='ltr'>ferro</span> <span class='ocrx_word' id='word_1_1993' title='bbox 400 3663 493 3704; x_wconf 70' lang='lat' dir='ltr'>Claud.</span> <span class='ocrx_word' id='word_1_1994' title='bbox 507 3664 536 3690; x_wconf 92' lang='lat' dir='ltr'>in</span> <span class='ocrx_word' id='word_1_1995' title='bbox 551 3663 620 3690; x_wconf 84' lang='lat' dir='ltr'>Ruff.</span> <span class='ocrx_word' id='word_1_1996' title='bbox 636 3673 657 3698; x_wconf 86' lang='lat'>1,</span> <span class='ocrx_word' id='word_1_1997' title='bbox 670 3675 720 3700; x_wconf 79' lang='lat'><strong>3¹3·</strong></span> <span class='ocrx_word' id='word_1_1998' title='bbox 739 3671 778 3695; x_wconf 78' lang='lat' dir='ltr'>ait</span> <span class='ocrx_word' id='word_1_1999' title='bbox 790 3669 923 3699; x_wconf 83' lang='lat' dir='ltr'>Gelonos,</span> <span class='ocrx_word' id='word_1_2000' title='bbox 943 3674 1003 3701; x_wconf 79' lang='lat' dir='ltr'>quos</span> <span class='ocrx_word' id='word_1_2001' title='bbox 1015 3664 1101 3699; x_wconf 64' lang='lat' dir='ltr'>piftos</span> <span class='ocrx_word' id='word_1_2002' title='bbox 1116 3683 1146 3708; x_wconf 80' lang='lat'>95</span> <span class='ocrx_word' id='word_1_2003' title='bbox 1162 3670 1241 3704; x_wconf 68' lang='lat' dir='ltr'>Epist,</span> <span class='ocrx_word' id='word_1_2004' title='bbox 1256 3678 1275 3700; x_wconf 79' lang='lat'>1,</span> <span class='ocrx_word' id='word_1_2005' title='bbox 1290 3677 1326 3702; x_wconf 57' lang='grc' dir='ltr'>ῖς,</span> <span class='ocrx_word' id='word_1_2006' title='bbox 1344 3677 1385 3701; x_wconf 76' lang='lat'>34.</span> <span class='ocrx_word' id='word_1_2007' title='bbox 1480 3666 1553 3693; x_wconf 85' lang='lat' dir='ltr'>Oues</span> <span class='ocrx_word' id='word_1_2008' title='bbox 1580 3666 1655 3700; x_wconf 75' lang='lat' dir='ltr'>Virg.</span> <span class='ocrx_word' id='word_1_2009' title='bbox 1671 3665 1724 3692; x_wconf 86' lang='lat' dir='ltr'>Ecl.</span> <span class='ocrx_word' id='word_1_2010' title='bbox 1739 3669 1766 3699; x_wconf 90' lang='lat'>6,</span> <span class='ocrx_word' id='word_1_2011' title='bbox 1779 3676 1806 3700; x_wconf 91' lang='lat'>4.</span> <span class='ocrx_word' id='word_1_2012' title='bbox 1878 3666 1980 3692; x_wconf 82' lang='lat' dir='ltr'>Patinas</span> <span class='ocrx_word' id='word_1_2013' title='bbox 1997 3666 2124 3694; x_wconf 86' lang='lat' dir='ltr'>coenabat</span> <span class='ocrx_word' id='word_1_2014' title='bbox 2140 3669 2221 3694; x_wconf 86' lang='lat' dir='ltr'>Oma-</span> 
     </span>
    </p>

    <p class='ocr_par' dir='ltr' id='par_1_71' title="bbox 0 3699 2222 3740">
     <span class='ocr_line' id='line_1_180' title="bbox 0 3699 2222 3740; baseline 0.002 -15"><span class='ocrx_word' id='word_1_2015' title='bbox 0 3713 1 3719; x_wconf 51' lang='grc'>1</span> <span class='ocrx_word' id='word_1_2016' title='bbox 45 3702 121 3740; x_wconf 59' lang='lat' dir='ltr'>etiam</span> <span class='ocrx_word' id='word_1_2017' title='bbox 132 3699 161 3725; x_wconf 91' lang='lat' dir='ltr'>ob</span> <span class='ocrx_word' id='word_1_2018' title='bbox 195 3703 291 3737; x_wconf 82' lang='lat' dir='ltr'>igmata</span> <span class='ocrx_word' id='word_1_2019' title='bbox 305 3706 379 3726; x_wconf 73' lang='lat' dir='ltr'>vocat</span> <span class='ocrx_word' id='word_1_2020' title='bbox 392 3699 490 3734; x_wconf 70' lang='lat' dir='ltr'>virgil.</span> <span class='ocrx_word' id='word_1_2021' title='bbox 505 3700 604 3734; x_wconf 85' lang='lat' dir='ltr'>Georg.</span> <span class='ocrx_word' id='word_1_2022' title='bbox 622 3709 645 3733; x_wconf 82' lang='lat'>2,</span> <span class='ocrx_word' id='word_1_2023' title='bbox 681 3721 688 3728; x_wconf 89' lang='lat'>.</span> <span class='ocrx_word' id='word_1_2024' title='bbox 724 3722 731 3730; x_wconf 88' lang='lat'>.</span> <span class='ocrx_word' id='word_1_2025' title='bbox 839 3704 939 3730; x_wconf 88' lang='lat' dir='ltr'>Omnia</span> <span class='ocrx_word' id='word_1_2026' title='bbox 954 3701 1101 3735; x_wconf 84' lang='lat' dir='ltr'>palloribus</span> <span class='ocrx_word' id='word_1_2027' title='bbox 1161 3705 1180 3732; x_wconf 89' lang='lat' dir='ltr'><strong>fi</strong></span> <span class='ocrx_word' id='word_1_2028' title='bbox 1205 3705 1274 3732; x_wconf 80' lang='lat' dir='ltr'>Vilis</span> <span class='ocrx_word' id='word_1_2029' title='bbox 1297 3712 1323 3732; x_wconf 83' lang='lat' dir='ltr'>et</span> <span class='ocrx_word' id='word_1_2030' title='bbox 1345 3703 1466 3738; x_wconf 79' lang='lat' dir='ltr'>agninae.</span> <span class='ocrx_word' id='word_1_2031' title='bbox 1502 3701 1598 3728; x_wconf 86' lang='lat' dir='ltr'>Pabula</span> <span class='ocrx_word' id='word_1_2032' title='bbox 1616 3702 1721 3729; x_wconf 85' lang='lat' dir='ltr'>Lucret.</span> <span class='ocrx_word' id='word_1_2033' title='bbox 1738 3711 1758 3735; x_wconf 90' lang='lat'>1,</span> <span class='ocrx_word' id='word_1_2034' title='bbox 1772 3707 1826 3735; x_wconf 85' lang='lat'>258.</span> <span class='ocrx_word' id='word_1_2035' title='bbox 1847 3702 1888 3728; x_wconf 80' lang='lat' dir='ltr'>vel</span> <span class='ocrx_word' id='word_1_2036' title='bbox 1903 3701 1970 3738; x_wconf 83' lang='lat' dir='ltr'>quad</span> <span class='ocrx_word' id='word_1_2037' title='bbox 1990 3702 2044 3738; x_wconf 79' lang='lat' dir='ltr'>ipsa</span> <span class='ocrx_word' id='word_1_2038' title='bbox 2064 3702 2129 3738; x_wconf 62' lang='lat' dir='ltr'>fiant</span> <span class='ocrx_word' id='word_1_2039' title='bbox 2147 3704 2222 3730; x_wconf 75' lang='lat' dir='ltr'>multt</span> 
     </span>
    </p>

    <p class='ocr_par' dir='ltr' id='par_1_72' title="bbox 47 3735 2218 3777">
     <span class='ocr_line' id='line_1_181' title="bbox 47 3735 2218 3777; baseline 0.001 -16"><span class='ocrx_word' id='word_1_2040' title='bbox 47 3741 159 3775; x_wconf 77' lang='lat' dir='ltr'>pingunt</span> <span class='ocrx_word' id='word_1_2041' title='bbox 177 3735 282 3764; x_wconf 88' lang='lat' dir='ltr'>Lucret.</span> <span class='ocrx_word' id='word_1_2042' title='bbox 298 3744 326 3770; x_wconf 85' lang='lat'>4,</span> <span class='ocrx_word' id='word_1_2043' title='bbox 340 3742 401 3776; x_wconf 38' lang='grc'>337..</span> <span class='ocrx_word' id='word_1_2044' title='bbox 500 3736 626 3769; x_wconf 82' lang='lat' dir='ltr'>Pergama</span> <span class='ocrx_word' id='word_1_2045' title='bbox 637 3741 693 3763; x_wconf 86' lang='lat' dir='ltr'>tota</span> <span class='ocrx_word' id='word_1_2046' title='bbox 705 3739 790 3774; x_wconf 81' lang='lat' dir='ltr'>pingit</span> <span class='ocrx_word' id='word_1_2047' title='bbox 803 3741 902 3774; x_wconf 79' lang='lat' dir='ltr'>exiguo</span> <span class='ocrx_word' id='word_1_2048' title='bbox 917 3747 992 3764; x_wconf 87' lang='lat' dir='ltr'>mero</span> <span class='ocrx_word' id='word_1_2049' title='bbox 1018 3737 1101 3764; x_wconf 90' lang='lat' dir='ltr'>Ouid.</span> <span class='ocrx_word' id='word_1_2050' title='bbox 1154 3741 1244 3777; x_wconf 63' lang='lat' dir='ltr'>fita-i,</span> <span class='ocrx_word' id='word_1_2051' title='bbox 1261 3743 1302 3768; x_wconf 80' lang='lat' dir='ltr'>vel</span> <span class='ocrx_word' id='word_1_2052' title='bbox 1321 3739 1386 3776; x_wconf 83' lang='lat' dir='ltr'>quod</span> <span class='ocrx_word' id='word_1_2053' title='bbox 1399 3737 1506 3773; x_wconf 76' lang='lat' dir='ltr'>pecudes</span> <span class='ocrx_word' id='word_1_2054' title='bbox 1515 3738 1723 3774; x_wconf 55' lang='lat' dir='ltr'>pingue-faciunt.</span> <span class='ocrx_word' id='word_1_2055' title='bbox 1778 3740 1836 3766; x_wconf 85' lang='lat' dir='ltr'>Alii</span> <span class='ocrx_word' id='word_1_2056' title='bbox 1855 3738 1942 3774; x_wconf 82' lang='lat' dir='ltr'>legunt</span> <span class='ocrx_word' id='word_1_2057' title='bbox 1963 3737 2075 3772; x_wconf 81' lang='lat' dir='ltr'>Pingues</span> <span class='ocrx_word' id='word_1_2058' title='bbox 2098 3738 2218 3773; x_wconf 87' lang='lat' dir='ltr'>pecudes.</span> 
     </span>
    </p>

    <p class='ocr_par' dir='ltr' id='par_1_73' title="bbox 0 3770 2217 3812">
     <span class='ocr_line' id='line_1_182' title="bbox 0 3770 2217 3812; baseline 0.002 -15"><span class='ocrx_word' id='word_1_2059' title='bbox 0 3787 1 3802; x_wconf 69' lang='lat'>3</span> <span class='ocrx_word' id='word_1_2060' title='bbox 47 3771 127 3806; x_wconf 71' lang='lat' dir='ltr'>Epist.</span> <span class='ocrx_word' id='word_1_2061' title='bbox 150 3779 172 3803; x_wconf 83' lang='grc'>1,</span> <span class='ocrx_word' id='word_1_2062' title='bbox 194 3781 229 3804; x_wconf 81' lang='lat'>3²-</span> <span class='ocrx_word' id='word_1_2063' title='bbox 337 3770 534 3799; x_wconf 76' lang='lat' dir='ltr'>Simllitudines</span> <span class='ocrx_word' id='word_1_2064' title='bbox 557 3771 697 3798; x_wconf 87' lang='lat' dir='ltr'>indiscrete</span> <span class='ocrx_word' id='word_1_2065' title='bbox 719 3774 826 3810; x_wconf 86' lang='lat' dir='ltr'>pingere</span> <span class='ocrx_word' id='word_1_2066' title='bbox 847 3774 1010 3809; x_wconf 81' lang='lat' dir='ltr'>imaginum,</span> <span class='ocrx_word' id='word_1_2067' title='bbox 1046 3773 1100 3799; x_wconf 79' lang='lat' dir='ltr'>vid.</span> <span class='ocrx_word' id='word_1_2068' title='bbox 1161 3778 1240 3804; x_wconf 80' lang='lat' dir='ltr'>Rami</span> <span class='ocrx_word' id='word_1_2069' title='bbox 1263 3774 1425 3812; x_wconf 72' lang='lat' dir='ltr'>pinguissimi</span> <span class='ocrx_word' id='word_1_2070' title='bbox 1446 3774 1514 3800; x_wconf 87' lang='lat' dir='ltr'>Hor.</span> <span class='ocrx_word' id='word_1_2071' title='bbox 1533 3774 1615 3807; x_wconf 73' lang='lat' dir='ltr'>Fpod.</span> <span class='ocrx_word' id='word_1_2072' title='bbox 1628 3783 1653 3805; x_wconf 86' lang='lat'>2,</span> <span class='ocrx_word' id='word_1_2073' title='bbox 1668 3782 1706 3808; x_wconf 81' lang='lat'>55.</span> <span class='ocrx_word' id='word_1_2074' title='bbox 1814 3773 1906 3800; x_wconf 84' lang='lat' dir='ltr'>Solum</span> <span class='ocrx_word' id='word_1_2075' title='bbox 1923 3774 1998 3808; x_wconf 87' lang='lat' dir='ltr'>Virg.</span> <span class='ocrx_word' id='word_1_2076' title='bbox 2014 3775 2112 3809; x_wconf 83' lang='lat' dir='ltr'>Georg.</span> <span class='ocrx_word' id='word_1_2077' title='bbox 2130 3783 2152 3805; x_wconf 89' lang='grc'>1,</span> <span class='ocrx_word' id='word_1_2078' title='bbox 2173 3775 2217 3812; x_wconf 66' lang='lat'>64·</span> 
     </span>
    </p>
   </div>
   <div class='ocr_carea' id='block_1_41' title="bbox 22 3802 2218 3956">
    <p class='ocr_par' dir='ltr' id='par_1_74' title="bbox 22 3802 2218 3956">
     <span class='ocr_line' id='line_1_183' title="bbox 22 3802 2216 3848; baseline 0 -14"><span class='ocrx_word' id='word_1_2079' title='bbox 22 3845 24 3848; x_wconf 50' lang='lat'>.</span> <span class='ocrx_word' id='word_1_2080' title='bbox 47 3812 276 3848; x_wconf 50' lang='lat' dir='ltr'>INDISCR-E&#39;Ijvs.</span> <span class='ocrx_word' id='word_1_2081' title='bbox 360 3807 483 3848; x_wconf 66' lang='lat' dir='ltr'>Tabulas</span> <span class='ocrx_word' id='word_1_2082' title='bbox 500 3808 609 3842; x_wconf 82' lang='lat' dir='ltr'>pingere</span> <span class='ocrx_word' id='word_1_2083' title='bbox 628 3807 684 3834; x_wconf 89' lang='lat' dir='ltr'>Cic.</span> <span class='ocrx_word' id='word_1_2084' title='bbox 697 3807 730 3835; x_wconf 86' lang='lat' dir='ltr'>de</span> <span class='ocrx_word' id='word_1_2085' title='bbox 743 3811 848 3838; x_wconf 87' lang='lat' dir='ltr'>Inuent.</span> <span class='ocrx_word' id='word_1_2086' title='bbox 863 3821 888 3844; x_wconf 82' lang='lat'>2,</span> <span class='ocrx_word' id='word_1_2087' title='bbox 904 3820 922 3837; x_wconf 89' lang='lat'>1.</span> <span class='ocrx_word' id='word_1_2088' title='bbox 1013 3810 1101 3836; x_wconf 88' lang='lat' dir='ltr'>Tem·</span> <span class='ocrx_word' id='word_1_2089' title='bbox 1161 3814 1268 3840; x_wconf 85' lang='lat' dir='ltr'>Terrae</span> <span class='ocrx_word' id='word_1_2090' title='bbox 1291 3813 1401 3847; x_wconf 85' lang='lat' dir='ltr'>pingues</span> <span class='ocrx_word' id='word_1_2091' title='bbox 1431 3809 1506 3836; x_wconf 83' lang='lat' dir='ltr'>Idem</span> <span class='ocrx_word' id='word_1_2092' title='bbox 1523 3809 1591 3836; x_wconf 84' lang='lat' dir='ltr'>ibid.</span> <span class='ocrx_word' id='word_1_2093' title='bbox 1613 3819 1635 3841; x_wconf 88' lang='lat'>2,</span> <span class='ocrx_word' id='word_1_2094' title='bbox 1653 3819 1696 3843; x_wconf 81' lang='lat'>92.</span> <span class='ocrx_word' id='word_1_2095' title='bbox 1739 3802 1798 3836; x_wconf 59' lang='lat' dir='ltr'>Viti.</span> <span class='ocrx_word' id='word_1_2096' title='bbox 1814 3810 1920 3836; x_wconf 89' lang='lat' dir='ltr'>Colum.</span> <span class='ocrx_word' id='word_1_2097' title='bbox 1937 3821 1958 3844; x_wconf 82' lang='lat'>2,</span> <span class='ocrx_word' id='word_1_2098' title='bbox 1973 3819 1998 3841; x_wconf 89' lang='lat'>2,</span> <span class='ocrx_word' id='word_1_2099' title='bbox 2012 3818 2033 3843; x_wconf 85' lang='lat'>5.</span> <span class='ocrx_word' id='word_1_2100' title='bbox 2069 3813 2100 3836; x_wconf 79' lang='lat' dir='ltr'>it.</span> <span class='ocrx_word' id='word_1_2101' title='bbox 2114 3819 2143 3842; x_wconf 82' lang='lat'>14</span> <span class='ocrx_word' id='word_1_2102' title='bbox 2156 3814 2216 3844; x_wconf 75' lang='lat' dir='ltr'>jqq.</span> 
     </span>
     <span class='ocr_line' id='line_1_184' title="bbox 38 3843 2216 3884; baseline 0 -16"><span class='ocrx_word' id='word_1_2103' title='bbox 38 3850 113 3880; x_wconf 17' lang='lat' dir='ltr'>(pora</span> <span class='ocrx_word' id='word_1_2104' title='bbox 124 3849 187 3868; x_wconf 77' lang='lat' dir='ltr'>anni</span> <span class='ocrx_word' id='word_1_2105' title='bbox 200 3843 344 3879; x_wconf 77' lang='lat' dir='ltr'>pingebant</span> <span class='ocrx_word' id='word_1_2106' title='bbox 356 3843 633 3884; x_wconf 27' lang='lat' dir='ltr'>viridantcs&#39;floribnt-ts</span> <span class='ocrx_word' id='word_1_2107' title='bbox 647 3843 755 3877; x_wconf 88' lang='lat' dir='ltr'>herbas,</span> <span class='ocrx_word' id='word_1_2108' title='bbox 772 3849 798 3879; x_wconf 74' lang='lat' dir='ltr'>j.</span> <span class='ocrx_word' id='word_1_2109' title='bbox 818 3848 925 3875; x_wconf 74' lang='lat' dir='ltr'>Vernum</span> <span class='ocrx_word' id='word_1_2110' title='bbox 938 3852 1033 3880; x_wconf 79' lang='lat' dir='ltr'>tempus</span> <span class='ocrx_word' id='word_1_2111' title='bbox 1050 3845 1241 3884; x_wconf 64' lang='lat' dir='ltr'>Lu-100T0ga</span> <span class='ocrx_word' id='word_1_2112' title='bbox 1255 3848 1373 3884; x_wconf 75' lang='lat' dir='ltr'>pinguiS,</span> <span class='ocrx_word' id='word_1_2113' title='bbox 1388 3854 1437 3882; x_wconf 79' lang='lat' dir='ltr'>pro</span> <span class='ocrx_word' id='word_1_2114' title='bbox 1450 3843 1552 3880; x_wconf 74' lang='lat' dir='ltr'>Craffiz,</span> <span class='ocrx_word' id='word_1_2115' title='bbox 1567 3846 1636 3882; x_wconf 79' lang='lat' dir='ltr'>apud</span> <span class='ocrx_word' id='word_1_2116' title='bbox 1647 3845 1804 3880; x_wconf 81' lang='lat' dir='ltr'>Tranquill.</span> <span class='ocrx_word' id='word_1_2117' title='bbox 1818 3846 1847 3872; x_wconf 91' lang='lat' dir='ltr'>in</span> <span class='ocrx_word' id='word_1_2118' title='bbox 1862 3846 1971 3881; x_wconf 88' lang='lat' dir='ltr'>August.</span> <span class='ocrx_word' id='word_1_2119' title='bbox 1985 3856 2006 3872; x_wconf 83' lang='lat' dir='ltr'>e.</span> <span class='ocrx_word' id='word_1_2120' title='bbox 2015 3851 2051 3876; x_wconf 83' lang='lat'>82.</span> <span class='ocrx_word' id='word_1_2121' title='bbox 2122 3845 2216 3870; x_wconf 84' lang='lat' dir='ltr'>quen.</span> 
     </span>
     <span class='ocr_line' id='line_1_185' title="bbox 47 3880 2216 3918; baseline -0.003 -7"><span class='ocrx_word' id='word_1_2122' title='bbox 47 3883 111 3905; x_wconf 81' lang='lat' dir='ltr'>eret.</span> <span class='ocrx_word' id='word_1_2123' title='bbox 126 3885 222 3911; x_wconf 76' lang='lat'>5›139;-</span> <span class='ocrx_word' id='word_1_2124' title='bbox 289 3880 428 3915; x_wconf 81' lang='lat' dir='ltr'>Tempora</span> <span class='ocrx_word' id='word_1_2125' title='bbox 442 3880 568 3907; x_wconf 88' lang='lat' dir='ltr'>sutil1bus</span> <span class='ocrx_word' id='word_1_2126' title='bbox 582 3886 727 3915; x_wconf 81' lang='lat' dir='ltr'>p1nguntur</span> <span class='ocrx_word' id='word_1_2127' title='bbox 739 3881 806 3908; x_wconf 65' lang='lat' dir='ltr'>tecta</span> <span class='ocrx_word' id='word_1_2128' title='bbox 819 3883 927 3910; x_wconf 84' lang='lat' dir='ltr'>coronis</span> <span class='ocrx_word' id='word_1_2129' title='bbox 945 3881 1027 3909; x_wconf 90' lang='lat' dir='ltr'>Ouid.</span> <span class='ocrx_word' id='word_1_2130' title='bbox 1035 3880 1102 3908; x_wconf 83' lang='lat' dir='ltr'>Fast.</span> <span class='ocrx_word' id='word_1_2131' title='bbox 1162 3885 1213 3912; x_wconf 67' lang='lat' dir='ltr'>Sat,</span> <span class='ocrx_word' id='word_1_2132' title='bbox 1249 3894 1276 3918; x_wconf 84' lang='lat'>9,</span> <span class='ocrx_word' id='word_1_2133' title='bbox 1309 3888 1340 3913; x_wconf 79' lang='lat'>28</span> <span class='ocrx_word' id='word_1_2134' title='bbox 1376 3897 1422 3901; x_wconf 89' lang='lat'>——-</span> <span class='ocrx_word' id='word_1_2135' title='bbox 1459 3881 1570 3916; x_wconf 80' lang='lat' dir='ltr'>Pingues</span> <span class='ocrx_word' id='word_1_2136' title='bbox 1606 3880 1750 3916; x_wconf 87' lang='lat' dir='ltr'>aliquando</span> <span class='ocrx_word' id='word_1_2137' title='bbox 1782 3882 1897 3909; x_wconf 85' lang='lat' dir='ltr'>lacernas</span> <span class='ocrx_word' id='word_1_2138' title='bbox 1933 3883 2100 3909; x_wconf 81' lang='lat' dir='ltr'>Munimenta</span> <span class='ocrx_word' id='word_1_2139' title='bbox 2130 3886 2216 3913; x_wconf 79' lang='lat' dir='ltr'>togae.</span> 
     </span>
     <span class='ocr_line' id='line_1_186' title="bbox 48 3915 2218 3956; baseline 0.001 -16"><span class='ocrx_word' id='word_1_2140' title='bbox 48 3921 72 3948; x_wconf 86' lang='lat'>5,</span> <span class='ocrx_word' id='word_1_2141' title='bbox 87 3922 141 3954; x_wconf 66' lang='lat'>395.</span> <span class='ocrx_word' id='word_1_2142' title='bbox 177 3915 291 3949; x_wconf 75' lang='lat' dir='ltr'>Qatuor</span> <span class='ocrx_word' id='word_1_2143' title='bbox 303 3923 398 3943; x_wconf 83' lang='lat' dir='ltr'>veteres</span> <span class='ocrx_word' id='word_1_2144' title='bbox 412 3917 473 3944; x_wconf 89' lang='lat' dir='ltr'>libri</span> <span class='ocrx_word' id='word_1_2145' title='bbox 486 3918 586 3951; x_wconf 65' lang='lat' dir='ltr'>legunt,</span> <span class='ocrx_word' id='word_1_2146' title='bbox 601 3916 743 3950; x_wconf 85' lang='lat' dir='ltr'>Tempora</span> <span class='ocrx_word' id='word_1_2147' title='bbox 755 3918 876 3945; x_wconf 87' lang='lat' dir='ltr'>sutilibus</span> <span class='ocrx_word' id='word_1_2148' title='bbox 891 3919 1035 3951; x_wconf 81' lang='lat' dir='ltr'>cinguntur</span> <span class='ocrx_word' id='word_1_2149' title='bbox 1048 3923 1103 3944; x_wconf 88' lang='lat' dir='ltr'>tota</span> <span class='ocrx_word' id='word_1_2150' title='bbox 1164 3921 1238 3956; x_wconf 60' lang='lat' dir='ltr'>szf.</span> <span class='ocrx_word' id='word_1_2151' title='bbox 1253 3917 1370 3947; x_wconf 80' lang='lat' dir='ltr'>Martial.</span> <span class='ocrx_word' id='word_1_2152' title='bbox 1384 3927 1411 3951; x_wconf 82' lang='lat'>4,</span> <span class='ocrx_word' id='word_1_2153' title='bbox 1428 3926 1464 3950; x_wconf 83' lang='lat'>19.</span> <span class='ocrx_word' id='word_1_2154' title='bbox 1571 3919 1657 3945; x_wconf 84' lang='lat' dir='ltr'>Coma</span> <span class='ocrx_word' id='word_1_2155' title='bbox 1676 3918 1746 3944; x_wconf 83' lang='lat' dir='ltr'>Suet.</span> <span class='ocrx_word' id='word_1_2156' title='bbox 1761 3918 1827 3945; x_wconf 81' lang='lat' dir='ltr'>Ner.</span> <span class='ocrx_word' id='word_1_2157' title='bbox 1842 3928 1863 3945; x_wconf 83' lang='lat' dir='ltr'>c.</span> <span class='ocrx_word' id='word_1_2158' title='bbox 1878 3928 1918 3944; x_wconf 83' lang='lat'>20.</span> <span class='ocrx_word' id='word_1_2159' title='bbox 1939 3922 1956 3944; x_wconf 85' lang='lat' dir='ltr'>i.</span> <span class='ocrx_word' id='word_1_2160' title='bbox 1973 3917 2052 3951; x_wconf 69' lang='lat' dir='ltr'>densa.</span> <span class='ocrx_word' id='word_1_2161' title='bbox 2126 3916 2218 3949; x_wconf 77' lang='lat' dir='ltr'>Vapor</span> 
     </span>
    </p>
   </div>
   <div class='ocr_carea' id='block_1_42' title="bbox 47 3948 1101 4085">
    <p class='ocr_par' dir='ltr' id='par_1_75' title="bbox 47 3948 1101 4085">
     <span class='ocr_line' id='line_1_187' title="bbox 48 3948 1101 3989; baseline 0.003 -13"><span class='ocrx_word' id='word_1_2162' title='bbox 48 3958 165 3977; x_wconf 76' lang='lat' dir='ltr'>coronis.</span> <span class='ocrx_word' id='word_1_2163' title='bbox 271 3951 398 3980; x_wconf 81' lang='lat' dir='ltr'>Vaccinia</span> <span class='ocrx_word' id='word_1_2164' title='bbox 421 3948 518 3980; x_wconf 70' lang='lat' dir='ltr'>molliti</span> <span class='ocrx_word' id='word_1_2165' title='bbox 538 3952 638 3979; x_wconf 85' lang='lat' dir='ltr'>luteola</span> <span class='ocrx_word' id='word_1_2166' title='bbox 661 3952 748 3986; x_wconf 84' lang='lat' dir='ltr'>pingit</span> <span class='ocrx_word' id='word_1_2167' title='bbox 765 3953 850 3981; x_wconf 83' lang='lat' dir='ltr'>caltha</span> <span class='ocrx_word' id='word_1_2168' title='bbox 868 3949 949 3989; x_wconf 59' lang='lat' dir='ltr'>virg?</span> <span class='ocrx_word' id='word_1_2169' title='bbox 958 3954 1011 3981; x_wconf 80' lang='lat' dir='ltr'>Ecl.</span> <span class='ocrx_word' id='word_1_2170' title='bbox 1024 3962 1048 3984; x_wconf 83' lang='lat'>2,</span> <span class='ocrx_word' id='word_1_2171' title='bbox 1061 3961 1101 3985; x_wconf 90' lang='lat'>50.</span> 
     </span>
     <span class='ocr_line' id='line_1_188' title="bbox 47 3985 492 4023; baseline 0.011 -11"><span class='ocrx_word' id='word_1_2172' title='bbox 47 3987 103 4012; x_wconf 82' lang='lat' dir='ltr'>Aeu</span> <span class='ocrx_word' id='word_1_2173' title='bbox 114 3985 224 4020; x_wconf 83' lang='lat' dir='ltr'>pingere</span> <span class='ocrx_word' id='word_1_2174' title='bbox 242 3985 324 4013; x_wconf 87' lang='lat' dir='ltr'>Ouid.</span> <span class='ocrx_word' id='word_1_2175' title='bbox 335 3989 401 4015; x_wconf 90' lang='lat' dir='ltr'>Met.</span> <span class='ocrx_word' id='word_1_2176' title='bbox 414 3992 440 4023; x_wconf 89' lang='lat'>6,</span> <span class='ocrx_word' id='word_1_2177' title='bbox 456 3998 492 4022; x_wconf 81' lang='lat'>23.</span> 
     </span>
     <span class='ocr_line' id='line_1_189' title="bbox 48 4020 327 4049; baseline 0.004 -1"><span class='ocrx_word' id='word_1_2178' title='bbox 48 4026 105 4049; x_wconf 86' lang='lat' dir='ltr'>tum</span> <span class='ocrx_word' id='word_1_2179' title='bbox 127 4021 197 4049; x_wconf 83' lang='lat' dir='ltr'>hune</span> <span class='ocrx_word' id='word_1_2180' title='bbox 222 4020 327 4049; x_wconf 84' lang='lat' dir='ltr'>locum.-</span> 
     </span>
     <span class='ocr_line' id='line_1_190' title="bbox 47 4063 296 4085; baseline 0 0"><span class='ocrx_word' id='word_1_2181' title='bbox 47 4070 49 4072; x_wconf 87' lang='grc'><strong><em>·</em></strong></span> <span class='ocrx_word' id='word_1_2182' title='bbox 202 4063 224 4085; x_wconf 89' lang='lat' dir='ltr'>V</span> <span class='ocrx_word' id='word_1_2183' title='bbox 235 4063 254 4085; x_wconf 90' lang='grc'>0</span> <span class='ocrx_word' id='word_1_2184' title='bbox 262 4064 279 4085; x_wconf 92' lang='lat' dir='ltr'>L</span> <span class='ocrx_word' id='word_1_2185' title='bbox 288 4077 296 4085; x_wconf 83' lang='lat'>.</span> 
     </span>
    </p>
   </div>
   <div class='ocr_carea' id='block_1_43' title="bbox 335 3952 2217 4095">
    <p class='ocr_par' dir='ltr' id='par_1_76' title="bbox 335 3952 2217 4095">
     <span class='ocr_line' id='line_1_191' title="bbox 1163 3952 2217 3992; baseline -0.007 -8"><span class='ocrx_word' id='word_1_2186' title='bbox 1163 3957 1269 3992; x_wconf 83' lang='lat' dir='ltr'>pinguis</span> <span class='ocrx_word' id='word_1_2187' title='bbox 1297 3957 1387 3982; x_wconf 80' lang='lat' dir='ltr'>Senec.</span> <span class='ocrx_word' id='word_1_2188' title='bbox 1401 3954 1479 3980; x_wconf 81' lang='lat' dir='ltr'>Herc.</span> <span class='ocrx_word' id='word_1_2189' title='bbox 1491 3953 1543 3980; x_wconf 81' lang='lat' dir='ltr'>fur.</span> <span class='ocrx_word' id='word_1_2190' title='bbox 1558 3962 1589 3980; x_wconf 87' lang='lat'>11.</span> <span class='ocrx_word' id='word_1_2191' title='bbox 1698 3954 1780 3980; x_wconf 79' lang='lat' dir='ltr'>Vitiis</span> <span class='ocrx_word' id='word_1_2192' title='bbox 1794 3954 1900 3989; x_wconf 73' lang='lat' dir='ltr'>pinguis</span> <span class='ocrx_word' id='word_1_2193' title='bbox 1932 3955 1997 3979; x_wconf 84' lang='lat' dir='ltr'>Hor.</span> <span class='ocrx_word' id='word_1_2194' title='bbox 2013 3952 2093 3976; x_wconf 88' lang='lat' dir='ltr'>Serm.</span> <span class='ocrx_word' id='word_1_2195' title='bbox 2107 3958 2129 3983; x_wconf 74' lang='lat'>2.</span> <span class='ocrx_word' id='word_1_2196' title='bbox 2146 3960 2165 3982; x_wconf 64' lang='lat' dir='ltr'>a,</span> <span class='ocrx_word' id='word_1_2197' title='bbox 2180 3960 2217 3977; x_wconf 84' lang='lat'>21.</span> 
     </span>
     <span class='ocr_line' id='line_1_192' title="bbox 452 3986 2217 4031; baseline -0.007 -6"><span class='ocrx_word' id='word_1_2198' title='bbox 452 4026 457 4031; x_wconf 72' lang='grc'>,</span> <span class='ocrx_word' id='word_1_2199' title='bbox 539 4024 545 4030; x_wconf 76' lang='grc'><strong>,</strong></span> <span class='ocrx_word' id='word_1_2200' title='bbox 611 3988 870 4029; x_wconf 55' lang='grc' dir='ltr'>ΛΤῗῙαΡῘΠθΥῘθῶῖ-(Ῐὶῦ</span> <span class='ocrx_word' id='word_1_2201' title='bbox 885 3991 938 4017; x_wconf 60' lang='lat' dir='ltr'>Att-</span> <span class='ocrx_word' id='word_1_2202' title='bbox 953 3990 1018 4030; x_wconf 64' lang='lat' dir='ltr'>1,&#39;i4</span> <span class='ocrx_word' id='word_1_2203' title='bbox 1041 3990 1103 4029; x_wconf 65' lang='lat' dir='ltr'>TO·</span> <span class='ocrx_word' id='word_1_2204' title='bbox 1163 3991 1185 4029; x_wconf 57' lang='lat' dir='ltr'>fl</span> <span class='ocrx_word' id='word_1_2205' title='bbox 1205 4002 1221 4020; x_wconf 88' lang='lat'>2</span> <span class='ocrx_word' id='word_1_2206' title='bbox 1261 3990 1434 4026; x_wconf 79' lang='lat' dir='ltr'>Transfertur·</span> <span class='ocrx_word' id='word_1_2207' title='bbox 1457 3989 1600 4030; x_wconf 68' lang='lat' dir='ltr'>dupliciter.</span> <span class='ocrx_word' id='word_1_2208' title='bbox 1640 3989 1687 4015; x_wconf 80' lang='lat' dir='ltr'>Vel</span> <span class='ocrx_word' id='word_1_2209' title='bbox 1707 3994 1772 4015; x_wconf 83' lang='lat' dir='ltr'>enim</span> <span class='ocrx_word' id='word_1_2210' title='bbox 1790 3990 1824 4016; x_wconf 81' lang='lat' dir='ltr'>ad</span> <span class='ocrx_word' id='word_1_2211' title='bbox 1841 3991 1936 4016; x_wconf 73' lang='lat' dir='ltr'>laudem</span> <span class='ocrx_word' id='word_1_2212' title='bbox 1956 3989 2038 4021; x_wconf 80' lang='lat' dir='ltr'>copiae</span> <span class='ocrx_word' id='word_1_2213' title='bbox 2051 3986 2179 4028; x_wconf 67' lang='lat' dir='ltr'>cuiusdam</span> <span class='ocrx_word' id='word_1_2214' title='bbox 2192 3992 2217 4012; x_wconf 78' lang='lat' dir='ltr'>et</span> 
     </span>
     <span class='ocr_line' id='line_1_193' title="bbox 335 4020 2214 4095; baseline -0.004 -42"><span class='ocrx_word' id='word_1_2215' title='bbox 335 4033 429 4088; x_wconf 54' lang='lat' dir='ltr'>Irpiem</span> <span class='ocrx_word' id='word_1_2216' title='bbox 449 4035 479 4054; x_wconf 80' lang='lat' dir='ltr'>in</span> <span class='ocrx_word' id='word_1_2217' title='bbox 499 4024 673 4054; x_wconf 72' lang='lat' dir='ltr'>Aristo-:rana</span> <span class='ocrx_word' id='word_1_2218' title='bbox 685 4032 736 4059; x_wconf 81' lang='lat' dir='ltr'>ego</span> <span class='ocrx_word' id='word_1_2219' title='bbox 749 4033 823 4052; x_wconf 74' lang='lat' dir='ltr'>varie</span> <span class='ocrx_word' id='word_1_2220' title='bbox 843 4027 910 4054; x_wconf 74' lang='lat' dir='ltr'>meis</span> <span class='ocrx_word' id='word_1_2221' title='bbox 929 4025 1101 4055; x_wconf 79' lang='lat' dir='ltr'>oratiorubus</span> <span class='ocrx_word' id='word_1_2222' title='bbox 1113 4043 1156 4067; x_wconf 81' lang='lat'>105</span> <span class='ocrx_word' id='word_1_2223' title='bbox 1156 4030 1303 4067; x_wconf 66' lang='lat' dir='ltr'>facilitatis</span> <span class='ocrx_word' id='word_1_2224' title='bbox 1312 4029 1443 4064; x_wconf 71' lang='lat' dir='ltr'>pertinet,</span> <span class='ocrx_word' id='word_1_2225' title='bbox 1462 4027 1503 4095; x_wconf 59' lang='lat' dir='ltr'>use!</span> <span class='ocrx_word' id='word_1_2226' title='bbox 1511 4025 1698 4089; x_wconf 47' lang='lat' dir='ltr'>Gcbtili&#39;tatem,</span> <span class='ocrx_word' id='word_1_2227' title='bbox 1724 4035 1838 4059; x_wconf 77' lang='lat' dir='ltr'>acumen,</span> <span class='ocrx_word' id='word_1_2228' title='bbox 1854 4026 1999 4062; x_wconf 75' lang='lat' dir='ltr'>solertiam,</span> <span class='ocrx_word' id='word_1_2229' title='bbox 2018 4020 2092 4054; x_wconf 66' lang='lat' dir='ltr'>abe-ste</span> <span class='ocrx_word' id='word_1_2230' title='bbox 2108 4021 2214 4083; x_wconf 41' lang='lat' dir='ltr'>„gliti-id·</span> 
     </span>
    </p>
   </div>
   <div class='ocr_carea' id='block_1_44' title="bbox 0 3239 3 4231">
    <p class='ocr_par' dir='ltr' id='par_1_77' title="bbox 0 3239 3 4231">
     <span class='ocr_line' id='line_1_194' title="bbox 0 3239 3 4231; baseline 0 0"><span class='ocrx_word' id='word_1_2231' title='bbox 0 3239 3 4231; x_wconf 95' lang='lat' dir='ltr'> </span> 
     </span>
    </p>
   </div>
  </div>
 </body>
</html>
