2517 4231
450 182 748 223 PRAE

60 264 191 310 praestare
208 270 298 308 possis,
319 280 398 307 quam
417 280 461 299 me
476 271 584 299 hercule
596 277 622 298 te
639 270 830 306 praestaturum
848 265 964 295 confido.
1035 268 1117 296 Bene-

60 309 208 337 volentiam
222 309 442 342 memoriamque,
457 317 536 343 quam
551 308 638 338 debet,
646 307 698 334 tibi
709 305 820 341 praestat
833 305 960 331 Pontinus
980 304 1035 331 Cic.
1045 307 1116 332 Fam.

61 352 86 380 3,
100 354 138 372 10.
210 343 360 372 eandorem
373 344 503 379 praestare
523 344 644 370 Scribon.
656 343 703 376 Ep.
740 360 747 367 .
785 359 793 366 ·
866 342 950 375 Caput
959 341 1118 368 fulminibus

61 386 89 408 et
101 380 196 408 ruinae
209 379 349 415 praestare,
384 383 404 406 i.
429 381 514 406 Vitam
528 386 656 415 exponere,
668 384 715 404 erc.
740 377 838 402 Lucan.
856 384 878 409 5,
894 385 948 412 771.
1027 377 1117 404 Conti-

61 413 130 444 liufn
144 417 219 443 suum
232 414 367 450 fidemque
387 416 415 442 in
429 416 538 447 Senatu,
554 420 582 442 et
593 412 661 448 apud
674 412 820 447 POPUlUffl,
842 420 866 439 et
881 412 909 439 5¹¹
921 413 1000 440 (³1¹¹ss
1021 413 1119 439 amico·

61 460 132 483 rum,
145 456 171 478 et
183 451 259 477 domi
271 457 297 477 et
309 451 424 478 militiae
437 451 567 486 praestare
592 451 648 477 Cic.
663 447 696 474 de
716 448 791 474 Orat.
810 456 838 481 3,
860 457 909 479 ¹32·
988 449 1081 475 Dentis
1093 453 1120 474 ct

62 487 176 523 speeiem
189 493 216 514 et
229 487 304 514 vsum
320 487 449 521 praestare
469 488 588 514 Scribon.
602 492 639 519 53.
701 483 818 518 Dignum
833 484 969 519 praestabo
982 494 1024 511 me
1039 485 1120 511 ctiam

59 531 113 560 pro
127 522 205 550 laude
218 524 344 550 merentis
365 524 432 550 Hor.
440 523 520 558 Epist.
540 530 560 552 1,
574 529 606 556 7,
624 527 670 553 24.
775 520 832 547 Cic.
848 521 920 547 Fam.
939 529 983 554 14,
1003 529 1014 553 3
1039 520 1122 546 Pudet

62 567 107 588 me
119 559 198 586 vxori
219 567 294 586 meae
313 559 443 593 optimae,
461 556 613 585 suauiffimis
631 555 740 588 liberis,
760 556 888 583 virtutem
908 562 934 583 ct
947 556 1121 590 Diligentiam

63 604 119 622 non
133 594 294 630 praestitisse.
373 596 504 622 Pauorem
521 591 650 628 praestare
669 598 695 618 et
714 601 779 619 voce
795 597 821 619 et
841 598 930 619 uit-ute
956 591 1038 618 Ouid.
1057 591 1122 617 Met.

62 639 99 666 25,
113 632 168 663 632.
240 630 333 658 Fidem
354 631 428 658 Idem
441 630 505 657 Fast.
521 636 546 661 3,
558 635 620 662 497-
692 628 749 654 Cic.
769 629 823 654 Att.
844 637 870 660 9,
885 638 900 657 o
928 628 1009 654 Nunc
1022 629 1122 654 Romae

63 667 156 694 onmia
167 667 276 702 negotia
295 667 402 694 Lentuli
415 672 545 702 procum,
563 664 691 694 sustineo,
710 672 853 698 meumque
867 662 1002 695 officium,
1022 663 1124 694 Fidem,

83 703 191 730 ietatem
205 704 239 730 iis
255 703 368 738 praesto.
419 721 425 727 .
447 700 521 726 Idem
536 700 608 726 Fam.
629 709 658 732 5,
681 708 704 726 ιι
724 702 919 734 Qiamcuuquc
933 700 958 725 ci
973 699 1065 725 Fidem
1079 698 1123 724 de-

84 738 147 771 eris,
161 739 297 773 praestabo
334 737 409 773 Coris.
423 742 447 762 et
460 745 486 762 n.
500 744 513 768 3
534 736 625 762 Fidem
640 735 779 770 praestare.
852 735 918 761 l’lin.
933 736 1026 769 l’aueg.
1048 736 1123 761 Prae-

63 774 197 809 stabitque
215 774 349 802 Gaudium
368 777 497 808 quantum
518 772 571 806 ipse
588 771 734 806 percipiet,
750 778 797 797 etc.

63 810 220 838 Ouid.Fast‚
234 816 260 843 1,»,
275 818 314 844 57.
386 809 527 835 Honorem
548 807 669 835 debitum
682 807 752 842 patri
779 805 836 832 Cic.
853 805 968 842 Philipp.
982 816 1007 839 ι),
1023 815 1049 833 12
1061 817 1090 833 c.-
1101 815 1123 839 5.

64 846 264 874 Humanitatem
282 843 401 871 Scribon.
414 845 461 879 Ep.
499 864 505 870 .
544 864 550 870 .
604 843 635 870 Id
647 841 980 878 praeliantmedicamenta
1000 842 1122 869 Scribon.

62 882 111 917 Ep.
138 902 145 908 .
183 902 189 908 .
225 883 256 908 Et
268 880 342 907 Idem
362 880 472 915 praestat
494 882 536 912 163
561 882 580 906 i.
602 877 686 914 efficit.
748 877 901 904 Iudcmnem
915 877 1033 912 aliquem
1054 878 1126 904 Afri-

65 926 122 948 can,
137 917 165 944 in
181 918 199 944 l.
212 915 315 948 Tutor,
329 917 358 942 in
371 918 454 951 princ.
468 917 500 942 D.
518 915 550 942 ad
565 914 828 942 Senatusc.Velleian.
849 921 873 939 ct
893 914 921 939 in
936 913 953 940 l.
972 913 999 939 Si
1013 922 1027 939 a
1043 914 1124 947 pluri-

64 952 159 980 humo.
171 952 293 987 delegat.
308 961 327 979 1.
422 951 592 979 Intelleftum
604 950 802 978 euidentiorem
815 949 947 983 praestare
966 949 1046 976 Caius
1062 950 1090 975 iu
1105 949 1122 976 l.

64 998 87 1017 1.
107 989 134 1016 in
148 988 201 1015 fine
213 989 246 1015 D.
270 989 308 1014 De
321 988 389 1023 orig.
404 988 457 1015 iur.
492 990 513 1014 ι’.
533 989 593 1015 Rem
611 986 750 1013 euidentius
762 987 894 1020 explicare.
972 986 1026 1012 Iter
1037 991 1124 1011 tutum

63 1024 145 1052 alicui
166 1025 223 1052 Cic.
233 1033 281 1058 pro
290 1024 375 1051 Plane.
387 1032 432 1059 97.
502 1022 692 1050 Iusiurandum
711 1022 777 1048 Plin.
786 1021 863 1056 Epist.
880 1024 937 1054 269.
1004 1021 1061 1047 Cic.
1074 1029 1124 1055 pro

33 1070 36 1079 1
63 1060 148 1089 Flacc.
163 1069 188 1093 31
214 1061 272 1095 Q¹i
285 1069 369 1096 quum
389 1059 550 1095 praedonem
568 1059 672 1085 nullum
686 1058 822 1091 cepissent,
841 1058 916 1085 Mare
930 1064 1018 1084 tamen
1037 1063 1124 1084 tutum

60 1096 258 1133 praestiterunt.
330 1094 543 1122 Misericordiam
576 1094 697 1121 Scribon.
712 1095 759 1128 Ep.
796 1113 803 1119 .
842 1113 848 1120 .
910 1093 1061 1120 Molestiam
1085 1092 1126 1119 Id.

65 1141 122 1166 199.
191 1133 264 1159 Mors
277 1132 375 1159 Omnia
389 1131 500 1166 praestat
516 1131 634 1157 Vitalem
647 1135 752 1165 praeter
764 1129 882 1162 sensum,
900 1129 1070 1164 calidumque
1082 1137 1127 1156 va-

83 1177 157 1195 orem
175 1169 280 1195 Lucret.
294 1177 316 1201 3,
329 1175 381 1201 215.
417 1169 436 1194 ῖ.
456 1168 531 1194 Mors
543 1170 625 1193 omni-z
639 1168 761 1202 relinquit
772 1169 883 1202 integra,
897 1167 963 1193 nihil
975 1166 1050 1191 timii!
1059 1185 1067 1198 ,
1088 1167 1126 1191 ni.

63 1178 104 1233 {il
116 1204 236 1231 detrahit.
307 1205 404 1230 Munus
419 1200 493 1229 suum
513 1203 569 1230 Cic.
581 1202 614 1228 de
627 1203 702 1229 Orat.
717 1210 744 1235 2,
763 1208 802 1234 38.
876 1201 944 1229 Plin.
959 1202 1039 1237 Epist.
1055 1211 1095 1233 10,
1110 1210 1126 1227 2

65 1240 100 1268 Et
113 1240 190 1273 ciuis,
203 1246 229 1267 et
244 1240 372 1267 senatoris
386 1239 452 1266 boni
466 1239 586 1274 partibus
604 1238 713 1265 functus
727 1246 770 1271 es,
793 1237 960 1273 Obsequium
975 1236 1125 1273 amplillimi

64 1275 178 1306 ordinis,
191 1275 262 1311 quod
278 1275 412 1302 iustiffime
427 1275 559 1309 exigebat,
572 1273 750 1309 praestando..
814 1274 870 1301 Cic.
887 1275 960 1301 Fam.
976 1283 1016 1308 14,
1033 1284 1051 1308 4
1071 1274 1126 1300 Ne-

64 1312 187 1348 quelegis
199 1311 405 1346 improbissimae
417 1320 501 1346 poena
515 1310 643 1338 :ledaeum
660 1310 714 1343 est,
728 1318 784 1345 quo
796 1311 883 1336 minus
896 1310 1008 1346 hospitii
1021 1316 1048 1336 et
1059 1309 1125 1336 ami-

64 1348 146 1375 citiae
158 1349 211 1380 Ius,
224 1345 404 1383 Officiumque
418 1347 567 1382 praestaret.
637 1347 711 1374 Caes.
726 1346 791 1373 Bell.
806 1346 890 1373 Ciuil.
907 1355 928 1379 3,
948 1354 976 1379 83
1002 1346 1059 1380 Qti
1073 1346 1126 1372 Ro-

65 1393 126 1411 mae
141 1383 333 1416 remansissent,
351 1392 439 1420 neque
453 1384 522 1411 inter
535 1382 663 1418 prat-fidia
678 1382 801 1417 Pompeii
815 1383 939 1416 fuissent,
955 1392 1042 1417 neque
1056 1383 1127 1416 Ope.

65 1429 123 1447 ram
139 1420 168 1447 in
183 1429 212 1447 re
226 1420 340 1447 militari
353 1419 547 1455 praestitissent.
626 1418 690 1446 Otia
711 1418 793 1446 Ouid.
808 1419 895 1446 Trist.
912 1428 934 1452 2,
954 1426 1008 1452 235.
1081 1419 1126 1444 Pa-

66 1465 123 1484 cem
141 1456 214 1484 Idem
228 1464 260 1483 ex
274 1457 350 1484 Pont.
364 1464 389 1489 2,
405 1463 433 1491 7,
445 1458 490 1491 67.

65 1492 168 1520 Domit.
187 1501 208 1519 c.
224 1500 250 1525 9.

64 1529 141 1556 orat.
158 1530 205 1555 126
217 1537 239 1555 c.
253 1536 290 1561 33.
382 1528 533 1563 Principem
547 1527 695 1562 praestare,
728 1528 818 1554 facere
837 1536 898 1563 quac
910 1527 973 1563 fiant
987 1529 1129 1564 principis,

65 1564 216 1600 exhiherese
224 1567 368 1600 principem
388 1564 458 1591 Suet.
471 1564 571 1591 Tiber.
586 1573 608 1590 c.
624 1572 661 1596 33.
739 1563 796 1590 Cic.
809 1572 858 1598 pro
872 1564 968 1597 Qiint.
987 1570 1018 1596 95
1043 1564 1129 1589 Fune-

64 1599 135 1628 stum
149 1599 186 1627 est
200 1609 215 1627 a
232 1600 300 1627 forti
313 1606 393 1636 atque
414 1600 526 1627 honesto
538 1600 600 1627 viro
621 1598 739 1635 iugulari
753 1610 760 1627 ς
795 1599 925 1626 funestius
944 1599 977 1626 ab
991 1608 1035 1632 eo,
1053 1599 1129 1625 cuius

65 1643 122 1665 vox
147 1635 178 1662 in
197 1637 340 1670 praeconio
358 1636 505 1670 Qiaestum
525 1636 664 1671 praestitit.
759 1636 836 1669 Qiae
854 1636 924 1662 ratio
949 1641 975 1663 et
1004 1634 1129 1662 doetrina

60 199 152 237 ¹029

583 1455 725 1482 Pecuniam
740 1455 880 1490 praestare,
899 1458 917 1481 i.
939 1456 1036 1482 Soluere
1055 1455 1125 1481 Suet.

66 1671 280 1707 praescripserit,
297 1671 462 1700 arbitramur
477 1682 508 1700 ea
530 1681 578 1699 nos
591 1671 743 1708 praestitisse
768 1671 842 1698 Idem
857 1672 888 1698 de
902 1672 966 1698 Nat.
974 1672 1056 1698 Deor.
1066 1680 1087 1704 1,
1100 1679 1127 1705 7.
1145 1675 1183 1701 40
1191 1672 1230 1699 ris
1243 1671 1374 1706 praestare
1395 1671 1451 1697 Cic.
1474 1670 1506 1697 de
1527 1672 1601 1697 Orat.
1622 1679 1648 1702 1,
1669 1678 1726 1705 197.

66 1707 150 1742 Quod
164 1707 270 1744 petebat
280 1708 401 1744 praestiti
424 1709 489 1736 Plin.
505 1708 585 1744 Epist.
600 1715 656 1741 205.
728 1708 809 1741 Qiod
823 1707 949 1742 promisi,
968 1707 1015 1734 vix
1030 1706 1127 1733 videor

66 1744 198 1779 praestare
228 1745 279 1771 osse
296 1745 353 1771 Cic.
364 1744 398 1771 ad
410 1745 484 1772 Brut.
498 1749 532 1775 18-
610 1742 693 1777 Quod
709 1743 810 1770 faenum
830 1743 866 1769 cst
879 1744 1013 1777 impensae
1028 1743 1057 1768 in
1073 1742 1129 1769 bel-

66 1780 124 1807 lum
143 1753 274 1815 praeliare
302 1781 364 1807 Liu.
383 1789 416 1813 2,
436 1787 462 1811 ¹8
479 1787 544 1806 extr.
618 1779 699 1813 Qiod
714 1786 790 1813 potes
805 1778 934 1812 praestare
955 1778 1017 1804 satis
1033 1777 1061 1802 id
1074 1785 1128 1802 ma-

66 1825 150 1851 gnum
163 1815 200 1842 est
218 1815 277 1842 Cic.
291 1815 404 1844 chi-at.
420 1824 440 1847 1,
452 1824 491 1849 44
512 1825 536 1842 c.
549 1823 586 1840 10.
659 1813 846 1840 Reuerentiam
869 1813 968 1838 marito
987 1811 1128 1846 praestare,

66 1853 186 1879 Reuerm·
206 1854 324 1878 maritum
342 1851 409 1877 Plin.
423 1851 503 1885 Epist.
523 1854 573 1880 158.

64 1888 146 1914 Coris.
159 1886 234 1914 Mall.
247 1885 358 1913 Theod.
373 1894 423 1919 153.
515 1885 630 1912 Salutem
642 1884 773 1919 praestare
791 1884 898 1911 Lucrct.
914 1894 944 1918 4,
963 1891 1018 1917 154.
1085 1883 1128 1910 Sa-

63 1921 149 1950 tutem
163 1930 332 1949 communem
350 1922 481 1956 integram
499 1921 528 1948 in
549 1921 671 1955 periculo
689 1929 752 1946 mco
773 1920 901 1954 praestate
940 1919 1128 1946 Pseudo-Cic.

65 1960 180 1994 Antequ.
191 1958 244 1986 iret
256 1958 285 1984 in
299 1957 364 1984 exil.
377 1960 414 1985 16.
485 1957 542 1984 Cic.
556 1957 629 1983 Fam.
644 1964 674 1990 5,
689 1960 718 1983 16
745 1956 778 1982 In
791 1965 843 1990 qua
857 1965 912 1982 uon
926 1956 963 1982 est
976 1956 1030 1982 iam
1042 1956 1130 1990 graui-

66 1995 129 2022 tatis
142 1999 169 2020 et
182 1993 333 2028 Sapientiae
345 1998 424 2026 tuae,
440 2001 520 2027 quam
532 1999 562 2019 tu
576 2001 591 2019 a
606 2001 692 2028 puero
705 1991 855 2026 praestitisti
864 2012 872 2025 ,
884 1992 956 2018 ferre
970 1991 1132 2017 immodera-

67 2030 121 2056 tius
134 2029 223 2062 casum
235 2029 470 2055 incommodorum
481 2034 601 2054 tuorum.

68 2064 153 2091 arduu
243 2063 311 2090 alios
324 2063 464 2098 praestare,
479 2071 559 2097 quam
572 2063 603 2088 Se
616 2072 622 2087 :
651 2067 727 2088 tanto
744 2061 921 2093 laudabilius,
938 2061 1025 2097 quod,
1044 2070 1129 2096 quum

68 2100 125 2135 ipse
136 2093 168 2126 sis
181 2100 316 2134 optimus,
329 2107 422 2125 onmes
434 2099 502 2125 cirea
514 2104 541 2125 te
559 2097 655 2124 similes
668 2097 709 2124 tui
721 2097 839 2130 effecisti.
907 2097 963 2124 Cic.
977 2098 1050 2124 Fam.
1064 2099 1101 2129 16,
1113 2106 1131 2130 9

68 2137 101 2163 In
112 2135 164 2162 hoc
177 2144 286 2162 omnem
299 2134 468 2170 diligentiam
480 2134 499 2161 si
513 2133 678 2164 adhibueris,
690 2138 770 2168 teque
784 2133 863 2161 nobis
877 2133 1042 2160 incolumem
1056 2142 1131 2168 prae-

68 2171 177 2205 stiteris,
189 2172 280 2198 omnia
293 2180 308 2197 a
321 2177 347 2197 te
361 2171 476 2198 habebo.
553 2169 628 2197 Idem
641 2169 675 2196 ad
686 2170 760 2197 Brut.
777 2178 800 2196 11
829 2169 933 2196 Veteris
945 2169 1054 2197 Antistii
1069 2169 1129 2196 talis

67 2207 175 2235 animus
186 2206 223 2234 est
238 2207 269 2234 in
282 2207 423 2242 Rempubl.
437 2213 467 2234 vt
479 2215 534 2233 non
545 2205 676 2237 dubitem,
689 2206 756 2241 quin
771 2211 797 2232 et
811 2205 840 2232 in
849 2206 959 2233 Caesare
972 2211 998 2232 et
1007 2206 1128 2232 Antonio
1144 2209 1175 2238 55
1193 2207 1253 2233 Liu.
1266 2213 1288 2238 3,
1301 2207 1339 2232 61.

68 2243 103 2271 Se
116 2242 291 2278 praestaturus
304 2243 389 2270 fuerit
401 2243 562 2270 acerrimum
576 2248 801 2277 propugnatorem
820 2242 971 2269 communis
989 2241 1129 2269 libertatis.

68 2279 146 2315 Conf.
165 2279 236 2306 Suet.
244 2279 318 2306 Caes.
332 2288 354 2305 c.
367 2281 406 2306 16.
477 2278 650 2306 Sedulitatem
663 2278 792 2313 praestare
805 2278 905 2311 alicui,
923 2278 1009 2306 Sedulo
1024 2279 1132 2305 alicuius

51 2318 198 2380 111310
208 2314 585 2384 29¹⁸..

67 2387 106 2415 est
114 2387 203 2414 vittus
211 2386 340 2421 praestare
351 2387 452 2414 silentia
463 2371 553 2414 rebus’.
571 2367 583 2384 ²

37 2445 44 2450 .
68 2423 154 2451 minis
167 2422 206 2449 sui
221 2423 384 2458 praestabant
398 2424 514 2450 Romani
537 2423 594 2451 Cic.
609 2431 660 2458 pro
672 2424 742 2458 Lege
754 2423 851 2451 Manil.
871 2431 908 2457 55.

69 2468 132 2488 110111
144 2459 274 2494 praestare
293 2459 360 2487 Plin.
374 2460 456 2494 Epist.
471 2468 490 2491 1,
505 2468 548 2493 29.
625 2460 703 2494 Spem
717 2460 790 2486 suam
805 2459 936 2494 praestare
951 2459 1007 2486 deis
1031 2460 1131 2486 Lucan.

66 2503 95 2531 ς,
114 2504 159 2529 42.
255 2495 302 2522 Te
316 2496 414 2530 praesta
426 2505 488 2522 eum
496 2515 506 2529 ‚
519 2495 566 2530 qui
579 2495 650 2522 mihi
661 2504 676 2522 a
687 2496 785 2523 teneris
799 2495 947 2527 (thraeci
961 2495 1070 2528 dicunt)
1085 2505 1133 2522 vn-

60 2531 186 2567 ¹=3ffuiculis
197 2540 226 2560 es
238 2532 361 2566 cognitus
381 2533 438 2559 Cic.
447 2533 520 2560 Fam.
535 2540 555 2564 1,
571 2533 596 2558 6.
634 2531 694 2563 add.
713 2531 747 2558 ib.
768 2539 792 2565 5,
811 2533 848 2558 16.
926 2531 1133 2559 Titillatiouem

29 2587 32 2589 -
62 2567 201 2604 'praestare
218 2567 341 2594 Scribon.
357 2576 414 2601 199.

69 2604 178 2632 alicuius
189 2606 229 2631 rei
248 2603 315 2630 Plin.
329 2612 370 2636 20,
382 2612 426 2638 27.
495 2604 561 2630 Vim
573 2612 699 2637 omnem,
719 2612 764 2631 cut
775 2604 857 2631 resisti
869 2613 922 2630 uon
938 2604 1032 2638 potest,
1047 2603 1132 2630 domi-

71 2648 123 2666 nus
135 2640 233 2666 colono
246 2639 377 2674 praestare
395 2638 476 2666 debet
501 2639 610 2674 lelan.
630 2640 660 2667 in
678 2640 696 2667 l.
715 2641 754 2667 Ex
766 2639 901 2667 conducio
918 2638 942 2676 §-
957 2649 967 2667 1
986 2641 1020 2667 D.
1041 2641 1132 2667 Locat.

71 2675 151 2702 Vires
165 2674 294 2710 praestare
314 2675 397 2702 Ouid.
406 2684 438 2702 ex
447 2676 522 2702 Pont.
536 2683 556 2708 1,
569 2684 591 2708 7,
605 2683 644 2710 37.
716 2678 806 2704 Vitam
821 2676 952 2711 praestare
971 2677 1038 2703 Hor.
1051 2676 1131 2711 Epist.

70 2720 92 2742 ι,
107 2719 194 2744 11,14.
303 2711 475 2738 Voluntatem
500 2711 574 2738 suam
592 2711 675 2738 alicui
697 2712 738 2738 rei
759 2713 890 2747 praestare
938 2713 995 2739 Cic.
1016 2713 1088 2739 Fam.
1113 2721 1133 2745 1,

635 2315 798 2341 Sententiam
811 2314 883 2341 suam
897 2315 1006 2341 Senatui
1031 2315 1087 2341 Cic.
1101 2314 1131 2340 in

650 2350 732 2378 Ouid.
747 2350 780 2377 de
789 2351 852 2377 Arte
860 2351 918 2378 Am.
928 2360 950 2383 ε,
958 2353 1005 2383 603
1025 2351 1130 2378 Exit-nia

979 2422 1132 2450 Solicitudi-

70 2756 99 2782 9.
202 2745 374 2781 Voluptatem
386 2747 460 2773 illam
475 2747 534 2782 quis
547 2747 630 2781 potest
642 2748 773 2783 praestare
791 2749 921 2783 sapienti?
948 2749 1020 2775 Idem
1035 2748 1066 2775 de
1075 2749 1133 2776 Fin.
1140 2757 1177 2785 70

64 2791 95 2816 ,0,
109 2788 150 2816 89.
221 2782 334 2809 Vsuram
348 2782 481 2817 triplicem
499 2783 616 2811 quenal.
630 2792 657 2817 9,
669 2787 695 2810 6.
719 2787 738 2811 i.
757 2784 826 2811 dare.
897 2785 1048 2820 Vtrumque
1060 2794 1133 2820 prae-

69 2819 134 2846 stari
147 2818 232 2854 potest
252 2818 373 2844 Scribon.
386 2827 425 2853 4¹·
495 2819 561 2845 Plin.
576 2819 656 2860 Epist.
670 2825 694 2852 8,
707 2829 746 2853 19,
760 2829 771 2847 1
789 2820 880 2847 Studia
895 2821 1034 2856 praestant,
1046 2827 1075 2848 vt
1089 2821 1134 2848 ad-

28 2867 29 2871 *
71 2856 148 2883 versa
160 2854 243 2888 magis
258 2854 415 2890 intelligam,
428 2853 471 2881 sed
484 2855 627 2889 patientius
642 2855 736 2883 feram.
823 2857 880 2883 Cic.
893 2858 947 2892 Qi.
962 2857 1033 2885 Frat.
1049 2866 1068 2889 1,
1085 2866 1105 2890 1,
1117 2866 1131 2891 3

34 2909 37 2914 -
75 2898 140 2918 extr.
169 2890 321 2925 Qiantassit
339 2891 368 2917 in
382 2899 490 2927 quoque
503 2890 578 2924 sides,
597 2897 700 2919 tantum
715 2892 812 2927 cuique
824 2894 1001 2921 committere.
1044 2895 1132 2929 Atque

72 2927 145 2954 inter
156 2926 205 2953 hos
220 2926 277 2959 eos,
295 2935 362 2962 quos
376 2926 429 2954 tibi
444 2927 556 2954 comites
571 2932 597 2954 et
610 2927 749 2955 'adiutores
769 2929 938 2964 negotiorum
959 2930 1132 2965 publicorum
1143 2937 1175 2964 75

73 2962 148 2990 dedit
162 2962 217 2997 ipsa
229 2962 405 2998 Respublica,
423 2963 549 2990 duntaxat
562 2963 660 2990 finibus
673 2963 714 2991 his
728 2964 869 3000 praestabis
878 2986 887 2998 ,
901 2975 968 3001 quos
983 2974 1043 2992 ante
1058 2975 1132 3000 prae-

73 2998 176 3034 scripsi:
212 3000 230 3025 i.
248 2999 387 3026 continebis
399 3002 471 3026 intra
483 3000 528 3026 bor
535 2999 611 3036 fines,
623 2998 726 3035 efficies,
744 3007 774 3027 vt
784 3004 854 3029 intra
868 3001 987 3037 hos-fines
1005 3007 1132 3028 maneant.

73 3032 96 3073 ff
116 3042 129 3068 3
164 3034 305 3067 Praestare,
319 3033 499 3069 (drads'xecffm,
516 3036 659 3070 ἒγγυέὢκι)
676 3037 802 3064 interdum
817 3037 867 3071 ςβ,
890 3039 991 3065 Exitum
1006 3039 1044 3064 rei
1063 3040 1090 3062 in
1103 3037 1133 3073 se

73 3074 191 3108 recavere,
209 3070 277 3108 quafi
289 3078 318 3097 cu
332 3070 381 3098 stes
394 3077 456 3098 ante
467 3074 582 3108 alterum,
601 3079 625 3099 et
639 3071 729 3107 hostem
743 3076 771 3099 in
784 3073 863 3110 ipficm
876 3078 1030 3105 irruentem,
1047 3074 1132 3099 molem

45 3127 47 3130 ⁴
64 3128 65 3131 .
80 3110 103 3134 'n
120 3107 201 3144 ipsum
214 3108 340 3134 cadentem
352 3111 464 3144 excipias
476 3119 485 3134 .·
504 3106 569 3144 quod
581 3109 700 3136 Germani
711 3112 786 3137 etiam
799 3111 915 3143 dicimus,
937 3108 1022 3136 davor
1034 3109 1133 3135 ssehen.
1143 3111 1177 3138 80

103 3144 154 3170 alla
165 3148 192 3176 6,
209 3147 248 3170 16.
303 3143 446 3177 Praestare,
459 3142 493 3178 gs}
506 3145 654 3178 Prohibere,
667 3154 697 3172 ne
709 3147 788 3172 alicui
793 3146 845 3182 fiat
859 3146 957 3182 aliquid
969 3145 1134 3172 incommodi:

109 3178 139 3219 fi
154 3179 397 3216 nonprobibuerint,
405 3180 562 3217 satisfacere
575 3192 583 3206 :
608 3187 638 3208 vt
655 3181 783 3211 venditor
799 3182 876 3210 debet
889 3181 1019 3217 praestare
1034 3181 1134 3208 vitium

76 3206 129 3256 bei,
142 3223 221 3249 quam
234 3215 337 3250 vendit,
355 3219 374 3243 i.
388 3217 523 3253 prohibere
534 3224 608 3253 atque
619 3215 723 3252 efficere,
735 3228 765 3244 ne
776 3225 852 3246 emtor
864 3220 951 3245 damni
965 3217 1027 3253 quid
1035 3218 1136 3254 faciat,

76 3249 170 3289 211011151'
176 3250 336 3287 satisfacere.
412 3252 471 3280 Cic.
488 3253 521 3280 de
536 3254 612 3280 Orat.
633 3261 676 3289 171
705 3255 934 3287 Defendebamus,
947 3253 1081 3289 quidquid
1094 3254 1137 3280 fu-

79 3283 137 3310 isset
150 3287 314 3314 incommodi
334 3288 364 3315 in
374 3289 526 3325 mancipio,
545 3289 573 3316 id
587 3289 606 3316 fi
619 3289 746 3317 venditor
759 3291 856 3325 scisset,
876 3299 963 3325 neque
976 3289 1135 3323 declarasset,
1149 3299 1163 3325 8

98 3320 209 3348 raestare
221 3321 325 3350 debere.
366 3324 537 3352 Vid.Manut.
552 3325 586 3352 ad
599 3326 655 3353 Cic.
665 3327 738 3354 Fam.
752 3336 780 3360 4,
793 3332 815 3358 8.
852 3329 940 3355 Burni.
955 3326 988 3353 ad
1000 3326 1134 3360 Quinctil.

107 3355 155 3381 0⁰¹·
169 3362 211 3388 338
223 3366 249 3391 p-
262 3365 326 3392 704.
397 3360 470 3387 Caes.
482 3361 547 3389 Bell.
556 3362 641 3389 Ciuil.
653 3371 677 3395 3,
691 3372 705 3395 7
724 3363 823 3398 Neque
840 3363 988 3398 periculum
1004 3362 1135 3397 praestare

79 3399 185 3424 eorum,
197 3392 240 3419 sed
252 3398 335 3422 totam
345 3404 404 3423 rem
419 3395 451 3422 ad
464 3397 619 3432 Pompeium
631 3399 756 3426 reiicere.
814 3408 818 3417 ·
837 3401 896 3427 Sen.
912 3399 942 3426 de
957 3399 1042 3425 Clem.
1059 3407 1068 3425 1
1078 3419 1085 3431 ‚
1107 3408 1135 3425 10

28 3455 39 3459 ,
79 3428 156 3460 Quos
168 3426 204 3454 ob
217 3428 377 3469 adulterium
389 3431 461 3459 filiae
473 3433 534 3459 suae
545 3434 726 3469 damnauerat,
739 3435 807 3462 adeo
820 3445 875 3463 non
887 3434 993 3466 occidit,
1001 3441 1029 3461 vt
1044 3434 1136 3461 dimis-

80 3462 122 3496 fis,
142 3472 198 3498 quo
208 3469 322 3492 tutiores
332 3467 410 3494 essent
418 3488 426 3500 ‚
438 3467 584 3503 diplomata
596 3470 679 3498 daret.

81 3504 140 3527 tuin
154 3500 281 3532 salutem,
294 3501 337 3528 sed
351 3504 497 3544 praestare,
531 3508 551 3531 i.
577 3504 687 3540 efficere,
717 3514 748 3534 vt
764 3508 795 3535 ab
812 3510 872 3535 aliis
892 3516 985 3544 quoque
1004 3513 1075 3533 tutus·
1088 3506 1136 3541 stt.

80 3536 177 3563 Casum
190 3544 359 3564 communem
370 3545 398 3566 et
409 3546 542 3567 incertum
551 3549 638 3575 neque
652 3543 739 3571 vitare
751 3545 892 3580 quisquam
906 3543 1034 3573 nostrum,
1048 3551 1136 3577 neque

81 3571 212 3606 praestare
228 3571 285 3612 ν11ο
300 3573 376 3607 paGto
395 3575 478 3609 potest
514 3576 572 3602 Cic.
590 3572 662 3604 Fadi.
681 3586 710 3612 5,
734 3588 773 3616 17.
830 3583 861 3608 Er
883 3579 948 3607 ibid.
970 3588 999 3609 2,
1021 3586 1049 3614 17
1074 3580 1133 3605 Pcr-

79 3607 152 3636 ferto
165 3614 197 3634 vet
214 3607 310 3635 vltima
320 3610 486 3644 exspectato,
504 3621 572 3646 quae
591 3621 642 3646 ego
659 3614 713 3641 tibi
725 3622 762 3642 et.
771 3616 886 3644 iucunda
901 3622 927 3642 ct
940 3615 1050 3641 honesta
1061 3623 1135 3649 prae-

80 3642 170 3670 stabo:
187 3647 225 3670 ita
237 3650 302 3671 certe
309 3645 475 3680 pouiceor,vt
488 3651 568 3674 teneri
580 3649 653 3674 velim
667 3650 726 3686 ipse,
733 3651 759 3685 fi
769 3657 885 3685 mentiar.

81 3684 108 3706 ta
119 3679 197 3706 nobis
209 3680 391 3715 praestandum
405 3688 509 3716 praeter
521 3683 633 3718 Culpam
647 3681 768 3718 putemus
788 3688 845 3716 Cic.
861 3690 931 3715 Fam.
945 3689 971 3719 6,
986 3696 1005 3714 1.
1058 3686 1133 3714 Idem

84 3712 116 3740 de
123 3715 197 3742 Orat.
212 3725 233 3750 1,
248 3725 283 3757 1¹¹3
302 3717 384 3752 Perge
399 3726 464 3744 vero
477 3718 577 3751 Crasse,
593 3719 685 3754 inquit
697 3722 806 3750 Mutius.
842 3725 919 3751 Istam
933 3723 1003 3749 enim
1020 3723 1133 3758 Culpam

84 3758 165 3785 quam
174 3761 284 3783 vereris,
298 3761 349 3787 ego
363 3753 509 3788 praestabo.
601 3755 734 3783 Damnum
751 3759 879 3792 praestare
904 3758 977 3786 Idem
993 3758 1046 3785 Off.
1064 3769 1083 3792 z,
1099 3761 1133 3785 66

84 3788 179 3856 c.-li6.7
250 3788 413 3816 Felicitatem
428 3788 460 3815 de
473 3790 499 3815 se
511 3789 642 3823 praestare
655 3800 735 3818 nemo
747 3795 829 3828 potest
857 3796 911 3823 Cic.
927 3804 975 3828 pro
993 3795 1064 3829 Lege
1079 3795 1135 3820 Ma-

83 3829 112 3848 m
126 3841 132 3848 .
145 3833 159 3854 4
180 3841 188 3848 .

84 3856 253 3898 Deiotarum,
266 3869 334 3895 quae
343 3868 414 3888 vetat
427 3861 543 3896 spectare
555 3862 702 3895 fortunam,
715 3863 781 3891 dum·
791 3868 936 3900 praestetur
949 3866 1036 3893 Fides.
1094 3866 1136 3892 Fi-

83 3892 145 3919 dem
159 3893 276 3927 promiss'i
298 3896 360 3924 Liu.
374 3907 416 3931 30,
432 3906 467 3924 12..
537 3897 632 3924 Fidem
645 3898 780 3932 publicam
796 3902 869 3929 Idem
884 3913 905 3934 2,
913 3908 952 3932 28.
1023 3901 1134 3934 Quinet.

86 3936 114 3970 7,
128 3938 157 3961 4,
170 3935 200 3961 35
224 3929 266 3956 An
277 3930 355 3959 Fides
368 3933 494 3969 praestari
508 3933 602 3960 debeat
619 3939 738 3967 tantum,
760 3945 814 3964 non
829 3939 911 3965 etiam
927 3937 1091 3970 Consilium,
1110 3944 1136 3964 et

84 3965 201 4006 Euentus
212 3964 223 3990 3
293 3966 445 3998 Periculum
457 3969 556 3997 iudicii
568 3969 697 4004 praestare
711 3969 804 4005 debet,
821 3975 868 4009 qui
881 3975 907 4002 se
921 3983 990 4001 nexu
1003 3973 1137 4007 obligauit

85 4001 141 4027 (..1c.
155 4008 206 4035 pro
220 3999 341 4030 Μαι-3011.
362 4013 391 4038 3.
493 4005 653 4035 Proxumum
681 4005 743 4033 Liu.
762 4015 806 4041 33,
841 4029 848 4037 .
886 4030 893 4037 .

1151 412 1164 439 5¹
1185 412 1245 447 quis
1259 413 1387 446 praestare
1403 416 1523 448 poterat?
1551 415 1607 441 Cic.
1622 424 1671 449 pro
1684 415 1767 442 Flacc.
1786 425 1822 449 31.

1142 596 1171 614 10
1186 589 1257 617 bebo
1271 592 1376 618 Caesari
1391 602 1439 627 pro
1447 593 1551 619 Messala
1573 594 1646 620 Idem
1660 594 1727 619 ibid.
1742 603 1770 626 3,
1787 600 1809 625 8.

889 772 1029 797 Honorem
1042 770 1124 797 alicui
1145 777 1171 804 15
1188 770 1301 800 ciuibus,
1315 776 1340 796 ct
1354 769 1476 804 Reipubl.
1492 770 1621 805 praeliare
1634 771 1750 798 videare.

1163 821 1167 826 -
1186 814 1236 841 ego
1250 806 1380 840 praestare
1392 815 1446 832 non
1461 813 1588 840 poteram.

1143 1318 1176 1343 30
1191 1311 1271 1344 longe
1285 1309 1411 1336 omnibus
1423 1309 1518 1336 studiis
1533 1310 1562 1335 in
1574 1309 1629 1336 vita
1643 1309 1754 1344 praestat
1773 1310 1922 1338 Cic.Tusc.
1937 1320 1958 1345 5,
1971 1320 1997 1345 9:

343 1493 471 1520 Pietatem
484 1500 539 1518 non
551 1497 606 1519 tam
620 1491 699 1518 fratri
717 1499 797 1526 quam
818 1490 917 1526 patriae
941 1491 998 1518 Cic.
1011 1490 1044 1517 de
1056 1490 1126 1518 Clar.
1143 1495 1174 1523 35
1191 1496 1220 1518 to
1235 1496 1265 1517 tu
1281 1489 1408 1517 omnibus
1425 1489 1586 1525 praestitisti.

668 1848 764 1875 Robur
779 1847 910 1882 praestare
928 1847 1011 1875 alicui
1031 1846 1128 1874 Claud.
1142 1848 1177 1876 45
1192 1847 1298 1874 student
1312 1847 1472 1881 plerumque
1485 1846 1581 1873 eodem
1598 1846 1627 1872 in
1639 1855 1735 1881 genere
1749 1845 1836 1873 laudis
1848 1848 1986 1875 excellere.

671 2028 738 2054 Plin.
755 2029 816 2053 Pan.
834 2032 870 2058 83,
884 2035 896 2059 3
923 2028 1033 2060 Quanto
1046 2026 1129 2059 magis
1143 2032 1176 2058 50
1196 2028 1267 2054 1106.

485 2568 581 2594 Vicem
593 2567 706 2596 alicuius
719 2567 761 2609 rei
773 2568 920 2603 praestare,
943 2575 993 2604 pro
1013 2567 1064 2602 Effi:
1078 2569 1134 2594 vice
1145 2568 1177 2601 65
1196 2568 1272 2595 Orat.
1289 2576 1336 2599 230
1350 2577 1372 2595 c.
1381 2570 1420 2602 46
1432 2573 1498 2595 extr.

733 3473 794 3498 Hoc
808 3472 845 3499 est
865 3488 910 3492 ——
937 3480 991 3497 non
1005 3471 1066 3497 dare
1080 3477 1136 3497 tan·
1148 3481 1184 3506 90

958 3651 1039 3677 Nihil
1053 3651 1080 3677 in
1095 3651 1135 3677 vi-
1148 3657 1180 3685 95

257 3823 334 3851 Idem
348 3825 380 3851 de
401 3825 496 3852 Diuin.
511 3834 539 3856 2,
557 3831 590 3860 78
616 3826 732 3854 Virtutis
751 3831 872 3865 auspiciis
891 3831 973 3858 video
992 3831 1040 3856 esse
1061 3830 1135 3856 vsum
1144 3839 1191 3857 100
1200 3834 1322 3865 Corpore
1334 3835 1359 3854 et
1373 3827 1454 3854 armis
1468 3826 1598 3861 praestans
1618 3826 1664 3853 Sil.
1679 3834 1701 3859 ς,
1716 3834 1769 3860 175.

1558 181 1587 222 Ρ
1641 180 1674 220 R
1731 182 1771 221 A
1823 185 1858 225 E
2141 205 2234 245 1030

1181 269 1303 310 Sunitum
1324 277 1453 307 nusquam
1471 270 1568 298 melius
1587 271 1657 306 posse
1678 270 1743 312 poni
1761 272 1899 312 praestabo
1930 276 1985 304 Cic.
2006 281 2058 314 Qu.
2076 280 2146 308 Frat.
2165 290 2177 315 3
2216 290 2235 309 1.

1181 305 1256 333 ldem
1271 307 1342 345 isam.
1355 316 1382 340 9,
1396 309 1423 334 16
1443 307 1554 334 Caetera
1568 316 1634 335 vero
1647 307 1714 343 quid
1727 316 1840 343 quisque
1854 317 1896 334 me
1913 310 2002 339 dixim—
2015 318 2083 343 dicat
2112 324 2156 344 aut
2185 302 2238 344 'uo-

1181 340 1265 368 modo
1279 342 1326 368 1110
1346 343 1473 377 accipiat,
1491 350 1537 369 aut
1551 352 1601 377 qua
1621 342 1672 370 fide
1687 353 1791 370 mecum
1805 345 1898 371 viuant
1911 345 1948 375 ii,
1962 350 2008 380 qui
2021 360 2061 376 mc
2075 328 2186 380 ι’,ᾗιὶάῃὲ
2194 362 2239 380 co.

1183 377 1244 403 lunt
1263 383 1289 402 et
1307 378 1467 410 obst-ruant,
1487 380 1615 413 praeliare
1636 380 1700 406 Non
1720 379 1830 415 possum.
1921 382 2065 410 Praedones
2078 388 2164 414 nullos
2178 389 2239 415 fore

1288 448 1292 453 .
1554 451 1558 455 .
1908 417 1954 442 Me
1968 425 2021 442 non
2041 419 2170 453 ingratum
2189 425 2239 451 esse

1184 448 1323 483 praestabo
1348 449 1419 476 Idem
1434 450 1466 476 dc
1480 452 1602 477 Prmuuc.
1613 452 1721 478 Consul.
1734 459 1780 486 47.
1853 452 1934 486 Qiod
1947 452 1980 479 de
1993 459 2018 478 te
2033 454 2142 488 sperare,
2154 459 2185 485 dc
2197 469 2239 487 me

1185 483 1315 518 praestare
1330 486 1428 518 polium
1449 486 1521 512 Idem
1536 487 1607 512 1·“3111.
1623 495 1644 519 5,
1660 494 1692 520 15.
1771 487 1827 513 Cic.
1842 489 1896 522 Qu.
1911 489 1981 515 Frat.
1996 497 2019 521 3,
2037 498 2041 513 1
2068 489 2122 523 Ego
2136 493 2240 521 Treba-

1186 519 1257 556 cium
1271 519 1302 559 ad
1317 522 1455 547 Caesarem
1468 522 1541 552 mili,
1560 522 1607 556 qui
1624 523 1692 549 milii
1707 523 1759 549 iam
1774 523 1901 550 satisfecit
1915 534 1920 550 :
1945 524 1964 550 11
1984 523 2032 559 ipsi
2045 525 2147 557 minus,
2168 537 2240 561 prac—

1185 554 1253 581 stare
1266 555 1333 581 nihil
1348 557 1443 583 debeo.
1522 558 1577 592 ligo
1593 559 1725 584 Metlalam
1739 559 1846 585 Caesari
1860 559 2013 594 praestabo,
2034 560 2104 594 quali
2119 561 2184 588 Fide
2203 565 2241 590 iu.

1385 627 1388 632 ·
1888 596 2019 623 Praestare
2037 596 2157 631 aliquem
2183 597 2243 624 dici-

1184 635 1248 656 mus,
1262 636 1335 662 quum
1348 626 1476 661 efficimur,
1491 638 1519 655 ne
1532 630 1593 663 quid
1605 633 1627 655 is
1641 632 1790 662 committat,
1797 630 1871 666 ficut
1884 640 1957 666 quam
1970 633 2089 658 volumux.
2137 633 2195 659 Cic.
2209 634 2249 668 Q

1186 662 1256 689 Frat.
1274 671 1292 692 1,
1306 664 1387 703 1'Iam
1402 670 1427 690 te
1442 666 1501 690 vt'us
1519 664 1573 696 ipse
1587 665 1721 697 erudiuit,
1733 674 1900 700 nequaquam
1915 668 1974 694 satis
1988 668 2052 701 else,
2072 668 2157 703 ipsum
2171 668 2245 695 hasce

1186 698 1286 725 habere
1300 705 1412 738 virtutes
1422 718 1428 730 ,
1448 699 1492 724 sed
1505 700 1554 724 0110
1568 700 1835 735 circumspiciendum
1848 702 2007 737 diligenter,
2020 710 2048 730 vt
2061 704 2089 731 in
2101 704 2150 731 hac
2164 705 2248 731 custo-

1186 734 1230 761 dia
1245 735 1402 768 prouinciae
1417 743 1471 760 nou
1484 740 1509 761 te
1521 744 1603 761 vnum
1613 755 1619 766 ‚
1633 736 1675 762 sed
1692 746 1786 763 omncs
1799 738 1934 765 ministros
1948 739 2057 774 imperii
2074 741 2114 767 tui
2127 740 2206 767 sociis
2220 745 2248 768 ct

1825 772 1898 800 Idem
1911 777 1964 801 Att.
1980 777 2007 808 6,
2021 784 2033 807 3
2055 778 2143 809 Qiem
2158 782 2247 803 tamen

1312 843 1314 846 Ι
1328 843 1330 845 ‚
1379 842 1384 847 ι
1663 809 1674 832 1
1679 808 1719 834 suc
1726 806 1806 843 potest
1819 812 1892 835 elium
1905 811 2010 846 referri,
2046 811 2094 838 uod
2110 821 2135 838 n.
2149 821 2166 838 2
2180 812 2249 839 dedi-

1295 842 1360 868 le.
1378 851 1405 868 111
1418 843 1511 875 Paneg.
1530 852 1551 868 c.
1569 848 1595 874 83
1610 849 1654 878 pr.
1686 844 1794 876 Qianto
1808 844 1879 870 enim
1894 847 1977 880 magis
1991 855 2019 872 ar
2041 856 2104 873 uum
2123 848 2159 874 cst
2180 848 2248 875 alios

1189 877 1335 913 praestare,
1355 887 1435 913 quam
1459 878 1504 904 se:
1527 885 1602 904 tanto
1622 878 1791 911 laudabilius,
1805 880 1878 914 quod
1898 891 1980 916 quum
1996 882 2050 916 ipse
2071 883 2101 910 sis
2121 885 2249 919 optimus,

1188 922 1281 940 omnes
1295 914 1364 940 circa
1381 922 1407 941 te
1419 913 1516 940 similes
1532 915 1570 940 tui
1584 913 1703 940 effecisti.
1775 915 1832 941 Cic.
1848 917 1901 942 Att.
1918 925 1956 950 10,
1976 927 1995 950 4
2021 919 2076 945 Hae
2090 919 2173 953 igitur
2185 929 2248 947 con-

1189 852 1251 869 mus.

1139 954 1174 973 20
1189 950 1297 976 scientia
1318 951 1416 977 comite
1436 949 1601 984 proficiscar,
1621 958 1718 985 magno
1738 951 1863 985 equidem
1883 961 1942 979 cum
1955 953 2065 987 dolore,
2087 964 2134 982 nec
2147 962 2200 982 tam
2219 955 2249 983 id

1188 993 1297 1020 propter
1315 995 1358 1012 me
1378 992 1423 1013 aut
1436 992 1545 1020 propter
1559 986 1668 1013 fratrem
1682 995 1787 1019 mcum,
1802 996 1917 1021 quorum
1932 989 1984 1015 iam
1997 990 2054 1016 acha
2067 998 2151 1023 aetas,
2169 1001 2250 1027 quam

1188 1028 1297 1056 propter
1311 1030 1422 1062 pueros,
1445 1021 1542 1056 quibus
1562 1022 1697 1049 interdum
1710 1022 1834 1050 videmur
1851 1024 1981 1058 praestare
1996 1026 2077 1053 etiam
2094 1027 2251 1062 Rempubli-

1189 1067 1247 1084 cam
1273 1057 1405 1090 debuisse,
1441 1060 1460 1083 i.
1495 1067 1582 1084 cauere
1607 1058 1678 1084 illius
1702 1057 1802 1086 damna.
2001 1059 2022 1098 fl
2048 1071 2067 1095 4
2109 1064 2251 1096 Praestare,

1190 1091 1342 1128 (διᾳφέρειιι)
1359 1103 1414 1120 cum
1427 1095 1530 1125 Dariuo,
1544 1094 1638 1120 Mettus
1652 1092 1705 1127 effi,
1719 1096 1760 1121 vel
1771 1095 1913 1122 antecellere
1919 1094 2097 1132 figrztjficat,vt
2106 1100 2250 1127 Antestare.

1144 1138 1177 1164 23
1191 1130 1260 1156 Ter.
1268 1130 1333 1156 Eun.
1349 1138 1371 1160 ι’,
1385 1138 1401 1157 2
1431 1139 1454 1156 r.
1480 1128 1513 1156 Di
1531 1129 1712 1162 immortales,
1725 1129 1832 1157 homini
1844 1130 1927 1158 homo
1942 1133 2007 1167 quid
2021 1134 2150 1168 praestat?
2169 1135 2250 1165 stulto

1190 1165 1342 1200 intelligens
1353 1166 1399 1200 qui
1432 1164 1557 1192 interest?
1628 1167 1720 1192 Virtus
1735 1166 1848 1200 praestat
1859 1170 1968 1194 caeteris
1983 1169 2062 1196 rebus
2081 1170 2139 1197 Cic.
2152 1171 2185 1198 de
2193 1171 2252 1199 Fin.

1189 1210 1229 1237 4,
1245 1208 1270 1234 51
1284 1211 1306 1228 c.
1322 1207 1357 1230 18.
1448 1201 1527 1228 Culta
1541 1201 1648 1227 incultis
1662 1202 1793 1236 praestant
1812 1203 1918 1230 Lucret.
1933 1212 1954 1236 1,
1972 1213 2030 1238 209.

1189 1237 1302 1273 praestat
1317 1237 1444 1272 imperito
1462 1238 1517 1264 Cic.
1535 1237 1568 1263 de
1588 1237 1657 1264 Clar.
1676 1238 1751 1264 Orat.
1768 1246 1823 1271 199.

1189 1274 1302 1309 praestat
1315 1279 1408 1301 orator
1436 1273 1513 1299 Idem
1526 1272 1592 1300 ibid.
1612 1280 1664 1306 255.

2097 1206 2253 1242 Intelligens

1915 1241 2124 1275 Imperatoribus
2141 1243 2253 1270 1111110111

1747 1275 1947 1309 Contemplatio
1960 1286 2050 1304 rerum
2069 1279 2253 1314 cogitatioque

1191 1348 1228 1380 64
1240 1355 1262 1372 c.
1279 1354 1308 1379 19
1327 1344 1445 1372 Difficile
1461 1345 1513 1378 cst,
1536 1354 1596 1372 cum
1615 1345 1744 1380 praestare
1757 1345 1883 1373 omnibus
1895 1314 2255 1383 concupieris{dseeliiiair'ffag

1190 1381 1330 1417 quitatem.
1404 1381 1506 1408 Dotihis
1518 1381 1627 1408 auditor
1640 1381 1752 1408 indocto
1764 1382 1875 1417 praestat
1894 1383 1968 1410 Idem
1983 1383 2014 1410 de
2028 1385 2099 1411 Clar.
2110 1386 2183 1412 Orat.
2200 1394 2255 1419 ¹99·

1188 1420 1312 1445 Datiuum
1322 1417 1456 1453 aliquando
1470 1421 1539 1454 regit
1550 1420 1597 1450 rei,
1611 1427 1674 1454 quae
1681 1418 1832 1454 stipentur,
1845 1427 1868 1445 et
1879 1420 2025 1447 Ablariuum
2037 1424 2083 1452 rei,
2098 1424 2125 1447 in
2139 1430 2187 1457 qua
2200 1425 2256 1458 quis

1190 1454 1296 1481 excellit.
1351 1454 1408 1482 Cic.
1425 1463 1474 1489 pro
1487 1454 1576 1480 Deiot.
1590 1461 1603 1488 5
1621 1455 1716 1481 Tanto
1730 1454 1776 1480 ille
1787 1455 1937 1490 svperio'res
1951 1456 2036 1491 gloria
2051 1457 2161 1490 vicerat,
2175 1467 2257 1493 quan-

1654 1490 1785 1524 Quinctil.
1801 1500 1811 1518 1
1837 1491 1997 1526 Eloquentia
2010 1494 2120 1520 caeteris
2135 1494 2255 1528 praestet.

1192 1527 1250 1554 Cic.
1265 1526 1299 1553 de
1312 1527 1382 1553 Clar.
1398 1526 1474 1553 Orat.
1490 1530 1530 1553 161
1551 1528 1573 1552 0.
1588 1535 1620 1561 43
1645 1526 1717 1553 Haec
1731 1527 1811 1554 Craffi
1830 1537 1913 1562 quum
1927 1529 1998 1556 edita
2011 1530 2101 1556 oratio
2114 1530 2160 1563 est,
2175 1539 2257 1566 quam

1192 1568 1219 1590 te
1233 1564 1308 1597 saepe
1320 1562 1408 1597 legisse
1421 1568 1495 1589 certo
1508 1562 1578 1593 scio,
1598 1568 1714 1597 quatuor
1727 1568 1754 1589 et
1768 1564 1878 1598 triginta
1893 1569 1950 1591 tum
1963 1565 2077 1592 habebat
2089 1575 2180 1598 annos,
2194 1566 2259 1593 toti-

1193 1599 1308 1634 demque
1321 1599 1397 1625 annis
1416 1598 1487 1625 mihi
1504 1603 1588 1625 aetate
1606 1598 1762 1633 praestabat.
1835 1600 1939 1634 Lepore
1954 1607 1980 1628 ct
1991 1601 2157 1629 humanitate
2170 1603 2258 1629 omni-

1192 1635 1242 1662 bus
1255 1634 1385 1670 praestitit
1399 1634 1518 1661 Socrates
1536 1633 1612 1661 Idem
1625 1634 1658 1660 de
1666 1635 1741 1662 Orat.
1755 1643 1778 1667 ε,
1790 1642 1843 1670 270
1855 1645 1876 1662 c.
1892 1638 1936 1671 67.
2015 1637 2160 1664 Prudentia
2174 1643 2258 1664 caete-

1818 1672 1870 1697 Res
1891 1672 2022 1705 praestant
2039 1673 2119 1699 rebus
2139 1673 2258 1708 pondere

1481 1706 1616 1732 Suauitate
1629 1712 1656 1732 et
1669 1705 1802 1732 breuitate
1815 1706 1923 1732 dicendi
1938 1707 2000 1733 aliis
2012 1708 2144 1742 praestitit
2158 1709 2260 1735 Aristo-

1193 1743 1259 1769 teles
1287 1743 1344 1768 Cic.
1364 1742 1396 1767 de
1417 1742 1522 1767 Inuent.
1535 1750 1560 1772 2,
1575 1743 1600 1766 6.
1671 1740 1755 1766 Plaut.
1770 1741 1864 1767 Bacch.
1879 1751 1908 1774 4,
1922 1750 1948 1774 9,
1961 1751 1998 1775 49
2019 1742 2068 1768 Sed
2082 1744 2200 1770 Priamus
2215 1744 2261 1771 hic

1192 1777 1279 1803 multo
1294 1777 1337 1802 illi
1352 1776 1473 1810 praestat.
1558 1777 1669 1801 Datiuus
1682 1784 1857 1811 nonnunquam
1876 1783 1991 1804 tacetur:
2029 1779 2087 1805 Cic.
2103 1778 2157 1806 Off.
2174 1789 2196 1812 ι,
2217 1781 2261 1807 116

1193 1820 1215 1838 0.
1227 1820 1255 1844 33
1282 1812 1408 1844 Qiorum
1423 1819 1489 1837 vcro
1508 1816 1595 1845 patres
1615 1816 1660 1836 aut
1679 1811 1795 1837 maiores
1815 1811 1907 1846 aliqua
1920 1812 2008 1846 gloria
2028 1815 2223 1848 praestiterunt,
2238 1815 2262 1843 ii

1445 1883 1449 1887 ·
1530 1883 1534 1887 .
2061 1851 2126 1878 Arte
2141 1851 2260 1879 bellandi

1193 1883 1341 1919 praestabat
1356 1883 1483 1910 Claudius
1509 1883 1556 1910 Sil.
1575 1891 1615 1915 13,
1633 1891 1691 1915 149.
1777 1884 1895 1910 Caritate
1915 1884 2000 1918 patria
2017 1886 2131 1921 praestat
2155 1888 2212 1915 Cic.
2227 1888 2260 1915 de

1193 1919 1289 1954 Legib.
1302 1928 1329 1952 2,
1345 1927 1367 1952 5.
1439 1918 1516 1945 Facie
1531 1918 1661 1952 praestare
1681 1918 1837 1946 Hor.Serni.
1851 1929 1879 1952 2,
1892 1930 1919 1953 4,
1934 1929 1974 1956 71.
2045 1923 2172 1950 Fortunis
2187 1933 2260 1960 prae-

1194 1956 1279 1988 stare,
1297 1955 1415 1991 abffilute,
1430 1961 1479 1989 pro
1492 1956 1576 1991 Longe
1582 1954 1824 1989 fortunatiffimum,
1839 1964 1863 1982 ec
1877 1956 2037 1992 heatzffimum
2051 1957 2095 1992 este
2116 1960 2221 1987 Lucret.
2236 1967 2260 1994 5,

1194 1996 1260 2025 1178.
1356 1991 1470 2017 Honore
1484 1996 1511 2015 et
1524 1996 1609 2016 aetate
1634 1990 1691 2016 Cic.
1706 1991 1825 2024 QFrat.
1840 2000 1848 2016 1
1860 2011 1869 2024 ,
1890 1999 1910 2017 1.
1980 1988 2094 2028 Ingenio
2115 1996 2222 2022 Lucret.
2236 2004 2260 2029 5,

1338 2026 1409 2052 Iuris
1418 2025 1516 2052 Ciuilis
1530 2025 1717 2059 intelligentia,
1731 2031 1811 2061 atque
1826 2027 1901 2053 omni
1917 2028 2075 2061 prudentiae
2089 2039 2183 2065 genere
2199 2033 2260 2058 Mu-

1193 2062 1247 2089 tius
1262 2061 1395 2096 praestitit
1413 2061 1472 2087 Cic.
1482 2062 1514 2087 de
1527 2062 1598 2088 Clar.
1608 2062 1682 2088 Orat.
1697 2070 1750 2088 102.
1826 2063 1926 2090 Literis
1940 2064 2117 2101 doctrinaque
2136 2067 2209 2094 Idem
2226 2067 2260 2094 de

1193 2099 1269 2127 Orat.
1282 2106 1305 2130 3,
1319 2105 1369 2131 135.
1437 2096 1591 2124 Mobilitate
1607 2098 1715 2124 Lucret.
1730 2104 1754 2130 3,
1769 2105 1830 2132 430.
1904 2099 2029 2128 Numero
2044 2102 2163 2129 militum
2184 2113 2259 2139 prae-

1193 2133 1296 2161 stabant
1316 2133 1389 2160 Caes.
1406 2132 1472 2159 Bell.
1485 2133 1570 2160 Ciuil.
1585 2142 1608 2167 3,
1621 2143 1670 2167 44.
1738 2135 1918 2170 Accusatiuum
1927 2145 1981 2162 cum
1989 2139 2110 2166 Ablatiuo
2123 2140 2259 2175 aliquando

1192 2179 1219 2197 re
1238 2172 1275 2197 it:
1326 2169 1456 2198 Praestate
1470 2170 1571 2197 virtute
1585 2170 1718 2205 peditem,
1739 2176 1768 2196 vt
1788 2169 1995 2206 honore'atque
2014 2174 2110 2201 ordine
2124 2175 2259 2210 praestatis

1411 2205 1529 2239 Ciuitas,
1546 2216 1615 2241 quae
1628 2205 1804 2240 antiquitate,
1818 2207 1998 2240 humanitate,
2010 2209 2132 2238 doctrina
2146 2212 2258 2246 praesta-

1192 2248 1234 2270 ret
1247 2251 1339 2268 onmes
1359 2242 1431 2276 Nep.
1444 2249 1486 2275 25,
1504 2251 1528 2275 3,
1543 2250 1564 2275 3.
1637 2242 1694 2276 Qii
1708 2241 1813 2269 honore
1829 2252 1975 2279 rerumque
1988 2246 2119 2279 gestarum
2133 2248 2260 2283 amplitu-

1193 2278 1255 2306 dine
1268 2283 1385 2305 caeteros
1393 2279 1510 2305 Romani
1523 2277 1618 2313 Populi
1631 2277 1819 2312 praestiterunt
1837 2279 1911 2306 Idem
1925 2280 1992 2307 ibid.
2007 2291 2028 2307 c.
2045 2288 2079 2313 18,
2092 2290 2114 2316 5.
2192 2285 2257 2312 ¹Liu.

1192 2323 1216 2349 5,
1227 2317 1260 2348 36
1282 2315 1319 2341 Vt
1335 2314 1460 2341 nuntiare
1472 2313 1584 2341 domum
1598 2314 1705 2349 11011110,
1720 2321 1849 2349 quantum
1857 2315 1928 2343 Galli
1941 2317 2041 2344 virtute
2056 2325 2173 2346 caeteros
2186 2329 2259 2348 mor-

1193 2352 1258 2378 tales
1276 2350 1445 2386 praestarent.
1535 2351 1679 2378 Ablatiuum
1691 2349 1819 2385 subticuit
1844 2352 1920 2387 Virg.
1934 2354 2000 2380 Aen.
2021 2362 2053 2385 11,
2066 2361 2115 2389 438
2139 2357 2188 2382 Vel
2203 2366 2259 2384 ma·

1193 1708 1301 1734 Lucret.
1316 1716 1335 1738 1,
1347 1714 1402 1739 359.

625 2387 716 2413 Saluos
732 2387 817 2414 socios
832 2387 892 2414 suos
909 2386 1070 2414 auctoritate
1083 2395 1132 2413 no-
1143 2387 1179 2412 60
1193 2396 1274 2422 gnum
1290 2386 1401 2421 praestet
1415 2385 1558 2420 Achillem,
1578 2390 1596 2413 i.
1614 2386 1760 2414 antecellat:
1783 2389 1829 2418 vel,
1842 2394 1873 2414 vt
1884 2388 1986 2424 quidam
2000 2392 2095 2423 volunt,
2108 2393 2259 2460 ijfflffin·

1193 2430 1247 2456 tet,
1280 2423 1410 2455 exhibeat,
1442 2424 1483 2449 uel
1507 2424 1620 2459 aequalis
1630 2422 1677 2457 fit.
1731 2423 1790 2449 Cum
1810 2424 1992 2460 Praepositione
2009 2429 2069 2452 item
2085 2437 2131 2454 con
2155 2432 2261 2456 ruitur.-

1193 2460 1225 2486 In
1245 2465 1302 2486 arte
1321 2459 1411 2494 aliqua
1434 2458 1563 2494 praestare
1590 2459 1697 2486 Lueret.
1718 2466 1744 2492 5,
1764 2466 1827 2493 1355.
1935 2462 2010 2488 Caes.
2025 2462 2089 2489 Bell.
2105 2463 2174 2490 Gall.
2190 2473 2219 2497 2,
2232 2471 2258 2499 15
2298 2461 2299 2464 ¹

1195 2495 1278 2530 Qiod
1291 2495 1386 2522 ciuitas
1401 2504 1496 2530 magna
1509 2501 1536 2522 et
1548 2495 1621 2522 inter
1634 2495 1726 2530 Belgas
1737 2495 1897 2522 auctoritate
1905 2515 1914 2528 ,
1933 2506 1963 2524 ac
1983 2497 2127 2526 hominum
2140 2501 2260 2527 multitu-

1194 2533 1258 2558 dine
1272 2531 1427 2566 praestabat.
1517 2532 1592 2559 Inter
1605 2532 1666 2559 suos
1683 2531 1804 2566 aequales
1823 2532 1902 2566 longe
1915 2533 2046 2568 praestare
2067 2535 2124 2562 Cic.
2139 2535 2172 2562 de
2186 2537 2258 2564 Clar.

1740 2575 1754 2599 5
1789 2569 1915 2599 Praestat,
1932 2570 2069 2603 (κρεῖσσον)
2089 2572 2259 2608 impersonali-

1194 2610 1248 2636 ter,
1262 2610 1312 2640 pro
1329 2605 1421 2631 Melius
1432 2603 1482 2638 est,
1501 2610 1525 2631 et
1538 2604 1634 2631 Datim>
1646 2612 1691 2630 con
1704 2608 1809 2631 truiaeur.
1883 2605 1940 2631 Cic.
1952 2615 2002 2640 pro
2015 2606 2082 2633 Sext.
2100 2610 2147 2640 146
2165 2609 2191 2634 Si
2206 2607 2260 2635 hoe

1193 2649 1250 2668 non
1264 2641 1300 2666 est
1314 2640 1383 2671 satis,
1396 2640 1470 2675 quod
1485 2640 1549 2667 haec
1564 2640 1656 2667 omnia
1672 2640 1757 2667 delata
1772 2639 1902 2668 videntur
1913 2642 2002 2668 reditu
2017 2652 2093 2675 meo,
2106 2643 2194 2670 multo
2206 2644 2257 2670 mi-

1193 2676 1232 2709 hi,
1248 2677 1335 2703 multo
1348 2677 1459 2712 inquam
1472 2676 1575 2704 Iudices
1588 2676 1708 2710 praestat,
1723 2676 1751 2703 in
1764 2676 1875 2703 eandem
1890 2677 1963 2704 illam
1978 2679 2096 2705 recidere
2110 2679 2259 2712 fortunam,

1196 2722 1275 2748 quam
1294 2718 1398 2740 tantum
1417 2713 1565 2748 importare
1579 2713 1647 2739 meis
1665 2712 1852 2739 defensoribus
1866 2718 1892 2739 et
1906 2714 2137 2741 conseruatoribus
2151 2716 2258 2742 calami-

1193 2756 1284 2776 tatem.
1345 2751 1459 2776 Danaus
1477 2759 1538 2776 raro
1557 2751 1717 2785 exprimitur.
1758 2750 1833 2783 Virg.
1846 2750 1911 2775 Aen.
1925 2757 1945 2782 1,
1957 2758 2000 2782 139
2020 2749 2067 2776 Sed
2083 2756 2170 2777 motos
2184 2761 2258 2786 prae-

1195 2786 1245 2813 stat
1257 2794 1420 2821 componere
1436 2785 1542 2813 fluetus.
1635 2785 1727 2812 Emori
1738 2785 1842 2819 potius,
1858 2793 1937 2818 quam
1950 2785 2051 2813 seruire
2066 2787 2177 2821 praestat
2198 2788 2256 2815 Cic.

1196 2822 1320 2849 inPison.
1337 2830 1362 2856 15
1381 2831 1403 2849 0.
1418 2829 1443 2857 7.
1552 2821 1627 2848 Μο11
1645 2821 1742 2847 millies
1762 2820 1894 2854 praestitit
1914 2830 1993 2856 quam
2015 2821 2080 2851 haec
2097 2823 2152 2857 pati
2181 2824 2257 2852 Idem

1195 2860 1250 2886 Att.
1263 2867 1304 2893 14,
1318 2867 1343 2892 9.
1423 2858 1531 2885 Tacere
1544 2856 1656 2891 praestat
1672 2855 1856 2890 philosophis,
1869 2865 1948 2892 quam
1962 2857 2039 2892 ioqui
2059 2858 2132 2886 Idem
2147 2859 2178 2886 de
2191 2860 2256 2887 Nat.

1194 2896 1276 2922 Deor.
1290 2903 1313 2927 3,
1325 2902 1362 2929 77
1377 2903 1398 2920 c.
1413 2902 1448 2926 31.
1544 2894 1636 2926 Longe
1648 2891 1816 2926 multumque
1829 2892 1956 2927 praestat,
1982 2894 2094 2931 uid.sub
2114 2902 2256 2923 LONGVS.

1194 2931 1284 2957 Multo
1298 2929 1419 2964 praestat,
1441 2927 1494 2955 vid.
1516 2933 1672 2954 MVLTVS.
1802 2926 1824 2965 fl
1845 2930 1863 2955 6
1898 2931 1938 2956 De
1951 2931 2091 2957 Praeterito
2102 2931 2174 2957 huius
2187 2932 2258 2958 verbi

1194 2965 1319 2992 Diomed.
1334 2973 1344 2990 1
1359 2974 1384 2999 p.
1397 2966 1440 2996 361
1460 2963 1574 2994 Praesto,
1591 2963 1725 2998 praestiti,
1751 2966 1805 2998 ait,
1825 2971 1848 2991 et
1861 2965 1948 2998 laudet
1963 2966 2086 2993 Senecam
2098 2965 2131 2992 de
2142 2965 2258 3001 Officiis,

1196 3002 1224 3028 Si
1238 3001 1371 3027 ceruicem
1385 2999 1557 3037 praestitero,
1573 3008 1623 3034 pro
1634 2999 1795 3028 Praebuere.
1845 3001 1939 3034 Addit,
1957 3002 1999 3028 Est
2012 3008 2100 3029 autem
2114 3001 2196 3029 hodie
2209 3002 2258 3030 ho-

1194 3045 1256 3065 rum
1269 3036 1416 3063 verborum
1428 3035 1476 3062 ista
1490 3035 1597 3068 diuisio,
1612 3041 1640 3063 vt
1654 3035 1684 3063 sit
1697 3036 1803 3072 praebeo
1817 3038 1952 3072 patientis,
1961 3035 2061 3072 pra2st0
2073 3036 2212 3072 facientis,
2227 3048 2259 3067 ac

1195 3073 1324 3109 perinde,
1343 3072 1456 3108 praebui
1468 3071 1631 3098 occationem
1646 3077 1690 3099 aut
1704 3082 1829 3107 operam,
1848 3073 1964 3106 praestiti
1980 3072 2061 3099 fidem
2073 3082 2102 3100 ac
2116 3083 2173 3101 rem
2186 3075 2256 3105 dica-

1195 3119 1264 3137 mus.
1321 3108 1431 3136 Gerund.
1460 3108 1537 3135 Vires
1550 3108 1698 3143 praestandi
1713 3108 1812 3136 habere
1830 3109 1912 3135 Ouid.
1927 3117 1958 3135 ex
1968 3109 2042 3135 Pont.
2056 3118 2075 3141 1,
2089 3117 2114 3145 7,
2128 3116 2165 3142 38.

1232 3146 1473 3173 PRAESTATV
1483 3151 1508 3177 5,
1527 3150 1550 3170 et
1570 3150 1692 3172 PRAES
1703 3144 1930 3177 T1Tv3,a,11m.
1966 3144 2061 3172 Partic.
2116 3145 2212 3173 Brutus
2226 3146 2258 3174 in

1196 3182 1276 3217 Epist.
1291 3181 1359 3217 apud
1372 3180 1495 3208 Priscian.
1509 3188 1526 3214 9
1544 3190 1569 3216 p.
1579 3182 1623 3212 863
1649 3181 1745 3208 Occiso
1760 3182 1788 3207 C.
1796 3181 1914 3211 Caesare,
1928 3180 2066 3215 postquam
2077 3189 2150 3208 mare
2164 3182 2257 3209 transi-

1196 3224 1268 3251 erat,
1288 3217 1449 3253 praestatum
1466 3216 1511 3243 est.
1568 3218 1674 3244 Interim
1689 3216 1741 3252 ipse
1752 3215 1876 3243 Priscian.
1892 3216 1910 3242 l.
1925 3226 1946 3243 c.
1970 3216 2128 3244 Praestitum
2140 3220 2167 3244 es
2180 3218 2257 3247 Prae.

1195 3255 1292 3281 statum
1305 3253 1490 3281 vetustissimos
1503 3253 1642 3287 protulisse
1654 3251 1775 3287 affirmat.

1235 3296 1588 3321 PRAESTATVRVS,
1615 3295 1639 3315 et
1667 3293 1827 3315 PRAEST
1840 3294 2012 3322 mvnvs,
2030 3297 2053 3321 a,
2068 3297 2124 3317 um.
2160 3290 2257 3318 Partie.

1197 3327 1288 3358 Vitr.1,
1298 3335 1307 3352 1
1316 3333 1381 3353 extr.
1402 3325 1543 3357 Polliceor,
1553 3334 1595 3351 me
1608 3324 1660 3350 fine
1678 3323 1764 3350 dubio
1774 3323 1975 3358 praestaturum.
2048 3325 2105 3352 Cic.
2114 3326 2187 3353 Fam.
2197 3329 2223 3359 6,
2244 3333 2260 3356 8

1198 3363 1229 3390 Se
1244 3362 1429 3398 praestaturos.
1472 3362 1515 3389 Sic
1534 3361 1609 3388 MSS.
1630 3359 1732 3395 quidam
1744 3359 1924 3395 praestituros.
1978 3360 2017 3388 Id.
2031 3361 2099 3388 ibid.
2115 3370 2153 3395 10,
2177 3370 2200 3388 11
2225 3362 2257 3389 [d

1198 3409 1243 3426 me
1257 3398 1449 3434 praestaturum
1462 3399 1548 3432 spero.
1584 3395 1653 3423 Add.
1668 3404 1706 3428 12,
1718 3398 1756 3422 16.
1829 3396 1941 3429 Liu.·so,
1957 3404 1982 3429 15
2000 3397 2156 3425 Masinissam
2170 3398 2256 3426 liben-

1198 3441 1241 3462 ter
1260 3436 1375 3471 primam
1395 3435 1420 3461 ei
1439 3434 1518 3461 fidem
1536 3431 1727 3467 praestaturum
1745 3432 1829 3458 fuisse.
1890 3431 1958 3459 Add.
1975 3432 2069 3460 Balbus
2088 3433 2120 3460 ad
2135 3433 2193 3461 Cic.
2208 3434 2259 3470 fich

1198 3473 1253 3499 Att.
1269 3481 1293 3504 9,
1308 3480 1346 3498 10.
1401 3471 1458 3497 Sen.
1473 3471 1603 3496 Controu.
1619 3475 1626 3493 1
1641 3468 1725 3494 Praef.
1756 3467 1819 3502 Ipsis
1832 3477 1941 3503 quoque
1953 3469 2068 3495 multum
2081 3469 2258 3503 praestaturus
2281 3485 2282 3489 =

1197 3508 1303 3539 videor,
1317 3506 1417 3542 quibus
1429 3505 1537 3533 obliuio
1551 3503 1684 3530 imminet.
1739 3503 1788 3531 Sed
1806 3504 1944 3532 Cic.Fam.
1957 3506 1983 3536 6,
1997 3509 2011 3535 8
2031 3505 2063 3531 Se
2075 3506 2259 3540 praestituros,

1198 3544 1270 3571 nihil
1286 3553 1317 3570 ex
1330 3552 1363 3570 eo
1376 3550 1401 3569 te
1412 3540 1564 3568 offensionis
1580 3539 1744 3567 habiturum.
1785 3539 1833 3567 Sed
1844 3540 1945 3576 quidam
1958 3540 2020 3567 libri
2036 3541 2220 3575 praestaturos.

1210 3607 1212 3609 ,
1237 3587 1253 3607 Ρ
1263 3587 1313 3607 RA
1322 3587 1338 3607 E
1348 3588 1360 3606 5
1369 3585 1418 3605 ΤΑ
1429 3585 1450 3604 Ν
1461 3583 1479 3603 D
1490 3583 1509 3601 v
1520 3583 1542 3606 s,
1566 3584 1590 3608 a,
1609 3585 1663 3602 um.
1705 3575 1798 3602 Partic.
1847 3576 1932 3603 Amor
1946 3575 2113 3610 praestandus
2130 3578 2211 3605 Ouid.
2225 3585 2257 3604 ex

1200 3617 1277 3643 Pont.
1290 3625 1319 3649 4,
1334 3625 1372 3647 10,
1387 3619 1421 3644 81.
1492 3612 1549 3639 Cic.
1559 3620 1607 3646 pro
1621 3612 1689 3638 Sext.
1703 3613 1737 3638 62
1758 3610 1911 3646 Designatus
1920 3611 2064 3640 Tribunus
2081 3613 2166 3648 plebis
2180 3613 2258 3640 obtu-

1199 3652 1232 3679 lit
1243 3652 1273 3679 in
1286 3651 1427 3678 discrimen
1440 3648 1523 3674 vitam
1535 3648 1622 3674 suam:
1642 3647 1713 3673 dixit
1725 3655 1782 3673 eam
1796 3648 1971 3682 sententiam,
1983 3648 2059 3676 cuius
2071 3648 2204 3677 inuidiam
2219 3657 2258 3676 ca—

1200 3689 1264 3724 pitis
1278 3686 1399 3722 periculo
1414 3684 1462 3710 fibi
1477 3682 1657 3718 praestandam
1669 3682 1786 3710 videbat.

1236 3732 1252 3751 1>
1261 3731 1280 3751 R
1290 3731 1310 3750 Α
1322 3729 1337 3748 Ε
1346 3729 1359 3749 5
1370 3727 1391 3746 T
1399 3728 1421 3746 A
1430 3727 1452 3746 N
1462 3726 1486 3751 s,
1504 3719 1579 3745 antis.
1615 3719 1709 3746 Partic.
1735 3720 1777 3745 vel
1795 3720 1891 3746 Nomen
1904 3719 1974 3753 adeo,
1994 3721 2061 3756 quod
2070 3721 2214 3748 Ablatmm
2232 3723 2258 3745 ee

1199 3762 1342 3788 Gevziriuum
1360 3760 1435 3796 regit.
1471 3753 1630 3789 [ὑπερέχων]
1666 3755 1801 3782 Praestaus
1820 3754 1922 3783 virtute
1941 3755 2026 3783 homo
2055 3757 2132 3791 Virg.
2147 3757 2210 3782 Aen.
2231 3758 2256 3786 8,

1200 3802 1258 3830 543.
1339 3792 1401 3818 Viri
1420 3799 1481 3817 eum
1501 3790 1629 3817 Claritate
1648 3796 1706 3817 tum
1719 3791 1766 3817 vsu
1781 3789 1856 3817 belli
1869 3792 2027 3826 praestantes
2050 3793 2119 3826 Nep.
2140 3796 2176 3821 18,
2196 3797 2217 3821 3,
2232 3796 2256 3821 3·

1842 3827 1981 3855 Grauitate
1995 3834 2021 3855 et
2034 3826 2170 3862 prudentia
2183 3832 2256 3858 prae-

1202 3868 1268 3894 stans
1281 3866 1364 3892 homo
1385 3863 1443 3890 Cic.
1459 3871 1509 3896 pro
1523 3863 1605 3889 Corn.
1620 3862 1693 3889 Balb.
1707 3870 1738 3894 50
1751 3871 1772 3888 0.
1789 3869 1829 3888 22.
1924 3864 2016 3898 Longe
2029 3862 2155 3896 praestans
2168 3859 2256 3886 omni-

1199 3904 1248 3931 bus
1262 3900 1372 3935 ingenio
1387 3904 1414 3925 et
1427 3897 1567 3932 diligentia
1586 3898 1660 3925 Idem
1668 3898 1750 3924 Tusc.
1760 3907 1779 3930 1,
1791 3906 1826 3924 22
1841 3907 1909 3926 c.10.
2012 3896 2132 3931 Ingenio,
2146 3895 2258 3927 iustitia,

1201 3938 1368 3971 integritate,
1387 3934 1514 3961 omnibus
1532 3934 1661 3969 praestans
1679 3933 1723 3959 vir
1741 3933 1817 3961 Idem
1829 3941 1879 3970 pro
1893 3936 1980 3963 Plane.
1991 3941 2026 3967 33.
2099 3931 2196 3958 Literis
2209 3932 2255 3957 do-

1201 3975 1340 4007 &trinaque
1357 3970 1488 4005 praestans
1499 3970 1543 3997 vir
1562 3970 1617 3997 Cic.
1633 3969 1666 3994 de
1677 3969 1752 3996 Orat.
1764 3977 1788 4002 3,
1802 3978 1846 4003 135.
1919 3971 1992 3998 Idem
2008 3967 2091 3994 Tusc.
2110 3974 2135 4005 5,
2154 3969 2185 3993 26
2214 3967 2255 3992 An

932 4030 939 4037 .
987 4012 1018 4037 it.
1044 4016 1079 4044 7,
1099 4011 1191 4042 16.105
1200 4009 1320 4043 dubitas,
1345 4006 1412 4043 quin
1430 4006 1563 4039 praestans
1586 4004 1756 4039 valetudine,
1779 4005 1903 4039 viribus,
1920 4007 2022 4035 forma,
2040 4002 2191 4033 acerrimis,
2209 4008 2255 4027 etc.

1397 4044 1414 4069 6
1433 4042 1459 4069 Ο
1494 4049 1511 4069 2
2196 4037 2256 4063 Duo
