2517 4231
279 205 341 244 411
696 187 922 228 NEC
1818 179 2042 222 NEC
2399 164 2514 233 412¹

279 282 302 309 b.
316 289 337 305 e.
368 278 473 314 Tepidae
482 299 490 312 ,
510 286 533 304 et
541 277 715 313 frequentibus
727 277 871 303 nebularum
883 273 1022 300 humoribus
1036 267 1174 305 conspersus
1205 268 1337 297 Columel.
1439 278 1464 298 N
1476 278 1493 299 Ε
1503 278 1520 300 c
1529 279 1546 299 Ε
1555 279 1570 299 P
1579 279 1601 299 H
1610 279 1628 298 Y
1639 279 1656 299 1.
1668 279 1684 299 1.
1695 277 1715 298 o
1727 278 1749 297 N
1759 269 1805 305 fii.
1827 279 1852 297 n.
1890 270 1992 297 Laurus
2005 270 2138 298 vifitoriae
2146 269 2244 298 folium
2258 270 2374 306 Apul.de
2381 271 2466 300 Hcrb.

279 324 303 348 2,
319 324 356 341 10.
428 314 551 341 Meuania
562 314 687 340 nebulosa
717 314 836 346 Propert.
849 318 877 342 4,
892 319 912 341 1,
926 317 974 337 ης.
1047 306 1156 332 Nomen
1171 305 1339 338 nebulosum,
1401 316 1424 334 e.
1437 314 1475 340 58.
1501 310 1601 334 drbcbat
1618 309 1699 343 igitur
1719 306 1909 341 Nicephyssum
1922 306 1975 341 ‘ffi-
2032 309 2094 338 Nn„
2108 308 2224 334 viam-ia.

279 352 354 387 Qud
364 358 408 376 cur
419 350 520 376 dicatur
534 349 655 385 obscurum
669 348 700 384 ‘ss
714 348 781 373 Gell.
794 355 843 380 20,
856 354 881 371 2·
955 343 1028 369 Palus
1056 341 1101 368 Sil·
1115 347 1138 373 8,
1153 346 1203 373 381.
1276 341 1340 366 Saxa
1437 351 1459 369 N
1470 350 1487 369 E
1500 350 1517 370 C
1528 350 1544 370 Ε
1553 351 1567 370 P
1578 351 1589 370 S
1601 350 1620 369 O
1630 365 1638 377 ,
1658 345 1700 370 vel
1713 351 1735 370 N
1746 350 1761 370 Ε
1770 349 1789 369 C
1802 349 1818 368 E
1828 349 1843 368 P
1854 349 1866 368 S
1875 348 1916 368 VS
1926 362 1935 375 ‚
1956 341 1975 368 i.
1996 352 2033 369 m.
2071 345 2164 370 Nomen
2179 342 2285 368 auam-is
2293 341 2466 378 superstitiqfi]

280 388 377 413 Lucan.
391 387 416 417 6,
431 393 468 418 91-
540 387 652 419 compar.
690 384 757 408 Cato
769 391 790 409 c.
800 383 818 408 6
851 380 907 412 Qui
922 379 995 405 locus
1008 377 1101 405 crass'us
1113 377 1181 410 crit,
1202 382 1245 404 aut
1259 376 1350 408 nebu·¹
1403 378 1669 415 dequosupezstitiosus
1676 379 1725 413 ille,
1734 381 1762 404 de
1769 388 1813 414 quo
1822 378 1953 405 Firmicus
1967 384 1979 407 Β
1993 398 2000 405 ,
2013 399 2020 407 ,
2049 379 2128 406 Hunc
2136 379 2225 405 locum
2233 377 2342 404 diuinus
2355 378 2401 404 ille
2412 378 2467 405 Ne-

281 422 377 454 losior,
397 421 436 447 ibi
449 421 583 447 amineum
596 420 695 451 maius,
715 424 760 444 erc.
815 417 883 441 Adel.
899 414 964 441 Plin.
976 423 1011 446 14,
1024 421 1051 446 4.
1361 411 1376 436 5
1405 414 1498 447 ceps0‚
1523 420 1552 440 vt
1575 414 1692 442 remedia
1705 414 1886 442 valetudinum
1901 413 2050 447 inueniret,
2075 414 2269 449 diligentissime
2281 413 2389 449 quidem
2417 415 2468 447 (ve

318 465 340 485 N
352 464 368 484 E
381 463 396 484 Β
408 464 428 484 v
437 464 453 484 L
465 464 485 484 o
496 464 508 483 s
519 455 533 483 1u
542 462 565 482 Τ
578 463 598 481 Α
608 461 620 480 s
629 475 637 487 ‚
662 454 719 480 atis.
739 452 757 477 f.
814 450 916 478 Arnob.
925 460 938 483 7
957 460 981 485 p.
995 458 1038 482 334
1071 448 1181 475 Caelum
1195 446 1342 475 redundan-
1405 448 1529 474 diuinum
1542 451 1609 476 tanti
1621 451 1675 477 viri
1690 452 1777 486 potuit
1790 450 1950 485 ingenium)
1978 449 2124 476 manifestis
2143 449 2299 477 tractatibus
2314 449 2468 484 explicanit.
2500 478 2503 485 ‚

282 494 350 522 tium
366 502 496 528 vaporum
508 489 678 518 nebulositate
692 487 816 513 cluditur.
1405 485 1485 509 Plura
1499 486 1529 509 dc·
1545 484 1584 510 illo
1597 486 1655 512 vide
1666 489 1735 522 apud
1746 488 1816 513 Petr.
1832 486 1927 512 Crinit.
1945 486 1976 512 de
1988 487 2053 511 Hon.
2069 486 2185 521 Discum,
2202 495 2239 513 12.
2280 485 2469 520 AusonAEpist.

319 536 341 556 N
354 536 370 556 r,
381 535 397 555 Β
406 528 427 555 x?
437 535 454 555 L
465 535 484 554 o
493 548 501 558 ,
520 532 572 553 are.
610 522 812 557 Tertull.ApoI.
826 530 882 554 <235
902 520 1050 547 Elatiffimis
1063 525 1089 546 ct
1103 520 1246 546 clarissimis
1259 520 1342 546 lucer·
1407 528 1445 553 19,
1460 524 1483 550 18
1512 519 1620 553 Qiique
1631 530 1721 557 magos
1735 522 1826 550 docuit
1839 521 1961 555 mysteria
1975 529 2041 548 vana
2054 521 2172 556 Necepfi,

281 566 322 593 nis
336 564 464 592 vestibula
476 560 642 589 nebulabant.
680 559 702 584 h.
719 568 738 586 e.
758 557 872 594 Fuligt‘ne
892 557 1042 593 implebant,
1062 566 1134 592 quam
1146 556 1222 583 etiam
1236 553 1341 588 clarisfi-
1443 562 1466 581 N
1476 562 1492 581 E
1501 561 1517 581 C
1526 563 1542 582 E
1551 561 1563 580 S
1573 561 1585 580 S
1594 562 1611 581 E
1620 575 1628 587 ‚
1641 557 1696 588 stuc
1716 565 1740 584 N
1752 565 1769 585 E
1780 565 1797 586 C
1807 565 1823 585 E
1833 565 1846 585 S
1857 565 1870 584 S
1880 564 1900 583 V
1912 564 1949 584 M.
1987 558 2134 592 [ἀναγκαῖον
2142 576 2153 590 ‚
2171 558 2300 590 ἐπάναγκες
2357 557 2468 583 Nomen

283 611 335 628 mae
354 602 467 626 lucernae
485 600 568 622 edunt.
1361 590 1389 609 ¹0
1407 591 1458 623 est,
1479 591 1562 625 inquit
1576 591 1694 618 Donatus
1708 594 1738 620 ad
1753 595 1850 627 Ε1111.ς,
1862 596 1889 627 6,
1903 602 1941 627 27.
1982 606 1985 609 r
1999 593 2070 619 Nam
2085 592 2213 628 Nea-effus,
2231 592 2350 627 Nec-esis,
2378 599 2403 618 et
2418 594 2470 618 Ne-

320 644 342 664 N
356 643 373 662 E
384 642 399 662 B
410 634 430 662 ὖ
442 641 459 660 1.
469 639 487 658 o
496 639 514 658 R
522 653 532 666 ,
551 630 600 657 ari.
638 629 786 655 Nebulonem
800 625 863 665 ff,
881 636 911 655 vt
927 629 1067 656 nebulonem
1076 627 1107 664 se
1113 635 1211 663 gerere.
1261 626 1341 654 Gsotr.
1406 626 1515 660 ceffitas‚
1536 631 1562 653 et
1575 626 1701 660 Necffaem
1712 628 1810 656 lectum
1822 630 1867 657 est.
1923 629 2031 656 Dicitur
2044 628 2168 661 Necesse,
2187 628 2269 661 Quod
2284 630 2312 656 vi
2324 629 2413 663 aliqua
2426 637 2470 654 co-

283 673 330 700 Gr.
347 673 403 700 Lat.
418 669 529 702 ἀχεκτῶ,
549 665 674 693 nebulffl‘·
1404 670 1483 698 gente
1498 662 1558 688 fieri
1570 670 1636 697 opus
1648 661 1693 689 est.
1747 664 1856 692 ACesso
1878 666 1979 698 verbo,
2007 664 2069 699 quia
2087 673 2142 691 non
2163 663 2193 690 sit
2212 665 2240 690 in
2260 673 2293 692 eo
2312 664 2469 691 cessandum.

1405 699 1500 725 Melius
1511 698 1614 732 dixg'ffbt
1622 718 1630 730 ,
1649 698 1688 723 ita
1700 698 1754 725 dici
1757 700 1813 732 fine
1825 710 1870 734 quo
1883 711 1931 728 nec
1945 702 1994 728 effe
2006 701 2107 736 aliquid
2110 698 2192 736 poffit,
2205 707 2249 727 etc.
2320 700 2388 728 Ter.
2401 701 2471 726 Eun.

694 740 726 772 N
800 740 826 771 E
902 739 930 771 C
1405 743 1430 775 ς,
1446 737 1472 768 6,
1486 742 1517 769 27
1543 733 1601 760 Nisi
1617 733 1678 768 quia
1692 735 1789 761 necesse
1802 735 1855 762 fuit
1866 736 1918 764 hoc
1932 738 2035 770 facere,
2056 737 2084 763 id
2098 735 2210 771 gaudeo.
2281 736 2338 763 Cic.
2352 735 2383 761 de
2397 735 2471 762 Ami-
2503 757 2504 761 ,

1360 769 1385 796 ¹3
1405 778 1449 798 cit.
1463 778 1495 805 47
1526 771 1602 803 Quae
1614 771 1710 797 necesse
1724 770 1770 803 est,
1783 776 1812 797 vt
1827 780 1887 797 cum
1898 772 1986 808 aliqua
2000 781 2063 800 cura
2074 781 2116 799 res
2129 771 2177 798 fibi
2192 772 2338 799 contrarias
2351 772 2471 806 asperne-

320 821 341 843 Ν
354 821 369 840 r
381 818 410 840 C.
447 810 610 838 Dzsiunmua
620 810 765 837 conium‘iso.
803 809 878 845 Nae,
898 806 961 842 ἔτε]
998 807 1054 834 Cic.
1075 807 1107 833 de
1127 806 1236 834 Amicit.
1253 810 1271 834 6
1291 816 1312 835 c.
1325 816 1341 834 z
1404 813 1457 833 tur.
1533 807 1564 832 Ei
1578 806 1675 832 necesse
1687 806 1723 834 est
1736 806 1803 833 scire
1829 806 1949 834 scribon.
1966 818 2017 843 199.
2089 808 2165 835 Mori
2184 808 2281 834 necesse
2301 808 2337 835 est
2350 806 2472 842 Scipioni

282 851 338 878 Nec
351 850 423 876 enim
436 847 534 874 melior
548 847 592 874 vir
605 847 657 873 fuit
679 846 806 872 Africano
824 846 965 880 quisquam
974 861 983 874 ‚
1008 852 1055 869 nec
1073 843 1180 870 clarior.
1237 843 1324 870 Festus
1334 864 1343 876 ,
1406 843 1463 869 Cic.
1477 842 1508 868 de
1516 843 1582 869 Fato
1598 849 1626 876 17
1638 851 1692 876 c.9.
1767 842 1872 877 Corpus
1884 845 1996 870 mortale
2009 844 2102 879 aliquo
2114 850 2235 879 tempore
2248 843 2359 871 interire
2372 843 2473 869 necesse

281 886 337 913 Nec
351 883 569 912 coniunctionem
582 882 755 909 Grammatici
771 882 827 908 scre
841 881 932 907 dicunt
944 881 993 906 esse
1005 879 1212 909 disiunetiuam
1238 880 1342 912 vt‚Nec
1405 878 1442 905 cst
1468 878 1506 905 Id.
1521 877 1552 904 dc
1568 880 1670 905 Inuent.
1686 887 1718 912 z,
1734 885 1779 914 170
1792 885 1863 913 c.57.
1936 878 2017 906 Ferre
2029 880 2114 914 legem
2129 880 2239 907 Consuli
2253 889 2321 915 opus
2334 879 2400 911 esse,
2419 878 2473 905 fibi

279 921 359 956 legit,
383 929 431 947 nec
452 918 542 946 scribit
557 930 562 945 :
601 928 683 954 quum
702 917 719 944 si
740 917 893 952 diligentius
913 916 1084 950 inspiciatur,
1109 921 1138 941 vt
1156 914 1220 941 fecit
1239 915 1341 941 Asinius
1406 914 1503 941 necesse
1516 923 1571 940 non
1584 914 1631 940 csse
1663 914 1702 942 Id.
1716 915 1788 941 Fam.
1805 924 1830 948 1,
1842 924 1866 948 9.
1938 914 2014 941 Emas
2027 923 2083 941 non
2100 915 2172 950 quod
2184 925 2251 951 opus
2264 916 2316 947 est,
2338 914 2381 942 sed
2395 913 2472 950 quo&

279 957 393 991 Capito,
413 955 529 990 intelligi
542 955 616 990 possit
629 963 685 981 eam
700 953 809 988 positam
822 953 870 978 esse
884 951 917 978 ab
931 951 1064 985 antiquis,
1084 959 1134 985 pro
1146 950 1220 976 Non.
1234 956 1259 976 et
1272 956 1300 978 vt
1313 951 1342 977 in
1358 949 1393 968 20
1407 950 1442 976 est
1456 950 1553 976 necesse
1579 950 1646 977 Cato
1660 958 1699 985 ap.
1714 951 1801 977 Senec.
1814 949 1893 985 Epist.
1908 959 1951 983 94.
2023 949 2165 979 CieVerr.
2178 961 2206 986 3,
2226 960 2272 979 201
2305 952 2365 978 Hoc
2379 956 2474 977 arator·

281 999 337 1019 ΧΗ
353 991 405 1025 est,
426 991 500 1018 Aster
514 991 597 1017 custos
611 999 658 1016 nec
672 989 710 1016 sit.
766 989 837 1015 Reae
850 987 939 1023 Fqstus.
995 986 1036 1012 Sic
1049 986 1105 1014 Cic.
1119 986 1151 1012 de
1164 985 1258 1021 Legib.
1274 996 1300 1019 3,
1314 995 1342 1013 ιο
1405 986 1503 1020 assequi
1523 995 1570 1020 per
1588 986 1734 1013 triennium
1751 993 1825 1014 certo
1841 985 1931 1012 fructu
1945 986 1992 1013 suo
2005 994 2060 1012 non
2076 988 2180 1020 potuit,
2210 987 2363 1014 vendiderit
2375 987 2472 1013 instru-

280 1037 328 1062 c.4
354 1027 475 1055 Senatori
488 1027 594 1061 quince
608 1026 709 1058 aderit,
729 1029 773 1052 aut
783 1024 873 1057 causa,
892 1030 937 1050 aut
950 1023 1094 1057 culpaesto.
1169 1022 1239 1048 Ter.
1247 1022 1343 1049 Heaut.
1406 1028 1526 1048 mentum
1544 1022 1640 1048 necesse
1662 1022 1706 1049 cst.
1780 1022 1888 1049 Necesse
1907 1021 2022 1055 habere,
2046 1027 2094 1056 pro
2114 1024 2181 1056 Opus
2199 1024 2292 1050 habere.
2366 1022 2423 1050 Cic.
2437 1021 2472 1048 de

281 1071 300 1097 1,·
312 1073 336 1097 2,
349 1073 364 1097 9
391 1064 427 1090 Vt
441 1063 507 1089 hanc
521 1062 648 1089 laetitiam
663 1070 710 1088 nec
723 1060 844 1094 opinanti
857 1060 958 1094 primus
971 1059 997 1086 ei
1009 1058 1158 1085 obiicerem
1172 1057 1255 1085 domi.
1312 1060 1344 1084 Et
1407 1058 1469 1092 Opt.
1483 1067 1541 1092 gen.
1555 1059 1631 1085 Orat.
1647 1067 1670 1090 ¹⁴
1686 1067 1707 1084 c.
1722 1066 1735 1090 ς
1766 1059 1798 1085 111
1810 1057 1908 1093 quibus
1922 1066 1977 1084 non
1990 1057 2104 1084 verbum
2118 1066 2168 1092 pro
2180 1057 2264 1085 verbo
2277 1059 2373 1086 necesse
2387 1057 2473 1085 habui

279 1099 363 1127 Andr.
378 1108 399 1132 1,
411 1107 443 1132 2,
457 1108 472 1132 9
505 1098 534 1125 Id
546 1099 650 1131 voluit,
675 1105 724 1123 nos
737 1096 769 1123 sic
781 1105 829 1122 nec
843 1096 981 1130 opinantes
997 1095 1056 1121 duci
1072 1095 1137 1121 falso
1150 1093 1263 1129 gaudio,
1289 1095 1343 1130 spe·
1406 1094 1526 1121 reddere.
1599 1093 1672 1121 Idem
1685 1094 1714 1121 in
1727 1094 1816 1121 Partis.
1830 1104 1844 1125 4
1878 1093 1943 1120 Non
1963 1092 2120 1120 habebimus
2139 1094 2237 1119 necesse
2250 1095 2350 1129 semper
2364 1094 2473 1121 conclu-

279 1141 366 1162 rantes
379 1135 434 1161 iam
446 1141 537 1161 amoto
548 1140 638 1167 metu,
661 1140 709 1160 etc.
780 1132 837 1159 Cic.
851 1132 923 1158 Fam.
938 1140 961 1164 13
972 1152 981 1164 ,
994 1139 1021 1161 19
1056 1131 1087 1157 Ei
1101 1140 1147 1156 nec
1161 1130 1283 1165 opinanti
1297 1139 1343 1156 vo.
1358 1132 1389 1157 23
1406 1130 1480 1157 dere.
1535 1130 1576 1155 Sic
1589 1132 1641 1156 Att.
1656 1138 1701 1163 10,
1717 1139 1725 1156 ι
1755 1130 1793 1156 Eo
1807 1129 1896 1157 miuus
1908 1128 1994 1156 habeo
2008 1130 2107 1156 necesse
2120 1129 2252 1163 scribere,
2272 1137 2317 1156 aut
2336 1131 2414 1157 etiam
2428 1138 2473 1156 co-

280 1172 407 1199 luntatem
420 1176 493 1197 tuam
506 1176 604 1197 tantam
618 1178 664 1204 per
676 1169 765 1195 literas
777 1167 906 1196 detulisse.
978 1167 1052 1193 Idem
1065 1167 1148 1193 Tusc.
1157 1175 1178 1201 1,
1191 1176 1221 1200 94
1243 1167 1343 1193 Nonne
1407 1166 1503 1201 gitare,
1516 1166 1580 1201 quid
1589 1165 1633 1192 sim
1648 1166 1776 1193 facturus.
1848 1164 1956 1192 Habere
1969 1166 2067 1192 necesse
2079 1165 2183 1199 aliquid
2198 1165 2286 1192 dicere
2306 1165 2475 1200 Qiinfftildy,

279 1207 362 1234 modo
375 1215 471 1242 pueros
481 1227 490 1240 ,
511 1206 593 1233 modo
606 1205 781 1231 adolescentes
793 1205 823 1231 in
837 1204 913 1230 cursu
926 1212 941 1229 a
954 1209 1029 1237 tergo
1043 1202 1199 1237 insequens,
1219 1211 1266 1228 nec
1286 1202 1344 1236 opi·
1405 1211 1418 1235 3
1438 1205 1495 1234 (2).
1568 1202 1706 1229 Necessum
1715 1222 1724 1235 ,
1748 1202 1821 1228 idem.
1883 1201 1965 1228 Plaut.
1978 1201 2050 1228 Asin.
2063 1209 2093 1234 ς,
2105 1209 2138 1235 2,
2158 1211 2188 1235 45
2227 1202 2358 1228 Nauteam
2378 1201 2474 1228 bibere

279 1249 371 1270 nantes
382 1244 513 1277 ass'equuta
526 1241 562 1268 est
584 1241 720 1268 senectus?
793 1241 834 1266 Sic
848 1240 920 1266 Fam.
934 1247 975 1273 ις,
989 1249 1003 1271 4
1033 1238 1213 1265 Praesentibus
1226 1238 1344 1271 insidiis,
1406 1238 1515 1272 malim,
1536 1238 1553 1265 si
1569 1239 1697 1264 necessum
1709 1237 1761 1274 eft,
1784 1246 1862 1273 quam
1877 1237 1952 1264 illam
1966 1237 2119 1264 oscularier.
2173 1256 2175 1258 -
2191 1237 2272 1264 Foras
2293 1237 2421 1264 necessum
2435 1235 2474 1263 est

279 1288 326 1305 nec
339 1279 492 1314 opinantem
506 1276 619 1304 liberaui
629 1298 637 1310 ‚
657 1285 743 1312 neque
755 1275 839 1302 solum
847 1275 873 1301 ei
886 1275 961 1302 saluti
975 1275 1014 1301 sui
1024 1292 1032 1304 ‚
1052 1274 1095 1301 sed
1109 1275 1189 1300 etiam
1201 1274 1301 1306 curaui,
1314 1280 1344 1300 vt
1406 1273 1536 1309 quidquid
1552 1273 1637 1300 habeo
1652 1273 1768 1301 vendere
1801 1274 1875 1302 Idem
1888 1272 1969 1300 Stich.
1984 1282 2010 1306 1,
2024 1282 2053 1306 3,
2067 1273 2107 1300 66.
2181 1273 2321 1300 Necessum
2333 1274 2370 1300 est
2382 1272 2474 1308 paucis

280 1324 340 1341 cum
355 1314 515 1342 austeritate
529 1318 659 1348 regnaret.
718 1314 748 1337 kt
760 1311 840 1347 paullo
850 1311 916 1347 post,
938 1311 1078 1344 Plerosque
1093 1311 1283 1345 necopinantes
1297 1320 1343 1344 op-
1358 1311 1389 1335 30
1405 1310 1565 1345 respondere
1591 1310 1652 1336 Liu.
1667 1319 1704 1343 34,
1719 1318 1741 1343 ς.
1813 1309 1931 1337 Differre
1945 1309 2073 1336 necessum
2087 1307 2124 1335 cst
2149 1308 2256 1337 Lucret.
2269 1317 2296 1343 2,
2311 1318 2366 1344 724.

278 1351 421 1386 pressimus.
494 1349 569 1377 Idem
582 1358 632 1384 pro
645 1348 706 1375 Sull.
723 1357 750 1380 54
780 1347 837 1374 Nec
851 1347 979 1381 opinante
992 1346 1084 1373 Fausto
1093 1367 1101 1379 ‚
1127 1356 1211 1381 quum
1223 1347 1245 1372 is
1258 1355 1344 1381 neque
1443 1353 1466 1372 N
1478 1353 1493 1371 L
1505 1353 1522 1373 c
1536 1353 1552 1372 E
1561 1353 1573 1371 s
1582 1352 1595 1371 S
1605 1344 1618 1371 s
1628 1352 1650 1372 Τ
1662 1353 1683 1372 Λ
1694 1352 1726 1379 S,
1747 1346 1805 1373 atis.
1826 1346 1846 1373 f.
1883 1346 2011 1380 [knivam
2030 1349 2117 1379 χρεία,
2130 1346 2223 1379 χρεῖος]
2281 1346 2322 1372 Vis
2331 1345 2397 1381 ipsa,
2410 1354 2474 1380 quae
2515 1374 2517 1377 Ι

279 1387 371 1423 sciret,
392 1395 478 1420 neque
490 1385 585 1418 vellet,
606 1384 709 1410 familia
722 1383 757 1409 est
772 1388 930 1416 comparata.
987 1383 1060 1416 Conf.
1073 1383 1132 1408 Liu.
1143 1393 1167 1416 4,
1183 1393 1221 1416 43,
1237 1392 1254 1409 1.
1313 1383 1343 1409 Et
1404 1391 1446 1407 nos
1466 1383 1544 1417 cogit,
1558 1389 1587 1407 rt
1601 1381 1702 1415 aliquid
1715 1381 1857 1415 faciamus,
1881 1381 1908 1416 s.
1926 1390 1989 1416 quae
2006 1381 2094 1414 efficit,
2120 1388 2150 1407 vt
2169 1390 2217 1408 nec
2232 1381 2281 1408 esse
2301 1382 2378 1408 aliter
2389 1387 2473 1416 queat.
2499 1404 2500 1407 ,

279 1431 326 1449 1100
339 1421 460 1457 opinanti
480 1430 552 1447 mors
566 1421 596 1447 ad
616 1427 692 1454 caput
713 1418 811 1446 adstitit
824 1424 883 1444 ante
915 1418 1021 1444 Lucrct.
1037 1426 1066 1449 3,
1086 1426 1144 1451 972.
1218 1419 1273 1444 Nec
1286 1419 1344 1452 opi.
1408 1420 1463 1443 Huc
1476 1418 1576 1453 respicit
1591 1417 1649 1444 Cic.
1668 1416 1746 1443 Acad.
1760 1426 1786 1448 1,
1804 1425 1837 1450 29
1871 1419 1959 1450 Qtam
1973 1416 2109 1444 interdum
2121 1416 2232 1444 eandem
2246 1416 2418 1444 necessitatem
2430 1425 2476 1451 ap-

279 1457 337 1485 nata
350 1467 392 1484 res
405 1458 514 1484 Volscos
529 1457 640 1491 perculit
667 1456 724 1482 Liu.
739 1463 765 1485 2,
777 1463 819 1480 22.
894 1454 935 1480 Sic
948 1454 1004 1480 Nec
1019 1454 1141 1486 opinato,
1162 1454 1278 1479 aduerbii
1289 1455 1343 1479 vise
1407 1453 1520 1487 pellant,
1542 1454 1605 1488 quia
1620 1452 1689 1479 nihil
1703 1452 1781 1478 aliter
1794 1452 1869 1487 possit
1881 1460 1959 1487 atque
1972 1452 2006 1479 ab
2020 1461 2050 1479 ea
2064 1452 2235 1480 constitutum
2250 1452 2295 1487 sit,
2319 1453 2389 1480 intra
2402 1451 2475 1487 quan

274 1494 396 1529 positum,
414 1501 459 1528 pro
471 1494 609 1528 Inopinato.
684 1491 739 1517 Cic.
753 1491 785 1516 dc
800 1490 857 1517 Fin.
871 1498 898 1522 3,
912 1495 926 1518 8
959 1488 1041 1522 Qiod
1057 1497 1139 1522 quum
1151 1488 1294 1520 accidisset,
1314 1495 1342 1514 vt
1364 1491 1390 1516 35
1407 1489 1514 1516 fatalem
1533 1495 1558 1516 et
1579 1488 1775 1515 immutabilem
1794 1488 2022 1515 continuationem
2044 1488 2148 1515 ordinis
2166 1488 2330 1524 sempiterni.
2404 1489 2497 1515 Vlti->¹

277 1530 344 1556 alter
357 1530 470 1556 alterum
484 1537 531 1554 nec
544 1528 654 1562 opinato
667 1526 828 1558 videremus,
843 1525 956 1552 fixi-rexit
970 1525 1064 1551 statim.
1138 1526 1178 1549 Ita
1192 1523 1300 1550 l’ltaedr.
1317 1533 1343 1558 1,
1407 1533 1482 1550 mum
1494 1530 1520 1550 et
1532 1524 1679 1551 maximum
1693 1524 1775 1551 telum
1791 1523 1920 1551 neceffitas
1950 1524 2011 1550 Liu.
2024 1532 2058 1558 4,
2079 1530 2114 1554 28.
2188 1524 2328 1552 Necessitas
2345 1533 2474 1560 magnum

277 1573 316 1598 10,
332 1567 349 1591 6
375 1565 462 1599 Ipsum
477 1564 603 1598 accipiter
616 1572 663 1588 nec
675 1562 786 1596 opinum
802 1561 888 1595 rapit,
907 1562 926 1588 i.
947 1571 995 1587 nvn
1005 1567 1142 1596 putantem.
1187 1561 1243 1586 l'id.
1266 1566 1343 1586 01³1-
1405 1559 1536 1588 humanae
1550 1560 1715 1587 infelicitatis
1729 1560 1910 1586 Patrocinium
1924 1559 1960 1586 est
1980 1560 2038 1587 Sen.
2058 1560 2153 1588 Contr.
2168 1558 2200 1596 4',
2218 1567 2261 1595 27.
2334 1560 2475 1587 Necessitas

278 1607 301 1628 N
312 1607 330 1627 O
340 1608 367 1627 R.
426 1601 467 1626 Sic
480 1599 537 1626 Nec
550 1599 622 1625 10810
636 1599 718 1625 Plaut.
727 1597 819 1624 Bacch.
828 1606 848 1630 1,
862 1608 884 1630 ς,
899 1606 930 1624 11.
1003 1597 1061 1623 Cic.
1076 1596 1108 1622 de
1121 1596 1206 1623 Amic.
1220 1604 1264 1622 c.2
1286 1596 1342 1622 Nec
1406 1596 1442 1622 est
1455 1596 1497 1622 lex
1510 1596 1637 1632 temporis
1650 1606 1698 1625 erc.
1735 1596 1793 1622 Sen.
1802 1596 1863 1623 Exc.
1878 1597 2009 1623 Controu.
2022 1607 2046 1630 4.
2119 1597 2227 1624 Pulchre
2242 1596 2339 1624 Horat.
2352 1596 2441 1624 Carm-
2454 1605 2477 1631 1,

276 1637 348 1664 10610
372 1636 471 1663 iudicas
507 1635 539 1661 de
572 1636 683 1662 Catone.
757 1634 799 1660 Sic
819 1636 921 1667 quidam
945 1633 1012 1659 libri.
1072 1633 1146 1659 Grut.
1173 1633 1237 1659 Non
1260 1631 1342 1658 recte.
1406 1640 1451 1666 35,
1466 1640 1494 1668 17
1524 1632 1556 1660 ad
1573 1633 1736 1666 Fortunam,

276 1670 298 1735 ἓ
318 1681 330 1699 2
370 1673 520 1706 Frequenter
536 1678 618 1697 tamen
633 1671 663 1697 Et
678 1679 732 1697 non
739 1669 877 1705 fignificat.
951 1669 1022 1696 Ter.
1037 1669 1101 1695 Eun.
1118 1678 1129 1699 5
1139 1690 1147 1702 ‚
1160 1679 1173 1701 4
1183 1689 1191 1701 ,
1212 1677 1234 1700 13
1266 1669 1341 1701 (Qiae
1354 1677 1392 1701 40
1565 1669 1612 1695 Te
1631 1669 1733 1704 semper
1757 1668 1840 1696 anteit
1860 1669 1934 1696 saeua
1954 1667 2095 1704 Necessitas

296 1716 341 1735 11111
355 1708 423 1734 soris
438 1708 496 1732 sunt
506 1726 515 1740 ‚
539 1705 609 1732 nihil
628 1706 736 1733 videtur
751 1705 894 1738 mundius,
917 1714 965 1731 nec
980 1705 1062 1739 magis
1076 1705 1252 1739 compositum
1267 1703 1342 1738 quid·
1565 1705 1662 1731 Clauos
1679 1704 1805 1738 trabalis,
1826 1710 1851 1731 et
1872 1713 1970 1732 cuneos
1989 1713 2071 1732 manu

277 1752 366 1778 quam.
440 1742 480 1771 Id.
494 1740 604 1776 Adelph.
615 1750 634 1774 1,
647 1750 670 1774 2,
684 1743 710 1767 61
739 1741 797 1768 Nec
811 1740 892 1773 nihil,
911 1749 998 1775 neque
1012 1741 1104 1766 omnia
1120 1740 1183 1766 haec
1198 1741 1341 1774 simt‚quae
1564 1740 1671 1767 Gestans
1692 1740 1793 1773 ahena,
1813 1749 1861 1766 nec
1881 1742 1988 1767 seuerus

277 1780 359 1813 dicit,
379 1785 477 1806 tamen.
535 1777 608 1811 Conf,
623 1778 715 1804 Graeu.
728 1779 763 1804 ad
775 1776 830 1802 Cic.
844 1776 915 1803 Fam.
931 1785 974 1809 10,
996 1784 1016 1803 11
1031 1784 1096 1802 ectr.
1169 1777 1228 1802 Liu.
1244 1784 1293 1810 27,
1314 1781 1341 1806 :8
1562 1776 1653 1802 Vncus
1672 1775 1759 1809 abest,
1786 1775 1958 1809 liquidumue
1977 1775 2129 1810 plumbum.

276 1817 352 1843 Mors
366 1814 486 1841 Marcelli
500 1822 581 1847 quum
595 1813 697 1846 alioqui
712 1812 870 1838 miserabilis
883 1813 952 1845 fuit,
974 1817 1030 1838 tum
1045 1811 1117 1846 quod
1132 1821 1179 1838 nec
1191 1821 1241 1845 pro
1257 1818 1340 1838 aetate
1406 1810 1543 1838 Efficiendi
1561 1812 1690 1838 necessitas
1726 1812 1782 1839 Cic.
1802 1811 1831 1837 in
1855 1811 1957 1846 Topic.
1977 1813 2022 1837 60.
2094 1810 2134 1837 Ad
2160 1810 2281 1838 Naturae
2298 1812 2475 1840 necessitatem

277 1851 385 1885 (maior
399 1850 450 1876 iam
466 1849 539 1876 enim
560 1855 603 1875 Lx
625 1848 700 1874 annis
721 1849 798 1882 erat)
832 1856 918 1882 neque
938 1856 988 1882 pro
1001 1848 1100 1875 veteris
1114 1847 1257 1882 prudentia
1268 1847 1340 1875 ducis
1357 1854 1390 1880 45·
1406 1847 1481 1874 datae
1494 1847 1617 1882 corporis
1630 1854 1716 1882 partes
1737 1847 1794 1874 Cic.
1809 1846 1882 1874 Off.1
1895 1854 1959 1880 c.33.
1995 1848 2015 1874 i.
2029 1853 2079 1883 per
2091 1853 2326 1882 quaspurgamenta
2340 1849 2410 1881 alui,
2429 1858 2474 1877 νε.

276 1894 330 1915 tam
342 1885 496 1920 improuide
509 1885 573 1912 isset.
649 1884 706 1911 Nec
727 1883 846 1918 dispendi
859 1883 923 1910 facit
937 1883 1024 1910 hilum
1048 1884 1121 1917 quod
1142 1883 1227 1915 valet,
1254 1892 1340 1918 neque
1398 1884 1466 1917 ‚lt'cae
1480 1891 1525 1910 etc.
1540 1891 1685 1919 egeruntur.
1760 1882 1882 1910 Tertull.
1894 1881 1926 1909 ad
1941 1884 1991 1909 Vx.
2003 1892 2034 1915 2,
2049 1891 2061 1914 3
2088 1882 2145 1917 Ipsa
2158 1883 2239 1909 etiam
2253 1883 2421 1910 matrimonii
2436 1885 2474 1910 se-

275 1922 407 1958 dispendii
421 1921 485 1948 satit
497 1920 643 1955 quidquam
670 1920 747 1947 Varr.
762 1920 793 1945 de
807 1920 836 1946 L.
846 1919 874 1947 L.
888 1926 912 1953 8,
924 1928 961 1953 37.
1034 1919 1093 1946 Nec
1108 1919 1179 1945 enim
1195 1919 1239 1945 illa
1253 1918 1341 1953 prima
1407 1925 1477 1945 creta
1490 1920 1634 1947 maculosa:
1671 1928 1725 1945 non
1734 1925 1761 1946 vt
1779 1927 1858 1954 penes
1873 1918 1976 1946 sane'tos
1990 1917 2077 1945 officia
2090 1919 2163 1944 sexus
2173 1938 2182 1951 ‚
2201 1927 2261 1944 cum
2274 1918 2380 1945 11011010
2394 1919 2476 1953 ipsius

275 1968 337 1986 vera
351 1959 403 1991 est,
424 1963 453 1985 vt
466 1956 691 1991 quemadmodum
709 1956 738 1982 in
752 1956 776 1981 se
790 1955 902 1989 quisque
911 1976 919 1988 ‚
945 1955 976 1981 sic
991 1955 1020 1982 in
1034 1954 1150 1981 amicum
1163 1955 1192 1982 sit
1210 1955 1340 1981 animatus
1405 1955 1572 1988 necessitatis,
1599 1961 1722 1990 tanquam
1737 1955 1784 1982 sub
1797 1954 1881 1982 oculis
1896 1954 1947 1981 Dei
1958 1953 2076 1981 modeste
2088 1960 2114 1980 et
2127 1953 2264 1980 moderate
2279 1954 2475 1988 transiguntur.

274 1996 332 2021 Cic.
345 1994 377 2021 de
389 1993 497 2020 Amicit.
511 1999 546 2024 57.
620 1992 681 2017 Liu.
694 1993 738 2023 26,
754 2000 777 2022 ¹3
803 1991 893 2016 Tanta
905 1991 1038 2025 sanguinis
1049 1991 1134 2017 nostri
1147 1990 1290 2017 hauriendi
1304 1991 1341 2017 est
1406 1991 1484 2017 Vitae
1511 1992 1566 2018 Cic.
1578 1991 1631 2018 Ots'.
1645 2001 1663 2024 1,
1677 1996 1722 2023 158.
1795 1990 1933 2017 Excusatio
1946 1990 2098 2018 necessitatis
2111 1989 2139 2015 in
2154 1989 2266 2016 dicendo
2279 1995 2357 2024 atque
2370 1991 2398 2016 in
2413 1990 2476 2017 scri-

275 2030 344 2062 fitis,
363 2037 412 2055 nec
427 2027 527 2054 iniuria
542 2026 661 2052 forsitan.
734 2026 790 2051 Cic.
804 2033 855 2058 pro
868 2026 963 2058 Qiint.
979 2034 1002 2057 15
1035 2027 1098 2057 Q1o
1112 2033 1222 2052 mortuo
1243 2035 1289 2051 ncc
1302 2027 1339 2051 ita
1358 2038 1389 2061 50
1404 2026 1495 2052 bendo
1509 2036 1564 2053 non
1579 2027 1709 2060 probatur
1737 2026 1776 2053 Id.
1790 2027 1819 2052 in
1832 2027 1906 2053 Orat.
1919 2035 1976 2057 230.
2049 2026 2116 2052 Dira
2149 2025 2217 2052 Hor.
2231 2026 2320 2052 Carm.
2334 2034 2365 2061 3,
2377 2034 2428 2060 24,
2448 2028 2475 2056 6.
2500 2027 2513 2047 :²

275 2065 360 2092 multo
381 2064 438 2099 post
457 2063 486 2088 in
505 2062 619 2088 Galliam
635 2060 819 2095 proficiscitur.
899 2060 937 2086 1d.
951 2060 983 2085 de
998 2060 1104 2085 Amicit.
1119 2068 1141 2089 31
1173 2060 1213 2085 Ab
1227 2060 1279 2088 his,
1294 2061 1341 2093 qui
1404 2060 1500 2085 Fatalis
1514 2062 1659 2092 necessitas,
1679 2067 1708 2086 vt
1725 2061 1858 2094 quidquid
1869 2061 1987 2095 accidat,
2010 2062 2038 2088 id
2052 2066 2160 2088 externa
2174 2061 2305 2095 veritate,
2325 2063 2474 2089 causarum.

274 2099 405 2137 pecudum
419 2099 474 2126 ritu
487 2097 519 2124 ad
533 2097 698 2132 voluptatem
711 2095 802 2122 omnia
817 2094 954 2128 referunt,
979 2094 1059 2128 louge
1078 2093 1255 2119 dissentimus:
1293 2103 1341 2119 nec
1405 2103 1457 2127 que
1470 2095 1672 2121 continuatione
1684 2096 1783 2121 fluxisse
1797 2096 1902 2122 dicatur
1935 2097 1993 2122 Cic.
2008 2097 2040 2123 de
2053 2097 2116 2124 Nat.
2131 2097 2214 2124 Deor.
2229 2106 2249 2130 1,
2262 2106 2299 2128 55.
2369 2099 2478 2126 lminua

273 2138 395 2164 mirum:
432 2134 501 2161 nihil
520 2134 593 2160 enim
610 2132 710 2165 altum,
737 2130 806 2157 nihil
828 2130 999 2166 magnificum
1019 2139 1048 2156 ac
1069 2129 1193 2156 diuinum
1212 2128 1340 2163 suspicere
1405 2129 1495 2155 tabilis
1527 2130 1659 2162 Qsinetis.
1674 2139 1702 2163 2,
1723 2138 1753 2162 13.
1826 2130 1908 2157 Saeua
1934 2132 2004 2158 Hor.
2016 2132 2105 2157 Carm.
2119 2140 2147 2164 1,
2161 2139 2204 2166 35,
2216 2138 2254 2166 17.
2383 2130 2389 2133 “
2412 2131 2433 2170 q
2454 2141 2474 2160 Ζ
2491 2152 2493 2154 ,

273 2173 387 2209 possunt.
459 2171 564 2198 Lucret.
580 2179 604 2202 4,
618 2173 665 2198 228
697 2168 755 2194 Nec
769 2175 860 2203 mora,
877 2175 924 2193 nec
937 2166 1042 2201 requies
1055 2166 1126 2192 inter
1139 2165 1216 2192 datur
1228 2166 1281 2191 vlla
1293 2166 1339 2191 flu·
1409 2166 1539 2191 Verborum
1559 2165 1689 2201 fhrmulae
1702 2176 1710 2190 .·
1767 2164 1905 2193 Adducere
1929 2167 1958 2193 in
1982 2167 2154 2194 necessitatem
2163 2187 2173 2201 ,
2211 2169 2265 2195 vid.
2287 2175 2311 2196 A
2320 2175 2397 2196 DDv
2407 2174 2425 2195 c
2437 2174 2472 2196 Ο.

274 2208 345 2236 endi.
405 2207 458 2233 Hoc
470 2206 599 2237 imitatus,
623 2212 697 2238 atque
715 2205 774 2230 adeo
786 2209 913 2228 mutuatus
926 2202 961 2238 est
978 2202 1054 2237 Virg.
1078 2202 1176 2236 Georg.
1190 2211 1217 2234 3,
1239 2210 1289 2227 110.
1316 2208 1339 2226 et
1356 2212 1385 2238 35
1404 2200 1555 2234 Adhiberc,
1581 2202 1633 2229 vid.
1654 2208 1703 2228 An
1713 2208 1733 2228 1-1
1743 2208 1841 2228 1BEO.
1913 2202 1969 2230 Cic.
1983 2203 2097 2238 Philipp.
2113 2212 2153 2236 10,
2167 2212 2179 2230 2
2200 2203 2247 2231 Sed
2263 2204 2332 2231 mihi
2345 2206 2373 2232 Ρ.
2383 2206 2414 2232 C.
2426 2214 2473 2232 nc-

274 2243 384 2272 Aenesd.
398 2250 421 2276 ς,
434 2247 491 2274 458.
561 2240 619 2267 Nec
631 2239 695 2266 sicut
708 2239 819 2272 vulgus,
845 2238 888 2264 sed
909 2244 938 2265 vt
951 2238 1052 2265 eruditi
1065 2238 1149 2264 solent
1161 2238 1293 2272 appellare
1306 2238 1341 2264 sa·
1402 2236 1540 2263 cessitatem
1554 2238 1643 2264 attulit
1656 2237 1746 2273 paullo
1760 2238 1835 2272 plura
1849 2237 1955 2264 dicendi
1970 2239 2096 2265 sententia
2109 2240 2175 2272 eius,
2183 2240 2231 2274 qui
2243 2247 2351 2276 rogatus
2363 2242 2399 2268 est
2411 2247 2473 2268 ante

275 2282 391 2316 pientem
425 2278 481 2304 Cic.
494 2276 525 2303 de
537 2276 642 2302 Amicit.
656 2278 680 2301 6.
755 2274 813 2300 Nec
830 2282 896 2300 vero
914 2273 1058 2300 multitudo
1074 2273 1150 2308 pedes
1165 2273 1260 2306 nouit,
1293 2282 1341 2299 nec
1403 2282 1456 2299 me.
1530 2272 1659 2300 Astrietus
1673 2273 1816 2301 necessitate
1842 2271 1882 2299 Id.
1896 2272 1928 2298 de
1941 2273 2001 2301 Nat.
2017 2274 2099 2300 Deor.
2115 2284 2134 2305 1,
2150 2280 2182 2304 18.
2256 2276 2473 2309 Belligerandum

275 2316 345 2343 vllos
359 2322 486 2340 numeros
500 2321 569 2338 nune
583 2317 655 2338 tenet
686 2309 724 2337 Id.
741 2309 769 2335 in
784 2310 859 2336 Orat.
873 2318 920 2342 173·
992 2309 1054 2334 Ibid.
1071 2315 1106 2337 118
1138 2309 1194 2335 Nec
1208 2317 1273 2335 vero
1287 2308 1340 2334 dia·
1404 2308 1457 2334 fuit
1470 2308 1540 2335 mihi
1552 2318 1610 2335 cum
1625 2310 1735 2336 fortuna
1757 2308 1831 2335 fatali
1850 2308 1939 2342 aliqua
1958 2308 2028 2344 quasi
2047 2309 2191 2336 necessitate
2227 2309 2267 2337 Id.
2281 2311 2339 2346 post
2353 2311 2417 2337 Red.
2435 2311 2470 2337 ad

275 2351 377 2380 10811015
389 2349 472 2376 modo
491 2348 520 2376 sit
540 2346 699 2380 instruftus,
727 2344 771 2371 sed
792 2344 885 2372 habeat
904 2353 996 2371 omnes
1015 2344 1200 2379 philosophiae
1218 2349 1296 2372 notos
1315 2349 1341 2369 et
1404 2344 1483 2376 Qiir.
1500 2353 1535 2377 19.
1610 2346 1724 2373 Coastus
1737 2345 1881 2371 necessitate
1894 2344 1946 2371 feci
1977 2345 2033 2372 Cic.
2053 2353 2103 2379 pro
2122 2345 2228 2372 Cluent.
2249 2355 2304 2379 19.·
2341 2347 2414 2380 Conf.
2429 2346 2472 2374 Id.

276 2387 402 2415 tractatos
421 2386 503 2412 locos.
575 2383 631 2410 Cic.
645 2382 676 2408 de
690 2380 797 2415 Amicii,
811 2383 845 2406 60
878 2380 999 2415 Negabat
1017 2380 1097 2406 vllam
1120 2389 1212 2406 vocem
1227 2379 1342 2406 inimici·
1353 2388 1388 2413 60
1403 2388 1453 2414 pro
1468 2380 1562 2413 Qtint.
1577 2390 1598 2407 c.
1606 2384 1643 2408 16.
1715 2379 2026 2415 Coinpulsuswneceffitate
2045 2380 2167 2407 Scribon.
2179 2380 2226 2414 Ep.
2249 2400 2256 2407 .
2269 2401 2276 2407 .
2315 2382 2474 2416 Constringi

277 2425 375 2451 tiorem
387 2421 519 2448 amicitiae
533 2419 642 2455 potuisse
662 2417 792 2452 reperiri,
818 2425 898 2451 quam
917 2417 983 2450 eius,
1005 2416 1052 2451 qui
1072 2416 1175 2442 dixisset
1196 2416 1233 2442 ita
1251 2424 1340 2442 amare
1404 2417 1566 2450 necessitate,
1595 2418 1649 2444 vid.
1670 2423 1770 2444 CONS
1782 2423 1804 2443 T
1817 2423 1884 2443 R1N
1895 2421 1957 2443 Go.
2030 2415 2150 2443 Debetur
2166 2416 2307 2444 necessitati
2324 2417 2381 2444 vita
2413 2418 2472 2446 Cic.

277 2464 420 2495 oportere,
439 2463 468 2484 vt
482 2455 625 2491 aliquando
638 2455 697 2480 esset
710 2453 817 2479 osurus:
855 2461 901 2478 nec
915 2461 980 2479 vero
992 2453 1016 2478 se
1032 2451 1126 2478 adduci
1140 2452 1226 2486 posse,
1249 2458 1276 2478 vt
1290 2452 1340 2478 hoc
1403 2461 1454 2486 pro
1468 2453 1535 2479 Sext.
1550 2460 1595 2488 47.
1669 2453 1834 2480 Denuntiare
1847 2451 1968 2478 vltimam
1983 2451 2155 2479 necessitatem
2188 2452 2278 2480 Tacit.
2294 2453 2363 2480 Ann.
2377 2461 2414 2487 ις,
2433 2456 2471 2481 61.

278 2492 502 2530 quemadmodum
522 2497 658 2526 putaretur
676 2498 690 2516 a
703 2489 794 2515 Biante
807 2489 855 2515 csse
873 2488 991 2520 0116111111,
1015 2487 1143 2515 crederet.
1214 2487 1289 2514 Idem
1309 2487 1341 2513 de
1402 2488 1427 2514 h.
1440 2497 1461 2515 e.
1481 2490 1588 2514 Mortem
1602 2488 1718 2515 indicere.
1793 2487 1965 2522 Deprehendi
1978 2488 2063 2515 subita
2088 2487 2248 2521 Quinetild,
2264 2497 2297 2515 ¹2.
2348 2502 2350 2504 ’
2370 2488 2470 2516 Damus

278 2529 427 2564 Amicit.70
450 2529 506 2555 Nec
519 2535 585 2554 vero
599 2527 627 2553 in
640 2526 700 2558 hoc,
714 2525 785 2559 quod
794 2524 830 2550 cst
842 2524 949 2558 animal,
964 2523 1007 2550 scd
1021 2524 1090 2550 iniis
1104 2524 1196 2557 etiam,
1208 2533 1274 2558 quae
1283 2524 1341 2550 sunt
1405 2523 1509 2551 laudem
1522 2525 1630 2551 virtutis
1645 2526 1785 2552 neceffitati
1811 2525 1884 2552 Idem
1898 2533 1918 2557 1,
1933 2530 1954 2556 8.
2027 2525 2085 2551 Cic.
2099 2524 2152 2552 Off.
2167 2533 2186 2557 1,
2200 2531 2241 2558 ¹²7
2271 2524 2374 2560 Ipsique
2387 2526 2470 2553 neces-

278 2566 413 2598 inanima,
430 2563 592 2590 consuetudo
607 2563 685 2590 valet.
757 2561 831 2593 Nee,
842 2560 869 2597 s.
888 2569 917 2586 ne
931 2562 1039 2594 quidem.
1102 2559 1235 2592 Qtinffls.
1250 2560 1277 2586 in
1294 2561 1341 2585 Ae·
1356 2566 1388 2598 65
1404 2558 1471 2586 sitati
1485 2559 1547 2587 dant
1560 2570 1685 2596 operam,
1711 2568 1740 2589 vt
1760 2570 1841 2596 quam
1861 2560 2031 2587 occultissime
2044 2565 2160 2594 pareant.
2232 2560 2318 2586 Datur
2330 2561 2471 2588 necessitati
2507 2576 2509 2579 v

279 2611 328 2637 gro
342 2600 479 2632 1011011110,
504 2598 620 2626 Persolui
632 2597 717 2633 gratia
730 2606 784 2623 non
800 2596 899 2631 potest,
926 2605 973 2623 nec
989 2596 1060 2623 malo
1073 2596 1150 2630 patri.
1224 2596 1282 2622 Nec
1304 2604 1343 2621 ca-
1404 2596 1484 2622 venia
1510 2596 1548 2623 Id.
1563 2597 1616 2624 Off.
1625 2605 1650 2630 2,
1664 2599 1702 2626 56.
1775 2597 1887 2631 Flagitat
1903 2602 2005 2631 tempus
2018 2602 2043 2622 et
2058 2594 2186 2621 neceffitas
2217 2594 2256 2623 Id.
2273 2595 2368 2631 Philip.
2380 2607 2411 2629 5,
2430 2605 2471 2631 54.

279 2644 341 2673 put,
366 2646 413 2663 nec
425 2636 504 2672 pedes
516 2635 615 2667 habet,
641 2635 728 2660 Mms
743 2632 860 2667 loquendi
878 2633 1011 2668 vulgaris,
1030 2641 1104 2667 quum
1125 2641 1165 2657 res
1176 2632 1301 2657 intricata
1316 2638 1340 2657 et
1406 2631 1496 2659 Habet
1507 2642 1580 2659 mors
1594 2633 1767 2660 necessitatem
1781 2633 1831 2660 fati
1859 2632 1898 2660 ld.
1914 2632 1983 2659 lbid.
1996 2640 2039 2663 12,
2052 2639 2093 2663 30.
2167 2631 2202 2657 Ea
2221 2640 2288 2666 quae
2308 2632 2406 2659 babent
2424 2632 2473 2658 ali-

278 2673 398 2709 impedita
411 2672 442 2708 est
460 2672 514 2707 ita,
541 2679 570 2696 vt
586 2679 631 2705 quo
650 2678 674 2696 te
691 2677 775 2695 vertas
794 2668 897 2704 nescias.
971 2668 1027 2696 Cic.
1042 2668 1113 2696 Fam.
1126 2675 1159 2702 7,
1171 2677 1195 2700 32
1229 2668 1341 2702 Propter
1406 2677 1485 2702 quam
1499 2669 1685 2695 necessitatem:
1707 2677 1754 2704 pro
1765 2671 1836 2706 Qua
1847 2667 2048 2703 net-effhriafimt
2068 2665 2106 2693 ld.
2121 2665 2154 2692 de
2163 2667 2255 2694 Diuin.
2266 2676 2291 2701 2,
2304 2673 2339 2698 18.
2413 2668 2472 2696 Cic.

278 2716 336 2737 tuas
349 2717 390 2735 res
405 2709 439 2735 ita
454 2707 617 2739 (0111136135,
640 2710 668 2732 vt
682 2703 907 2740 quemadmodum
920 2704 1031 2738 scribis,
1050 2713 1097 2730 nec
1112 2710 1204 2738 caput,
1231 2713 1277 2730 nec
1297 2712 1340 2737 pe·
1405 2706 1456 2730 Att.
1471 2714 1495 2736 4,
1508 2714 1520 2735 5
1549 2705 1603 2738 Ego
1618 2704 1771 2731 mehercule
1784 2704 1853 2730 mihi
1866 2703 2037 2729 neceffitatem
2053 2701 2130 2729 volui
2142 2703 2283 2736 imponere
2296 2702 2376 2730 huius
2384 2712 2472 2731 nouae

279 2746 340 2772 des:
378 2744 501 2779 equidem
511 2743 605 2769 vellem
620 2742 658 2768 vti
672 2741 748 2776 pedes
761 2739 904 2774 haberent,
921 2747 950 2767 vt
958 2740 1102 2774 aliquando
1117 2739 1226 2766 redires.
1283 2740 1340 2766 Nec
1354 2744 1390 2772 70
1405 2740 1613 2766 coniunctionis.
1686 2739 1762 2766 Idem
1783 2748 1834 2773 pro
1852 2738 1915 2765 Sull.
1934 2746 1962 2770 35
1994 2738 2064 2764 Mihi
2086 2738 2118 2764 de
2140 2739 2295 2773 memetipso
2313 2744 2369 2766 tam
2387 2739 2474 2767 multa

280 2791 313 2808 co
321 2780 418 2811 minus,
434 2787 477 2815 pro
486 2778 662 2813 Nihilo-setius
682 2777 750 2804 Suet.
758 2777 786 2802 in
795 2775 896 2803 Othon.
905 2785 925 2802 c.
936 2786 957 2808 4.
1014 2777 1070 2802 Nec
1078 2776 1167 2802 minus
1175 2775 1295 2802 Scribon.
1309 2795 1315 2801 .
1333 2794 1339 2801 .
1404 2775 1510 2801 dicendi
1530 2774 1660 2801 necessitas
1681 2774 1810 2810 quaedam
1836 2773 1957 2809 imposita
1982 2774 2018 2800 est
2036 2774 2068 2801 ab
2086 2773 2144 2800 illo.
2222 2775 2380 2811 Iniungcre,
2413 2776 2471 2803 vid.
2502 2771 2511 2779 ‘

281 2818 338 2844 Nec
356 2815 501 2850 quidqumn
520 2814 609 2847 aliud,
633 2820 678 2848 pro
695 2813 802 2838 Tantum
834 2812 903 2838 Suet.
918 2812 1022 2838 Neron.
1038 2821 1058 2838 c.
1073 2821 1109 2843 43.
1288 2808 1308 2846 fl
1330 2819 1341 2841 3
1404 2817 1463 2837 1N1
1474 2817 1525 2835 VN
1536 2816 1594 2836 Go.
1667 2810 1807 2837 Obuenire
1837 2810 1894 2837 Cic.
1915 2809 1968 2836 Off.
1984 2818 2017 2844 2,
2038 2819 2080 2844 74.
2153 2809 2192 2838 Id.
2207 2810 2239 2837 de
2261 2812 2334 2838 Orat.
2356 2820 2404 2838 202
2436 2813 2470 2839 In

285 2853 360 2879 Varie
374 2853 530 2885 componitur.
587 2851 644 2877 Nec
657 2849 757 2881 miror,
778 2849 809 2875 Et
823 2847 925 2882 gaudeo
946 2848 1002 2874 Cic.
1017 2848 1142 2880 Famao,
1157 2856 1167 2874 1
1178 2854 1219 2882 pr.
1295 2848 1329 2872 Ea
1403 2845 1522 2872 numeris
1537 2845 1676 2872 necessitati
1691 2855 1783 2881 parere
1798 2846 1928 2880 cogimur.
1983 2847 2053 2873 Adcl.
2069 2845 2107 2873 Id.
2120 2846 2192 2872 Offi1
2206 2854 2261 2878 c.35
2287 2847 2471 2882 vbistgnificae

281 2888 341 2915 dem
357 2887 517 2922 negligentia
530 2896 576 2913 nec
592 2886 654 2912 illos
667 2894 681 2911 a
692 2884 804 2911 crimine
817 2890 843 2910 et
857 2883 906 2910 hos
920 2883 1068 2910 deterrebat
1082 2892 1095 2909 a
1109 2883 1185 2909 laude
1214 2881 1279 2909 Plin.
1295 2883 1340 2908 l'a·
1396 2881 1547 2917 ficretioms
1561 2883 1630 2915 usui,
1651 2884 1741 2908 vrinae
1754 2889 1799 2909 etc.
1874 2882 2012 2916 Temperi
2025 2882 2134 2915 cedere,
2154 2882 2184 2909 id
2197 2882 2233 2909 est
2249 2883 2386 2910 necessitati
2396 2878 2472 2918 pare-

280 2933 340 2959 ncg.
355 2917 409 2959 70',
423 2927 447 2950 ὁ.
520 2923 577 2949 Nec
592 2923 629 2948 fas
643 2921 678 2947 cs‘t
690 2919 863 2947 affirmationi
881 2924 941 2946 tuae
955 2919 1098 2954 derogare,
1123 2925 1148 2945 et
1169 2927 1282 2953 aequum
1296 2925 1340 2943 etr.
1355 2921 1387 2948 73
1402 2926 1449 2950 re,
1474 2917 1576 2952 semper
1595 2919 1718 2952 sapientis
1737 2918 1772 2945 cst
1796 2918 1918 2945 habitum
1951 2917 1990 2946 ld.
2009 2918 2081 2947 Fam.
2101 2928 2131 2952 4,
2148 2927 2174 2953 9.
2253 2919 2308 2946 Cic.
2324 2928 2375 2955 pro
2392 2920 2472 2947 Rosc-

279 2960 318 2988 sd.
332 2969 375 2993 91,
389 2967 416 2992 4.
488 2958 545 2984 Nec
565 2958 678 2990 maligna
692 2957 767 2983 tellus
804 2971 850 2976 --
868 2962 894 2982 et
909 2955 989 2982 Nilus
1003 2963 1139 2990 nunquam
1152 2955 1254 2989 largior
1267 2953 1342 2979 fluxit
1402 2955 1492 2980 Amet.
1507 2961 1540 2988 97
1553 2963 1574 2980 c.
1588 2963 1615 2986 34
1628 2961 1694 2983 extr,
1726 2956 1801 2988 Qiae
1814 2954 1943 2981 necessitas
1959 2963 2020 2981 enm
2032 2961 2102 2982 tanta
2116 2953 2267 2988 premebat,
2287 2963 2331 2982 etc.
2394 2955 2471 2989 Idem

280 2996 342 3022 ibid.
356 3005 388 3028 31,
401 2996 426 3021 6.
499 2994 569 3020 Suet.
586 2993 661 3027 Vesp.
674 3000 717 3025 ας
744 2992 837 3018 Tanto
851 2991 969 3018 militum
981 2991 1079 3026 gaudio
1093 3000 1121 3017 ac
1137 2990 1248 3023 fauore,
1269 2997 1297 3016 vt
1312 2989 1340 3015 in
1404 2989 1458 3016 Off.
1474 2999 1495 3022 3,
1509 2997 1536 3024 17
1570 2990 1690 3024 Reliquis
1710 2998 1798 3017 autem
1817 2990 1903 3017 tribus
1917 2990 2061 3017 virtutibus
2076 2990 2229 3017 neceslitates
2244 2990 2393 3026 propositae
2409 2992 2472 3018 sunt
2486 2996 2489 2999 '

280 3030 456 3066 gratulatione
468 3029 657 3064 imperatorem
671 3037 730 3053 eum
744 3027 984 3061 consalutauerint,
1007 3033 1033 3054 et
1047 3026 1157 3054 subinde
1171 3026 1341 3053 decedentem
1402 3025 1434 3052 ad
1448 3034 1490 3052 eas
1503 3034 1544 3051 res
1560 3026 1686 3060 parandas
1700 3027 1864 3062 tuendasque
1873 3047 1881 3060 ,
1901 3027 1999 3060 quibus
2011 3027 2083 3054 atilio
2100 3026 2171 3053 vitae
2185 3028 2345 3053 continetur.
2419 3027 2471 3054 Re-

280 3066 422 3103 prouincia
434 3065 611 3097 detinuerint,
637 3063 805 3098 suppliciter,
831 3072 934 3091 necnon
953 3070 978 3091 et
998 3063 1139 3091 minaciter
1154 3063 1342 3097 efflagitantcS,
1404 3070 1521 3097 pugnare
1534 3062 1723 3090 necessitatibus
1760 3063 1892 3096 Qiinffil.
1913 3072 1939 3093 1,
1958 3071 1980 3095 3.
2052 3063 2110 3090 Cic.
2125 3063 2155 3089 in
2170 3063 2244 3090 Orat.
2261 3071 2306 3094 230
2338 3063 2363 3089 Ο
2377 3064 2472 3091 virum

281 3109 325 3130 aut
338 3108 504 3134 remaneret,
529 3107 573 3128 aut
587 3101 673 3126 secum
687 3107 778 3125 omnes
792 3099 891 3133 pariter
903 3099 1054 3127 abduceret.
1129 3099 1243 3126 Necnon
1260 3098 1341 3124 ctiam
1357 3102 1389 3128 80
1403 3097 1563 3133 simplicem,
1585 3099 1631 3133 qui
1646 3108 1695 3125 nos
1709 3098 1777 3125 nihil
1792 3098 1871 3129 celat,
1891 3099 2050 3133 sapientem,
2076 3098 2123 3133 qui
2142 3098 2312 3126 seruiendum
2327 3098 2472 3127 necessitati

281 3141 403 3174 poemata
414 3137 528 3164 faciebat
540 3146 572 3163 ex
585 3143 705 3170 tempore
735 3134 805 3161 Suet.
824 3134 855 3160 de
875 3135 946 3162 Clar.
970 3136 1060 3163 Gram.
1076 3145 1110 3169 23.
1167 3135 1242 3168 Cous.
1264 3135 1341 3162 Varr.
1403 3133 1491 3169 putet!
1565 3134 1611 3160 Vti
1639 3135 1730 3162 Tacit.
1742 3135 1810 3161 Ann.
1826 3136 1861 3167 16,
1876 3143 1905 3161 11.
1977 3134 2148 3166 Necessitate,
2175 3133 2307 3169 quidquid
2324 3134 2360 3163 est
2375 3134 2470 3168 domi,
2515 3140 2517 3146 “

282 3175 352 3202 KR.
366 3185 395 3208 2,
409 3182 428 3201 1.
485 3173 588 3206 Plin.7,
603 3181 638 3206 53.
653 3180 696 3203 10,
710 3180 745 3203 43.
777 3177 801 3196 ee
814 3176 847 3202 ¹3,
861 3177 892 3196 22
908 3174 953 3197 etc.
991 3175 1034 3206 qui
1041 3172 1116 3208 saepe
1129 3172 1275 3206 coniungit,
1295 3179 1343 3196 nec
1404 3169 1433 3197 id
1448 3170 1483 3196 sat
1494 3169 1529 3196 est
1550 3169 1701 3197 habendum
1732 3171 1814 3198 Plaut.
1836 3171 1903 3197 Rud.
1920 3179 1950 3206 2,
1964 3180 1989 3203 1,
2003 3180 2014 3202 3
2049 3172 2068 3196 i.
2090 3169 2231 3204 neccffitrio.
2358 3180 2368 3194 ι
2411 3168 2433 3210 ff
2453 3168 2476 3204 3'

283 3220 337 3238 non
350 3217 376 3237 et
391 3208 568 3237 Ouid.Trist.
578 3219 602 3242 4,
617 3217 654 3240 10,
666 3215 688 3240 5.
709 3214 733 3234 tt
741 3207 804 3234 Met.
816 3213 851 3240 ’7,
871 3211 919 3238 318.
956 3208 998 3232 vbi
1008 3215 1054 3242 pro
1067 3209 1098 3233 Et
1108 3207 1219 3243 ponitur.
1278 3207 1343 3233 Non
1404 3205 1568 3233 Necessitates
1578 3226 1586 3238 ,
1610 3213 1657 3241 pro
1674 3207 1789 3243 Negotiis
1801 3207 1947 3242 instantibus
1959 3214 1983 3231 et
2000 3205 2149 3240 necqffiariis.
2222 3205 2288 3239 Pliu.
2302 3205 2382 3242 Epist.
2399 3216 2429 3242 3,
2449 3214 2470 3241 4

283 3256 329 3273 nec
341 3246 503 3281 quidquam,
522 3245 576 3271 vid.
591 3252 613 3273 N
624 3251 644 3270 O
657 3250 680 3269 N
695 3242 858 3269 Atluerhium·
930 3242 997 3269 Plin-
1011 3250 1036 3276 8,
1048 3246 1087 3275 36.
1112 3246 1140 3269 cle
1154 3243 1234 3275 infir,
1250 3243 1344 3269 Proce-
1405 3241 1528 3275 Collegae
1542 3241 1656 3276 optimi,
1680 3243 1788 3278 meique
1801 3241 1981 3275 amantissimi,
2008 3241 2040 3268 de
2055 3241 2205 3268 communis
2218 3241 2303 3268 officii
2317 3242 2470 3270 necessitati-

285 3282 349 3309 dunt
364 3291 442 3313 vere,
462 3280 504 3307 sed
518 3289 603 3308 mares
642 3279 811 3314 raepingues:
847 3277 921 3304 cuius
940 3278 981 3304 rei
1004 3280 1076 3304 causa
1095 3288 1150 3305 non
1169 3285 1274 3313 promta
1293 3279 1343 3304 cst:
1360 3282 1388 3310 83
1405 3278 1453 3305 bus
1465 3278 1627 3312 praelocuti,
1647 3280 1770 3306 excusare
1785 3288 1837 3311 me,
1854 3284 1879 3304 et
1892 3279 2009 3304 eximere
2020 3283 2163 3304 tentarunt.
2237 3278 2352 3313 Cic.pr0
2361 3279 2468 3305 Cluent.

285 3317 382 3352 quippe
394 3327 440 3344 nec
454 3319 549 3344 somno
564 3316 610 3351 qui
630 3324 672 3342 0111
685 3314 805 3349 saginatis
817 3320 921 3349 praeter
941 3320 999 3340 ΧΠ
1009 3322 1018 3340 1
1029 3321 1038 3339 1
1053 3313 1117 3342 dics.
1191 3314 1249 3340 Nee
1268 3313 1344 3340 omni
1405 3318 1437 3345 68
1468 3314 1499 3340 Et
1520 3312 1565 3339 fibi
1585 3314 1654 3341 nihil
1669 3324 1723 3341 non
1743 3315 1825 3342 modo
1838 3313 1868 3340 ad
1883 3313 2039 3348 cupiditates
2053 3313 2123 3347 suas,
2150 3313 2192 3340 sed
2205 3323 2238 3340 ne
2250 3313 2282 3340 ad
2296 3314 2469 3342 neceffitatem

286 3352 361 3388 plebe
374 3353 524 3380 aduersante
555 3352 615 3379 Liu.
631 3361 661 3386 2,
681 3360 714 3383 4¹.
793 3351 848 3377 Cic.
862 3351 941 3377 Verr.
953 3359 977 3383 2,
998 3355 1040 3378 128
1070 3350 1205 3384 Est-cogitat
1225 3349 1345 3384 inquam,
1406 3349 1512 3386 quidem
1524 3349 1679 3383 reliquisset.
1754 3350 1844 3377 Tacit.
1858 3349 1948 3375 Germ.
1962 3359 1994 3382 ις,
2008 3358 2019 3380 3
2045 3349 2105 3376 Mos
2119 3349 2154 3375 est
2167 3350 2290 3377 conferre
2299 3349 2469 3384 Principibus

285 3388 510 3422 quemadmodum
529 3389 616 3415 mense
636 3387 685 3414 illo
706 3386 829 3420 legitimo
848 3386 959 3413 comitia
984 3385 1163 3419 haberentur,
1191 3394 1238 3411 uec
1257 3392 1344 3412 tamen
1406 3387 1448 3414 vel
1461 3391 1642 3412 armentorum
1656 3387 1699 3413 vel
1714 3387 1838 3420 frugum,
1857 3384 1930 3419 quod
1944 3394 1994 3420 pro
2008 3385 2113 3412 honore
2126 3392 2261 3420 acceptum
2277 3392 2303 3412 et
2316 3386 2469 3412 necessitati-

287 3423 441 3450 Herodotus
453 3424 533 3451 adesse
546 3425 636 3459 posset.
693 3422 784 3450 Necue
793 3423 898 3457 ponitur
910 3422 937 3448 in
946 3422 1077 3458 posteriori
1086 3422 1189 3447 membro
1203 3424 1344 3456 Interroga.
1407 3423 1456 3450 bus
1469 3421 1597 3448 subuenit.
1641 3423 1697 3448 Vin.
1713 3422 1777 3457 Lips.
1791 3423 1826 3448 ml
1837 3421 1860 3447 h.
1876 3422 1893 3447 l.
1967 3424 2007 3448 De
2026 3422 2138 3457 Nm-tjffizae
2147 3422 2176 3447 iii
2197 3421 2314 3456 expensis.
2373 3422 2467 3450 Tacit.

287 3460 361 3486 tinnis
374 3460 518 3487 disiunslae.
589 3461 644 3487 Cic.
660 3460 731 3486 Fam.
746 3467 772 3493 2,
786 3465 813 3493 17
838 3457 927 3485 Parthi
941 3457 1104 3490 transierint,
1123 3466 1219 3490 necne,
1241 3464 1345 3491 praeter
1360 3462 1396 3487 90
1407 3461 1476 3486 Ann.
1490 3467 1508 3493 1,
1522 3466 1540 3483 11
1566 3457 1687 3484 Tributa
1699 3463 1744 3484 aut
1762 3456 1904 3491 vectigalia
1922 3462 1948 3483 et
1965 3458 2120 3484 necessitates
2133 3466 2161 3483 ac
2173 3457 2334 3492 largitiones.
2391 3458 2469 3493 Conf.

286 3503 311 3522 tc
326 3495 406 3522 video
421 3494 542 3521 dubitare
555 3497 698 3522 neminem.
773 3493 846 3521 Idem
859 3494 938 3520 Catil.
948 3502 962 3520 2
978 3503 999 3520 c.
1007 3495 1031 3520 6.
1070 3494 1140 3521 Offis
1157 3503 1178 3519 c.
1192 3502 1213 3525 3.
1250 3493 1344 3520 Diuin.
1407 3494 1474 3530 Lips.
1489 3496 1561 3528 ²⁸⁶7·
1632 3496 1671 3519 De
1682 3493 1853 3526 Aduenfitate.
1910 3494 1967 3520 Sen.
1981 3494 2058 3528 Epist,
2072 3502 2095 3520 12
2115 3493 2217 3520 Malum
2228 3492 2266 3519 est
2280 3493 2307 3518 in
2322 3494 2469 3522 necessitate

288 3541 296 3557 1
313 3540 333 3557 c.
342 3539 380 3563 39.
401 3538 423 3556 εἰ
437 3531 519 3557 Tusc.
533 3539 548 3557 2
563 3540 614 3564 c.3.
667 3530 741 3565 Confi
756 3530 928 3557 Tentieaut.
938 3539 957 3563 1,
972 3539 990 3563 1,
1005 3538 1045 3562 43.
1117 3530 1173 3556 Cic.
1183 3529 1272 3556 Partit.
1287 3531 1346 3556 2:26
1408 3531 1517 3561 viuere,
1535 3528 1578 3556 sed
1593 3528 1620 3555 in
1635 3529 1777 3555 necessitate
1789 3529 1883 3555 viuere
1897 3529 2025 3556 necessitas
2040 3530 2113 3556 nulla
2127 3529 2170 3556 est.
2241 3527 2309 3555 Suet.
2324 3530 2397 3556 Caes.
2408 3535 2468 3562 048

287 3566 369 3599 Qtod
382 3572 469 3592 autem
483 3567 556 3601 possit
567 3565 652 3599 effici,
672 3577 717 3593 nec
733 3576 766 3593 ne
779 3566 868 3601 possit,
888 3565 924 3592 est
939 3565 1094 3592 videndum.
1131 3565 1204 3598 Conf.
1218 3571 1239 3590 Α
1251 3572 1271 3590 Ν
1286 3574 1311 3591 n.
1321 3571 1344 3595 8.
1407 3563 1550 3594 Famem'et
1562 3570 1674 3591 caeteras
1681 3564 1836 3591 necessitates
1850 3566 2019 3593 tolet-atterat.
2072 3566 2145 3594 Idem
2160 3563 2257 3591 Tiber.
2271 3573 2291 3591 c.
2305 3573 2352 3599 47.
2425 3569 2467 3594 De

288 3602 345 3629 Nec
360 3602 499 3636 suspicari,
516 3609 561 3637 pro
576 3602 747 3638 Nefiaespicnri
760 3603 865 3637 quidem.
923 3602 977 3629 Cic.
992 3601 1069 3627 Acad.
1079 3611 1096 3634 1,
1110 3608 1127 3636 7
1154 3600 1235 3634 Qtod
1243 3599 1345 3628 bonum
1408 3603 1495 3638 Inopia
1520 3601 1608 3629 Tacit.
1624 3602 1691 3626 Ann.
1702 3609 1727 3632 2,
1742 3609 1782 3634 27,
1795 3611 1818 3633 4.
1892 3604 1930 3627 De
1943 3601 2092 3638 Qmstione
2100 3609 2147 3636 per
2160 3607 2282 3627 tormenta
2307 3602 2381 3628 Idem
2397 3602 2468 3630 Ann.

287 3637 364 3673 quale
373 3637 420 3670 sit,
439 3643 514 3672 negat
527 3638 639 3665 omnino
653 3639 790 3673 Epicurus⁷
803 3638 856 3665 sine
869 3637 1049 3673 voluptatibus
1064 3638 1163 3664 sensum
1175 3635 1346 3663 mouentibus
1359 3639 1391 3665 95
1409 3648 1443 3674 ¹5,
1457 3645 1504 3673 57,
1517 3646 1540 3665 2.
1609 3636 1776 3663 Necessitates
1789 3637 1865 3663 etiam
1872 3637 1948 3673 sunt,
1974 3638 2048 3674 Qae
2066 3636 2172 3663 muneris
2191 3642 2235 3660 aut
2251 3637 2324 3667 offis-ii
2343 3638 2415 3673 cuufh
2427 3647 2468 3664 ne.

287 3682 335 3700 nec
349 3674 482 3707 suspicari.
638 3671 659 3712 ff
681 3683 699 3708 4
738 3674 795 3700 Nec
810 3675 936 3701 interdum
940 3681 988 3709 pro
1001 3675 1038 3699 Ne
1049 3673 1194 3708 prohibendi
1206 3672 1264 3706 poni
1276 3673 1346 3698 vide.
1408 3674 1511 3709 ceffirio
1522 3674 1640 3700 obeundae
1647 3672 1718 3706 sunt.
1790 3673 1856 3699 Cels.
1874 3684 1898 3706 1,
1914 3683 1921 3699 1
1954 3673 2025 3700 Nam
2037 3679 2063 3699 et
2077 3669 2235 3699 intermissus
2249 3680 2359 3708 propter
2372 3673 2468 3701 ciuileg

287 3717 338 3736 tur.
388 3709 443 3735 Vid.
459 3710 535 3735 Gran.
550 3717 572 3735 et
586 3711 672 3737 Burm-
690 3712 727 3736 ael
747 3711 854 3745 Calpur.
875 3709 956 3737 Flacc.
971 3709 1042 3736 Decl.
1062 3717 1092 3738 25
1121 3709 1178 3736 Ncc
1198 3708 1242 3734 Dii
1255 3707 1347 3735 sinant.
1408 3711 1509 3744 aliquas
1529 3707 1682 3736 necessitates
1701 3708 1771 3735 ordo
1791 3709 1989 3736 exercitationis
2011 3716 2104 3743 corpus
2122 3706 2224 3740 affligit.
2404 3707 2426 3748 q
2446 3717 2467 3744 4

288 3745 361 3779 Confi
377 3744 482 3771 Petron.
503 3753 524 3770 0.
538 3753 587 3775 103.
602 3753 645 3771 112.
664 3753 688 3771 et
702 3747 754 3772 126.
827 3746 901 3780 Nec,
924 3756 939 3771 a
960 3745 1150 3779 Nequefaz‘lum
1163 3744 1194 3779 ‹ss
1204 3751 1249 3779 per
1261 3751 1346 3779 apoco-
1410 3746 1478 3773 Gell.
1494 3755 1525 3780 13,
1539 3755 1549 3778 3
1575 3744 1637 3770 Risu
1651 3746 1757 3779 prorsus
1769 3751 1847 3780 atque
1860 3745 1924 3772 ludo
1938 3754 1979 3771 res
1993 3744 2070 3779 digna
2083 3741 2127 3775 est,
2146 3750 2229 3777 quum
2245 3744 2366 3779 plerique
2379 3754 2468 3780 gram-

283 3788 333 3816 pen
346 3787 511 3806 extremarum
525 3781 655 3806 vocalium.
711 3784 742 3807 Iit
754 3782 815 3816 quia
826 3782 854 3806 in
862 3784 915 3816 fine
921 3781 1030 3816 syllabae
1043 3788 1074 3817 Q
1078 3781 1159 3818 scribi
1171 3789 1218 3806 non
1232 3787 1345 3816 poterat,
1408 3781 1565 3808 maticorum
1574 3781 1730 3813 ass'euerant,
1751 3780 1946 3814 neceffieudinem
1959 3786 1984 3807 et
1996 3775 2153 3811 neceffitatem
2169 3786 2272 3806 mutare
2286 3781 2383 3815 longe,
2408 3782 2469 3809 lon-

286 3816 403 3850 tranfiuie
415 3816 442 3841 in
459 3820 494 3847 C,
513 3825 570 3841 nam
584 3821 642 3852 Qet
657 3822 674 3842 c
687 3817 773 3847 affines
785 3818 874 3842 literae
884 3818 954 3851 sunt.
1352 3820 1400 3838 100
1408 3827 1493 3853 geque
1506 3816 1626 3844 differre:
1664 3817 1726 3843 idco
1748 3817 1821 3851 quod
1841 3815 1965 3849 neccffitas
1982 3815 2012 3842 fit
2030 3814 2069 3840 vis
2089 3815 2228 3849 quaepiam
2250 3825 2370 3851 premens
2384 3823 2409 3844 et
2423 3827 2469 3845 co.

324 3857 403 3879 NEC
415 3857 512 3883 DVM‚
528 3858 574 3885 pro
582 3853 645 3886 ἱ,111111
659 3853 745 3878 adbuc.
800 3852 856 3878 Cic.
869 3853 921 3880 Att.
935 3855 967 3886 6,
980 3861 989 3879 1
1022 3852 1117 3879 Cassius
1136 3852 1236 3887 ineptas
1256 3851 1343 3879 literas
1407 3862 1484 3889 germ
1521 3850 1662 3885 net-effitudo
1681 3859 1769 3880 autem
1790 3852 1894 3879 dicatur
1915 3853 1956 3878 ius
1974 3849 2107 3885 quoddam
2125 3857 2150 3876 et
2170 3852 2305 3878 vinculum
2326 3853 2468 3888 religiosae

286 3887 376 3914 misit:
414 3886 526 3913 necdum
547 3886 636 3913 Bibuli
656 3893 729 3913 erant
747 3887 847 3914 allatae.
926 3888 1048 3915 Necdum
1070 3888 1123 3914 illis
1142 3888 1215 3915 labra
1235 3887 1343 3914 admoui
1407 3888 1607 3916 coniunctionis
1641 3903 1686 3908 —
1707 3888 1777 3916 nihil
1790 3889 1903 3915 rationis
1916 3886 1968 3913 dici
1984 3886 2083 3920 potest,
2109 3884 2155 3921 qui
2170 3886 2311 3921 neceffitudo
2324 3895 2349 3915 et
2365 3890 2468 3917 11000οἶ-

284 3924 361 3958 Virg.
376 3923 458 3956 Ecl.3,
471 3932 507 3955 43.
544 3924 613 3961 (ΜΛ
628 3922 658 3948 ib.
672 3932 748 3962 1247·
820 3922 941 3950 Necdum
955 3925 1034 3951 etiam
1048 3926 1136 3951 causae
1149 3924 1266 3957 irarum,
1291 3925 1342 3951 sae·
1405 3931 1443 3952 tas
1469 3926 1628 3960 separentur.
1688 3926 1780 3959 Itaque
1795 3924 1823 3951 in
1839 3923 1914 3951 libris
1931 3927 2051 3948 veterum
2071 3922 2154 3956 vulgo
2174 3925 2289 3958 reperias
2314 3924 2468 3958 neceffitudi.

286 3959 365 3992 vique
378 3959 484 3986 dolores
498 3956 653 3984 Exciderant
667 3967 758 3985 ammo
784 3959 860 3994 Virg.
868 3960 933 3985 Aen.
949 3969 971 3992 1,
986 3968 1025 3992 30.
1061 3961 1130 3990 Suet.
1144 3959 1250 3996 August.
1264 3969 1287 3988 c.
1303 3970 1340 3989 10,
1406 3971 1461 3987 nem
1478 3961 1530 3988 dici
1545 3969 1595 3995 pro
1608 3969 1657 3993 eo,
1674 3961 1747 3995 quod
1763 3970 1802 3987 ne·
1810 3957 1945 3986 cffi11n“est.
2002 3956 2051 3983 Sed
2065 3958 2187 3992 neceffitas
2202 3961 2259 3987 sane
2274 3969 2323 3995 pro
2337 3961 2396 3987 iure
2409 3960 2470 3988 offi-

321 4000 341 4020 N
351 4000 367 4020 c
377 4001 392 4021 c
404 4001 427 4022 A
436 4002 458 4023 'r
469 4001 489 4022 0
500 4000 519 4021 R
528 4014 538 4028 ‚
560 3999 582 4020 Ν
594 3999 610 4020 Ε
620 3999 637 4020 c
648 4000 669 4020 A
678 4000 699 4021 'r
708 4000 727 4021 v
736 4001 748 4021 s
756 4014 765 4027 ‚
799 3995 854 4022 vid.
875 4001 897 4023 N
908 4000 927 4023 E
938 4000 955 4024 c
963 4001 991 4024 ο.
1348 3998 1392 4027 ¹05
1406 3997 1503 4034 cioquc
1514 3996 1696 4026 obseruantiae
1711 3995 1899 4030 affinitatisque
1910 3993 2066 4029 infrequens
2079 3995 2116 4023 est
2147 4009 2193 4019 --
2212 3995 2310 4031 Repeti
2331 4002 2418 4024 tamen
2439 3997 2470 4025 in

2338 4033 2472 4065 Oratione
