2517 4231
249 208 324 256 267
671 199 720 239 M
774 197 809 238 E
863 197 895 236 R
1808 193 1858 233 M
1913 192 1948 233 E
2001 194 2037 234 R
2360 194 2435 241 268

249 294 336 320 decuit
349 292 395 319 illa
407 299 447 317 res
461 299 581 323 mecum,
600 295 644 316 aut
658 297 731 316 meus
743 291 868 314 mertaret
882 283 977 316 dolor,
996 280 1098 311 iamdiu
1112 279 1271 306 inflammarl
1283 281 1310 305 et
1370 280 1477 320 titulum
1487 302 1494 314 ‚
1515 282 1583 316 apud
1598 283 1664 309 alios
1678 282 1806 310 mercedis
1828 283 1948 310 debiturn
1967 290 2129 320 expungunt.
2193 283 2273 311 Nunc
2293 293 2374 319 ergo,
2398 284 2437 310 in-

248 329 340 356 ardere
353 336 430 353 naues
443 326 564 353 vidissent
582 327 637 352 suas
674 323 780 351 Nonius
794 331 826 354 2,
843 329 894 352 533.
1175 350 1182 355 ·
1372 324 1448 355 qum,
1467 318 1594 353 recipiam
1610 328 1714 353 meum,
1735 319 1776 345 vel
1791 329 1939 355 expungam
1951 320 2076 348 alienum.
2131 320 2157 347 Si
2176 320 2246 347 hunc
2266 329 2370 346 morem
2388 319 2438 346 fibi

286 372 310 391 Μ
320 371 335 389 r.
345 370 362 389 R
373 369 393 389 G
405 369 424 387 V
436 369 462 395 s,
483 363 500 389 i.
521 372 557 390 m.
594 360 708 395 [α’ίουια]
746 358 824 389 Auis,
843 356 912 382 dic‘la
925 352 1000 394 quod
1014 351 1160 387 mergendo
1174 360 1202 377 in
1214 358 1310 384 aquam
1372 349 1494 378 hommes
1507 353 1539 380 de
1553 354 1738 389 superstitione
1756 356 1992 389 cousecrauerunt,
2017 362 2045 383 tu
2064 363 2202 384 extraneus
2232 358 2278 376 ''—
2298 355 2368 391 quafi
2388 355 2439 381 tibi

248 406 330 434 captet
345 400 443 431 escam,
462 406 491 424 vt
505 399 541 423 ait
556 399 634 423 Varr.
648 395 679 421 de
693 397 723 421 L.
737 394 765 419 L.
780 400 808 424 4,
824 400 856 431 13..
918 390 995 429 Vtrg.
1011 388 1110 423 Georg.
1124 397 1144 418 1,
1157 389 1198 420 361
1219 387 1311 426 erlln
1372 395 1479 426 q¹¹9que
1493 392 1680 430 praescriptum
1695 391 1724 418 lit
1738 390 1769 417 de
1785 392 1845 425 die,
1866 402 1920 427 quo
1934 391 2023 418 minus
2032 391 2070 425 id,
2084 393 2156 427 quod
2171 392 2277 419 homini
2287 391 2375 424 debes,
2395 390 2439 418 vel

247 435 336 462 medio
353 435 448 461 celeres
461 434 582 461 reuolaut
595 441 625 458 ex
639 437 753 464 aequore
767 436 862 461 mergi.
914 425 1039 457 Seruius,
1056 424 1164 451 coruos
1176 430 1312 458 aqfflmws
1333 427 1346 452 5
1371 421 1423 448 tlbl
1437 422 1471 447 ab
1483 423 1592 453 homine
1605 427 1733 460 debetur,
1753 429 1820 454 citra
1833 428 1888 454 diei
1901 427 2240 461 obseruationemvelluas,
2257 429 2299 455 vel
2315 427 2437 461 recipias.

247 471 320 497 etiam
334 471 435 504 vorari,
454 470 570 505 obseruas.
628 466 714 492 Huius
731 463 787 489 auis
806 471 899 488 natura
910 461 959 497 est,
979 468 1009 486 vt
1023 460 1098 496 saepe
1112 469 1223 494 mergens
1236 467 1311 484 aura·
1410 464 1436 484 Μ
1447 464 1463 483 Ε
1473 464 1550 485 RME
1561 468 1579 487 R
1589 468 1639 489 OS.
1681 466 1746 489 Vnus
1767 474 1797 489 ex
1819 464 1960 490 Centauris.
2017 463 2100 489 Ouid.
2114 465 2178 491 Met.
2192 473 2234 499 12,
2250 473 2297 497 305
2328 464 2438 497 Qiique

248 517 302 533 rum
317 507 395 540 fignu
414 505 530 538 colligam
566 511 589 529 et
605 501 755 537 praeuidens
773 497 933 534 tempestatem
947 497 1085 532 futuram,
1110 502 1215 532 propere
1233 494 1312 519 medio
1372 493 1469 534 pedum
1484 503 1569 533 nuper
1579 499 1720 526 certamine
1733 499 1833 526 vicerat
1847 509 1940 527 omnes
1953 501 2121 533 Mermeros,
2137 506 2243 535 accepto
2257 507 2315 527 tum
2326 499 2440 527 vulnere

248 537 387 568 reuolet‘ex
404 536 521 577 aequore,
547 547 571 565 ct
590 540 625 564 ml
642 537 742 562 litorum
762 541 817 560 tum
839 543 891 560 cum
911 534 1018 561 clamore
1037 534 1178 558 contendat.
1242 530 1311 556 Hor.
1372 529 1476 556 tardior
1489 530 1553 557 ibat.

247 578 329 605 Serm.
344 587 370 611 2,
386 586 412 610 2,
426 586 448 609 5¹
475 576 500 601 Si
514 575 572 609 quis
589 581 657 599 nunc
672 579 777 605 mergos
791 570 880 596 suaues
893 568 1008 596 edixerit
1020 568 1084 595 assos
1093 588 1101 600 ,
1123 566 1226 593 Parebit
1235 565 1312 601 praui
1410 573 1436 593 Μ
1446 573 1463 593 Ε
1474 573 1492 592 R
1501 573 1525 607 M
1536 573 1552 592 E
1561 573 1573 593 s
1583 573 1595 592 S
1604 573 1656 595 vs.
1693 571 1864 606 [Μερμησσὸς]
1907 572 1969 598 Vrbs
1991 571 2114 605 Troadis,
2133 572 2162 596 in
2175 571 2221 596 Ida
2236 579 2323 599 monn,
2368 571 2439 598 Mar.

247 614 341 641 docilis
356 615 474 640 Romana
487 612 620 636 iuuentus.
693 606 784 642 Aprici
796 605 882 640 mergi
909 606 986 639 Virg.
1000 605 1065 631 Aen.
1081 612 1110 635 ς,
1131 608 1182 633 128.
1239 603 1311 628 Mer·
1328 608 1356 625 ¹0
1373 603 1482 629 mell'um
1498 612 1585 629 vicum
1600 611 1688 629 vocant
1702 608 1764 632 libri
1777 609 1862 642 optimi
1877 608 1976 643 quique.
2026 606 2145 634 Laetam.
2160 615 2184 638 1,
2197 608 2230 640 6,
2244 615 2279 633 12.
2336 608 2405 633 Hinc

248 659 295 685 gus
308 650 381 685 prius
395 647 488 674 vitabit
501 653 593 679 aquas:
630 645 660 669 de
674 644 708 668 Re
721 642 867 668 incredibili
879 642 950 667 dixit
970 639 1051 667 Ouid.
1066 648 1097 666 ex
1114 640 1187 666 Pont.
1203 646 1227 674 1,
1241 640 1272 671 6,
1286 645 1311 670 51
1411 645 1522 665 MERM
1532 646 1548 665 E
1558 645 1571 666 S
1581 646 1612 665 sl
1623 646 1644 665 Α
1658 642 1727 674 apud
1739 642 1846 670 Tibull.
1863 654 1887 678 2,
1902 652 1925 676 5,
1940 646 1974 679 67
1994 642 2026 679 est
2040 642 2131 677 Sibylla
2145 640 2350 677 Hellespontiaca.
2398 641 2442 668 Sic

405 684 474 710 Nam
494 681 567 715 prius
593 679 722 714 incipient
741 684 828 705 turres
847 677 934 704 vitare
954 675 1111 708 columbae,
1373 675 1438 700 enim
1450 674 1610 708 scribendum
1628 675 1674 711 effi
1694 684 1795 710 nomen,
1825 689 1873 706 mm
1892 680 2056 714 Marmenia,
2087 688 2165 715 mque
2187 678 2341 713 Marpeffia‚
2372 679 2443 704 doces

437 718 518 743 Antra
533 716 623 749 ferae,
641 714 752 750 pecudes
771 714 890 749 gramina
900 733 908 746 ,
928 720 1034 747 mergus
1046 719 1139 746 aquas:
1372 709 1493 737 Brouckh.

400 754 487 786 Quam
502 752 570 779 male
587 753 613 778 se
633 751 743 787 praestet
756 750 841 777 veteri
855 749 1001 776 Graecinus
1013 748 1109 775 amico.
1292 779 1298 785 ⁸
1410 753 1435 773 M
1445 753 1461 773 E
1471 753 1526 774 Ro.
1570 748 1582 782 [
1595 747 1696 781 Μέρων]
1740 747 1830 773 Diam
1846 749 1878 785 est
1896 753 1979 785 Nero,
2011 753 2080 787 quod
2099 751 2221 786 impendio
2245 749 2356 782 vinosior
2374 747 2443 783 ‘ff'-

247 791 350 827 Agrarii
364 789 446 823 mergi
462 788 546 815 Lucil.
560 789 591 815 de
604 788 652 820 iis,
671 787 714 822 qui
727 787 800 821 agris
814 785 989 820 comparandis
1008 783 1127 810 inhiant:
1163 783 1219 810 vt'd.
1233 780 1311 815 Capi·
1328 786 1353 813 13
1373 783 1442 809 Suet,
1457 784 1484 808 in
1498 783 1598 810 Tibes·
1613 792 1632 809 ς,
1647 791 1682 815 42
1714 784 1745 810 1n
1764 783 1852 810 castris
1864 785 1918 812 tiro
1931 788 2009 814 etiam
2025 796 2100 821 mm,
2126 793 2237 822 propter
2256 785 2368 812 nimiam
2383 783 2444 810 vini

246 829 321 855 tolin.
337 825 432 853 Pertin.
447 834 468 850 c.
477 833 505 858 9,
519 832 537 851 1.
595 822 728 851 Gebhard.
743 824 771 849 in
786 821 895 848 Tibull.
908 829 934 853 2,
946 829 970 853 3,
982 828 1024 853 45.
1145 815 1166 854 ff
1187 825 1204 844 2
1242 818 1312 856 Mer:
1373 819 1528 845 auiditatem
1539 840 1547 852 ,
1568 828 1618 854 pro
1633 819 1754 846 Tiberio
1768 820 1907 853 Biberius,
1927 831 1977 856 pro
1988 824 2104 850 Claudio
2119 823 2244 854 caldius,
2264 830 2315 857 pro
2329 821 2444 848 Nerone

244 873 307 898 gus,
333 863 360 888 in
381 861 436 887 vite
456 862 519 895 quid
528 860 582 894 stt,
607 860 722 886 declarat
742 857 875 885 Columel.
888 866 922 889 4,
938 864 978 889 ις,
990 865 1003 882 2
1035 855 1074 881 br's
1090 855 1192 895 uerbis,
1225 854 1312 887 Mergi
1372 855 1452 881 Mero
1467 855 1622 882 vocabatur.
1782 853 1804 893 q
1825 865 1841 882 2
1878 857 2003 885 Merones
2015 868 2047 887 ex
2060 860 2121 887 vlua
2128 858 2238 894 palustri
2250 857 2316 885 faeti
2333 857 2446 884 Vitruu.

244 907 324 934 genus
337 896 388 928 est,
411 897 458 923 vbi
478 897 554 931 supra
567 902 665 922 terram
688 895 760 921 iuxta
778 895 853 920 suum
873 891 1066 918 adminiculum
1084 896 1148 916 vitis
1168 896 1312 920 curuatur,
1374 898 1398 924 ς,
1413 899 1437 916 12
1463 892 1543 925 potius
1552 890 1614 926 sunt
1629 891 1748 918 Aerones
1761 901 1785 918 v.
1800 902 1826 918 v.

242 941 319 968 atque
333 942 365 960 cx
376 933 431 960 alto
445 933 536 960 scrobe
550 932 682 958 submersa
693 929 848 966 perducitur
865 927 898 954 ad
919 933 1054 953 vacantem
1067 926 1172 960 palum3
1208 931 1265 951 tum
1280 932 1312 949 ex
1410 933 1436 952 Μ
1447 932 1464 952 E
1477 933 1494 952 R
1505 932 1524 952 ο
1534 932 1550 952 Β
1563 932 1595 952 113
1605 933 1626 952 v
1637 933 1650 953 s
1660 950 1669 962 ,
1706 928 1762 954 vid.
1784 934 1808 954 M
1820 934 1836 954 E
1846 935 1864 954 R
1875 935 1896 953 v
1906 935 1941 955 M.

242 979 303 996 arcu
317 969 488 996 vehementer
502 969 564 996 citat
576 967 726 999 materiem,
747 973 815 1000 quae
827 963 949 999 protinus
961 963 1089 997 applicata
1097 962 1144 988 suo
1153 959 1312 1000 pedamento
1327 968 1360 987 20
1407 969 1434 1002 Μ
1444 968 1460 987 E
1470 968 1489 987 R
1499 967 1518 988 Ο
1528 968 1544 988 C
1553 968 1574 988 H
1584 969 1593 988 1
1603 968 1624 989 T
1633 969 1649 990 E
1659 970 1671 989 S
1681 984 1689 997 ‚
1715 965 1758 990 vel
1769 971 1819 991 ME
1829 971 1848 991 R
1856 971 1875 991 0
1885 971 1902 991 C
1911 971 1932 991 'r
1940 972 1958 992 E
1967 971 1981 992 s
1989 985 1999 999 ,
2016 973 2056 992 ae.
2081 974 2118 992 m.
2156 967 2255 994 Gemma
2269 963 2445 1001 lallesudnns.

241 1005 273 1032 ad
286 1005 379 1040 iugum
392 1011 530 1032 euocatur.
590 1005 658 1030 Add-
672 1002 768 1029 Pallad.
783 1010 806 1035 3,
822 1002 858 1033 16,
871 1009 890 1027 ι.
945 999 1054 1025 Colum.
1068 1008 1092 1030 5,
1106 1005 1137 1030 ς,
1151 999 1187 1024 16.
1243 998 1312 1035 Ηνξε
1374 997 1442 1024 Plin.
1462 1006 1491 1032 37
1501 1018 1509 1030 ,
1531 1006 1569 1024 10.

242 1043 365 1076 Mergum
378 1041 511 1068 attrahere
537 1040 598 1068 Col.
616 1048 645 1072 4,
662 1045 701 1072 13,
716 1046 735 1064 1.
792 1038 938 1072 Amputat-e
964 1033 1003 1062 Id.
1017 1043 1052 1068 4,
1069 1042 1112 1067 ις,
1123 1042 1152 1067 4.
1208 1032 1311 1067 Mergis
1413 1041 1438 1061 Μ
1452 1040 1469 1060 Ε
1480 1032 1527 1061 ROu
1538 1041 1572 1067 E,
1592 1043 1628 1060 es.
1655 1035 1676 1061 f.
1714 1035 1833 1070 [Μερόη]
1870 1035 1969 1071 Insulae
1982 1036 2042 1062 Nili
2053 1037 2208 1072 metropolin
2244 1048 2261 1065 a
2280 1047 2331 1073 qua
2348 1043 2374 1062 et
2390 1041 2448 1062 tota

243 1086 389 1113 propagare
399 1083 502 1103 veteres
515 1076 606 1103 vineas
625 1076 684 1102 Col.
698 1083 726 1108 4,
743 1082 768 1107 2,
782 1082 809 1101 2.
862 1072 956 1099 Salices
976 1071 1037 1099 Col.
1050 1079 1080 1104 4,
1093 1078 1142 1104 30,
1154 1076 1182 1104 7.
1373 1070 1473 1106 insula,
1493 1072 1604 1095 maxima
1617 1071 1691 1103 Nili,
1703 1072 1798 1098 Meroe
1809 1072 1914 1098 dicitur.
1970 1073 2067 1100 Lucan.
2083 1081 2122 1106 ιο,
2135 1075 2177 1105 163
2197 1073 2303 1100 Merum
2323 1088 2370 1093 -
2382 1079 2448 1108 pau.

277 1120 303 1139 M
313 1119 331 1139 E
342 1120 360 1140 R
370 1119 497 1140 GVLVS
507 1134 515 1146 ,
535 1113 553 1140 i.
573 1122 608 1138 m.
666 1111 754 1137 Leuit.
768 1118 807 1143 ιι,
821 1116 849 1144 17
887 1108 961 1135 Auis.
1373 1107 1410 1133 cis
1424 1107 1526 1133 senium
1540 1106 1582 1132 cui
1597 1107 1711 1133 contulit
1724 1108 1800 1133 annis
1813 1107 1978 1134 Indomitum
1991 1109 2087 1136 Meroe·
2101 1117 2197 1144 cogens
2216 1108 2336 1144 spumare
2355 1108 2448 1135 Faler-

276 1154 511 1176 Menissvrvs
525 1169 534 1181 ‚
569 1149 624 1174 vid.
650 1154 674 1173 Μ
688 1153 704 1173 Ε
718 1153 799 1174 Rvs.
1321 1149 1352 1177 25
1373 1152 1446 1169 num.
1508 1143 1553 1168 Vbi
1566 1142 1652 1170 Schol.
1686 1144 1717 1170 In
1735 1144 1850 1170 Meroen
1870 1144 1933 1169 vina
1952 1144 2014 1171 ideo
2035 1144 2209 1178 deferuntur,
2240 1150 2269 1171 vt
2287 1144 2373 1170 nimio
2392 1142 2450 1170 sole

275 1192 300 1213 M
311 1191 329 1211 Ε
339 1192 358 1212 R
368 1192 376 1211 1
388 1191 405 1212 C
415 1191 475 1217 VS,
498 1185 569 1211 Vitis
588 1183 686 1210 metica
717 1180 851 1210 Columel.
865 1190 895 1215 3,
908 1188 941 1215 2,
955 1186 990 1215 27
1016 1178 1096 1206 Lemo
1112 1178 1216 1214 pariter
1235 1184 1310 1212 atque
1373 1179 1466 1212 coc'ta,
1490 1178 1551 1205 licet
1565 1179 1715 1205 multorum
1737 1188 1872 1206 annorum
1885 1188 1941 1206 nou
1955 1179 2020 1214 fint,
2044 1187 2134 1208 tamen
2147 1179 2315 1208 vetustissima
2329 1178 2450 1208 iudicen-

238 1220 407 1258 appellutionis
420 1223 486 1246 ratio
504 1218 673 1253 incertiffima.
1373 1220 1426 1242 tur.
1482 1214 1556 1242 Idem
1570 1215 1667 1242 Lucan.
1681 1224 1727 1249 10,
1746 1224 1793 1248 303
2412 1230 2414 1232 -

274 1264 299 1283 M
309 1264 325 1283 Ε
335 1264 351 1283 R
362 1265 371 1283 1
382 1263 441 1283 11113
451 1263 480 1289 s,
500 1256 535 1282 ei.
554 1265 590 1282 m.
627 1256 792 1289 [usauusstffoea
812 1253 900 1287 Nm]
936 1252 1026 1280 Varro
1038 1250 1107 1277 del*
1122 1251 1152 1277 L·
1167 1258 1214 1283 ΕΛ
1228 1259 1251 1284 Ρ·
1261 1257 1310 1282 44,
1777 1251 1891 1286 Gurgite
1910 1258 1992 1287 rupto

241 1295 268 1320 16
296 1293 422 1319 Meridies
435 1292 467 1318 ab
482 1301 530 1325 eo,
556 1291 628 1326 quod
641 1290 744 1316 medius
758 1290 830 1316 Dies.
887 1288 1021 1323 Dantiqui
1036 1296 1092 1314 non
1105 1287 1127 1313 R
1141 1287 1168 1312 iu
1183 1286 1233 1312 hoc
1247 1286 1309 1312 loco
1533 1287 1661 1314 Ambitur
1680 1287 1764 1322 nigris
1788 1288 1884 1314 Mei-05
1903 1287 2036 1315 foecunda
2054 1288 2158 1315 coloni.

240 1329 377 1362 dicebant,
398 1336 425 1355 vt
439 1327 574 1355 Praeneste
586 1327 698 1353 incisum
711 1326 738 1352 in
753 1325 858 1352 Solario
872 1324 945 1356 vidi,
970 1323 1043 1359 quod
1062 1322 1207 1349 Cornelius
1222 1323 1249 1348 iu
1264 1322 1308 1348 Ba·
1322 1334 1356 1358 30
1532 1323 1612 1349 Laeta
1632 1324 1716 1349 comis
1736 1323 1814 1350 ebeni
1828 1333 1836 1354 ς
1873 1333 1940 1359 quae
1959 1325 2081 1360 quamuis
2099 1323 2198 1351 arbore
2210 1322 2300 1351 'multa

240 1365 309 1392 filica
322 1365 435 1392 Aemilia
446 1367 474 1390 'et
487 1363 582 1390 Fuluia
601 1362 776 1390 inumbrauit.
852 1360 907 1387 Cic.
928 1360 1025 1394 (Orat.
1040 1362 1128 1394 c.47)
1154 1361 1222 1393 apud
1235 1358 1308 1384 Non.
1535 1358 1684 1392 Frondem,
1705 1359 1826 1386 aestatem
1840 1360 1914 1386 nulla
1926 1359 1975 1387 fibi
1987 1360 2093 1395 mitigat
2109 1360 2212 1387 vmbra.

240 1411 266 1434 1,
280 1409 331 1434 299
362 1402 448 1436 Ipsum
463 1399 606 1426 Meridiem
626 1408 673 1425 cur
686 1407 741 1424 non
755 1395 918 1424 medidiem?
973 1395 1082 1428 Credo,
1108 1395 1180 1430 quod
1201 1399 1257 1421 erat
1270 1395 1308 1420 in·
1373 1395 1449 1422 Ponit
1467 1404 1525 1430 ergo
1544 1395 1615 1422 intra
1635 1396 1729 1421 Zonam
1756 1397 1895 1427 torridam,
1928 1397 1972 1422 vbi
1994 1398 2031 1423 ad
2045 1396 2252 1432 perpendiculum
2278 1394 2323 1422 Sol
2337 1392 2451 1431 aestiuus

240 1438 355 1464 suauius.
412 1437 531 1462 Meminit
544 1437 618 1461 etiam
632 1433 742 1468 Qun&
757 1443 777 1467 1,
791 1435 817 1466 6,
833 1442 872 1465 30.
928 1431 1061 1457 Prouerhii
1075 1438 1156 1456 notam
1165 1431 1237 1455 habet
1246 1429 1310 1455 illm!
1371 1432 1493 1458 imminet,

240 1474 296 1500 Cic.
311 1474 363 1500 ΑΗ.
378 1481 403 1505 1,
423 1483 430 1499 1
463 1472 576 1499 Catilina
587 1492 595 1503 ,
615 1470 631 1497 sl
646 1470 790 1497 iudicatum
805 1469 873 1502 erit,
894 1466 1007 1494 meridie
1020 1475 1075 1493 uon
1094 1466 1199 1497 lucere,
1222 1471 1309 1491 certus
1409 1474 1460 1494 ME
1472 1473 1491 1493 R
1504 1473 1522 1493 ο
1532 1473 1542 1492 1
1552 1473 1580 1499 s,
1602 1465 1663 1493 idis.
1685 1466 1705 1493 f.
1744 1466 1828 1492 Herba
1841 1466 1873 1502 est
1885 1469 1953 1503 apud
1965 1468 2034 1495 Plin.
2049 1476 2102 1502 24,
2123 1477 2155 1503 ¹7·

239 1509 291 1536 erit
303 1509 471 1542 competitor.
529 1507 601 1540 Confi
616 1507 689 1533 Non.
706 1515 732 1538 1,
747 1514 807 1539 299.
879 1504 949 1530 Ter.
963 1502 1037 1530 Adel.
1053 1510 1065 1534 ς
1075 1523 1083 1534 ,
1096 1511 1122 1535 3,
1135 1504 1170 1528 62
1202 1502 1308 1527 Praeter
1324 1511 1355 1538 35
1410 1509 1435 1529 Μ
1446 1510 1462 1529 Ε
1472 1510 1490 1529 R
1500 1501 1543 1529 (3¹²
1553 1509 1578 1528 E.
1616 1503 1760 1537 [Μερόπη]
1798 1504 1900 1535 Pleias,
1925 1512 1991 1530 vxor
2010 1504 2121 1540 Sisyphit
2159 1505 2191 1531 de
2203 1513 2253 1540 qua
2270 1501 2346 1536 infra
2361 1501 2390 1527 in
2406 1500 2448 1526 di.

238 1544 302 1570 haec
320 1544 433 1570 meridie
452 1543 509 1578 ipso
532 1542 628 1568 faciam
648 1548 677 1568 vt
695 1541 816 1576 stipulam
837 1540 953 1574 colligat.
1038 1538 1094 1566 Cic.
1119 1538 1148 1564 in
1168 1538 1244 1563 Orat.
1266 1543 1308 1571 157
1372 1538 1447 1564 aione
1461 1545 1476 1565 P
1487 1545 1529 1565 LF.
1540 1544 1607 1565 IAD
1618 1544 1667 1565 ΕΞ.
1833 1536 1855 1577 fl
1874 1547 1891 1566 2
1930 1539 1972 1576 Est
1985 1540 2044 1566 item
2054 1540 2154 1576 Insulae
2167 1548 2253 1566 nomen
2264 1538 2355 1566 Plinio
2367 1546 2397 1570 5,
2414 1544 2450 1568 31.

238 1580 324 1614 Ipsum
350 1579 491 1605 meridiem
518 1586 566 1604 cur
590 1587 643 1604 non
668 1577 813 1604 medidiem
830 1577 839 1602 3
883 1574 963 1602 credo
988 1574 1061 1609 quod
1081 1580 1137 1600 erat
1164 1573 1310 1600 insuauius.
1408 1580 1433 1600 M
1446 1581 1463 1601 Ε
1475 1581 1493 1600 R
1504 1581 1546 1601 ΟΡ
1555 1581 1567 1601 S
1580 1595 1589 1608 ,
1615 1575 1684 1609 opis.
1716 1584 1752 1601 m.
1797 1574 1911 1611 [μέροψ]
1954 1577 2030 1609 Auis,
2051 1586 2113 1611 quae
2131 1583 2189 1612 apes
2203 1576 2313 1602 comedit.
2368 1572 2452 1606 Viirg.

237 1615 364 1642 Meridies
379 1614 618 1650 vocaturAuflralis
631 1614 717 1639 numdi
730 1614 805 1648 regio.
877 1612 932 1638 Cic.
945 1611 976 1638 dc
992 1611 1054 1638 Nat.
1069 1609 1151 1637 Deor.
1165 1618 1191 1643 2,
1205 1619 1237 1642 50
1250 1619 1271 1635 c.
1281 1618 1308 1642 19
1373 1610 1472 1645 Georg.
1486 1619 1515 1644 4,
1530 1619 1559 1644 14
1586 1611 1729 1646 Meropes,
1748 1611 1869 1646 aliaeque
1884 1612 2016 1639 volucres.
2053 1612 2119 1640 Plin.
2132 1621 2172 1645 ιο,
2186 1620 2223 1645 33.
2433 1612 2452 1634 ²

238 1652 280 1678 Sol
295 1652 398 1678 cursim]
413 1650 496 1677 flectit
509 1656 564 1676 tum
579 1649 611 1676 ad
625 1649 843 1684 septentrionem,
863 1654 921 1675 tuni
934 1645 1125 1675 admeridiem.
1180 1645 1310 1672 Meridies
1372 1647 1496 1681 Meropes
1526 1647 1628 1682 antiqui
1659 1647 1754 1674 incolae
1784 1648 1883 1684 insulae
1916 1648 1988 1682 Cos,
2021 1657 2080 1683 quos
2101 1649 2221 1674 Hercules
2246 1645 2356 1682 confecit
2381 1643 2454 1680 apud

237 1689 294 1713 olim
310 1687 426 1712 Romanis
434 1686 502 1722 satis
516 1687 605 1720 pingui
621 1687 743 1711 illinerua
757 1685 907 1720 exploratus.
969 1683 1035 1710 Plln.
1049 1690 1066 1717 7
1086 1691 1108 1709 c.
1122 1682 1169 1709 vlt.
1196 1684 1225 1707 de
1240 1683 1310 1707 bora.
1320 1692 1358 1718 40
1372 1682 1482 1715 Qiinc't.
1496 1688 1509 1712 8
1518 1703 1526 1715 ‚
1540 1685 1574 1715 6,
1588 1690 1626 1717 7¹·

238 1732 291 1748 rum
304 1722 471 1756 obseruatione
480 1742 489 1754 ,
509 1722 597 1748 Serius
611 1722 690 1747 etiam
705 1721 756 1747 hoc
770 1722 872 1747 Rornae
886 1720 1009 1754 contigit.
1066 1718 1217 1745 Duodecim
1236 1718 1311 1744 tabu-
1408 1725 1433 1745 M
1446 1725 1461 1744 Ε
1470 1725 1490 1745 R
1500 1725 1512 1744 S
1522 1725 1558 1751 0,
1585 1725 1609 1744 M
1620 1725 1637 1744 E
1646 1724 1666 1744 R
1677 1724 1699 1744 T
1711 1724 1731 1745 ο
1746 1738 1755 1751 ,
1791 1719 1847 1745 vid.
1869 1726 1895 1746 M
1904 1726 1921 1746 E
1930 1727 1949 1746 R
1960 1725 2019 1747 Go.

237 1759 269 1785 lis
285 1763 360 1784 ortus
376 1762 477 1783 tantum
491 1764 516 1783 et
530 1758 633 1783 occasus
647 1757 810 1783 nominatur.
864 1755 923 1783 Post
935 1756 1040 1790 aliquot
1051 1763 1135 1781 annos
1148 1754 1265 1781 adieblus
1273 1753 1309 1779 est
1408 1761 1434 1781 M
1446 1761 1463 1781 Ε
1477 1761 1496 1781 R
1508 1760 1530 1780 'r
1542 1761 1563 1780 H
1573 1760 1659 1786 RYS,
1680 1752 1746 1786 Sidis.
1766 1754 1785 1780 f.
1824 1755 1911 1780 Herba
1925 1758 1995 1790 apud
2006 1755 2073 1782 Plin.
2087 1758 2132 1789 26,
2146 1764 2177 1783 11.

237 1802 262 1821 et
276 1793 416 1827 meridies,
437 1793 551 1819 Accenso
567 1792 712 1819 Consulum
733 1792 760 1818 id
772 1792 978 1827 pronuntiante,
1007 1800 1089 1825 quum
1109 1799 1123 1816 a
1137 1790 1218 1817 Curia
1239 1790 1310 1816 inter
1408 1797 1433 1817 M
1445 1797 1599 1817 ERVLVS
1613 1811 1621 1824 ,
1641 1790 1658 1816 i.
1684 1799 1720 1816 m.
1757 1789 1788 1816 Et
1812 1790 1932 1816 merulus
1951 1790 2092 1817 modulans
2114 1798 2169 1818 tam
2187 1790 2308 1826 pulchri·
2329 1788 2452 1817 concinit

238 1830 330 1856 Rostra
353 1835 379 1855 et
399 1827 576 1855 Graecostasm
596 1828 763 1863 prospexisset
784 1828 874 1854 solem.
955 1828 1062 1862 Appetit
1079 1826 1224 1859 meridies,
1251 1827 1307 1852 vicl.
1374 1826 1433 1853 odis
1450 1826 1553 1853 Auc'tor
1575 1825 1738 1853 Philomelae
1752 1835 1778 1852 v.
1793 1835 1825 1858 ¹3-
1883 1827 1934 1852 Sed
1943 1825 2062 1858 vfitatius
2075 1825 2110 1863 est

238 1874 259 1893 Α
269 1873 284 1892 1>
293 1872 307 1892 Ρ
317 1873 333 1892 Ε
343 1872 364 1891 Τ
374 1872 402 1891 0.
476 1864 588 1892 Inclinat
602 1863 728 1890 meridies
755 1864 823 1890 Hor.
838 1863 929 1890 Carm.
943 1872 967 1896 3,
981 1868 1011 1893 28
1022 1884 1029 1896 ,
1045 1871 1067 1895 ς.
1141 1864 1208 1889 Ante
1228 1861 1307 1888 meri·
1321 1871 1357 1898 45
1407 1869 1432 1889 M
1443 1870 1460 1889 Ε
1470 1870 1489 1889 R
1498 1860 1520 1890 x*
1530 1869 1547 1888 1.
1557 1869 1595 1895 A,
1616 1871 1654 1889 ae.
1676 1861 1695 1888 f.
1732 1862 1880 1896 [κότΊυφος]
1917 1862 2001 1895 Auis,
2019 1863 2089 1888 cuius
2100 1869 2196 1895 etymon
2204 1861 2332 1895 fictradit
2339 1859 2450 1888 Festus:

236 1902 308 1928 diem
341 1900 461 1928 Scribon.
479 1909 523 1934 113.
596 1900 636 1926 Ad
651 1899 792 1927 meridiem
808 1920 816 1933 ,
846 1900 901 1926 vid.
920 1905 971 1926 AD
989 1897 1200 1935 praepositionem.
1276 1898 1307 1924 In
1371 1899 1478 1925 Merum
1491 1898 1596 1934 antiqui
1611 1897 1734 1925 dicebant
1752 1898 1853 1928 soluni3
1890 1897 1960 1925 vnde
1980 1904 2007 1924 et
2026 1898 2083 1924 auis
2097 1898 2202 1924 Merula
2219 1906 2319 1925 nomen
2333 1894 2451 1930 accepit,

236 1937 378 1965 meridiem
396 1936 508 1971 spectat,
542 1936 596 1963 vid.
617 1943 658 1962 IN
674 1936 884 1971 proepofitionem.
1060 1932 1106 1975 ff
1119 1943 1131 1960 2
1170 1934 1307 1968 Jmproprie
1372 1934 1445 1970 quod
1460 1935 1577 1970 soliuaga
1590 1934 1643 1967 est,
1664 1940 1690 1960 et
1704 1933 1822 1961 solitaria
1842 1935 1963 1969 pascitur.
2025 1935 2114 1961 Varro
2124 1933 2164 1966 fic
2177 1933 2206 1960 L.
2219 1933 2250 1960 L.
2263 1941 2283 1966 4
2302 1941 2324 1959 c.
2337 1940 2359 1958 11
2389 1930 2451 1956 Mie-

236 1975 324 2000 Varro
338 1973 491 2006 Marcipore
504 1981 553 2006 pro
566 1972 656 1998 Media
668 1971 757 1998 nocte.
813 1971 930 2006 Repente
942 1970 1030 1998 noetis
1043 1976 1151 1997 circiter
1163 1969 1307 1996 meridiem
1371 1972 1447 2004 rula,
1474 1971 1547 2006 quod
1562 1979 1652 2006 mera,
1677 1969 1706 1996 id
1720 1970 1755 1996 est
1776 1970 1829 1996 sola
1849 1971 1954 1997 volitat.
2011 1971 2069 2006 Qo
2089 1970 2186 1996 nomine
2205 1969 2275 1995 ridet
2294 1969 2452 1995 Varronem

235 2009 308 2035 Nou.
324 2011 349 2040 6,
363 2010 399 2034 16.
454 2008 528 2042 Qae
541 2008 576 2031 ibi
582 2007 725 2040 sequuntur
738 2007 861 2031 videntur
874 2013 1007 2040 corrupta,
1021 2006 1070 2039 sed
1081 2007 1139 2032 elici
1152 2015 1234 2033 tumen
1248 2006 1306 2030 inde
1371 2007 1503 2040 Quinctil.
1517 2015 1537 2039 1,
1552 2009 1579 2039 6,
1594 2012 1631 2039 38.
1706 2006 1763 2033 Cic.
1778 2005 1811 2033 de
1825 2005 1913 2033 Finib.
1927 2013 1951 2039 ς,
1964 2014 2002 2039 44
2015 2015 2036 2033 c.
2044 2014 2069 2036 15
2094 2004 2199 2032 Deinde
2210 2005 2258 2031 suo
2271 2011 2392 2039 quaeque
2405 2009 2452 2036 eip-

233 2045 352 2076 videtur,
373 2042 501 2069 Meridies
514 2041 727 2076 cogitationum,
759 2040 778 2066 i.
796 2041 911 2066 medium.
966 2042 1026 2065 Alii
1045 2041 1144 2066 Aetatis
1164 2040 1306 2065 meridiem
1321 2051 1355 2075 50
1371 2042 1456 2073 petitu
1471 2048 1613 2071 mouetur;
1651 2043 1755 2076 serpere
1768 2042 1941 2077 anguiculos,
1968 2050 2032 2068 nare
2046 2040 2205 2074 anaticulas,
2231 2040 2340 2066 euolat-e
2360 2046 2451 2065 meru-

232 2080 291 2106 imle
304 2079 456 2115 exfiulpunt.
1014 2076 1017 2080 '
1370 2075 1423 2104 las,
1443 2075 1571 2113 cornibus
1583 2077 1622 2101 vti
1635 2077 1758 2102 videmus
1770 2078 1869 2109 boues,
1889 2085 1936 2103 etc.
2008 2077 2077 2103 Plin.
2089 2086 2129 2108 ιο,
2143 2085 2175 2110 29
2201 2076 2307 2104 Merula
2321 2083 2353 2102 ex
2370 2074 2452 2108 nigra

270 2122 297 2143 M
308 2122 325 2143 Ρ,
334 2122 352 2142 R
364 2123 372 2141 1
384 2120 420 2141 DI
431 2115 454 2142 Ᾰ
464 2121 486 2140 Ν
497 2120 518 2141 v
527 2120 556 2147 s,
577 2121 590 2140 a
600 2133 608 2146 ‚
629 2121 684 2139 uin.
728 2110 789 2138 Adi.
828 2110 841 2145 [
854 2113 1016 2143 μεσημερινὸς,
1036 2112 1170 2142 provolvor
1180 2108 1197 2142 1
1231 2106 1309 2147 Qud
1371 2108 1491 2141 rufescit,
1512 2110 1583 2135 canit
1590 2110 1695 2142 aestate,
1716 2109 1805 2136 hieme
1818 2110 1946 2143 balbutit,
1965 2112 2036 2137 circa
2049 2112 2191 2138 solstitium
2204 2118 2293 2142 muta;
2330 2110 2452 2137 rostrum

232 2152 464 2183 admeridiem,vel
468 2157 513 2184 pro
527 2156 634 2184 tempore
634 2149 752 2184 sumtum,
766 2147 809 2173 vel
818 2146 980 2182 proi-egium,
988 2145 1094 2181 spella.
1132 2140 1308 2182 Mzonussgmiy,
1371 2152 1481 2179 quoque
1493 2145 1625 2171 anniculis
1637 2145 1665 2172 in
1679 2145 1748 2172 ebur
1761 2145 1983 2180 transfiguratur,
2002 2146 2128 2173 duntaxat
2142 2146 2271 2173 maribus.
2328 2148 2452 2173 Intentus

232 2187 412 2214 meridianum
426 2186 507 2212 Gloss'.
522 2185 569 2211 Gr.
585 2185 641 2210 Lat.
699 2184 774 2210 Mare
801 2183 866 2210 Plin.
881 2185 912 2215 6,
935 2189 971 2216 17.
1046 2180 1214 2208 Meridianus
1232 2177 1307 2206 orbis
1371 2180 1482 2206 merulis
1494 2189 1588 2215 auceps
1610 2182 1680 2208 Hor.
1696 2180 1729 2208 de
1742 2182 1806 2208 Arte
1820 2182 1896 2208 Po'e't.
1909 2186 1962 2215 438·
2143 2180 2164 2221 ff
2185 2190 2202 2209 2
2238 2182 2354 2213 Merula,
2369 2181 2451 2208 Piscis

232 2224 299 2250 Pliu.
318 2232 359 2255 13,
385 2232 412 2255 4.
493 2221 537 2247 Sol
570 2219 644 2246 Idem
663 2227 706 2252 iz,
727 2227 762 2251 19.
838 2219 962 2252 Tempus
993 2218 1048 2245 Cic.
1068 2217 1101 2243 de
1119 2217 1195 2244 Orat.
1216 2226 1245 2249 3,
1269 2222 1306 2249 17.
1324 2226 1354 2255 55
1372 2215 1486 2242 saxatilis
1512 2216 1579 2242 Plin.
1591 2224 1632 2248 32,
1648 2224 1679 2242 ιι.
1737 2220 1807 2242 Add.
1821 2217 1861 2244 Id.
1882 2217 1950 2245 Ibid.
1972 2227 1994 2244 c.
2007 2225 2025 2253 7
2043 2226 2068 2244 et
2079 2227 2113 2252 9,
2133 2226 2168 2251 ις.
2224 2218 2307 2245 Ouid.
2320 2217 2383 2244 Hal.
2398 2225 2452 2250 114.

235 2259 399 2286 Meridianus
409 2264 455 2292 pro
470 2256 627 2282 Gladiatore.
700 2255 770 2280 Suet.
785 2252 812 2279 in
825 2252 917 2280 Claud.
935 2261 956 2278 c.
971 2261 1003 2285 34
1035 2253 1168 2279 Bestiariis
1181 2250 1307 2279 meridia·
1371 2249 1393 2289 fl
1415 2260 1427 2284 3
1465 2250 1603 2284 Merulae,
1622 2261 1653 2277 ex
1661 2252 1838 2285 hydraulorum
1847 2261 1956 2287 genere,
1973 2259 2014 2287 ap.
2030 2254 2101 2279 Vitr.
2109 2261 2149 2284 10,
2161 2260 2196 2280 12.
2237 2254 2449 2280 Vid.Bald.Le.·e.
2495 2261 2498 2270 ⁸

234 2296 328 2330 nisque
342 2294 407 2320 adeo
423 2292 603 2318 delectabatur
615 2312 622 2324 ‚
649 2296 678 2317 vt
696 2291 776 2316 etiam
795 2290 880 2324 prima
895 2288 952 2314 luce
964 2287 997 2313 ad
1015 2287 1191 2322 spectaculum
1206 2288 1309 2314 descen·
1408 2294 1434 2314 M
1446 2294 1463 2314 ε
1474 2294 1493 2314 R
1504 2295 1524 2315 v
1535 2293 1565 2320 S,
1584 2296 1616 2320 a,
1637 2296 1692 2314 um.
1737 2286 1797 2313 Adi.
1842 2289 1854 2320 [
1868 2285 1999 2323 o’c‘nqaroe]
2041 2288 2115 2315 Idem
2137 2289 2210 2323 quod
2229 2288 2337 2321 Solum,
2361 2288 2449 2322 inquit

236 2331 324 2364 deret,
352 2336 377 2356 et
392 2328 504 2354 meridie
521 2327 626 2354 dimisso
639 2326 671 2353 ad
686 2325 826 2361 prandium
841 2324 941 2359 populo
960 2323 1126 2358 pre-elideret.
1182 2321 1309 2350 Meridia-
1373 2323 1481 2350 Nonius
1493 2332 1528 2357 4,
1546 2331 1606 2357 294.
1672 2322 1776 2358 Fenus,
1794 2323 1903 2350 Merum
1923 2324 2028 2359 antiqui
2047 2323 2170 2351 dicebant
2188 2324 2295 2354 solum3
2333 2323 2403 2350 vnde
2420 2326 2449 2349 et

237 2376 301 2400 uos,
327 2373 397 2391 votat
414 2365 582 2395 Gladiatores,
602 2363 647 2397 qui
660 2364 721 2388 hora
740 2361 882 2387 meridiana
900 2360 1119 2394 digladiabantur.
1168 2360 1224 2386 Vid.
1244 2361 1268 2384 Ι).
1291 2358 1309 2383 Ι.
1371 2359 1429 2385 auis
1447 2360 1550 2386 merula
1568 2369 1668 2387 nomen
1688 2360 1802 2394 accepit,
1834 2359 1907 2395 quod
1927 2360 2046 2395 soliuaga
2063 2359 2115 2392 est,
2141 2367 2167 2386 et
2186 2359 2304 2386 solitaria
2322 2359 2449 2394 pascitur·

239 2404 352 2430 ”lomna
368 2408 390 2427 et
405 2403 463 2426 mla.
479 2399 599 2426 Tei-tull.
613 2399 689 2434 Apol.
703 2406 765 2430 αις.
840 2395 1010 2429 Meridiauo,
1030 2402 1075 2431 pro
1089 2396 1215 2422 Meridie:
1248 2396 1271 2420 h.
1286 2404 1307 2421 e.
1322 2399 1359 2426 60
1372 2396 1408 2421 Vt
1428 2405 1498 2423 nunc
1518 2397 1643 2427 Merum,
1675 2396 1774 2423 Purum
1794 2396 1965 2431 appellamus.
2021 2398 2147 2422 Haflenus
2164 2394 2263 2422 Festus.
2336 2395 2393 2420 Cic.
2411 2392 2448 2420 de

235 2440 295 2464 bora
309 2438 449 2463 meridiana
477 2436 543 2462 Pliu.
558 2444 590 2469 9,
613 2440 634 2466 8.
695 2436 726 2461 Et
744 2442 776 2466 2,
796 2435 831 2459 26
863 2433 970 2459 Praeter
982 2440 1031 2458 ora
1047 2431 1142 2466 populi
1155 2431 1308 2458 meridiano
1371 2431 1446 2458 Orat.
1456 2440 1481 2464 2,
1490 2441 1525 2466 94
1559 2432 1623 2460 Ecce
1636 2432 1688 2460 tibi
1700 2439 1808 2459 exortus
1822 2431 1860 2459 est
1873 2433 2017 2466 Isocrates,
2045 2430 2170 2466 magister
2183 2430 2297 2457 istorum
2309 2430 2452 2460 omnium3

236 2473 401 2501 transcurrit.
739 2500 741 2504 .
1372 2467 1447 2495 cuius
1467 2478 1481 2496 e
1502 2468 1583 2502 ludo,
1613 2476 1738 2504 tanquam
1757 2477 1789 2496 eac
1808 2477 1880 2503 equo
1898 2469 2045 2502 Troiano,
2076 2467 2146 2494 meri
2165 2466 2297 2502 principes
2316 2466 2452 2493 exierunt.

276 2518 298 2536 iu
310 2517 325 2536 E
334 2517 352 2536 R
362 2517 370 2535 1
381 2516 399 2535 D
411 2515 420 2534 1
432 2509 456 2535 K
466 2515 481 2534 L
495 2514 525 2534 ις
538 2529 545 2539 ,
564 2517 586 2534 e.
608 2507 665 2535 Adi.
686 2508 760 2533 Idem.
782 2504 945 2532 Ameridiali
959 2504 1054 2530 Latere
1067 2503 1199 2530 Ammian.
1214 2511 1257 2536 22,
1269 2511 1310 2536 34.
1371 2505 1437 2531 Alia
1451 2506 1606 2541 exemplarieae
1619 2505 1709 2531 habent
1723 2505 1872 2532 Innuineri.
1930 2505 1995 2532 Plin.
2008 2513 2046 2538 33,
2059 2513 2068 2531 1
2095 2504 2154 2531 Alia
2166 2511 2213 2538 per
2226 2503 2279 2528 sese
2290 2511 2367 2528 mero
2379 2510 2450 2528 auro

239 2546 382 2573 Orientalis
402 2550 427 2570 ct
447 2543 595 2571 meridialis
614 2544 681 2569 uelis
700 2543 901 2577 Temperatura
935 2540 1056 2567 Tertull.
1070 2539 1102 2566 de
1123 2539 1218 2566 Anima
1236 2549 1257 2566 c.
1271 2547 1311 2572 κς.
1373 2539 1509 2568 decorant.
1567 2541 1657 2568 Merae
1670 2549 1770 2576 agnae,
1796 2541 1815 2568 i.
1835 2542 1942 2567 nondum
1955 2547 2059 2567 aetatem
2073 2539 2141 2566 illam
2152 2537 2261 2574 αρτ-[αι’
2286 2537 2449 2564 Varr.R.R.

239 2583 306 2609 Gell.
321 2590 354 2615 2,
374 2589 406 2607 22
436 2579 586 2607 Meridialis
607 2586 716 2613 ventus,
740 2586 769 2604 vt
790 2577 895 2613 Salmas.
916 2578 1003 2603 Excrc.
1025 2577 1095 2603 Plin.
1112 2580 1139 2612 p.
1158 2581 1210 2606 831.
1231 2584 1309 2601 emen·
1325 2581 1359 2613 ⁶5
1375 2584 1406 2608 2,
1421 2585 1451 2610 2,
1467 2586 1492 2604 2.
1549 2577 1775 2605 Bellatoresmeri
1809 2577 1892 2605 Plaut.
1906 2577 1989 2604 Milit.
2001 2585 2037 2610 4,
2050 2584 2082 2609 2,
2102 2578 2143 2606 65.
2216 2574 2324 2601 Merum
2344 2573 2452 2601 Bellum

238 2618 323 2650 dauit,
344 2625 390 2653 pro
1374 2612 1451 2648 loqui
1476 2613 1536 2642 Cic.
1547 2615 1600 2641 Att.
1616 2622 1679 2647 9,13
1694 2621 1760 2640 extr.
1833 2614 1916 2641 Plaut.
1928 2611 2034 2640 Mostel.
2048 2620 2071 2644 3,
2084 2619 2109 2644 1,
2122 2618 2162 2637 ιιι
2184 2611 2293 2638 Merum
2306 2610 2450 2645 Clarorem

274 2662 299 2681 M
310 2661 325 2680 Ε
336 2661 354 2680 R
366 2661 373 2679 1
384 2659 402 2679 D
413 2661 420 2679 1
431 2659 449 2679 O
460 2659 482 2678 N
494 2659 516 2679 Α
527 2659 543 2679 L
554 2660 563 2680 1
573 2659 586 2678 s
597 2673 605 2685 ‚
624 2660 648 2677 e.
709 2650 765 2676 Vid.
786 2651 808 2675 C
807 2647 877 2676 ellar.
897 2650 957 2676 Cur.
978 2648 1069 2685 Foster.
1084 2655 1111 2684 p.
1124 2658 1174 2682 311.
1212 2648 1256 2674 vbi
1279 2658 1311 2674 ex
1374 2657 1446 2676 vocat
1460 2650 1566 2685 lasciuia
1579 2651 1668 2676 comica
1681 2653 1794 2682 domum,
1811 2659 1884 2685 quam
1897 2649 2012 2674 indicare
2025 2649 2082 2672 vult
2094 2646 2206 2681 vndique
2217 2647 2321 2682 politum
2328 2654 2353 2672 et
2366 2647 2453 2672 lucem-

239 2691 345 2718 Firmic.
360 2699 382 2723 2,
396 2697 422 2715 12
449 2690 558 2724 Signum
572 2686 766 2718 meridionale,
788 2684 924 2720 produxit.
979 2685 1098 2712 Laetam.
1112 2694 1204 2720 qnoque
1218 2685 1245 2709 in
1255 2686 1310 2721 plu·
1374 2692 1429 2713 tem.
1488 2687 1539 2713 Lac
1565 2687 1669 2713 Lucret.
1683 2694 1704 2719 1,
1718 2688 1779 2712 262.
1836 2683 1956 2711 Libertas
1984 2682 2054 2709 Hor.
2069 2682 2147 2717 Epist.
2161 2691 2182 2715 1,
2197 2687 2232 2716 18,
2247 2687 2269 2713 8.
2326 2681 2450 2710 Monstra

240 2727 310 2752 rimis
325 2727 396 2751 editt.
405 2733 430 2758 2,
443 2734 471 2758 9,
484 2734 499 2758 9
526 2723 713 2751 Meridionalis
727 2722 810 2757 plaga.
854 2723 899 2748 Al.
912 2721 1075 2749 Meridiana:
1107 2723 1174 2756 quod
1186 2722 1256 2747 baud
1265 2722 1311 2747 du-
1375 2730 1449 2749 mera
1461 2723 1598 2749 nuntiarat
1623 2721 1680 2748 Cic.
1690 2723 1742 2748 Att.
1754 2729 1784 2753 4,
1798 2727 1823 2755 7.
1878 2720 1959 2747 Mora
1978 2719 2060 2746 Plaut.
2074 2719 2150 2753 Capt.
2166 2726 2191 2751 2,
2207 2727 2230 2752 3,
2244 2719 2286 2751 36.
2342 2718 2451 2754 Nugae,

238 2763 275 2789 bie
287 2762 388 2788 certios.
1324 2767 1361 2796 70
1375 2759 1429 2784 vid.
1450 2764 1600 2784 NVGAE.
1657 2756 1714 2782 Cic.
1736 2757 1790 2783 Art.
1813 2757 1845 2789 6,
1863 2765 1884 2788 3.
1954 2756 2000 2783 Pes
2031 2754 2151 2782 quenal.
2170 2756 2204 2787 6,
2225 2759 2272 2788 158.
2309 2755 2329 2782 i.
2357 2755 2450 2782 nudus.

276 2805 301 2824 M
315 2804 332 2824 E
342 2804 360 2823 R
371 2804 379 2823 1
389 2802 407 2822 D
418 2801 455 2823 10
465 2816 474 2829 ,
503 2797 548 2822 vel
564 2802 589 2821 Μ
599 2802 615 2821 Ε
625 2802 643 2821 R
654 2799 784 2827 1D10R,
812 2793 863 2820 ari.
900 2794 1071 2829 [μεσημεεέω]
1109 2794 1222 2820 Somnum
1237 2793 1312 2818 meri·
1375 2793 1430 2820 Rus
1458 2793 1540 2820 Plaut.
1557 2792 1645 2819 Truc.
1659 2799 1686 2824 2,
1700 2801 1723 2825 2,
1737 2799 1776 2825 14.
1849 2791 1949 2820 Scelera
1965 2799 2036 2818 mera
2051 2791 2078 2818 lo
2099 2795 2208 2817 uuntur.
2247 2790 2266 2816 i.
2285 2791 2363 2817 Nihil
2373 2790 2453 2817 aliud

239 2834 341 2859 elianam
350 2839 443 2867 capere.
470 2833 646 2865 Μεσημβρίζω,
661 2830 777 2857 meridio
792 2829 873 2857 Glofl‘.
911 2831 1042 2856 Laudatur
1055 2829 1133 2865 nescio
1147 2831 1215 2855 vnde
1229 2829 1311 2855 Plaut.
1374 2838 1448 2863 quam
1455 2828 1553 2863 scelera
1572 2828 1628 2854 Cic.
1642 2829 1694 2854 Att.
1709 2837 1735 2862 9,
1753 2836 1779 2854 12
1792 2835 1857 2855 extr.
1914 2828 1976 2864 Spes
1995 2827 2091 2855 Ten?
2113 2835 2182 2854 orm.
2195 2836 2214 2858 1,
2227 2833 2254 2859 2,
2267 2828 2311 2860 96.
2364 2824 2463 2861 plaut.

239 2868 368 2897 lentando
382 2889 389 2901 ‚
421 2868 608 2901 meridiando,
646 2866 829 2899 comess'ando,
867 2864 1062 2902 pergraecando
1091 2865 1174 2892 vitam
1206 2864 1311 2891 ducere.
1374 2863 1473 2898 Amph.
1487 2872 1506 2899 1,
1524 2873 1542 2897 1,
1558 2867 1607 2899 276
1641 2864 1706 2891 Eam
1724 2873 1792 2899 ego,
1817 2870 1846 2890 vt
1858 2871 1943 2891 matre
1961 2863 2050 2891 fuerat
2070 2869 2177 2896 natum,
2196 2861 2264 2889 Vini
2277 2862 2357 2889 eduxi
2370 2862 2452 2890 meri.

240 2905 336 2932 Catull.
350 2913 381 2938 30
402 2905 469 2938 (33)
490 2913 501 2935 3
1376 2900 1483 2926 Subaud.
1497 2901 1632 2927 Cirneam.
1709 2900 1780 2927 Vina
1799 2909 1871 2927 mera
1891 2900 1985 2928 bibere
2019 2898 2101 2926 Ouid.
2115 2899 2179 2925 Met.
2192 2906 2234 2931 ις,
2247 2906 2296 2932 331-
2366 2899 2448 2926 Vires

399 2939 504 2966 Amabo
522 2948 579 2966 mea
598 2939 681 2966 dulcis
701 2938 844 2974 Ipfithilla,
1328 2944 1363 2974 75
1376 2935 1458 2963 Ouid.
1474 2936 1506 2963 de
1519 2937 1582 2963 Arte
1595 2938 1654 2963 Am.
1668 2945 1694 2970 2,
1707 2944 1773 2971 474.
1830 2937 1905 2964 Mera
1917 2944 2034 2972 veraque
2054 2936 2148 2962 Virtus
2162 2935 2232 2962 Hor.
2247 2934 2362 2971 epistt,
2377 2939 2412 2967 ¹8,
2425 2939 2451 2966 8.

400 2977 478 3002 Meae
499 2975 626 3008 deliciae,
651 2976 705 3001 mei
724 2976 844 3009 lepores,
1141 2975 1144 2978 “
1413 2979 1563 3000 MERVM.
1600 2972 1745 3008 [ἄκρατον]
1783 2972 2092 3008 Aliquandosultstantiue
2101 2971 2223 3007 ponitur,
2236 2977 2364 3007 proMero
2378 2972 2451 2998 vino.

401 3011 466 3039 Iube
485 3011 516 3038 ad
537 3017 562 3037 te
584 3012 689 3037 veniam
711 3011 891 3037 meridiatum.
1155 3009 1265 3036 Sueten.
1284 3008 1313 3035 in
1376 3009 1443 3036 Plin.
1457 3018 1502 3042 23,
1522 3018 1531 3036 ι
1558 3009 1664 3036 Merum
1685 3009 1794 3044 quidem
1813 3009 1935 3036 remedio
1954 3009 1991 3036 est
2011 3013 2103 3035 contra
2117 3007 2231 3041 cicutas,
2256 3007 2450 3041 coriandrum,

242 3049 324 3083 Calig.
339 3058 360 3075 c.
366 3056 398 3081 39
425 3047 613 3081 Gloriatusque
626 3046 680 3079 est,
697 3047 894 3081 expergefaciae
908 3047 1001 3073 somno
1009 3046 1164 3079 Caesonine,
1185 3051 1314 3080 quantum
1376 3045 1497 3079 aconita,
1518 3045 1628 3078 viscum,
1649 3046 1812 3081 meconium,
1833 3051 1971 3081 argentum
1985 3044 2090 3071 viuum.
2148 3044 2231 3070 Multi
2243 3043 2312 3070 meri
2320 3043 2451 3077 Damalis,

243 3085 346 3118 egiss‘et,
372 3084 435 3110 dum
454 3092 483 3110 ea
504 3083 668 3110 meridiaret.
742 3084 824 3109 Corn.
845 3083 912 3109 Cels.
928 3092 950 3116 1,
968 3092 980 3108 2
1013 3082 1112 3117 Longis
1126 3081 1219 3108 diebus
1233 3081 1313 3108 meri·
1377 3082 1395 3108 i.
1416 3082 1517 3117 Ebriosa
1544 3082 1612 3108 Hor.
1627 3083 1714 3109 Carm.
1731 3091 1756 3115 1,
1770 3085 1818 3116 36,
1834 3091 1865 3114 ¹3-
1941 3082 2022 3109 Latex
2041 3080 2110 3108 meri
2143 3079 2225 3108 Ouid.
2245 3079 2311 3107 Met.
2326 3088 2372 3112 13,
2392 3082 2450 3112 653.

243 3120 312 3147 diari
327 3121 416 3155 potius
429 3118 592 3146 anteaeibum
606 3118 672 3145 vtile
687 3117 739 3147 est3
776 3117 812 3144 fin
831 3119 919 3144 minus
939 3118 996 3153 post
1014 3127 1091 3144 eum:
1129 3127 1176 3153 per
1195 3117 1313 3145 hiemem
1328 3125 1362 3153 80
1377 3117 1479 3145 Odium
1506 3117 1542 3145 ld.
1558 3117 1625 3145 Ibid.
1640 3127 1675 3151 15,
1689 3123 1743 3151 328.
1820 3118 1896 3146 Plena
1910 3118 2005 3153 pocula
2028 3117 2067 3145 1d.
2082 3115 2151 3143 Ibid.
2166 3125 2192 3150 9,
2207 3121 2260 3148 238.
2317 3114 2366 3142 Ille
2378 3115 2451 3142 meri

244 3156 332 3192 potius
347 3157 410 3183 totis
424 3155 549 3182 noftibus
564 3155 760 3191 conquiescere.
815 3155 886 3180 AAA.
899 3154 969 3180 Suet.
985 3155 1051 3181 Ner.
1070 3164 1092 3181 c.
1106 3156 1132 3181 6.
1377 3154 1473 3181 veteris
1488 3163 1535 3188 per
1551 3163 1627 3181 crura
1642 3154 1775 3181 madentia
1790 3154 1916 3181 Torrens
1948 3153 2068 3181 quenal.
2082 3155 2113 3184 6,
2133 3159 2174 3184 3¹9
2200 3152 2229 3177 de
2247 3151 2335 3178 vrina.
2398 3151 2451 3178 Vis

280 3199 329 3219 ΜΕ
340 3199 358 3219 R
369 3198 532 3218 1D1AT10
542 3213 550 3225 ,
569 3192 638 3218 ouis.
677 3190 696 3217 f.
734 3188 934 3224 [μεσημὲρίασις]
969 3190 1048 3225 Qies
1061 3191 1211 3217 meridiana.
1256 3189 1314 3217 Cic.
1378 3189 1459 3217 Ouid.
1474 3191 1539 3217 Met.
1555 3199 1593 3224 14,
1607 3198 1665 3225 27⁴·
1740 3191 1811 3218 Bimi
1830 3195 1918 3226 patera
1932 3189 2001 3216 meri
2027 3187 2096 3214 Hor.
2109 3187 2200 3213 Carm.
2214 3195 2234 3219 1,
2247 3195 2284 3220 19,
2298 3195 2330 3220 ις.
2388 3187 2449 3214 Dif-

246 3227 277 3254 de
291 3228 383 3255 Diuin.
404 3237 433 3259 2,
453 3236 491 3259 ¹⁴²
510 3236 531 3253 c.
545 3231 576 3257 68
610 3228 689 3254 Nunc
707 3225 816 3261 quidem
836 3230 945 3260 propter
964 3225 1182 3253 intermiffiouein
1202 3225 1314 3252 forensis
1377 3226 1464 3253 fusum
1479 3227 1576 3260 pateris
1589 3236 1695 3254 merum
1719 3226 1758 3254 Id.
1772 3226 1839 3255 Ibid.
1852 3235 1887 3259 4,
1906 3232 1935 3258 ς,
1953 3233 1987 3257 33.
2061 3223 2145 3250 Dulce
2173 3222 2211 3250 Id.
2229 3221 2298 3251 lbid.
2313 3232 2341 3257 3,
2360 3232 2399 3258 13,
2420 3231 2447 3251 2.

246 3271 357 3297 operae,
377 3270 402 3291 et
416 3263 612 3290 lucubrationes
626 3263 746 3297 detraxi,
773 3269 799 3289 et
811 3261 1013 3288 meridiationes
1029 3260 1137 3293 addidi,
1162 3262 1261 3298 quibus
1274 3262 1315 3289 vti
1377 3263 1449 3290 Lene
1475 3262 1514 3289 Id.
1529 3262 1597 3290 Ibid.
1613 3272 1635 3296 3,
1649 3271 1693 3296 29,
1708 3271 1733 3290 2.
1805 3263 1904 3296 Pingue
1923 3260 1962 3287 Id.
1977 3260 2060 3287 Serm.
2074 3267 2100 3293 2,
2113 3268 2142 3292 4,
2158 3260 2198 3291 63.
2272 3259 2381 3287 Rubens
2402 3259 2448 3287 Sil.

247 3304 321 3324 antea
334 3308 386 3325 non
407 3299 533 3327 solebam.
1332 3308 1362 3338 ες
1376 3307 1404 3335 7,
1417 3308 1472 3332 190.
1545 3299 1693 3334 Superbmn
1719 3299 1788 3326 Hor.
1802 3298 1891 3325 Carm.
1905 3305 1928 3330 2,
1943 3305 1983 3329 14,
1997 3298 2038 3322 26.
2112 3295 2222 3322 Certare
2235 3303 2329 3329 mero,
2352 3297 2371 3322 i.
2385 3297 2447 3321 Con-

285 3340 309 3361 Μ
319 3341 362 3360 ER
372 3334 438 3362 ιόΝ
448 3343 464 3363 E
475 3342 499 3362 s.
536 3334 694 3368 [Μηριόνης]
730 3333 854 3361 Idomenei
868 3332 1011 3369 patruelis,
1030 3341 1101 3367 quem
1114 3334 1233 3359 Homerus
1246 3333 1316 3359 inter
1379 3338 1480 3362 tendere
1492 3335 1586 3370 poculis
1616 3335 1653 3362 Id.
1668 3335 1737 3362 lbid.
1749 3344 1784 3368 4,
1798 3342 1823 3367 1,
1843 3341 1875 3365 31.
1950 3331 2097 3359 Νοξὶιιῐηο
2115 3337 2216 3358 certare
2233 3339 2327 3364 mero,
2352 3337 2448 3366 putere

248 3370 399 3395 Graecorum
407 3370 551 3404 firtiffimos
565 3377 681 3396 numerat
688 3369 763 3395 Iliad.
776 3379 799 3402 7.
855 3369 960 3405 Auriga
973 3368 1047 3404 ipstus
1059 3369 1189 3395 Idomenei.
1246 3369 1317 3396 Hor.
1379 3371 1478 3398 diurno
1503 3370 1541 3398 Id.
1554 3371 1631 3406 Epist.
1647 3381 1667 3405 1,
1682 3380 1719 3404 19,
1732 3379 1762 3398 11.
1819 3369 1922 3395 Curare
1933 3368 2043 3404 genium
2058 3376 2135 3395 mero
2164 3367 2203 3394 Id.
2217 3367 2307 3394 Carm.
2317 3376 2340 3399 3,
2354 3374 2390 3401 17,
2406 3375 2445 3401 ¹4·

248 3406 433 3439 Carm.1‚6,13
455 3408 505 3433 Aut
519 3407 629 3442 puluere
643 3404 751 3432 Troico
760 3404 1046 3439 NigrumMei-ionem.
1074 3406 1146 3431 Add.
1160 3405 1315 3438 lbid.1;,26.
1379 3407 1500 3435 Diluitur
1519 3415 1581 3434 cura
1611 3407 1692 3434 Ouid.
1714 3405 1747 3432 de
1766 3406 1831 3431 Arte
1850 3405 1949 3438 Α111.1,
1969 3411 2024 3439 237.
2103 3403 2219 3439 Implere
2237 3409 2335 3430 cratera
2367 3403 2446 3438 Virg.

284 3449 309 3468 M
320 3449 335 3468 E
345 3448 362 3467 R
374 3449 382 3467 1
393 3448 414 3467 Τ
423 3448 457 3475 o,
475 3447 535 3475 are,
573 3449 598 3468 M
607 3448 623 3468 E
632 3448 650 3468 n
662 3447 701 3468 ιτ
710 3446 729 3468 0
740 3446 760 3467 R
771 3447 781 3466 1
790 3447 810 3466 v
821 3447 834 3467 s
843 3461 850 3473 ,
873 3447 897 3467 M
907 3448 924 3468 ε
933 3447 952 3467 R
962 3446 972 3466 1
981 3446 1002 3467 T
1012 3447 1032 3468 v
1042 3447 1085 3474 M,
1122 3441 1175 3467 vid.
1195 3447 1315 3468 MERro.
1379 3445 1444 3471 Aen.
1462 3453 1490 3477 3,
1503 3445 1559 3476 623.
1615 3442 1781 3479 Ingurgitare
1795 3441 1822 3467 in
1836 3441 1860 3468 se
1874 3449 1994 3474 merum,
2026 3441 2081 3467 vid.
2103 3443 2309 3466 1NGVR61TO.
2364 3439 2448 3469 Plaut.

286 3484 310 3503 M
321 3484 337 3503 F.
349 3484 364 3503 R
376 3484 402 3504 κ.
448 3479 513 3504 Nota
532 3477 564 3512 est
587 3481 614 3503 in
634 3476 725 3513 vetusto
743 3477 900 3503 Kalendas-io
920 3478 986 3503 Rom.
1004 3483 1045 3512 ap.
1066 3477 1213 3504 Gruterum
1234 3486 1256 3511 p.
1276 3486 1314 3510 133
1330 3492 1366 3517 90
1380 3480 1459 3506 Cure.
1473 3489 1493 3513 1,
1507 3488 1532 3513 2,
1546 3487 1582 3512 35.
1655 3480 1755 3506 Ponere
1768 3485 1872 3503 merum
1888 3477 1916 3503 in
1930 3485 2033 3512 gemma
2060 3475 2144 3503 Ouid.
2157 3476 2223 3502 Met.
2235 3478 2258 3506 8,
2272 3481 2330 3509 572.
2386 3475 2446 3502 Sue.

248 3513 336 3539 addita
351 3513 418 3547 prid.
433 3514 470 3540 Id.
486 3514 548 3541 Iulii
561 3520 584 3539 et
597 3514 691 3547 aliquot
699 3512 857 3549 sequentibus
868 3512 966 3544 diebus,
984 3512 1089 3548 itemque
1104 3520 1141 3539 x¹
1154 3520 1163 3539 1
1181 3513 1235 3539 Kal.
1253 3513 1315 3540 061.
1379 3516 1445 3542 censi
1461 3525 1536 3543 mero
1548 3515 1580 3542 ad
1594 3515 1694 3543 bellum
1707 3513 1833 3548 Lapithae
1865 3513 1953 3541 Senec.
1969 3513 2049 3540 Herc.
2063 3513 2118 3540 fur.
2133 3522 2158 3547 9.

250 3554 276 3574 et
295 3549 362 3583 seqq.
380 3550 483 3584 denique
505 3556 572 3576 xiv
594 3549 648 3576 Kal.
668 3549 730 3576 Dec.
751 3550 806 3584 sqq.
866 3547 1041 3576 Merkedinos
1059 3556 1103 3574 aut
1122 3549 1316 3576 Merkedonios
1416 3556 1701 3579 MERIBlBVLVS·
1737 3549 1792 3586 Qi
1805 3550 1953 3583 vinumſsne
1965 3558 2032 3584 aqua
2043 3549 2121 3579 hibin
2157 3545 2290 3573 fflfusmdf
2307 3547 2415 3573 homines
2428 3557 2447 3574 a

252 3584 306 3610 dics
319 3585 499 3619 interpretatur
512 3585 576 3612 Scal.
590 3587 619 3611 cle
638 3586 736 3612 med.
755 3590 826 3620 temp.
838 3593 851 3610 2
864 3590 891 3620 p.
905 3593 965 3617 177,
985 3593 1010 3610 a.
1047 3595 1063 3610 a
1082 3584 1247 3612 Mcrkedona
1269 3588 1317 3611 dea
1380 3587 1484 3614 Graecis
1495 3588 1660 3622 ἀκρατοπόται
1673 3585 1829 3621 appellantur
1843 3594 1850 3615 ;
1881 3595 1927 3620 quo
1946 3585 2028 3611 veluti
2044 3582 2172 3620 peculiari
2181 3580 2287 3615 epitheto
2306 3584 2377 3617 apud
2391 3582 2446 3609 illos

251 3620 342 3652 dirtos,
362 3630 422 3654 qum*
439 3622 581 3656 praefuerit
600 3621 748 3647 mercedibus
767 3628 791 3647 et
806 3620 961 3656 pensionibus
974 3618 1116 3654 soluendis:
1153 3622 1183 3646 id
1195 3629 1317 3656 apparere
1383 3623 1491 3650 Thraces
1504 3623 1659 3660 notatisum.
1735 3621 1841 3656 August.
1857 3621 1889 3648 de
1903 3621 2019 3649 Confess'.
2034 3630 2066 3656 9,
2085 3626 2099 3650 8
2123 3618 2214 3649 Qum
2227 3617 2319 3644 temeti
2336 3618 2446 3646 auidior

252 3658 279 3681 in
293 3655 370 3690 mense
385 3657 462 3689 lulio,
483 3667 528 3692 quo
540 3656 677 3691 inquilini,
698 3657 796 3690 inquit,
816 3661 845 3683 τὸ
858 3659 948 3683 ἐνοίκιον
966 3656 1139 3692 (mercedem)
1160 3658 1315 3691 pendebant,
1330 3669 1363 3696 9,-
1379 3659 1439 3686 effet
1482 3660 1594 3696 quadam
1611 3658 1654 3685 die
1673 3657 1707 3683 ab
1720 3657 1785 3683 irata
1798 3658 1891 3684 ancilla
1904 3666 1953 3692 per
1972 3652 2264 3687 conuicium-appellata
2281 3653 2318 3680 est
2335 3654 2446 3681 meribi-

251 3698 275 3717 et
294 3691 436 3725 migrabant
461 3703 491 3718 cx
515 3695 615 3719 aedibus
642 3693 669 3718 in
694 3693 769 3718 alias.
835 3692 958 3719 Similiter
975 3692 1003 3717 in
1032 3692 1183 3727 Teutonismo
1209 3692 1317 3726 Zinstag
1379 3683 1456 3724 bulai
1483 3705 1551 3731 quae
1564 3704 1604 3722 res
1617 3701 1718 3721 tantum
1732 3694 1758 3719 ei
1772 3693 1901 3728 pudorem
1916 3693 2025 3725 iniecit,
2044 3697 2072 3718 vt
2082 3687 2253 3724 post-modum
2266 3689 2354 3716 sobria
2368 3699 2445 3725 pror-

251 3727 411 3761 (Dienstag)
447 3729 506 3754 Dies
525 3728 706 3755 Mercedonius.
760 3729 852 3763 Nempe
866 3727 969 3761 Festus,
994 3727 1179 3754 Mercedonias
1192 3728 1316 3754 dixerunt
1378 3731 1419 3756 sus
1435 3731 1526 3759 fuerit.
1584 3732 1615 3757 Et
1626 3731 1668 3756 hoc
1680 3730 1777 3763 quidem
1791 3739 1874 3755 nomen
1887 3729 2063 3756 diminutiuum
2076 3723 2108 3760 est
2120 3734 2136 3748 a
2149 3724 2315 3752 Merobibus.

252 3774 263 3790 a
278 3763 398 3789 mercede
413 3763 544 3790 soluenda.
616 3764 674 3791 md.
690 3764 770 3791 Gloss'.
785 3764 973 3791 Mercedonius
991 3763 1037 3799 qui
1057 3763 1137 3790 soluit
1157 3764 1314 3791 mercedem.
1416 3772 1587 3795 MEROI-HB
1599 3772 1619 3792 v
1629 3772 1642 3792 s
1652 3786 1659 3798 ,
1685 3775 1698 3791 a
1708 3786 1715 3798 ,
1739 3775 1793 3792 um.
1837 3766 1896 3792 Acti.
1939 3759 2138 3798 [auem-wirne]
2186 3761 2242 3797 Q?
2260 3770 2351 3787 merum
2370 3761 2443 3789 bibit.

253 3799 447 3831 Meroedarim,
467 3800 514 3833 qui
527 3800 569 3826 dat
582 3799 731 3826 mercedem
751 3808 800 3834 pro
814 3799 906 3826 labore
925 3799 973 3826 fibi
994 3799 1121 3834 impense.
1185 3802 1316 3825 Caeterum
1376 3801 1459 3829 Plaut.
1476 3803 1583 3830 Curcul.
1598 3811 1617 3835 1,
1638 3810 1656 3834 t,
1668 3809 1703 3835 77
1730 3803 1801 3828 Anus
1815 3800 1857 3828 hic
1870 3799 1994 3828 recubare
2006 3795 2072 3823 solet
2083 3796 2168 3823 custos
2182 3796 2293 3823 ianitrix
2299 3807 2308 3829 ς
2344 3805 2444 3824 nomen

253 3834 425 3861 Merkcdlnus
468 3835 480 3869 [
493 3838 617 3868 μεμεδῖνος
631 3837 643 3870 ]
686 3836 729 3860 vel
753 3835 946 3862 Merkedonius
990 3833 1159 3871 [μεᾳκηδᾶνισς
1173 3835 1186 3869 ]
1230 3835 1316 3868 mcnsts
1324 3849 1372 3868 100
1379 3837 1415 3864 est
1430 3838 1504 3865 lenae
1517 3837 1675 3871 multibiba³
1695 3844 1775 3873 atque
1789 3837 1938 3864 mei-obiba-

253 3872 331 3896 difflui
348 3871 509 3896 intercalaris
522 3870 562 3896 ill.»
569 3873 673 3904 Numae,
688 3872 794 3896 alternis
806 3872 913 3897 bienniis
924 3871 1024 3906 viginti
1036 3874 1110 3898 duum
1123 3877 1148 3897 et
1159 3870 1257 3905 viginti
1271 3872 1317 3896 tri.
1416 3879 1441 3900 M
1451 3879 1467 3899 E
1477 3881 1531 3902 RE.
1569 3873 1636 3901 Adu.
1674 3874 1820 3909 [ἀκράτως]
1856 3875 1928 3899 Pure.
1966 3867 2047 3894 Plaut.
2060 3867 2147 3895 Truc.
2161 3876 2182 3902 1,
2193 3876 2214 3901 1,
2226 3875 2253 3895 21
2272 3867 2384 3896 Interim
2399 3868 2446 3895 ille

255 3916 292 3930 um
303 3908 416 3938 dierum,
436 3908 466 3932 de
477 3915 522 3941 quo
535 3907 630 3932 nomine
644 3907 755 3931 miratur
772 3907 900 3942 Scaliger,
921 3907 1011 3933 nullam
1024 3907 1168 3933 mentionem
1182 3906 1316 3942 superes&
1379 3908 1488 3937 hamum
1503 3916 1596 3944 vorat,
1617 3910 1633 3936 fi
1649 3910 1727 3937 semel
1742 3909 1841 3936 amoris
1855 3904 1979 3943 poculum
1994 3904 2093 3938 accepit
2106 3913 2186 3933 mere.

254 3942 299 3965 nii
318 3945 385 3976 apud
406 3942 564 3968 Plutarchum
584 3944 611 3966 in
634 3943 716 3967 Numa
748 3945 791 3975 (p.
810 3949 861 3975 72,
881 3946 913 3974 a)
947 3950 971 3968 et
993 3943 1100 3978 Caesare
1130 3948 1175 3978 (p.
1194 3949 1258 3976 735,
1278 3942 1315 3977 d)
1417 3951 1552 3972 MERVL
1565 3952 1582 3972 E
1594 3953 1718 3979 NTvs,
1746 3953 1777 3978 a,
1804 3953 1857 3971 um.
1900 3939 1959 3966 Adi.
2002 3939 2121 3976 Fulgent.
2141 3939 2227 3973 Myth.
2248 3947 2258 3966 1
2275 3939 2360 3975 praef.
2379 3948 2404 3973 p.
2420 3947 2445 3972 ¹3

255 3979 321 4015 Ideni
335 3978 449 4012 Scaliger
465 3977 526 4004 ilsid.
541 3985 553 4010 5
569 3984 594 4012 p.
609 3986 656 4016 441
680 3978 715 4003 ad
726 3976 782 4017 dies
795 3978 986 4005 Merkedonios
1006 3979 1088 4013 refert
1101 3979 1178 4019 locum
1196 3978 1316 4018 Tertul-l.
1379 3981 1511 4015 Pierides,
1531 3983 1645 4018 perpetis
1657 3980 1770 4019 vngulae
1783 3981 1844 4008 riuo
1856 3975 2029 4004 memlentae.
2091 3977 2148 4004 Vid.
2168 3976 2260 4004 Barth.
2280 3975 2390 4011 Aduers.
2403 3983 2446 4009 25,

254 4011 286 4037 dc
299 4011 364 4039 idol.
384 4014 426 4046 (c.
438 4015 483 4049 13)
513 4013 577 4040 Sunt
590 4013 698 4048 quidam
712 4012 766 4039 dieu
779 4021 938 4046 munerum,
956 4022 1024 4049 quae
1041 4013 1111 4050 apud
1122 4014 1190 4045 altos
1203 4013 1315 4042 honorus
1329 4027 1390 4054 ¹⁰5‘
1404 4023 1431 4054 p.
1447 4025 1510 4046 [πο.

2245 4051 2444 4081 Μιεκοςνε,
