2517 4231
1 181 147 233 ινειμ
341 142 345 144 ἡ
481 171 852 214 eEffR.
1595 160 1859 226 PER
2183 207 2256 254 342

63 292 66 294 ,
111 270 179 292 rm<
188 270 211 290 'r
220 271 242 291 ν
253 269 273 291 R
286 269 303 290 Β
314 269 336 290 Α
347 268 433 293 Tio,
450 261 526 302 .5.¹¹³⁵·
563 262 583 289 f.
618 263 632 297 [
639 261 794 302 διατέμ-αέα]
836 259 892 286 Cic.
911 258 1032 305 Tsuscq,
1044 270 1072 288 ιο
1089 261 1135 302 ‘Est
1194 265 1240 297 9¹6
1259 263 1349 313 Vsque
1365 265 1431 292 adeo
1445 274 1631 302 permananter
1644 269 1684 298 vis
1697 271 1817 307 perualet
1828 272 1896 302 eins,
1912 278 1951 304 De
1962 288 2073 316 magnete
2086 285 2176 322 lapid,-
2194 288 2255 315 Ali,-

73 300 158 336 igitur
171 300 285 327 Zenonis
297 299 361 325 haec
374 297 516 330 definitio,
537 305 566 325 vt
580 297 747 333 perturbatio
760 296 791 323 fit
815 295 888 330 quod
907 297 983 327 καθσς
998 297 1044 324 ille
1068 297 1135 325 dicit
1194 300 1280 335 legunt
1295 300 1438 329 Piaeualct.

74 336 164 363 auersa
176 344 191 362 a
205 336 275 363 reeta
289 333 394 360 ratione
407 340 499 360 contra
512 340 632 361 naturam
646 333 728 360 animi
743 338 901 372 commotio.
928 334 1007 372 .‘⁷{“‘·
1024 333 1090 361 ibid.
1104 343 1134 367 47
1219 370 1225 375 ᾗ
1234 341 1250 362 P
1261 342 1277 362 Ε
1287 341 1304 361 R
1315 343 1333 362 v
1344 344 1365 362 A
1375 344 1390 363 L
1400 339 1410 363 ἰ’
1422 344 1440 365 n
1451 346 1472 365 v
1483 346 1496 365 s
1505 361 1513 373 ,
1530 348 1560 374 a,
1579 349 1634 368 um.
1671 342 1731 371 Adi.
1769 343 1952 382 [πολυῖιχυεὸς]
1987 353 2124 382 Admodum
2142 358 2246 384 validm

74 381 97 398 c.
110 380 144 398 21.
214 370 270 398 Cic.
284 370 367 396 Tusc.
383 377 407 402 ς,
419 379 446 402 43
471 370 552 404 Atqui
568 379 649 404 quum
665 366 877 403 perturbationes
889 376 974 408 animi
989 370 1134 403 iniseriam,
1194 370 1362 410 Liu.—40,.47
1399 374 1490 401 Donec
1509 375 1542 403 ad
1562 378 1725 411 pcrualidain
1737 381 1818 408 aliam
1836 380 1932 409 vrbem
1970 383 2107 416 (Certima
2123 377 2255 426 appellaui

72 406 220 434 sedan-ones
232 412 321 433 amem
341 404 457 432 efficiam
477 406 561 433 vitam
575 406 695 432 beatam:
737 402 889 438 duplexque
910 410 979 445 ratio
996 405 1133 439 perturba·
1158 414 1173 437 ς
1194 405 1343 446 Celtiberi)
1363 411 1496 443 peruenit.
1533 414 1597 439 Alia
1612 416 1764 451 exemplaria
1778 417 1870 444 habent
1882 417 2072 448 Pracualidam.
2153 429 2255 462 Agmcn

71 442 156 468 tionis
170 441 215 475 iit,
236 450 281 468 etc.
381 441 457 468 Idem
473 441 527 468 Off.
543 452 560 474 i,
574 444 605 473 67
628 438 782 467 Vacandum
795 438 832 466 est
846 449 921 466 omni
935 441 1016 467 animi
1031 447 1134 477 pcrtur-
1193 441 1361 477 perualiduni
1382 447 1516 474 Aiumian.
1531 457 1571 481 29,
1588 455 1647 484 ipr-

71 476 197 511 batione,
222 485 267 503 etc.
304 484 333 503 vt
345 477 524 512 tranquillitas
538 476 628 504 Animi
639 474 722 508 adlit,
749 475 979 516 quae'afl'ertfuni
992 477 1134 504 constanti.
1232 485 1247 504 P
1257 484 1273 504 Ε
1282 484 1299 503 R
1310 483 1331 502 V
1340 485 1362 505 A
1374 485 1393 506 R
1407 487 1417 507 1
1429 488 1449 507 v
1460 489 1472 507 s
1481 501 1489 513 ,
1509 492 1539 517 a,
1558 493 1611 510 um.
1633 485 1693 512 Adi.
1713 486 1919 526 [πολυκοίκιλοῖ]
1959 492 2038 519 Valde
2048 495 2145 522 varius.
2176 498 2254 533 Apul,

71 522 130 546 am,
150 519 207 541 tum
219 513 299 539 etiam
313 513 478 547 dignitatem.
549 512 710 539 Animorum
723 510 825 538 turbidi
839 518 1018 553 concitatique
1034 519 1133 545 motus,
1194 512 1227 539 de
1242 513 1299 553 Deo
1313 513 1411 542 Socrat.
1426 526 1450 551 p.
1460 528 1495 558 ¹97
1516 519 1650 547 Vtilitatcs
1662 523 1808 556 per-uariae,
1822 552 1824 554 v
1907 529 1957 554 Sed
1969 528 2127 566 Elmenhwst
2142 539 2167 564 Ρ,
2181 542 2219 566 42,
2229 545 2257 568 39

72 548 287 584 perturbationes
301 550 360 575 sunt
393 550 450 576 Cic.
464 548 546 576 Tusc.
559 557 583 583 4,
594 556 623 581 34
638 556 659 573 c.
674 549 708 574 ι6,
817 547 891 587 Ideni
906 547 938 574 de
952 548 1044 588 Qiuin.
1058 556 1083 580 2,
1098 556 1133 581 94
1194 549 1330 589 Potentiae
1343 559 1408 578 vcro
1423 555 1518 582 annuis
1533 556 1712 592 coniectatae,
1744 568 1792 593 pcr
1805 561 1892 589 varias
1910 563 2037 592 vtilitates
2050 564 2079 592 in
2091 566 2145 593 vita
2158 570 2258 602 agenda

72 595 92 612 c.
100 594 132 618 45
152 585 224 611 Haec
237 585 322 619 igitur
332 595 395 612 cnm
409 585 439 612 fit
451 590 507 611 tuin
520 583 645 610 serenitas
659 589 715 609 tum
730 583 897 617 perturbatio
909 584 985 610 caeli.
1057 583 1132 610 Idem
1147 590 1177 610 10
1191 584 1398 614 animaduersae.

46 623 48 625 ’
69 620 103 647 cle
116 621 190 647 Orat.
205 630 227 654 2,
241 631 280 653 πω
306 621 373 648 Illud
395 626 483 647 antem
501 627 583 652 genus
603 619 736 645 orationis
757 628 812 646 ιιοιι
826 619 1010 654 cognitionem
1026 619 1133 651 iudicis,
1206 656 1210 660 ,
1228 627 1244 647 P
1256 625 1273 646 E
1285 628 1303 646 R
1313 627 1448 662 VAnie.
1485 625 1553 652 Adu.
1588 627 1793 666 [πολυποικὶλως]
1829 632 1887 662 Cic.
1901 633 1933 662 de
1946 635 2022 664 Orat.
2034 644 2051 665 2
2067 645 2111 673 327
2124 646 2145 666 c.
2154 643 2187 670 80
2208 639 2257 666 Re-

68 652 112 682 fed
129 657 213 689 magis
233 657 462 691 perturbationem
480 654 610 689 requirit,
645 656 763 691 affecJus,
783 655 869 689 quibus
881 665 897 680 a
909 664 969 681 vero
986 655 1133 682 abducatur.
1193 655 1266 691 liqna
1281 666 1402 691 peruarie
1416 658 1584 695 iucundeque
1598 671 1749 692 narrantur.
2051 658 2060 672 ³

69 692 126 719 Ore
141 686 252 719 coiifnso
265 702 373 728 magnac
382 689 597 728 perturbationis
613 688 697 718 Notas
710 699 772 726 Prae
786 689 912 731 se,f²¹'e¹¹⁵
939 691 1015 717 curt·
1031 693 1058 724 ⁶³
1070 699 1097 725 7,
1109 695 1132 722 8·
1231 698 1248 719 Ρ
1259 699 1274 719 ¹⁴3
1287 698 1306 718 R
1319 700 1338 719 V
1349 699 1372 720 Α
1383 701 1396 720 S
1407 701 1427 720 T
1437 702 1456 722 O
1466 716 1473 727 ν
1495 701 1548 723 ’5Γο-
1585 699 1800 738 [καταλῆἷζψω]
1837 703 1942 740 ΡΥΟΓῙΝῘ
1954 715 1987 733 va
2009 718 2061 736 ¹¹²?-
2103 709 2164 738 Ῐ-ῙΗ·
2186 712 2216 746 ⁶³
2241 723 2256 746 4

69 727 219 755 Oculorum
233 728 399 764 perturbatio
412 726 477 753 sicca
505 726 626 754 Scribou.
640 736 675 759 32.
790 727 848 754 cic.
861 734 910 760 pro
924 726 1005 753 Flac-c.
1020 735 1055 760 94
1070 735 1091 753 c.
1106 736 1134 760 37
1193 727 1234 754 Ad
1251 729 1438 770 peruastandos
1452 730 1534 761 fines,
1567 743 1600 759 ne
1614 735 1679 767 quid
1694 737 1726 762 ad
1741 747 1812 765 nona
1824 741 1931 769 consilia
1947 706 2131 780 reliiiquerent
2144 747 2245 775 virium

69 763 172 790 Videtis
186 773 241 799 qno
255 765 283 790 in
300 769 374 790 motu
388 769 557 797 temporum,
578 771 674 796 quanta
688 762 716 789 in
733 761 905 801 conuersi-one
920 762 1020 788 Rerum
1034 765 1063 788 ac'
1076 771 1134 796 per-
1150 769 1175 791 ις
1193 763 1302 792 duxere.
1376 767 1407 791 Itt
1421 775 1454 800 33,
1468 775 1497 802 37
1516 767 1618 795 Libuos
1632 778 1715 803 quiuu
1729 775 1919 806 peruastalscnt.
2246 768 2257 783 ³

67 799 223 827 turbatione
238 800 386 826 versemur:
493 799 566 825 Idem
582 799 653 825 Fam.
667 808 693 834 9,
704 806 729 827 ις
759 797 930 837 Μὶιᾌτιεᾞιε
945 803 1016 824 tanta
1028 806 1131 837 pertur-
1228 808 1268 828 PE
1278 806 1329 835 KV
1339 807 1361 828 Α
1372 807 1417 841 ssi*
1427 809 1449 828 Λ
1459 809 1480 828 T
1491 810 1511 828 v
1521 810 1550 837 s,
1569 813 1598 837 a,
1625 814 1681 832 um.
1719 808 1788 836 l’art.
1831 811 1909 846 Agris
1922 815 2008 848 paffim
2021 817 2175 851 peruastatis
2194 819 2256 848 Liu.

67 834 178 862 batione
194 830 361 862 Valetudinis
375 841 434 860 tuae
446 840 500 860 tam
513 834 632 869 grauiter
643 833 821 861 exanimatum
840 831 935 859 fuine?
1052 833 1132 860 Vitae
1192 841 1216 870 Β,
1231 845 1266 870 ι9.
1338 837 1414 864 Italia
1428 839 1576 873 peruastata
1595 841 1664 868 Tac.
1679 841 1750 871 Ann.
1763 853 1799 878 ις,
1811 854 1850 880 43,
1862 855 1882 874 i.

66 870 232 906 perturbatio
245 877 271 897 et
285 879 378 905 magua
392 870 512 897 confulio
533 871 588 898 Cic.
597 870 628 897 de
642 871 705 897 Nat.
719 869 800 895 Deor.
810 877 829 901 ι,
838 877 858 899 3.
945 867 1053 907 'Nouae
1069 878 1130 903 per·
1228 879 1243 899 1²
1253 879 1269 899 Ε
1279 880 1296 899 R
1310 878 1332 899 v
1343 879 1358 899 Β
1369 880 1377 899 1
1389 879 1476 910 QVF.
1522 876 1590 903 Adu.
1628 876 1746 906 Tertull.
1760 881 1792 908 de
1805 881 1868 911 Pali,
1880 892 1902 909 ς,
1916 893 1938 910 2,
1981 887 2032 913 Sed
2043 890 2176 924 Salmasius
2189 892 2258 918 dim..

65 906 231 933 turbationes
252 905 325 934 Idem
339 906 371 932 de
386 906 449 933 Fato
465 914 489 932 2.
587 904 803 933 Pei-turbationes
818 912 865 943 per
878 903 903 929 se
919 903 1036 946 Vinosae
1056 904 1131 932 Idem
1191 908 1233 933 dit
1253 909 1277 934 h.
1291 918 1322 936 m.
1360 909 1395 936 Vt
1410 910 1471 937 iude
1485 911 1558 939 velut
1572 921 1603 939 ex
1617 913 1728 942 furculis
1743 923 1769 944 et
1780 918 1989 954 propaginibus,
2014 925 2107 958 populi
2121 927 2153 953 de
2173 935 2257 963 popu.

65 941 150 968 Tusc.
163 952 177 975 4
192 951 215 970 c.
228 948 265 972 28-
284 944 316 967 de
333 942 470 974 affatibus.
597 942 700 968 Afferrc
713 940 960 976 perturbationem,
983 941 1051 979 fnd·
1072 946 1131 981 AQF-
1143 948 1176 967 20
1192 943 1224 970 lis
1234 965 1242 979 ,
1268 943 1346 971 vrbes
1359 944 1392 971 de
1406 945 1519 974 vrbibus
1533 948 1683 984 perubique
1695 951 1770 979 orbis
1788 961 1982 988 pangerentur:
2017 962 2056 986 διὰ
2069 965 2182 996 ravi-axi
2200 966 2247 996 vic

0 983 3 991 ·
47 983 160 1008 ',1-·ERO.
279 974 382 1004 Afferre
396 986 516 1004 errorem
529 977 625 1005 animis
641 975 927 1014 perturbationemque
957 975 1013 1004 Cic.
1026 976 1060 1002 de
1068 977 1131 1004 Diu.
1191 981 1259 1014 quod
1271 981 1359 1006 Latine
1371 984 1475 1008 reddere
1486 990 1555 1009 tanto
1569 985 1651 1011 minus
1671 988 1798 1014 dubitauit
1810 990 1895 1024 Afer,
1921 1001 1973 1019 cum
1986 993 2086 1030 vbiquc
2098 999 2219 1032 gentium
2231 985 2257 1028 e}

63 1022 87 1049 i,
99 1008 127 1040 62‘
143 1022 165 1040 c.
180 1022 219 1046 30.
337 1014 515 1040 Commoneri
531 1022 626 1048 magna
647 1013 732 1040 animi
746 1011 950 1046 perturbatione
987 1011 1061 1039 Idem
1077 1013 1130 1039 Att.
1191 1015 1295 1050 vbiqne
1309 1021 1442 1044 terrarum
1455 1019 1571 1055 audiffiw.
1614 1021 1670 1048 Vid.
1685 1023 1761 1051 Salm.
1776 1033 1802 1059 p.
1816 1028 1871 1060 167.
2036 1046 2042 1053 .

61 1051 89 1084 6,
103 1059 122 1076 ι.
231 1049 312 1076 Fiunt
326 1059 393 1084 qnae
406 1058 466 1075 cum
479 1049 566 1082 aliqua
582 1047 802 1083 perturbatione,
831 1056 963 1089 eantque
982 1048 1132 1075 constanter
1227 1059 1242 1078 Ρ
1253 1059 1269 1079 E
1280 1058 1299 1078 R
1309 1058 1331 1078 V
1343 1050 1389 1080 ΕΗ
1399 1060 1434 1086 O,
1457 1055 1501 1087 xi,
1522 1055 1612 1091 chun,
1632 1056 1686 1084 ere.
1722 1058 1913 1097 [κατακομίζων]
1955 1065 2034 1100 Vsque
2051 1067 2079 1092 in
2093 1068 2201 1105 aisqufm
2219 1072 2256 1097 [ο.

62 1085 122 1112 fiel'i
136 1086 240 1120 P0ss¹¹¹¹t
250 1106 258 1118 2
283 1095 330 1112 ¹¹⁶⁰
343 1085 393 1118 51⁵2
419 1085 465 1119 ‘1¹¹³
480 1084 573 1111 adsum
588 1084 700 1119 Pfflbffl'i
730 1083 805 1111 Idem
818 1084 874 1110 Ofl·
890 1093 908 1116 Ι,
924 1090 972 1118 ¹37-
1081 1084 1131 1111 Fu·
1190 1096 1243 1113 cum
1254 1094 1368 1123 portare.
1415 1089 1483 1117 Plin.
1497 1099 1535 1124 35,
1548 1095 1564 1118 6
1585 1090 1634 1118 Sed
1649 1093 1711 1120 inde
1725 1104 1781 1123 non
1793 1097 1978 1131 peruehuntur
1991 1102 2023 1128 ad
2038 1112 2096 1130 nos.
2193 1106 2256 1134 Liu.

60 1130 123 1156 gere
137 1121 369 1156 perturbationes,
406 1121 425 1147 i.
450 1121 535 1147 Mnus
553 1121 635 1147 animi
653 1120 741 1146 nimios
754 1120 849 1146 rationi
868 1128 916 1146 non
935 1120 1131 1155 obtemperantes
1146 1126 1174 1150 25
1191 1131 1215 1156 ς,
1232 1133 1265 1155 4ο
1279 1131 1345 1150 extr.
1367 1126 1493 1161 Virgines
1513 1128 1636 1162 sacraque
1651 1129 1678 1155 in
1699 1130 1845 1164 planstrum
1865 1133 2010 1169 imposuit:
2047 1145 2073 1166 et
2087 1140 2180 1174 Caere,
2200 1151 2256 1177 quo

35 1155 39 1161 “
60 1158 119 1185 (ῖς,
137 1158 191 1184 Off,
207 1168 225 1191 ι,
241 1161 288 1190 135.
415 1156 564 1183 Immittere
577 1155 791 1191 perturbationes
803 1176 812 1189 ,
849 1156 904 1182 vid.
926 1162 1006 1182 ιΜΜ
1017 1162 1131 1196 1J1’T0.
1191 1159 1244 1185 iter
1262 1159 1441 1188 sacerdotibus
1462 1168 1518 1190 erat
1529 1183 1538 1196 ,
1574 1165 1706 1197 peruexit.
1825 1167 2007 1205 Nauigatione
2019 1174 2129 1202 secunda
2144 1178 2257 1212 peruchi

60 1194 92 1220 Iu
108 1193 322 1228 perturbationes
336 1192 599 1226 exanimationesque
612 1201 646 1219 ne
659 1191 809 1219 Incidainus
823 1191 970 1218 cauendum
988 1192 1058 1232 .c.¹⁰·
1074 1192 1129 1232 Off.
1189 1195 1260 1222 Tac.
1275 1196 1342 1222 Ann.
1360 1205 1386 1230 2,
1401 1204 1424 1232 8,
1440 1207 1458 1225 ι.
1568 1200 1625 1227 Cic.
1640 1201 1746 1235 Att.,14,
1760 1212 1786 1236 ¹9
1806 1203 1864 1231 Nos
1878 1212 1964 1234 autem
1977 1208 2059 1237 alium
2073 1218 2181 1245 portum
2195 1223 2257 1248 pro-

60 1238 81 1263 1,
97 1239 127 1261 131
142 1239 164 1256 c.
181 1232 216 1261 36.
326 1228 452 1255 Incitatus
465 1228 520 1262 ira,
541 1235 586 1255 aut
602 1227 822 1263 perturbatione,
839 1228 972 1267 impeturn
985 1228 1083 1268 iniuste
1098 1238 1127 1254 in
1189 1230 1294 1266 piorem
1310 1231 1373 1259 huic
1386 1234 1466 1262 aetati
1480 1233 1652 1270 videbamus,
1671 1237 1699 1263 in
1713 1247 1792 1272 quem
1806 1241 1912 1268 mallem
1926 1244 2048 1278 equidem
2061 1248 2172 1282 Peruehi
2209 1250 2257 1277 flo-

59 1274 122 1292 cum
138 1265 201 1292 fecit
218 1263 291 1292 Idem
306 1263 342 1291 ib.
355 1274 374 1298 i,
388 1271 427 1297 23.
561 1266 685 1292 Peccatur
703 1263 909 1304 perturbatione
924 1269 1036 1290 rationis
1051 1270 1130 1299 atque
1190 1273 1266 1294 rente
1279 1267 1362 1296 Bruto
1376 1270 1485 1303 nostro,
1505 1271 1701 1307 constitutaque
1712 1274 1868 1309 Republica.
1986 1281 2059 1308 Idem
2079 1283 2163 1311 Tusc.
2180 1270 2202 1319 i,
2218 1294 2258 1319 ιι9

59 1301 165 1327 ordinis
179 1300 310 1336 quidquid
325 1307 447 1335 peccatur
466 1300 540 1328 Idem
554 1301 582 1327 in
596 1300 688 1328 Parad.
703 1309 723 1332 3.
813 1300 881 1335 Regi
895 1305 998 1339 impetu
1010 1300 1129 1334 quodam
1141 1308 1174 1333 30
1188 1311 1210 1329 c.
1224 1313 1255 1337 49
1294 1304 1404 1332 Portum
1418 1307 1506 1341 potius
1525 1314 1645 1340 paratum
1659 1309 1738 1336 nobis
1751 1317 1779 1338 et
1790 1313 1948 1349 profugium
1961 1322 2084 1350 putemus
2137 1329 2192 1354 quo
2207 1321 2258 1348 vti-

16 1348 18 1350 ·
31 1352 45 1359 a*
57 1337 144 1364 flnimi
158 1343 184 1364 et
192 1337 423 1384 mertui-batione,
442 1337 563 1364 Confilio
576 1343 621 1363 ant
636 1336 756 1370 iudicio,
774 1337 904 1376 copti-aria
932 1337 990 1363 Cic.
1005 1335 1041 1376 fle.
1050 1337 1127 1364 Orat.
1188 1348 1249 1365 nam
1263 1340 1330 1366 velis
1344 1342 1415 1375 paffis
1429 1342 1539 1377 peruehi
1563 1342 1650 1370 liceat.
1687 1346 1717 1371 de
1730 1354 1816 1374 morte.
1913 1350 1969 1377 Cic.
1985 1353 2039 1380 Off.
2058 1362 2080 1386 2,
2091 1340 2120 1387 ’¹9
2141 1365 2162 1382 c.
2176 1358 2191 1382 6
2223 1357 2257 1384 Et

58 1382 82 1406 3,
98 1377 148 1408 ι78.
221 1372 398 1399 Succumbere
411 1381 497 1408 neque
511 1372 710 1408 perturbationi
723 1372 820 1407 animi,
836 1381 923 1408 neque
936 1372 1042 1398 homini
1051 1392 1061 1406 ,
1081 1381 1127 1399 ne.-
1187 1384 1271 1409 quum
1287 1379 1415 1412 prospero
1429 1379 1492 1405 flatu
1512 1378 1570 1405 eius
1584 1380 1704 1414 vtimur,
1739 1382 1772 1409 ad
1785 1384 1872 1412 exitus
1886 1387 2061 1420 peruehimux·
2073 1397 2191 1424 optatos:
2229 1399 2257 1419 et

57 1417 111 1444 que
122 1409 248 1436 fortunae
269 1409 344 1436 Idem
357 1407 412 1436 Off.
427 1411 469 1435 66.
1185 1420 1270 1446 quum
1284 1413 1402 1447 rennuit,
1423 1414 1576 1449 affligimur.
1611 1417 1644 1443 d?
1659 1416 1778 1450 firtuna.
1865 1422 1898 1449 Iri
1910 1422 2013 1456 Aliam,
2032 1431 2111 1461 atquc
2125 1427 2189 1455 inde
2203 1428 2256 1456 Ro.

50 1448 53 1450 ’
94 1451 111 1472 P
120 1452 138 1472 E
150 1451 168 1470 R
180 1451 202 1471 'r
211 1451 232 1469 v
243 1451 262 1471 R
276 1451 291 1471 P
302 1453 311 1471 1
322 1452 334 1471 s
343 1466 350 1478 ,
371 1454 394 1471 c.
414 1445 474 1472 Adi.
516 1446 595 1472 Valde
608 1451 688 1479 turpe.
725 1444 783 1472 Cic.
796 1453 847 1479 pro
854 1444 926 1470 Cael.
936 1453 965 1474 50
973 1453 995 1470 c-
1004 1452 1036 1485 ,²0
1056 1444 1126 1470 Cum
1186 1456 1257 1474 mam
1271 1450 1428 1483 peruec'tum
1440 1450 1477 1477 est
1495 1450 1564 1478 Tac.
1581 1451 1648 1479 Hist.
1655 1460 1678 1486 2,
1687 1462 1744 1487 9,4.

55 1479 105 1508 hac
119 1480 221 1516 aliquid
236 1481 428 1508 adolescentem
442 1479 582 1508 hominem
597 1480 715 1507 habuisse
729 1480 860 1514 rationis,
878 1489 945 1506 num
961 1480 1011 1507 tibi
1022 1486 1125 1516 pertur-
1143 1486 1169 1510 35
1198 1519 1204 1524 ἱ
1222 1490 1238 1510 P
1249 1490 1265 1510 Ε
1277 1490 1296 1510 R
1310 1491 1331 1511 v
1341 1491 1359 1512 E
1369 1493 1387 1513 C
1397 1492 1420 1514 Τ
1433 1493 1492 1520 vs,
1519 1495 1551 1519 a,
1578 1497 1634 1516 um.
1670 1489 1765 1518 Partic.
1809 1490 2026 1531 [κιτιιιομιῦιὶι]
2062 1496 2205 1527 Ρετιιεᾶιιε
2224 1499 2256 1527 in

55 1525 89 1557 pe
101 1524 144 1543 aut
160 1517 369 1552 perflagitiosum
382 1517 431 1544 else
444 1517 585 1545 videatusz
976 1554 979 1557 ι
1185 1519 1249 1546 litus
1269 1520 1337 1547 Plin.
1351 1530 1375 1555 9,
1391 1527 1413 1553 8.
1492 1523 1563 1550 Pass'u
1577 1523 1632 1551 cito
1644 1525 1770 1560 pei-neela
1782 1528 1819 1555 est
1832 1528 1865 1555 ad
1878 1529 1961 1558 litora
1991 1532 2037 1559 Sil.
2054 1539 2079 1567 8,
2093 1537 2145 1562 126.
2183 1537 2255 1564 Add.

94 1560 134 1580 i‘r
145 1559 166 1579 ι
181 1559 204 1579 Τ
219 1559 239 1578 ν
251 1560 263 1579 s
273 1560 286 1579 s
298 1560 306 1579 1
319 1560 349 1586 s,
370 1553 401 1581 is.
420 1553 442 1580 f.
477 1555 557 1590 Apud
569 1553 710 1584 Senecam,
728 1559 759 1580 vt
770 1552 811 1579 ait
825 1551 1025 1589 Despauterzus‚
1047 1549 1127 1585 Tuffls
1185 1555 1260 1583 Idem
1273 1567 1298 1590 4,
1314 1566 1348 1589 5¹·

54 1587 104 1625 ‘st’
121 1598 185 1623 quae
197 1589 312 1615 continue
325 1596 413 1616 vexat.
1222 1599 1238 1619 P
1248 1597 1266 1618 Ε
1277 1598 1330 1634 [ἢν
1341 1600 1358 1619 Ε
1372 1599 1390 1620 C
1401 1599 1423 1619 T
1433 1598 1454 1620 0
1465 1599 1486 1620 R
1496 1614 1504 1627 2
1525 1594 1591 1622 ὔῐὶῦ-
1627 1604 1665 1624 m·
1703 1597 1853 1629 symmach.
1864 1599 1944 1636 Epist.
1957 1613 1982 1637 4,
1989 1605 2022 1638 64
2042 1604 2189 1635 Peruee'tor
2201 1607 2256 1643 api-

68 1652 72 1655 ,
96 1631 113 1651 r
121 1632 139 1652 r:
148 1631 166 1651 R
177 1630 199 1650 'r
210 1630 232 1650 v
242 1631 255 1651 s
265 1631 286 1651 v
297 1631 310 1651 s
319 1645 327 1658 ,
363 1624 417 1653 vid.
438 1630 632 1652 PERTVNDO.
1184 1636 1254 1655 cum.
1292 1638 1311 1655 1.
1335 1629 1500 1657 Tamum-ius.

93 1667 110 1688 P
121 1666 138 1687 Ε
153 1667 173 1688 R
183 1667 205 1686 v
215 1661 237 1687 Α·
245 1667 264 1686 D
273 1667 309 1693 0,
327 1660 364 1694 fi,
381 1661 437 1687 sum
445 1682 455 1695 ‚
479 1662 534 1689 ere.
571 1661 737 1695 [διαβκόίζω]
780 1661 827 1687 Ad
835 1662 946 1695 aliquem
964 1669 1041 1695 vsque
1048 1660 1125 1695 finem
1136 1671 1171 1695 ⁴0
1222 1672 1238 1690 p
1248 1671 1265 1691 E
1275 1671 1294 1690 R
1303 1670 1325 1690 v
1335 1671 1352 1691 E
1363 1671 1404 1691 LL
1415 1672 1436 1692 o
1446 1686 1455 1698 ‚
1485 1665 1549 1692 velli
1562 1673 1587 1692 et
1600 1666 1682 1700 vulfi,
1702 1667 1823 1703 vulsum,
1843 1672 1897 1699 Ere.
1941 1673 2121 1710 [uacui-Iam]
2165 1678 2255 1706 Cicer.

55 1697 159 1722 va'dere.
195 1696 364 1729 Pertrarfire.
421 1697 491 1724 Tac.
506 1698 575 1723 Ann.
590 1707 615 1730 4,
627 1705 649 1726 5¹
671 1695 768 1730 Neque
781 1702 869 1722 tamen
884 1697 1023 1730 peruasere
1037 1695 1124 1722 hostes
1184 1699 1270 1727 Tusc.
1282 1708 1305 1732 3,
1318 1702 1347 1731 36
1361 1709 1383 1726 c.
1398 1710 1422 1732 ιγ
1463 1701 1537 1734 Quid
1552 1701 1639 1736 iaces,
1675 1709 1721 1730 aut
1735 1705 1801 1738 quid
1813 1709 1939 1735 moeres?
1975 1717 2021 1736 ant
2034 1720 2082 1737 cur
2097 1712 2256 1747 succumbis,

56 1732 106 1759 „ist
120 1731 266 1759 admodum
279 1732 365 1766 pauci.
439 1732 501 1758 Liu.
515 1740 542 1766 7,
554 1733 584 1764 36
600 1733 674 1759 Inter
687 1730 906 1764 trepidationem,
926 1730 1123 1764 tumultumque
1183 1734 1308 1768 cedisque
1322 1734 1471 1761 fortunae?
1509 1745 1577 1770 quae
1597 1738 1745 1771 peruellere
1763 1746 1789 1767 te
1812 1741 1922 1769 forsitan
1942 1746 2062 1778 potuerit
2081 1753 2107 1774 et
2127 1756 2246 1783 pungere

55 1768 202 1795 Samnitum
215 1788 224 1800 ,
262 1767 423 1802 praesidium
437 1768 588 1794 Romanum
608 1765 698 1793 obuiis
718 1765 871 1792 custodibus
891 1765 969 1792 caelis
989 1765 1024 1792 ad
1040 1765 1124 1791 eastra
1184 1778 1239 1795 non
1257 1770 1346 1803 potnit
1365 1777 1436 1797 certe
1455 1770 1527 1797 vires
1547 1771 1682 1807 frangere.
1793 1776 1895 1803 Aurem
1917 1781 2067 1813 pei-uellere
2079 1802 2089 1815 ,
2125 1784 2179 1810 vid.
2197 1773 2256 1813 AV:

54 1810 126 1831 cos.
140 1802 272 1838 pei-uadit.
379 1802 435 1829 Cic.
448 1802 480 1827 de
494 1802 557 1829 Nat.
577 1802 659 1828 Deor.
673 1809 698 1834 2,
713 1809 754 1833 ¹45
781 1801 912 1840 Similiter
925 1809 1019 1833 nare5‚
1055 1809 1123 1841 quae
1184 1809 1257 1831 Ris.
1377 1806 1470 1833 Fidem
1484 1806 1599 1833 alicuius
1612 1807 1778 1843 peruellere,
1795 1818 1843 1846 pro
1857 1814 1995 1848 Ceſjiintem
2007 1818 2126 1846 excitare.
2165 1820 2254 1848 Senec.

51 1839 156 1872 semper
168 1845 280 1873 propter
293 1837 446 1864 necessarias
460 1837 587 1864 vtilitates
599 1843 688 1872 patent
703 1857 712 1869 ‚
748 1837 945 1864 contradhores
962 1835 1061 1863 habent
1082 1845 1122 1862 m.
1135 1846 1166 1871 45
1182 1840 1215 1867 de
1228 1840 1320 1867 Benef.
1334 1849 1355 1871 ς.
1428 1843 1478 1868 Sed
1496 1843 1552 1869 Cic.
1567 1843 1600 1870 de
1611 1845 1688 1872 Orat.
1704 1853 1723 1878 1,
1738 1849 1783 1879 265
1797 1850 1857 1875 c.62
1870 1857 1936 1877 extr.
1959 1851 2058 1887 Neque
2069 1854 2142 1881 enim
2156 1855 2256 1891 inquit,

50 1874 166 1906 troitus,
185 1882 220 1899 ne
233 1873 298 1908 quid
314 1873 341 1899 in
357 1882 418 1906 eas,
439 1872 511 1907 quod
524 1879 632 1906 noceat,
653 1872 727 1908 possit
739 1872 895 1908 peruadere.
979 1873 1029 1901 Per
1043 1881 1122 1907 agros
1181 1883 1236 1903 tam
1250 1876 1321 1903 mihi
1336 1876 1462 1904 molestus
1476 1878 1545 1912 fuit,
1566 1880 1640 1913 quod
1655 1881 1697 1907 ins
1713 1882 1835 1910 nostrum
1847 1885 1939 1912 Ciuile
1952 1889 2093 1922 peruellit,
2119 1900 2199 1926 quam
2213 1893 2255 1920 in-

50 1916 179 1945 quantum
194 1908 349 1936 incendium
364 1908 511 1944 peruaserit
524 1909 634 1936 cernitis
655 1908 728 1949 Idem
743 1905 820 1936 Veir.
835 1918 858 1942 3,
870 1910 904 1935 66
917 1910 985 1938 c.26.
1058 1909 1120 1936 Liu.
1181 1913 1299 1955 enudus,
1338 1912 1413 1947 quod
1428 1915 1453 1941 sc
1466 1914 1493 1940 id
1512 1915 1612 1943 nescire
1633 1917 1762 1944 confessus
1784 1919 1820 1946 est
1833 1937 1842 1951 ‚
1879 1922 1898 1948 i.
1930 1923 2049 1960 vellicat,
2086 1929 2254 1962 repmhemlit.

49 1955 74 1979 ς,
86 1955 100 1979 7
118 1945 225 1979 Qiibus
239 1954 322 1980 quum
335 1944 499 1980 ampliffimis
511 1945 602 1972 verbis
615 1951 715 1979 gratiae
728 1944 761 1971 ab
775 1946 871 1972 Senatu
884 1944 957 1985 ³⁶}st
971 1945 1062 1978 effent,
1076 1945 1122 1971 Fa-
1180 1949 1251 1975 Hor.
1268 1952 1348 1975 Serm.
1363 1959 1385 1982 2,
1399 1955 1424 1979 8,
1439 1956 1453 1980 3
1475 1950 1590 1985 Rapula,
1610 1952 1742 1989 lactucae,
1762 1955 1880 1990 radices,
1898 1959 1987 1992 qualia
2000 1960 2093 1989 laffinn
2146 1964 2254 1992 Peruel-

50 1990 148 2016 niaque
160 1990 190 2009 ea
202 1981 295 2008 forum
307 1988 386 2015 atque
398 1980 494 2007 vrbem
507 1980 672 2015 peruafiss'et‚
710 1980 800 2008 subito
813 1980 846 2007 ad
861 1989 964 2007 curiam
977 1981 1120 2007 concursus
1180 1984 1239 2010 lunt
1253 1983 1428 2011 steinachum.
1483 1986 1506 2012 h.
1521 1995 1542 2012 e.
1581 1988 1709 2020 Irritant,
1736 1996 1763 2014 et
1776 2000 1830 2017 eum
1843 1996 1951 2026 quadam
1963 1997 2125 2025 delmatiam:
2133 2006 2254 2035 pungunt

49 2017 81 2045 fit
95 2016 190 2052 plebis.
225 2016 301 2050 Conf.
325 2017 399 2044 Idem
418 2025 440 2048 2,
453 2025 488 2048 23·
598 2016 711 2043 Morbus
726 2016 840 2051 peruasit
876 2017 933 2042 Cic.
948 2025 998 2049 pro
1011 2016 1082 2042 Sulla
1094 2024 1120 2046 53
1132 2026 1165 2048 50
1180 2026 1255 2053 atque
1271 2020 1394 2046 excitant.

49 2064 72 2080 c.
87 2062 122 2084 n).
222 2052 284 2078 Liu.
299 2054 340 2084 26,
353 2061 378 2086 ις
397 2052 524 2077 Murmur
536 2060 551 2077 a
564 2051 715 2078 Tribunali
728 2057 814 2078 totam
827 2050 985 2077 concionem
1000 2050 1121 2084 peruafit,
1217 2061 1232 2080 P
1242 2060 1259 2080 E
1269 2060 1288 2080 R
1298 2062 1319 2081 v
1330 2053 1348 2081 ἓ
1359 2062 1380 2081 Ν
1390 2062 1400 2082 1
1410 2060 1431 2082 o
1440 2075 1448 2088 ,
1469 2055 1534 2082 veni
1543 2075 1552 2089 ‚
1571 2062 1684 2084 ventum
1693 2076 1702 2091 ,
1725 2060 1775 2087 fre.
1813 2060 1948 2096 [quenum.
1973 2065 2120 2102 ἐξηγέομαι,
2143 2068 2242 2104 nequ„

51 2087 153 2115 deferri
167 2096 225 2114 rem
238 2087 369 2122 integram
382 2086 414 2113 ad
430 2087 517 2113 Patres
532 2086 564 2113 dc
580 2086 732 2122 Campanis.
842 2086 899 2113 Cic.
915 2086 1050 2127 pro‘Lege
1064 2086 1120 2113 Ma·
1179 2091 1336 2125 ἂφικνέομαι]
1374 2093 1419 2116 Aa'
1434 2091 1593 2128 constitutum
1606 2094 1686 2119 locum
1700 2096 1804 2128 venire,
1830 2099 1920 2126 Venire
1932 2109 1968 2129 eo,
1979 2111 2026 2136 quo
2041 2104 2144 2132 ibamus„
2182 2093 2252 2136 punt

50 2125 99 2151 nil.
114 2132 142 2156 23
158 2133 179 2150 c.
191 2132 207 2157 9
227 2123 290 2149 Erat
309 2122 390 2150 etiam
403 2122 456 2149 alia
476 2122 565 2157 grauis
583 2128 662 2157 atque
681 2131 712 2148 ea
732 2122 878 2149 vehemens
892 2122 1015 2157 opimo,
1052 2130 1119 2162 quac
1181 2135 1220 2158 10,
1234 2134 1266 2162 37
1285 2127 1341 2160 Ipse
1355 2127 1467 2161 perneni
1484 2128 1517 2154 ad
1531 2128 1636 2156 fontem
1654 2130 1829 2164 puriffimum.
1937 2136 2045 2165 Mature
2057 2149 2117 2167 cum
2130 2144 2252 2171 exercitii

50 2169 100 2196 per
113 2159 218 2186 animos
231 2158 351 2193 gentium
364 2158 539 2186 Barbararum
554 2160 720 2192 peruaserat,
741 2158 798 2185 fani
811 2157 1006 2193 locupletissimi
1019 2163 1044 2185 et
1057 2158 1120 2184 reli·
1179 2161 1274 2195 aliquo
1287 2162 1432 2196 peruenire
1462 2163 1518 2191 Cic.
1532 2173 1583 2199 pro
1597 2165 1719 2192 Muraen.
1733 2175 1761 2193 22
1775 2178 1796 2195 c.
1812 2179 1837 2203 9.
1954 2172 2029 2200 Idem
2043 2175 2071 2201 in
2084 2177 2170 2206 Pison.
2185 2182 2212 2206 61
2227 2189 2251 2207 c.

49 2195 185 2231 giofissimi
205 2194 353 2230 diripiendi
372 2195 448 2221 causa
466 2195 495 2221 in
516 2203 559 2221 cas
579 2203 638 2221 oras
658 2195 780 2221 nostrum
798 2194 948 2221 exercitum
973 2193 1022 2220 esse
1041 2193 1121 2221 addu-
1136 2201 1165 2224 55
1180 2206 1209 2228 25
1232 2198 1288 2232 Ipse
1308 2206 1368 2225 cum
1385 2198 1544 2226 hominibus
1566 2201 1720 2235 quindecim
1733 2203 1800 2231 male
1813 2204 1914 2234 vestitis
1926 2207 1958 2234 ad
1972 2216 2078 2243 portam
2095 2213 2250 2242 Caelimon-

51 2233 135 2259 ἂωῃ,
220 2230 311 2257 Pallor
324 2236 433 2265 repente
445 2230 558 2265 peruasit
571 2239 618 2257 ora
636 2231 682 2257 Sil.
696 2239 719 2263 7,
731 2236 791 2265 427.
883 2230 978 2270 Polum
994 2229 1119 2265 peruadc,
1178 2240 1267 2260 tanam
1281 2233 1369 2261 ficiens
1381 2236 1563 2270 peruenerim.
1661 2238 1692 2264 In
1706 2246 1815 2273 portum
1829 2241 1900 2269 salua
1919 2252 1987 2272 naue
2025 2248 2186 2281 Qinffila
2213 2259 2249 2286 17.

49 2266 189 2303 splendida
202 2267 295 2293 mundi
310 2266 393 2294 sidera
405 2266 474 2301 bigis
488 2266 624 2294 continuis
637 2266 732 2301 secepit
744 2265 836 2301 spoliis
856 2266 950 2293 Aetius
965 2268 1033 2301 apud
1040 2267 1118 2292 Varr.
1175 2269 1210 2296 ,In
1223 2270 1394 2297 Prouinciam
1409 2271 1552 2306 peruenire
1573 2271 1689 2300 Traian.
1702 2273 1735 2300 ad
1750 2275 1817 2305 Plin.
1831 2278 1911 2312 Epist.
1928 2289 1966 2314 io,
1979 2288 2021 2316 27.
2129 2272 2249 2314 Ter'enf·

51 2304 84 2331 de
92 2303 159 2330 L.L.
169 2304 330 2337 6,3p.68,13.
351 2304 380 2329 it.
389 2302 422 2330 de
428 2303 492 2330 L.L.
501 2304 688 2339 6‚2St'gn{fic.vt
701 2309 782 2328 autem
795 2303 875 2328 eodem
884 2303 962 2329 Varr.
970 2303 1118 2337 interprete,
1178 2306 1247 2332 Eun.
1263 2315 1282 2337 ι,
1296 2316 1318 2340 2,
1332 2315 1370 2339 44
1390 2308 1429 2334 Ita
1443 2306 1496 2334 est:
1532 2307 1576 2334 sed
1591 2308 1644 2334 fine
1663 2318 1706 2336 me
1723 2313 1868 2345 peruenire
1886 2324 1941 2349 quo
1955 2317 2021 2345 volo
2032 2339 2042 2352 ,
2078 2321 2097 2347 i.
2123 2331 2250 2350 enarrare

51 2339 168 2367 Pei-unde
180 2338 287 2372 polum,
313 2338 386 2366 Vade
398 2346 447 2374 per
459 2339 561 2374 polum.
667 2339 775 2366 Lucret.
789 2347 808 2372 ι,
821 2339 866 2371 556
897 2338 1119 2379 Summumjieta-
1178 2348 1266 2374 totum,
1278 2343 1345 2378 quod
1354 2342 1429 2377 coepi.
1535 2344 1585 2370 Per
1598 2345 1728 2372 summam
1743 2347 1872 2376 iniuriam
1886 2350 1918 2377 ad
1934 2353 2045 2381 miseros
2059 2364 2176 2385 aratores
2183 2359 2250 2393 quid

50 2375 85 2402 (ᾗς
97 2373 244 2409 peruadere
257 2375 350 2401 florem
358 2395 367 2408 ,
402 2377 421 2401 i.
440 2378 476 2402 ad
482 2375 622 2411 pepfet‘lam
634 2375 805 2401 maturitatem
818 2381 842 2401 et
854 2373 932 2407 ἂκμιὶν
940 2381 1083 2410 peruenire,
1093 2380 1118 2400 et
1129 2374 1164 2401 60
1178 2377 1214 2403 est
1223 2398 1233 2412 ,
1253 2378 1282 2404 in
1295 2378 1445 2406 calamitate
1457 2378 1574 2413 residui,
1593 2380 1666 2415 quod
1683 2382 1807 2412 Praetore
1823 2386 1908 2414 Verre
1922 2397 1977 2415 non
1990 2394 2164 2424 peruenerit?
2189 2395 2248 2424 Cic,

52 2411 109 2437 imge
120 2410 211 2446 ,aqum
226 2411 364 2438 declinare,
917 2445 924 2450 δ
1178 2413 1259 2440 Verr.
1281 2422 1305 2446 3,
1324 2417 1382 2443 226.
1492 2415 1533 2442 Ad
1548 2416 1655 2443 Annum
1671 2418 1888 2455 septuagefimum
1908 2427 2032 2458 peruenit
2045 2429 2133 2460 Cyrus
2171 2430 2249 2459 Idem

13 2440 18 2453 x
86 2452 128 2472 1³13
138 2451 157 2472 R
167 2451 219 2472 νΑ
229 2452 274 2473 DE
284 2447 330 2474 xis
340 2468 348 2478 ,
369 2447 446 2474 entis.
484 2448 580 2474 Partic.
617 2446 726 2474 Vitruu.
739 2456 765 2481 9,
779 2456 794 2479 4
818 2446 926 2473 Saturni
939 2444 1013 2473 stella
1024 2453 1118 2481 perua-
1178 2447 1210 2489 de
1224 2450 1316 2477 Diuin.
1333 2459 1352 2484 ι,
1365 2453 1399 2484 46
1411 2459 1434 2478 c.
1449 2460 1483 2484 23.
1579 2452 1620 2479 Ad
1634 2454 1739 2488 Corpus
1759 2465 1825 2491 qnae
1839 2458 1976 2495 nostrum,
2003 2463 2141 2499 vitamque
2152 2472 2250 2501 perue-

53 2483 113 2510 ἂψ,
127 2490 176 2516 per
189 2480 256 2515 {igni
271 2483 391 2517 spatium,
1177 2490 1229 2521 nit,
1249 2493 1305 2512 non
1318 2495 1348 2513 ea
1361 2487 1416 2514 sola
1430 2488 1472 2514 vis
1487 2487 1523 2515 est
1529 2508 1538 2522 ,
1557 2496 1603 2516 etc.
1623 2489 1698 2516 Idem
1712 2498 1762 2525 pro
1777 2493 1884 2522 Caecin.
1898 2504 1941 2528 4²-
2050 2501 2082 2527 Ιη
2095 2502 2249 2530 Crastinum

85 2523 130 2544 PE
142 2523 161 2544 R
173 2519 247 2544 νᾹε
260 2525 280 2544 ν
295 2525 309 2545 S
320 2539 329 2552 ,
352 2527 384 2550 a,
404 2527 459 2545 um.
497 2519 566 2546 Part.
602 2517 677 2545 Vrbe
691 2519 799 2553 peruasa
820 2518 1029 2551 Ainmian.24‚a.
1066 2517 1117 2544 Re·
1178 2522 1322 2556 peruenire
1359 2523 1494 2557 Qinctil.
1513 2533 1537 2558 5,
1557 2534 1596 2552 io.
1703 2526 1744 2553 Ad
1761 2528 1980 2563 Desperationem
1991 2536 2136 2569 peruenire
2172 2538 2248 2566 Caes.

46 2553 140 2588 giones
158 2553 233 2580 Idem
247 2563 280 2588 3¹,
295 2560 318 2584 8.
390 2555 500 2581 Peruasa
515 2555 632 2589 migrare
647 2554 730 2582 domo
749 2553 837 2581 Sedul.
849 2563 871 2588 3,
886 2563 946 2588 309.
1063 2588 1070 2593 ·
1131 2557 1163 2587 65
1178 2557 1243 2584 Bell.
1256 2559 1340 2585 Ciuil.
1353 2568 1374 2592 2,
1390 2567 1431 2593 42.
1542 2560 1582 2587 Ad
1595 2559 1783 2596 Eloquentiam
1803 2566 1915 2600 Qun&
1931 2578 1950 2602 ι,
1964 2579 1983 2596 ι.
2088 2573 2129 2600 Ad
2149 2579 2248 2609 propr),

84 2597 125 2617 PE
136 2595 157 2616 R
167 2596 239 2617 VAS
250 2597 259 2616 1
271 2597 290 2616 O
300 2607 309 2621 ‚
330 2590 400 2617 onis.
438 2590 458 2617 f.
501 2593 532 2617 Vt
551 2590 656 2617 Inuafio
676 2592 729 2616 vim
750 2589 867 2626 iniustam
883 2597 962 2617 notat.
999 2588 1116 2616 Saliuan.
1176 2592 1254 2620 fiunn
1268 2594 1337 2621 mihi
1353 2595 1448 2622 Finem
1460 2595 1574 2623 honoris
1588 2598 1708 2625 nondum
1723 2608 1898 2634 perueneram
1936 2605 1994 2632 Cic.
2008 2615 2058 2642 pro
2071 2608 2134 2636 Sull.
2152 2620 2168 2636 ιι
2184 2620 2207 2638 c.
2222 2621 2246 2643 4.

46 2624 80 2651 de
99 2624 244 2653 Gubernat.
264 2626 316 2653 Dei
344 2634 357 2660 5
374 2626 423 2662 sub
438 2627 488 2662 fin.
534 2627 558 2654 A
583 2635 675 2653 terum
702 2626 851 2653 alienarum
877 2625 1034 2661 peruafione
1060 2633 1117 2652 non
1177 2629 1218 2656 Ad
1233 2630 1363 2657 Fortunas
1376 2631 1432 2658 suas
1444 2632 1591 2667 aliquando
1604 2636 1748 2668 peruenire
1760 2637 1812 2664 sese
1825 2639 1896 2673 posse
1909 2639 1964 2675 spes
1978 2643 2032 2670 fuit
2050 2644 2123 2671 Idem
2138 2655 2188 2680 pro
2196 2647 2247 2674 Ra-

47 2661 188 2688 abffinem·
1179 2664 1231 2692 bir.
1247 2666 1314 2693 Post.
1328 2674 1368 2701 27.
1495 2669 1537 2695 Ad
1551 2669 1664 2697 Fructus
1688 2671 1777 2699 Varro
1789 2672 1822 2700 de
1834 2674 1866 2702 R.
1880 2675 1912 2703 R.
1927 2685 1946 2711 1,
1959 2686 1986 2711 4.
2077 2681 2116 2707 Ad
2131 2681 2245 2718 Frugem

85 2703 127 2724 PE
136 2703 156 2723 R
165 2703 187 2722 v
198 2697 220 2723 Ᾰ
230 2703 243 2723 s
253 2702 273 2724 Ο
282 2704 302 2723 R
312 2717 320 2729 ‚
342 2697 408 2725 oris.
444 2707 480 2724 m.
520 2698 576 2723 Vim
589 2705 614 2724 et
628 2695 789 2733 pffffionem
803 2697 920 2734 iniustam
933 2697 1011 2733 ipsum
1025 2705 1118 2734 quoque
1176 2707 1309 2729 maturam
1330 2702 1441 2737 Qiineh
1459 2714 1477 2735 ι,
1492 2714 1512 2737 3.
1631 2706 1689 2734 Cic.
1703 2707 1782 2736 Verr.
1799 2719 1817 2743 i,
1832 2718 1878 2744 103
1896 2712 1994 2740 Vtrum
2007 2713 2174 2752 admonitus,
2209 2727 2246 2745 an

46 2733 152 2758 indicat.
190 2733 304 2760 Saluian.
319 2742 332 2763 ς
346 2741 371 2767 p.
387 2743 421 2765 114
441 2733 530 2760 Rebus
544 2743 640 2761 eorum
654 2732 814 2761 incumbunt
827 2734 991 2768 peruasores.
1014 2768 1019 2773 .
1082 2734 1114 2759 Et
1129 2743 1161 2769 70
1175 2743 1306 2771 tentatus,
1332 2747 1366 2765 an
1380 2747 1431 2774 qua
1445 2740 1481 2767 est
1495 2740 1542 2767 iste
1556 2742 1693 2777 sagacitate
1705 2743 1735 2770 in
1749 2744 1791 2772 his
1805 2746 1902 2781 rebxw,
1940 2749 1995 2776 fine
2007 2750 2074 2778 duce
2086 2753 2152 2785 illo,
2190 2754 2244 2781 nne

47 2768 192 2796 Cassiodor.
207 2768 286 2803 Epist.
300 2777 329 2803 4,
341 2778 374 2796 20
410 2770 536 2796 Manente
548 2779 634 2805 poena
648 2770 794 2805 peruasori.
852 2771 922 2797 ΛΜ.
947 2768 1049 2797 Paulm.
1068 2768 1114 2797 Pe·
1173 2773 1263 2801 indice
1276 2776 1431 2809 peruenerit
1444 2777 1474 2802 ad
1490 2776 1556 2804 hanc
1573 2779 1778 2812 Improbitatem
1792 2782 1891 2809 nescio.
1962 2785 2037 2813 Idem
2052 2787 2089 2815 ib.
2104 2798 2127 2822 2,
2140 2797 2174 2822 45
2194 2791 2243 2818 Po.

44 2810 147 2832 (mcor,
172 2807 203 2837 6,
230 2814 266 2837 43-
1173 2810 1266 2845 pulum
1279 2811 1389 2845 quidem
1402 2813 1590 2844 Syracusanum
1608 2814 1638 2840 in
1650 2815 1793 2843 maximam
1807 2818 1941 2846 Inuidiam
1957 2821 2003 2849 sna
2020 2823 2133 2851 infamia
2153 2825 2243 2852 alieno

82 2847 98 2867 ι’
107 2847 124 2867 Ε
135 2846 154 2867 R
165 2847 186 2864 v
196 2840 248 2868 KG
260 2846 281 2867 0
290 2847 310 2866 R
320 2861 330 2874 ,
349 2839 399 2866 ari.
420 2841 487 2875 Dep-
502 2842 658 2875 [memorem.
671 2842 838 2877 περιφέρειαι]
852 2842 903 2868 Per
915 2841 1022 2877 aliquem
1035 2842 1112 2868 locum
1172 2847 1295 2881 praemio
1308 2848 1466 2882 peruenisse.
1563 2849 1603 2876 Ad
1615 2851 1733 2877 Laudem
1747 2851 1865 2887 aliquam
1879 2855 1923 2883 via
1937 2856 2025 2892 aliqua
2052 2860 2109 2887 Cic.
2122 2861 2154 2887 de
2168 2862 2240 2889 clar.

45 2877 148 2909 vagari.
186 2877 243 2904 Cic.
259 2878 338 2902 Verr.
355 2885 376 2909 ἰ,
390 2883 425 2911 97
444 2877 497 2902 Hic
511 2883 536 2903 te
550 2877 673 2903 Pffletore
686 2877 851 2912 praedonum
864 2878 1003 2904 ”aniculae
1015 2886 1112 2918 peruq-
1172 2883 1248 2909 Orat.
1261 2891 1316 2917 259.
1425 2883 1500 2911 Idem
1514 2893 1563 2920 pro
1572 2885 1641 2913 Sext.
1662 2886 1716 2913 Vix
1729 2887 1787 2915 sero
1800 2895 1827 2916 et
1838 2898 1901 2918 raro
1916 2892 1949 2919 ad
1964 2894 2060 2922 Manus
2074 2905 2241 2930 peruenitur.

4 2918 8 2922 ’
44 2905 119 2946 gaiae
135 2913 203 2940 sunt.
303 2912 377 2939 Idem
393 2912 425 2938 de
441 2912 532 2947 Legib.
549 2922 567 2943 ι,
585 2921 612 2944 32
625 2922 648 2939 c.
664 2921 684 2939 ii
708 2913 860 2949 Molestiae,
880 2914 1013 2946 laetitiae,
1039 2922 1112 2948 cupi-
1128 2921 1156 2944 75
1170 2917 1246 2945 Idem
1260 2920 1313 2945 Att.
1326 2926 1349 2951 8,
1362 2926 1376 2952 ς
1415 2919 1472 2954 Ego
1485 2929 1573 2947 autem
1592 2921 1625 2948 ad
1639 2927 1664 2948 te
1677 2922 1783 2958 scripsi,
1823 2931 1852 2953 vt
1867 2926 1884 2953 fi
1899 2928 1948 2955 tibi
1962 2929 2035 2957 forte
2048 2933 2148 2959 reddita
2167 2933 2239 2965 cuer,

31 2948 154 2979 ·ditates,
174 2948 303 2979 timores,
323 2947 447 2974 fimiliter
461 2948 585 2974 omnium
598 2955 698 2975 mentes
714 2956 902 2986 peruagantur.
991 2949 1065 2977 Idem
1080 2948 1112 2989 de
1172 2954 1242 2981 mihi
1258 2963 1364 2981 curares
1375 2956 1560 2988 referendam,
1578 2965 1612 2984 ne
1625 2958 1654 2984 in
1667 2957 1741 2986 illius
1755 2961 1850 2988 Manus
1865 2965 2027 2998 perueniret.
2134 2969 2165 2994 In
2178 2968 2237 2994 No-

60 2990 150 3011 nuent.
163 2994 228 3018 2,u3
246 2984 350 3010 Deinde
365 2993 399 3010 ne
415 2984 436 3010 is
450 2984 537 3012 honos
551 2984 668 3011 nimium
681 2991 849 3021 peruagetur.
921 2986 1009 3013 Dolor
1020 2993 1113 3012 omnia
1171 2989 1258 3016 titiam
1273 2990 1416 3024 peruenire
1436 2992 1569 3019 Columel.
1584 3001 1605 3025 ς,
1620 2999 1643 3023 8.
1774 2996 1831 3024 Cic.
1843 2998 1915 3026 Fam.
1929 3011 1962 3033 13,
1978 3012 2001 3036 ¹4
2026 3003 2061 3028 Vt
2072 3011 2151 3036 quain
2166 3012 2237 3030 com-

40 2985 168 3048 hembra
179 3020 375 3055 peruagabatur
395 3020 465 3047 Plin.
479 3021 525 3055 Ep.
535 3030 594 3052 i‚12.
1090 3056 1096 3061 ι
1170 3025 1319 3052 modiffima
1332 3026 1490 3054 conditione
1504 3026 1617 3055 libertus
1631 3028 1784 3065 Strabonis,
1810 3034 1856 3068 qui
1869 3035 1928 3062 eius
1941 3037 1981 3063 rei
1994 3038 2067 3064 causa
2082 3039 2169 3065 mzffiis
2189 3039 2238 3075 est,

82 3062 122 3083 PE
132 3055 276 3084 RVKGA
286 3063 347 3090 Ns,
378 3057 455 3085 antis.
492 3057 561 3084 Part.
600 3056 709 3084 Vitruu.
725 3066 749 3094 2,
762 3059 778 3085 6
802 3058 981 3093 Peruagantes
998 3056 1028 3084 in
1041 3065 1111 3092 agris
1169 3060 1310 3095 negotium
1324 3062 1466 3096 conficiat,
1489 3063 1523 3090 ad
1541 3064 1701 3101 Numosque
1721 3068 1870 3102 perueniat.
1991 3073 2021 3099 In
2037 3073 2146 3101 Portum
2164 3074 2236 3102 salua

46 3089 162 3127 anim-23,
1123 3100 1157 3125 80
1169 3104 1238 3123 naue
1261 3097 1372 3131 Qiinet.
1383 3108 1406 3132 2,
1418 3107 1452 3132 17.
1551 3100 1609 3128 Cic.
1623 3109 1674 3136 pro
1686 3103 1757 3138 Lege
1771 3105 1867 3132 Manil.
1882 3115 1910 3138 32
1936 3108 2026 3140 Qnim
2042 3108 2184 3136 duodecim
2200 3111 2235 3137 se-

62 3137 66 3141 ·
83 3134 213 3155 PERVA
224 3133 247 3155 G
257 3129 281 3155 Ᾱ
290 3134 312 3154 Τ
322 3135 343 3154 ν
355 3133 369 3155 s
379 3148 388 3162 ,
412 3137 443 3164 a,
463 3137 518 3155 um.
555 3129 640 3156 Aliud
658 3128 727 3156 Part.
764 3127 960 3163 [περικυλίσας]
997 3127 1058 3155 Liu.
1073 3133 1110 3163 38,
1168 3141 1243 3159 cures
1259 3133 1288 3159 in
1301 3134 1468 3168 praedonum
1483 3135 1640 3164 Potestatem
1655 3140 1836 3173 peruenerint.
1908 3141 1949 3168 Ad
1962 3143 2234 3181 Primosqieruenire‚

50 3169 75 3193 ¹7
95 3163 165 3190 Inter
177 3164 339 3191 mitiffimum
352 3173 434 3199 genus
447 3164 589 3192 hominum
601 3165 681 3192 ferox
694 3164 770 3192 natio
785 3173 925 3201 peruagata
939 3163 1012 3192 bello
1025 3173 1110 3205 prope
1164 3175 1212 3205 pro
1226 3170 1297 3194 Inter
1309 3171 1405 3205 primos
1423 3179 1448 3196 et
1463 3169 1608 3205 Aofflfiffimos
1624 3176 1795 3202 annumerari.
1851 3175 1925 3204 Idem
1945 3187 1994 3212 pro
2014 3179 2090 3207 Rosc.
2107 3182 2185 3208 Com.
2205 3191 2235 3208 ιο

49 3195 142 3224 orbem
156 3205 303 3234 terrarum,
328 3199 415 3227 sedem
428 3201 506 3236 cepit.
579 3201 636 3228 Cic.
651 3201 683 3228 de
696 3202 772 3228 Orat.
786 3210 806 3234 ι,
819 3203 864 3235 265
878 3211 900 3228 c.
913 3203 942 3234 36
962 3202 1003 3227 An
1017 3207 1060 3241 tn.
1069 3210 1109 3227 m-
1169 3204 1225 3238 Qui
1238 3214 1271 3231 ne
1285 3205 1313 3232 in
1326 3206 1472 3233 nouissimis
1486 3207 1595 3242 quidem
1611 3216 1666 3237 erat
1681 3210 1855 3238 histrionibus
1864 3232 1873 3245 ,
1889 3213 1921 3239 ad
1936 3214 2039 3241 Primos
2053 3218 2177 3251 peruenit
2189 3226 2234 3245 co.

49 3232 109 3266 quit
120 3232 180 3266 ille,
216 3234 236 3262 fi
248 3235 280 3262 de
293 3235 348 3263 istis
362 3235 551 3263 communibus
570 3242 597 3264 et
610 3237 757 3272 peruagatis
770 3237 815 3264 vix
827 3235 889 3265 huic
908 3237 986 3264 aetati
1000 3236 1109 3263 audien·
1168 3240 1289 3267 moedos.
1363 3241 1393 3269 In
1409 3243 1510 3278 Scripta
1524 3244 1637 3271 alicuius
1650 3246 1789 3280 peruenire
1810 3248 1866 3274 Cic.
1883 3248 1954 3276 Fam.
1969 3260 1992 3283 5,
2008 3260 2038 3278 ιε.
2110 3254 2141 3281 In
2156 3254 2234 3280 Sena-

48 3268 113 3295 dum
126 3275 216 3303 putas,
241 3270 356 3298 etiamne
369 3272 415 3300 illa
427 3273 562 3308 negligere
574 3274 723 3309 possumus,
760 3282 827 3307 quae
841 3279 870 3301 tu
886 3272 998 3301 Oratori
1010 3281 1110 3307 cogno·
1123 3279 1153 3310 85
1169 3281 1226 3303 tum
1239 3277 1397 3304 conditione
1411 3279 1464 3306 vlla
1478 3281 1623 3314 peruenire
1638 3289 1691 3308 non
1706 3281 1794 3315 potnit
1814 3282 1887 3310 Idem
1901 3293 1952 3318 pro
1964 3286 2047 3314 Flacc.
2061 3295 2100 3320 43.
2191 3289 2232 3316 Ad

48 3304 142 3331 scenda
155 3305 204 3341 esse
216 3305 321 3333 dixisti3
434 3309 507 3336 Idem
521 3318 571 3345 pro
585 3310 669 3337 Plane.
683 3318 715 3343 95
741 3309 820 3336 Nihil
832 3318 865 3337 ex
879 3310 946 3336 meis
958 3308 994 3335 est
1007 3314 1107 3344 tempo·
1168 3313 1303 3339 Summam
1317 3313 1429 3341 alicuius
1443 3316 1482 3342 rei
1498 3316 1641 3352 peruenire
1677 3316 1788 3350 Qiinfn
1805 3328 1810 3344 ι
1826 3319 1949 3348 Prooem.
2053 3324 2111 3351 Cic.
2124 3324 2156 3351 de
2170 3324 2233 3353 Fin.

47 3340 122 3367 ribus
132 3359 140 3371 ‚
178 3340 250 3373 q¹¹⁰d
262 3341 350 3368 minus
362 3350 548 3379 peruagatum,
577 3346 703 3381 quodque
715 3346 806 3372 minus
818 3352 863 3373 aut
874 3354 933 3372 mea
946 3353 1107 3372 commemo·
1167 3356 1190 3383 ς,
1205 3358 1238 3381 40
1257 3349 1298 3376 Sic
1313 3356 1338 3376 et
1350 3356 1499 3378 extremum
1514 3352 1635 3378 omnium
1648 3353 1874 3388 appetendorum,
1892 3361 1971 3390 atque
1985 3357 2094 3386 ductum
2113 3369 2127 3387 a
2143 3361 2232 3395 prima

46 3377 152 3403 ratione
164 3375 326 3403 celebratum
341 3377 388 3412 fit,
406 3385 451 3405 aut
462 3379 618 3408 hominibus
633 3381 754 3408 auditum
769 3387 847 3417 atque
859 3389 963 3409 uotum.
1046 3382 1107 3406 Con·
1167 3385 1360 3413 communitate
1372 3392 1480 3415 naturae
1494 3388 1583 3414 multis
1596 3387 1721 3422 gradibus
1737 3389 1866 3423 ascendit,
1895 3398 1925 3419 vt
1937 3393 1970 3419 ad
1985 3394 2121 3422 Summum
2136 3405 2232 3431 peruc-

0 3420 8 3439 “.
46 3414 132 3438 traria
153 3412 211 3439 Cic·
226 3412 328 3446 TOPic·
338 3416 370 3445 96
390 3413 513 3442 Numero
526 3415 559 3443 fic
571 3417 812 3453 comparabuntur,
832 3423 860 3445 vt
873 3418 947 3454 plura
959 3416 1032 3443 bona
1044 3425 1107 3451 pau-
1167 3420 1253 3454 niret,
1286 3422 1359 3456 quod
1377 3424 1528 3450 cumulatur
1540 3432 1571 3449 ex
1587 3423 1738 3457 integritate
1756 3426 1895 3460 corporis,
1931 3434 1957 3455 et
1970 3437 2002 3455 ex
2017 3432 2112 3458 mentis
2125 3433 2231 3460 ratione

46 3447 166 3475 rioribus
183 3448 262 3475 bonis
275 3456 487 3484 anteponantur,
516 3453 640 3486 pauciora
655 3455 723 3481 mala
737 3454 814 3481 malis
828 3453 966 3489 pluribus,
1003 3452 1106 3479 dintnr-
1119 3461 1154 3487 90
1166 3456 1294 3491 perfedla.
1391 3459 1480 3492 Qiam
1492 3458 1621 3486 facillime
1634 3459 1666 3485 ad
1681 3460 1761 3486 Suum
1783 3462 1839 3489 Cic.
1854 3462 1926 3491 Fam.
1941 3473 1972 3498 ις,
1984 3467 2022 3493 26.
2060 3468 2134 3497 Conf.
2153 3469 2229 3496 Idem

45 3485 125 3511 niora
137 3484 207 3511 bona
221 3483 410 3517 breuioribus,
444 3484 524 3520 longe
542 3494 568 3514 et
583 3489 632 3517 late
646 3496 788 3525 peruagata
802 3490 926 3525 angustis.
1022 3488 1106 3528 Cau-sa
1166 3501 1217 3527 pro
1231 3493 1326 3527 Quint.
1346 3503 1369 3522 c.
1391 3505 1424 3528 ¹42
1438 3504 1455 3522 i.
1564 3495 1596 3522 In
1609 3504 1734 3530 magnum
1747 3496 1895 3525 Timorem
1909 3501 2058 3534 peruenire*
2073 3498 2146 3530 caes.
2162 3505 2228 3533 Bell.

45 3520 109 3547 haec
121 3518 191 3554 apud
203 3521 320 3546 Graecos
334 3527 472 3555 peruagata
484 3521 521 3548 est
537 3522 608 3551 Idem
623 3526 655 3553 de
668 3528 774 3554 Inuent.
789 3536 807 3562 ι,
820 3535 856 3560 55.
939 3523 1105 3551 Declamatlo
1165 3529 1248 3556 Ciuil.
1264 3539 1284 3563 ι,
1297 3532 1335 3557 6ι.
1442 3529 1499 3557 Cic.
1510 3538 1560 3566 pro
1573 3531 1648 3557 Rosc.
1662 3532 1740 3558 Com.
1755 3534 1780 3559 16
1807 3533 1838 3560 Et
1853 3536 1986 3569 pupillum
2002 3537 2142 3574 fraudare,
2179 3540 2227 3575 qui

45 3557 163 3591 vulgaris
178 3563 204 3583 et
220 3561 360 3590 peruagata
386 3557 443 3583 Cic.
457 3565 507 3591 pro
520 3558 604 3586 Plane.
615 3570 662 3598 47.
770 3563 849 3590 Fama
863 3561 974 3589 alicuius
988 3560 1030 3587 rei
1043 3560 1105 3587 illu·
1164 3563 1194 3591 in
1208 3565 1337 3592 Tutelam
1351 3566 1484 3601 peruenit.
1594 3567 1720 3593 Peruenit
1733 3567 1766 3595 ad
1780 3576 1823 3596 me
1835 3569 1898 3597 haee
1913 3573 1974 3605 Res,
2012 3574 2030 3600 i.
2051 3576 2158 3609 Resciui,
2177 3578 2228 3602 Di-

45 3588 105 3618 stris
117 3599 143 3619 et
157 3598 297 3627 peruagata
335 3591 408 3618 Ideni
423 3601 473 3627 pro
485 3593 606 3622 Marcell.
617 3604 648 3632 27
664 3607 687 3624 e.
700 3604 724 3628 8.
845 3599 934 3634 Opera
948 3596 1105 3631 quotidiana
1166 3601 1229 3626 (lum
1247 3600 1280 3636 est
1293 3603 1354 3627 mihi
1375 3603 1455 3630 Plaut.
1469 3601 1528 3630 Mil.
1543 3611 1566 3634 2,
1581 3612 1606 3635 4,
1619 3612 1658 3632 50.
1748 3604 1790 3632 Ad
1803 3606 1888 3633 Aures
1901 3607 2012 3635 alicuius
2029 3610 2134 3644 nescio,
2161 3620 2226 3646 quo-

46 3633 73 3653 θ(
86 3635 225 3664 peruagata
245 3626 317 3655 Idem
332 3626 364 3654 de
373 3628 448 3656 0¹³³·
460 3637 482 3660 3³
495 3631 547 3658 ¹8⁶·
653 3633 745 3661 Sermo
758 3634 875 3661 ciuitatis
890 3638 1045 3669 peruagatus
1064 3631 1103 3659 Id·
1116 3639 1148 3666 95
1164 3637 1248 3664 modo
1263 3638 1386 3673 peruenit
1401 3638 1451 3664 Res
1463 3637 1526 3664 haec
1547 3638 1604 3665 Cic.
1618 3638 1696 3664 Verr.
1707 3641 1722 3666 6
1735 3641 1773 3671 (4)
1787 3644 1819 3672 64
1833 3651 1854 3669 c.
1868 3648 1907 3672 28.
1949 3646 2021 3673 Add.
2046 3646 2116 3681 Nep.
2131 3655 2152 3680 i,
2167 3656 2189 3679 3,
2209 3649 2226 3673 6

15 3681 21 3689 ι
45 3671 95 3696 pro
108 3663 204 3691 Milon.
219 3674 244 3697 33
259 3673 281 3690 c.
299 3673 330 3690 ιε.
465 3663 652 3700 Peruagatioi*‚
674 3675 699 3694 et
710 3670 944 3705 PeruagatiffinniS.
1000 3669 1058 3695 Cic.
1071 3667 1104 3696 de
1163 3680 1188 3698 et
1200 3674 1236 3706 ι6,
1250 3683 1273 3706 3,
1287 3683 1305 3700 ι.
1388 3673 1498 3699 Clamor
1512 3672 1544 3700 ad
1557 3681 1633 3699 aures
1646 3676 1770 3708 peruenit
1788 3677 1864 3712 Virg.
1880 3679 1944 3707 Aen.
1957 3689 1985 3714 9,
2001 3684 2056 3715 396.
2167 3682 2226 3709 Liu.

45 3699 148 3726 Inuent.
162 3708 185 3734 2,
198 3707 230 3735 47
246 3709 268 3726 c.
286 3709 310 3731 ¹4
342 3700 403 3726 Pars
416 3705 503 3726 autem
516 3700 553 3728 est
566 3703 749 3738 peruagatior,
784 3712 811 3734 et
825 3712 870 3734 ant
884 3705 912 3732 in
929 3712 1023 3730 omnes
1035 3705 1104 3732 eius·
1162 3716 1184 3741 1,
1199 3715 1226 3744 ¹7
1239 3716 1278 3744 pr.
1299 3709 1356 3736 Nec
1369 3708 1432 3735 dum
1446 3718 1460 3735 a
1474 3708 1595 3743 lingulis,
1615 3709 1677 3743 quia
1691 3719 1772 3739 nemo
1786 3721 1948 3749 magnopere
1960 3716 2110 3754 eminebat,
2136 3718 2163 3744 in
2177 3726 2224 3743 no-

46 3733 106 3760 dem
118 3736 231 3769 generis,
248 3742 293 3762 ant
306 3736 334 3762 in
349 3736 486 3770 plerasque
499 3737 585 3762 causas
599 3740 803 3769 accommodata.
900 3740 973 3768 Idem
986 3740 1015 3766 in
1025 3741 1103 3768 Orat.
1163 3753 1199 3771 vo
1213 3745 1314 3779 populo
1327 3750 1504 3778 peruenerant
1518 3744 1671 3772 Fafflones:
1708 3747 1777 3774 inter
1793 3749 1901 3777 ordines
1916 3751 2074 3779 certabatur.
2166 3753 2186 3778 C
2190 3753 2222 3778 ic-

44 3778 88 3802 ¹47
103 3778 159 3803 c.43
179 3772 224 3798 Me
238 3777 326 3799 autem
339 3772 392 3799 fine
409 3771 631 3807 peruagatiffimus
643 3773 689 3801 ille
702 3777 806 3811 versus,
830 3778 877 3814 qui
893 3782 972 3804 vetat.
1009 3776 1103 3804 Artem
1162 3788 1213 3814 pro
1227 3781 1289 3808 Snll.
1329 3781 1394 3807 Non
1411 3780 1493 3806 modo
1507 3779 1577 3807 nihil
1591 3782 1724 3816 comperi,
1755 3783 1803 3811 sed
1819 3785 1865 3812 vix
1876 3786 1909 3813 ad
1923 3796 2000 3814 aures
2016 3798 2085 3815 meas
2098 3788 2170 3814 istius
2184 3788 2225 3813 su-

44 3804 144 3840 pndere
157 3807 283 3842 proloqui
298 3817 378 3843 quam
391 3807 506 3835 faciites.
1107 3816 1289 3850 ioospicionis
1303 3816 1380 3842 Fama
1393 3815 1525 3850 peruenit.
1595 3817 1676 3845 Fama
1689 3820 1813 3852 peruenit
1825 3822 1877 3849 huc
1898 3823 1979 3851 Ouid.
1993 3833 2024 3850 ex
2033 3825 2134 3855 Ponte,
2146 3831 2167 3854 ς,
2182 3829 2222 3856 27·

81 3848 97 3867 P
106 3848 123 3868 E
134 3848 153 3868 R
163 3849 184 3868 v
193 3842 211 3879 X
220 3848 242 3870 G
252 3850 312 3877 vs,
338 3853 352 3870 a
361 3865 369 3877 ‚
394 3853 448 3872 nm.
486 3843 546 3871 Adi.
582 3844 769 3882 [πολυπλανὴς]
801 3849 870 3877 Puer
883 3856 1013 3885 pcruagus
1027 3848 1101 3876 vasto
1161 3849 1302 3878 Hereditas
1312 3851 1345 3878 ad
1358 3851 1452 3878 Filiam
1465 3851 1589 3886 peruenit
1614 3853 1672 3880 Cic.
1685 3855 1718 3880 de
1734 3855 1791 3882 Fin.
1805 3864 1831 3890 2,
1850 3876 1858 3884 .
1877 3878 1885 3887 .
1957 3859 2111 3886 Humanitas
2125 3856 2158 3882 ab
2172 3857 2222 3884 isto

42 3876 110 3903 orbe
129 3877 211 3904 Ouid.
224 3877 257 3905 de
271 3880 333 3907 Arte
348 3882 408 3907 Am.
423 3888 448 3914 2,
462 3885 496 3910 ¹8.
1161 3887 1195 3914 ad
1208 3887 1268 3914 illos
1281 3887 1426 3922 peruenisse
1440 3893 1547 3921 putatur
1566 3887 1640 3916 Idem
1654 3891 1691 3924 Q
1704 3890 1772 3918 Frat.
1788 3901 1807 3925 ι,
1820 3902 1857 3920 22.
1965 3895 2065 3922 Iniuria
2079 3893 2109 3919 ad
2124 3901 2221 3926 paucos

80 3919 96 3939 P
105 3919 122 3939 E
132 3919 294 3942 RVAGAB
304 3917 339 3942 ἰἰ.
348 3923 357 3942 ι
367 3923 380 3943 S
390 3937 399 3950 ,
419 3925 443 3943 e.
478 3914 539 3943 Adi.
597 3914 689 3943 Sidon.
701 3916 780 3952 Epist.
797 3928 820 3953 a,
839 3929 856 3947 2
893 3920 981 3956 Pelagi
994 3928 1100 3955 campus
1161 3932 1194 3950 ex
1205 3923 1296 3950 alieno
1309 3928 1415 3957 peccato
1428 3924 1551 3957 peruenit
1575 3925 1678 3952 Audet
1691 3925 1723 3953 ad
1735 3926 1855 3956 Herenn.
1870 3938 1898 3962 4,
1912 3940 1942 3962 ις.
2013 3930 2130 3955 Licentia
2150 3934 2221 3954 tanta

42 3948 173 3980 cymbulis
185 3948 235 3975 late
249 3951 348 3978 secatur
361 3951 586 3987 peruagabilibuS.
1160 3959 1192 3986 ad
1207 3967 1287 3985 vnum
1301 3966 1438 3993 nunquam
1450 3959 1627 3995 peruenisset,
1648 3960 1697 3987 nisi
1712 3962 1859 3991 multorum
1872 3965 2003 4000 impunita
2017 3964 2110 3990 scelera
2125 3964 2221 3990 tuliise-

80 3992 95 4012 Ρ
106 3990 122 4012 Ε
131 3992 150 4012 R
159 3991 180 4012 v
192 3984 237 4012 Ᾱῐ.
247 3993 264 4013 E
273 3993 292 4013 o
301 4007 310 4020 ,
342 3992 398 4016 ere.
434 3987 636 4023 [ριαΛνόνιιαμεω]
673 3987 809 4016 Plurimum
822 3993 901 4021 valeo.
955 3993 1060 4021 Lucret.
1074 3994 1150 4027 6‚103
1161 4003 1219 4023 mus
1239 3995 1296 4022 Cic.
1310 3994 1364 4020 Off.
1377 4003 1401 4028 2,
1416 4000 1444 4024 28
1459 4004 1481 4022 c.
1495 4000 1519 4025 8.
1628 3995 1701 4024 Idem
1713 3998 1790 4026 Verr.
1802 4006 1825 4034 3,
1842 4010 1881 4033 *30
1900 4003 2042 4036 Pei-parum
2056 4007 2087 4025 ex
2099 3999 2153 4025 illis
2165 4008 2219 4025 ma-

199 4027 283 4050 vot.
318 4024 380 4052 111.
1316 4037 1330 4063 ς
1348 4030 1374 4057 Ο
2158 4034 2217 4069 gnis
