2517 4231
986 15 1004 33 s
2412 0 2508 86 “m

229 236 310 273 1071
626 215 658 257 r
745 214 776 253 R
865 211 882 251 1
1522 243 1523 246 ,
1743 201 1888 246 P‘R
1970 180 2020 246 o‘
2322 194 2461 258 1072''

231 322 249 343 ι,
257 319 297 346 37.
340 310 445 349 Lucrct.
458 316 484 341 2,
499 301 573 342 1090*
584 307 661 341 Q1ae
674 305 740 331 bene
755 299 861 335 cognita
872 299 890 327 fi
904 305 1000 331 teneas,
1013 303 1108 326 natura
1120 296 1229 325 videtui·
1241 295 1287 323 Li·
1350 294 1418 321 Heri
1431 293 1516 321 minas
1528 295 1628 330 viginti
1642 305 1691 332 pro
1704 294 1836 323 ambobus
1851 278 1922 322 dedi.
1977 296 2052 323 Idem
2065 296 2148 324 Andr.
2162 304 2185 331 5,
2192 305 2215 331 3,
2223 304 2252 332 17
2272 297 2350 324 Anvt
2361 304 2413 332 pro

232 348 293 375 bera
313 352 442 372 continuo
461 343 579 370 dominis
598 342 701 378 priuata
721 337 851 373 superbis.
938 337 1001 363 Stat.
1016 335 1110 362 Theb.
1131 343 1155 368 2,
1169 335 1218 367 695
1238 332 1288 360 Sed
1352 331 1432 371 huius
1446 331 1573 371 peecatiS,
1591 341 1640 367 ego
1658 333 1818 369 supplicium
1831 332 1973 359 sufferam?
2022 334 2089 368 ⁷-Ego
2108 340 2133 360 te
2149 343 2200 370 Pro
2218 334 2275 360 istis
2293 332 2373 360 digus
2387 337 2415 360 et

233 384 284 410 fata
298 387 452 408 monentem
472 380 615 407 Priuauere
628 375 689 407 tide,
724 377 743 400 i.
763 373 843 409 fidem
855 371 1003 409 derogauere
1016 373 1134 399 monenti.
1189 370 1289 397 FrutSIu
1354 367 1431 394 fac'hs
1444 367 1554 407 vlciscar
1572 368 1640 395 Ter.
1656 370 1723 396 Eun.
1737 377 1761 402 5,
1775 379 1803 403 4,
1816 377 1854 402 ι9.
1927 369 2000 395 Idem
2015 370 2081 396 Hec.
2101 379 2125 403 3,
2142 379 2163 403 ι,
2185 376 2217 403 3ο
2242 369 2322 396 Pueri
2334 377 2416 405 quam

232 417 399 446 liberalitatis
412 417 529 451 aliquem
543 415 649 450 priuare
669 410 725 437 Cic.
742 409 813 436 Fam.
830 416 853 442 5,
866 417 907 435 20.
992 408 1057 435 Non
1070 407 1141 434 enim
1154 405 1204 433 hac
1217 415 1292 433 exce·
1354 413 1404 440 pro
1416 403 1522 444 leuibus
1534 403 1604 430 inter
1616 405 1641 431 se
1652 405 1704 433 iras
1717 411 1822 441 gerunt.
1893 404 1976 432 Plaut.
1985 405 2054 432 Asin.
2069 414 2089 438 1,
2103 414 2128 439 3,
2142 415 2173 433 20
2189 407 2238 433 Par
2251 406 2311 442 pari
2325 405 2417 432 datum

234 454 327 491 ptione
334 463 401 481 vnus
415 453 537 480 adficitur
552 445 743 479 beneficiofted
755 445 879 481 priuatur
892 443 994 472 iniuria
1012 444 1070 470 Cic.
1079 443 1189 478 deLege
1197 444 1290 477 Agrar.
1311 448 1324 476 5
1354 439 1546 467 hostimentum
1560 438 1606 471 est,
1617 448 1698 475 opera
1711 451 1761 477 pro
1773 440 1896 478 pecunia.
2095 440 2117 480 q
2139 450 2151 468 2
2193 443 2228 470 Vt
2244 444 2338 469 (graeca
2356 439 2416 476 ὑπὲρ

233 499 252 521 1,
272 499 297 523 ¹3
317 499 338 517 ς,
351 499 379 524 4,
421 490 463 517 Sic
479 486 550 514 MSS.
570 493 613 510 nec
625 481 762 510 audiendus
776 481 926 514 Lambinus,
958 484 983 507 ui
997 480 1158 516 prohibetur
1170 489 1199 505 ex
1212 481 1292 505 conie—
1354 476 1513 508 commodum,
1521 474 1651 511 fauorem,
1668 479 1799 511 auxilium,
1814 477 1920 504 indicat.
1981 477 2032 504 Pro
2039 477 2165 512 Agricola
2178 477 2229 506 hoc
2243 477 2355 504 minime
2369 476 2419 504 esse
2462 499 2465 502 .
2510 468 2517 524 ἕ

231 525 307 554 ἅμμα
320 529 426 562 reponit,
496 522 551 548 Cic.
564 529 614 556 pro
622 519 715 553 Qtint.
731 526 768 553 74
785 519 821 545 Vt
833 526 880 554 per
894 517 940 543 sea
962 516 1065 543 nictum
1079 523 1158 552 atque
1170 516 1292 542 euersum
1354 521 1418 540 reor
1437 512 1546 539 Colum.
1560 520 1583 544 3,
1598 520 1619 544 5.
1690 513 1821 549 Populum
1837 515 1914 541 Rom.
1927 522 2014 548 neque
2026 515 2113 547 re&e‚
2127 522 2213 549 neque
2228 523 2277 550 pro
2292 514 2367 541 Bono
2380 513 2419 540 fa-

234 562 416 599 propinquum
432 560 507 585 suum
521 565 576 583 non
590 557 673 582 modo
692 554 798 581 honeste
811 554 892 590 partis
907 552 1001 584 bonis,
1020 562 1115 580 verum
1127 551 1208 579 etiam
1221 560 1293 578 com-
1356 549 1463 576 &urum
1484 547 1586 574 Sallust.
1601 548 1657 582 Iug-
1673 556 1711 581 22,
1724 559 1752 583 4.
1770 551 1823 578 vid.
1839 552 1908 578 Cort.
1980 550 2136 586 proaliquo
2150 550 2216 578 stare
2227 570 2234 581 ‚
2255 548 2288 583 ψ
2308 559 2360 576 eum
2378 549 2418 575 de.
2438 571 2441 576 ,
2490 548 2496 557 ‘

233 598 310 626 muni
321 599 389 624 Luce
403 594 530 630 priuaret,
566 595 584 619 i.
602 590 765 627 interficeret.
793 613 796 617 ,
836 589 910 617 Idem
922 588 954 616 de
970 589 1059 616 Finib.
1074 597 1096 623 5,
1108 594 1135 621 87
1156 589 1211 615 Cur
1227 587 1292 614 haee
1349 585 1457 621 sendere
1477 584 1547 611 Ter.
1557 583 1663 624 Phorm.
1679 592 1702 617 2,
1717 593 1737 620 ι,
1750 591 1791 620 37,
1826 587 1868 615 Sic
1881 594 1904 614 et
1918 586 2068 614 Decea-nere
2081 596 2133 623 pro
2146 586 2231 613 sodali
2244 594 2269 613 et
2283 595 2333 622 pro
2347 586 2419 613 fama
2432 608 2442 623 ο
2462 598 2465 599 ⁷

234 635 325 662 eadem
337 630 511 660 Democritus,
526 628 584 663 qui,
599 634 643 655 etc.
662 626 862 654 diciturOculis
877 627 901 653 se
915 626 1045 662 priuaffe?
1080 624 1150 660 cons.
1163 624 1202 651 ld.
1212 622 1292 650 Acad.
1311 635 1341 653 10
1354 621 1527 655 fortunisque
1543 621 1599 647 Cic.
1607 620 1639 646 de
1647 620 1723 647 Orat.
1733 628 1757 653 2,
1770 629 1828 652 2200.
1900 623 2043 658 Deprecari
2057 623 2162 659 aliquid
2173 632 2223 659 pro
2232 622 2348 655 Amicis,
2364 630 2422 649 non
2454 650 2456 655 ,
2474 655 2475 658 ¹

233 681 253 706 4
266 681 287 698 c,
304 678 335 696 ιι.
405 666 504 692 Somno
517 674 560 691 me
573 664 661 700 priuat
673 663 813 698 aegritudo
840 662 898 689 Cic.
913 664 966 690 Att.
980 671 1007 697 9,
1021 671 1053 689 η.
1125 660 1200 688 Idem
1213 659 1293 686 Acad.
1355 666 1405 693 pro
1419 658 1445 684 se
1462 657 1502 683 ld.
1517 656 1584 683 ibid.
1600 664 1626 689 2,
1643 665 1699 683 201.
1771 657 1823 684 Pro
1836 658 1958 686 vniuersa
1965 659 2096 695 Analogia
2107 660 2194 687 dicam
2212 660 2299 686 Varro
2307 658 2339 685 de
2347 658 2419 685 L.L.

234 718 262 741 4,
271 715 294 739 33
315 706 405 737 ltaque
417 701 532 737 priuabo
546 700 634 737 potius
647 700 726 726 illum
739 699 833 726 debito
841 699 1113 734 Testimoni0,quam
1122 697 1148 724 id
1160 706 1220 725 cum
1234 704 1294 722 mea
1357 700 1380 725 8,
1396 701 1420 720 2-
1462 694 1493 719 Et
1505 703 1527 725 5,
1543 701 1560 725 9
1580 693 1632 719 Pro
1645 693 1669 719 se
1682 692 1739 720 siue
1752 692 1837 719 altero
1851 694 1984 722 rationem
1997 695 2065 724 dari.
2137 696 2195 722 Cic.
2209 696 2241 722 de
2249 696 2324 722 Orat.
2337 703 2360 727 3,
2376 701 2420 727 143
2453 702 2460 718 1
2500 717 2503 726 ,

234 741 309 769 laude
323 738 528 765 communicem.
595 736 671 763 Idem
684 737 757 763 Fam.
774 745 795 768 2,
814 744 831 762 2.
851 736 936 762 Graui
950 735 1011 762 teste
1024 735 1144 771 priuatus
1153 734 1209 760 surn
1220 741 1295 759 amo-
1357 728 1484 770 Profecto
1497 738 1635 770 nunquam
1650 729 1852 764 conquiescam,
1868 738 1954 765 neque
1970 731 2139 767 defatigabor
2150 737 2293 767 antequam
2308 730 2423 757 illorum
2464 726 2483 734 ‘'
2499 728 2505 746 ’

233 778 269 804 ris
288 775 385 802 summi
406 783 467 809 erga
486 782 531 800 me
549 773 598 802 tui.
673 773 730 800 Cic.
750 772 779 799 in
799 772 889 799 Parad.
903 782 914 804 3
942 772 1047 799 Patrem
1062 772 1125 799 Vita
1138 770 1262 806 prinam,
1275 767 1293 794 si
1357 766 1486 802 ancipites
1500 773 1557 793 vras
1573 766 1744 800 rationesque
1759 771 1784 792 et
1798 774 1848 801 pro
1862 766 1998 800 omnibus,
2008 774 2034 795 et
2048 775 2141 796 contra
2154 769 2245 795 omnia
2258 765 2422 803 disputandi,

233 822 278 849 per
290 813 315 838 se
328 810 411 837 scelus
426 810 469 842 est,
489 816 535 836 etc.
571 808 641 837 Add.
662 809 701 836 Id.
715 817 765 845 pro
784 808 878 835 Rabir.
893 807 968 844 perd.
988 817 1010 835 c.
1023 817 1045 841 3.
1133 805 1295 833 Priuandum
1314 811 1339 838 ις
1358 810 1512 843 percepero.
1584 802 1644 828 Hoc
1664 811 1720 828 non
1739 802 1821 829 modo
1841 810 1895 828 non
1915 810 1965 837 pro
1977 812 2035 838 me,
2055 805 2098 832 sed
2114 811 2206 832 contra
2223 813 2266 831 me
2280 806 2316 830 est
2330 802 2422 838 potius

232 847 375 884 [ςερητέον]
390 846 425 873 est
439 854 553 883 corpora
566 852 643 872 motu
667 846 773 872 Lucret.
790 854 810 877 1,
830 850 884 876 382.
1358 838 1397 865 id.
1410 838 1510 873 ibid.3‚
1522 846 1551 871 75
1566 847 1588 864 c·
1603 845 1644 864 20·
1694 837 1828 872 Qfinfifil-
1842 846 1868 873 7,
1882 847 1894 864 2
1908 839 1961 865 Pro
1974 848 2016 866 me
2029 840 2074 868 est.
2130 841 2228 868 Partim
2243 839 2314 867 nihil
2329 843 2425 866 contra
2463 847 2466 853 ¹

268 890 310 910 PR
321 891 330 909 1
342 889 362 910 V
374 890 460 914 ANS,
476 882 554 910 antis.
583 882 679 910 Partic.
722 881 779 908 Cic.
794 881 822 908 in
835 881 938 916 Topic.
953 884 987 914 48
1000 889 1021 906 c.
1035 888 1057 905 11
1079 879 1143 905 Sunt
1157 877 1229 904 enim
1243 875 1296 902 alia
1358 875 1491 902 Habitum
1512 874 1663 907 (Auitum)
1679 875 1785 907 valere,
1804 874 1901 910 partim
1914 883 1964 911 pro
1979 874 2030 902 hoc
2042 878 2091 904 esse
2117 878 2175 905 Cic.
2189 886 2240 913 pro
2257 876 2364 904 Cluent.
2382 879 2422 905 88.

231 920 380 952 contraria,
395 928 462 956 quae
477 919 613 955 priuantia
626 918 690 946 licet
702 917 863 954 appellemus
878 917 991 949 Latine,
1015 916 1117 943 Graece
1130 914 1298 949 appellantur
1360 911 1464 938 Cuncta
1478 920 1528 948 pro
1542 910 1663 937 hostibus
1676 917 1751 938 erant
1768 911 1837 937 Tac.
1846 909 1913 937 Hist.
1921 919 1948 944 4,
1957 916 1999 946 78,
2007 920 2034 945 4.
2086 913 2284 941 praetorianam
2292 911 2423 938 militiam
2489 913 2494 929 -'

226 956 351 993 refnnnx'.
1358 947 1514 984 repetebant
1527 956 1541 974 a
1553 947 1670 974 Vitellio
1679 946 1784 979 dimiffi,
1792 955 1841 983 pro
1850 947 2007 983 Vespasiano
2022 951 2177 984 congregati
2194 948 2341 976 1d.ibid.c.
2350 949 2424 982 46,1.
2509 971 2517 981 ,Ἰ

265 993 488 1024 ΡΚινᾹΤνε,
506 999 529 1022 a,
548 999 604 1017 um.
640 989 735 1016 Partic.
762 987 900 1025 [ςερηθᾰς]
937 988 989 1015 Cui
1009 986 1077 1022 quid
1098 985 1135 1013 est
1154 984 1341 1016 ademtum‚20
1359 986 1436 1018 Quae
1448 990 1524 1011 antea
1537 992 1588 1019 pro
1600 984 1653 1010 illis
1668 989 1759 1017 erant,
1775 984 1804 1010 in
1817 983 1984 1011 contrarium
2003 985 2078 1012 versa
2097 985 2156 1014 sunt
2183 986 2259 1013 Curt.
2279 994 2309 1019 4,
2327 993 2368 1018 14,
2387 990 2423 1016 15.
2474 986 2503 1027 i

229 1032 313 1065 inquit
328 1028 425 1056 Festus.
483 1028 548 1054 Aur.
562 1026 636 1053 vict.
656 1026 688 1053 de
701 1025 776 1053 Viris
794 1024 890 1053 illustr.
912 1034 934 1051 c.
956 1032 987 1057 50
1012 1024 1135 1051 Priuatus
1155 1021 1300 1057 stipendio.
1360 1020 1519 1047 Planekud.
1537 1028 1565 1053 4,
1579 1028 1606 1053 4,
1622 1025 1647 1051 ει
1667 1020 1694 1047 Si
1708 1020 1756 1046 iste
1770 1019 1966 1055 loquitur‚sine
1975 1029 2019 1047 me
2031 1029 2080 1056 pro
2089 1030 2118 1048 re
2131 1030 2218 1048 meam
2227 1028 2328 1057 partem
2337 1019 2424 1055 loqui.

230 1065 346 1092 Lumine
361 1065 494 1101 priuatus,
527 1066 546 1090 i.
568 1063 657 1091 Oculis
683 1062 765 1089 Ouid.
780 1070 812 1088 ex
826 1062 901 1088 Pont.
918 1069 938 1094 1,
953 1068 1020 1094 1,53.
1057 1060 1111 1086 Aer
1124 1058 1245 1094 priuatus
1259 1057 1299 1083 lu-
1359 1058 1402 1085 Sic
1415 1057 1542 1094 legendum
1556 1064 1637 1083 :monet
1653 1058 1761 1084 Gronou.
1872 1057 1923 1083 Pro
1941 1056 2065 1092 frugibus
2085 1057 2192 1092 facere,
2228 1060 2247 1084 i.
2275 1057 2428 1093 sacrificare
2462 1055 2482 1093 ij·

229 1101 303 1128 mine
323 1102 428 1128 Lucret.
443 1109 471 1134 4,
486 1107 542 1134 372.
620 1099 725 1126 Natura
738 1098 825 1125 libera
839 1097 956 1126 dominis
970 1098 1076 1132 priuata
1095 1095 1169 1123 Idem
1184 1103 1208 1127 2,
1223 1102 1298 1127 1090.
1359 1093 1481 1120 Macrob.
1491 1093 1594 1119 Saturn.
1609 1101 1632 1126 3,
1645 1102 1666 1120 2.
1708 1092 1846 1127 Virg.Ecl.
1861 1100 1883 1125 3,
1896 1100 1941 1128 77.
1960 1093 2030 1129 conf.
2045 1100 2070 1120 et
2081 1093 2190 1128 Briſjon.
2203 1093 2232 1120 de
2252 1094 2334 1120 Form.
2343 1100 2372 1128 p.
2385 1098 2425 1122 18.

229 1137 331 1165 Priuati
345 1143 420 1174 parte
435 1136 511 1163 virili
537 1134 612 1162 Idem
627 1137 652 1167 6,
669 1142 741 1168 1207.
1360 1131 1412 1156 Pro
1427 1130 1501 1157 socio
1519 1129 1584 1165 leges
1602 1130 1727 1156 Romanae
1745 1128 1988 1164 comprehenduntur
2011 1129 2113 1157 Titulo
2132 1129 2324 1157 Pandet‘ltarum
2350 1127 2426 1155 libro
2471 1125 2480 1150 -'
2489 1142 2498 1153 ,ν

267 1181 283 1201 Ρ
299 1181 318 1200 R
334 1181 343 1200 1
359 1181 381 1200 v
395 1180 418 1200 Α
433 1180 454 1200 Τ
470 1180 480 1198 1
494 1179 531 1206 ο,
554 1172 624 1198 onis.
649 1171 668 1198 f.
705 1172 834 1207 [ςέρησις]
876 1169 934 1197 Gic.
949 1168 982 1195 de
998 1168 1057 1195 Fin.
1071 1176 1094 1201 2,
1108 1175 1142 1201 29
1158 1176 1181 1194 c.
1193 1175 1211 1201 9
1232 1172 1298 1192 extr.
1313 1177 1345 1203 25
1360 1174 1397 1201 17,
1411 1174 1432 1192 2.
1504 1165 1561 1192 Cic.
1576 1174 1626 1200 pro
1641 1165 1735 1192 Flacco
1749 1173 1782 1199 43
1796 1174 1818 1191 c.
1828 1169 1853 1194 18
1874 1164 2037 1193 Nicomedes
2058 1181 2104 1187 —
2125 1172 2151 1194 et
2167 1166 2235 1193 furti
2249 1172 2275 1193 et
2288 1174 2338 1200 pro
2352 1163 2427 1191 socio
2446 1168 2449 1174 ’
2477 1182 2493 1190 .-

231 1210 302 1244 Qiia
318 1210 409 1237 dolori
422 1218 476 1236 non
493 1208 617 1243 voluptas
633 1208 768 1235 contraria
782 1207 834 1238 est,
848 1207 892 1233 sed
905 1205 1008 1232 doloris
1021 1204 1150 1241 priuatio.
1213 1201 1298 1229 Omni
1358 1202 1496 1229 damnatus
1515 1201 1568 1234 est,
1602 1205 1622 1229 i.
1646 1202 1741 1238 legibus
1762 1210 1812 1236 pro
1831 1201 1915 1235 socio,
1931 1201 1958 1237 fi
1976 1205 2000 1229 is
2018 1210 2034 1230 a
2053 1202 2124 1239 socio
2147 1201 2227 1241 laesus
2259 1201 2325 1237 affer,
2355 1202 2428 1228 Iatis.

229 1247 384 1283 priuatione
402 1245 504 1273 doloris
518 1250 592 1281 putat
607 1244 737 1280 Epicurus
756 1243 897 1271 terminari
917 1243 1049 1269 summam
1063 1240 1230 1276 voluptatem
1255 1238 1296 1266 Id.
1359 1236 1416 1309 {3
1460 1239 1532 1265 Viccs
1547 1244 1633 1270 notat,
1651 1247 1680 1266 ut
1700 1237 1771 1271 α’)τὶ,
1791 1239 1859 1271 loco,
1876 1241 1917 1265 vel
1935 1243 1963 1265 in
1984 1240 2072 1266 locum.
2149 1239 2218 1266 Ter.
2235 1239 2302 1266 Eun.
2317 1246 2340 1271 r,
2353 1246 2377 1270 3,
2390 1244 2428 1272 79
2461 1261 2464 1264 4

228 1282 297 1310 ibid,
315 1291 334 1314 1,
347 1288 376 1315 38
390 1291 413 1309 c,
429 1291 451 1308 11
464 1289 508 1317 pr,
1177 1310 1182 1315 ⁸
1389 1273 1436 1301 uid
1457 1280 1514 1301 tum
1534 1273 1640 1308 postea?
1676 1281 1701 1301 P.
1729 1282 1780 1308 pro
1799 1273 1849 1300 illo
1870 1280 1896 1301 te
1919 1274 2022 1302 ducam.
2114 1274 2198 1302 Plaut.
2210 1274 2290 1302 Most.
2312 1282 2333 1307 ι,
2352 1282 2379 1306 2,
2391 1275 2428 1301 62

264 1325 279 1345 Ρ
293 1326 313 1346 R
328 1327 337 1345 1
353 1326 374 1346 v
388 1326 412 1346 A
427 1324 449 1346 Τ
462 1326 472 1344 ι
487 1324 504 1345 C
519 1325 529 1344 1
543 1323 565 1343 v
579 1323 609 1351 s,
633 1325 662 1350 a,
689 1325 745 1343 um.
782 1314 845 1343 Adi.
887 1314 968 1342 Gloss.
988 1314 1048 1341 Lat.
1071 1313 1120 1340 Gr.
1141 1311 1298 1344 Priuaticia,
1362 1311 1502 1338 Continuo
1518 1319 1567 1345 pro
1580 1310 1668 1338 imbre
1680 1319 1757 1337 amor
1769 1309 1887 1338 aduenit.
1959 1311 2028 1338 Dial.
2043 1310 2076 1338 de
2087 1311 2197 1339 Orator.
2211 1320 2251 1345 23,
2264 1320 2277 1338 ε
2302 1310 2360 1344 Qui
2372 1309 2427 1336 Lu-

227 1354 351 1392 ςιρητικοῖ.
1315 1357 1348 1382 30
1363 1348 1458 1374 cilium
1481 1355 1531 1381 pro
1545 1347 1677 1376 Horatio.
1697 1351 1724 1373 et
1742 1346 1898 1375 Lucretium
1911 1356 1960 1382 pro
1974 1347 2094 1382 Virgilio
2112 1348 2213 1382 legunt.
2310 1348 2362 1374 Pro
2381 1346 2428 1373 sua
2443 1360 2445 1362 ·

269 1398 285 1418 Ρ
295 1398 362 1418 Riv
372 1396 394 1418 A
406 1390 451 1417 Τι’
460 1397 511 1416 vv
521 1394 549 1424 s,
570 1398 595 1423 a,
612 1398 668 1415 um.
688 1387 749 1414 Adi.
786 1387 864 1415 Idem.
900 1385 971 1413 Gell.
986 1392 1010 1419 5,
1025 1393 1049 1412 12
1076 1385 1137 1412 Pars
1153 1383 1298 1419 priuatiua.
1360 1383 1454 1410 eduxit
1467 1392 1525 1410 eam
1539 1388 1626 1410 mater
1644 1383 1713 1410 Ter.
1723 1383 1789 1409 Eun.
1803 1391 1825 1416 ι,
1840 1391 1863 1415 2,
1878 1387 1923 1419 76.
1995 1385 2046 1411 Pro
2054 1383 2184 1411 Absolute
2193 1383 2293 1412 habere
2304 1383 2428 1418 aliquem

228 1428 261 1455 Et
281 1436 315 1460 ι3,
327 1436 361 1454 22
388 1427 432 1453 Ne
445 1425 575 1462 particula
589 1424 724 1461 priuatiua
737 1422 781 1450 est.
1360 1421 1417 1447 Cic.
1431 1421 1504 1447 Fam.
1520 1424 1544 1452 8,
1559 1424 1581 1450 8.
1652 1419 1705 1446 Pro
1714 1418 1882 1454 Alienigenis
1902 1419 1994 1447 Tacit.
2002 1421 2071 1447 Ann.
2086 1429 2119 1454 11,
2134 1429 2178 1455 24,
2194 1422 2220 1447 6.
2309 1419 2361 1446 Pro
2374 1419 2428 1445 An-

266 1470 281 1489 P
291 1471 310 1490 R
320 1470 328 1488 1
339 1469 359 1489 v
369 1469 378 1488 1
389 1470 405 1489 L
416 1469 432 1489 E
444 1468 465 1488 G
477 1469 517 1489 ιν
527 1469 569 1494 Μ,
592 1469 611 1488 1.
637 1471 663 1487 n.
701 1461 855 1495 [vt-formiae,
875 1458 1040 1494 προτέρημα]
1083 1457 1137 1483 Lex
1151 1455 1186 1482 ad
1203 1454 1297 1491 priuos
1360 1456 1422 1483 cilla
1434 1455 1534 1483 habere
1554 1455 1637 1482 Plaut.
1652 1455 1721 1482 Pers.
1735 1464 1757 1488 3,
1772 1463 1793 1488 ι,
1809 1463 1843 1488 13.
1915 1456 1976 1483 Liu.
1991 1465 2032 1490 23,
2044 1465 2060 1490 9
2080 1457 2132 1485 Pro
2145 1458 2312 1492 Argumento
2321 1455 2349 1482 id
2363 1454 2429 1488 fuit,

227 1499 348 1532 homines,
368 1502 386 1525 i.
399 1498 441 1533 fin
463 1499 515 1525 ulos
523 1500 665 1533 pertinens.
704 1496 792 1532 Qmi,
804 1495 981 1532 fiscquamur,
995 1493 1024 1520 id
1036 1493 1102 1530 quod
1116 1492 1144 1519 de
1158 1492 1241 1519 reditu
1255 1492 1296 1518 M.
1360 1492 1522 1520 Annibalem
1535 1491 1625 1518 castris
1636 1500 1691 1518 non
1704 1492 1825 1519 mouisse.
1906 1492 1964 1520 Cic.
1978 1492 2012 1519 de
2027 1493 2097 1520 Clar.
2108 1493 2184 1521 Orat.
2196 1495 2245 1526 276
2265 1493 2325 1519 Hoc
2338 1493 2428 1526 ipsum

227 1536 370 1568 Ciceronis,
389 1541 413 1561 ct
432 1507 461 1561 ᾗ
479 1537 584 1569 imperio
598 1535 709 1569 Pompeii
722 1531 850 1566 statutum
869 1530 918 1565 ist,
930 1540 979 1557 non
993 1529 1047 1562 lex,
1059 1529 1108 1566 sed
1120 1528 1296 1569 priuilegium
1314 1535 1343 1562 35
1360 1530 1441 1556 etiam
1456 1528 1569 1563 posuisse
1586 1530 1821 1563 proArgumento,
1837 1527 1910 1563 quod
1924 1528 1971 1555 ille
2001 1538 2076 1562 uum,
2088 1536 2134 1556 etc.
2161 1535 2216 1556 tam
2229 1528 2315 1556 solute
2329 1528 2443 1564 egisset-‘⁴

226 1572 339 1599 dicitur:
359 1570 525 1607 quodprobat
539 1573 613 1596 etiam
627 1569 697 1596 Gell.
713 1577 752 1601 10,
765 1576 809 1594 20.
845 1567 893 1596 Scd
901 1570 1012 1629 sproprie
1023 1572 1105 1593 tamen
1119 1564 1297 1598 Pritulegium
1359 1565 1451 1592 Sicilia
1472 1573 1529 1591 non
1546 1563 1633 1591 solum
1653 1573 1702 1599 pro
1722 1564 1831 1599 penaria
1850 1564 1932 1598 cella,
1952 1539 2000 1591 sedl
2011 1566 2091 1593 etiam
2107 1574 2156 1600 pro
2168 1566 2281 1593 Aerario
2296 1563 2430 1591 Romanis
2475 1563 2478 1570 '

226 1608 291 1635 illud
303 1605 347 1642 est,
360 1607 404 1634 vbi
415 1607 444 1633 de
456 1606 597 1633 indemnati
608 1609 675 1633 ciuis
688 1608 770 1640 capite
777 1604 871 1640 fertur
884 1613 898 1631 α
926 1604 1054 1639 populum.
1090 1602 1147 1628 Cic.
1156 1610 1206 1637 pro
1215 1601 1296 1627 Dom.
1358 1602 1411 1628 fuit
1428 1601 1503 1628 Idem
1517 1601 1595 1628 Verr.
1608 1609 1631 1631 a,
1646 1607 1668 1634 5.
1739 1601 1793 1627 Pro
1802 1600 1939 1628 Beneficio
1952 1609 1984 1628 an
1997 1602 2048 1629 hoc
2064 1601 2101 1629 est
2113 1602 2284 1629 habendum?
2304 1599 2380 1628 Idem
2393 1599 2428 1627 ad
2470 1603 2472 1606 '

228 1653 261 1678 43
276 1654 297 1671 c.
314 1652 343 1679 17
363 1645 461 1670 Vetant
475 1643 545 1677 leges
559 1643 683 1675 sacratae,
697 1647 789 1668 vetant
801 1641 852 1667 XII
864 1640 986 1672 tabulae,
998 1639 1069 1673 leges
1084 1637 1198 1675 priuatis
1213 1638 1296 1669 (Scal.
1357 1639 1430 1666 Brut.
1448 1639 1485 1664 16.
1571 1637 1630 1664 Cic.
1645 1637 1718 1664 Fam.
1733 1641 1758 1669 8,
1770 1641 1784 1667 8
1804 1637 1912 1664 Totum
1926 1637 2114 1673 Sempronium
2127 1647 2213 1673 vsque
2226 1647 2260 1664 eo
2274 1645 2381 1673 perage,
2397 1641 2429 1664 vt

229 1680 333 1716 priuis)
348 1679 505 1706 hominibus
519 1678 645 1714 irrogari.
681 1677 711 1704 Id
726 1677 762 1704 est
776 1677 849 1703 enim
864 1676 1048 1712 priuilegium.
1091 1674 1172 1702 Nihil
1187 1674 1224 1700 est
1236 1682 1295 1700 cru-
1357 1674 1511 1701 Vestorium
1531 1682 1642 1709 quoque
1660 1673 1847 1707 interponam,
1866 1679 1892 1700 et
1906 1673 1982 1701 illam
1994 1674 2113 1701 fabulam
2127 1683 2234 1703 narrem
2255 1673 2428 1709 quemadmo-

229 1716 331 1749 delius‚
352 1715 422 1742 nihil
437 1714 628 1751 perniciosius,
647 1713 716 1740 nihil
731 1712 805 1748 quod
820 1712 910 1739 minus
928 1712 992 1738 haec
1012 1710 1106 1738 ciuitas
1126 1710 1199 1738 ferre
1211 1709 1295 1750 possit3
1311 1721 1350 1746 40
1359 1711 1423 1738 dum
1438 1710 1498 1737 tibi'
1511 1709 1705 1745 proBenesicio
1720 1709 1839 1740 dederit,
1856 1709 1874 1735 si
1889 1710 1957 1745 quid
1971 1711 2083 1738 iniuriis
2097 1711 2149 1738 suis
2163 1711 2234 1744 esset,
2248 1709 2322 1746 quod
2333 1709 2427 1737 Vesto-
2458 1715 2461 1718 ’

230 1752 437 1787 Prosci-iptiouis
457 1751 639 1778 miserrimum
657 1757 757 1776 nomen
777 1748 862 1780 illud,
894 1754 920 1774 et
942 1747 1030 1774 omnis
1050 1746 1179 1774 acerbitas
1194 1746 1298 1772 Sullam
1359 1747 1416 1773 rius
1428 1752 1541 1773 teneret.
1620 1746 1672 1773 Pro
1689 1746 1758 1772 Ciue
1769 1754 1862 1780 gerere
1876 1746 1902 1772 se
1930 1747 2005 1774 Idem
2018 1756 2069 1782 pro
2084 1746 2164 1775 Arch.
2186 1756 2209 1774 11
2224 1756 2247 1774 c.
2261 1755 2283 1780 ς.
2374 1746 2428 1773 Pro
2452 1751 2456 1761 ¹

228 1790 358 1824 temporis
373 1787 437 1822 quid
457 1786 554 1819 habet,
574 1785 647 1820 quod
666 1784 784 1811 maxime
801 1783 831 1810 sit
845 1782 945 1816 insigne
963 1782 996 1809 ad
1009 1782 1169 1808 memoriam
1184 1781 1297 1807 crudeli·
1359 1783 1429 1808 Ciue
1444 1783 1509 1814 else,
1530 1781 1579 1816 qui
1598 1781 1667 1808 ciuis
1681 1790 1736 1808 non
1756 1781 1802 1814 sit,
1821 1781 1926 1810 redium
1946 1783 1983 1810 est
2003 1793 2058 1810 non
2072 1783 2154 1811 licere
2179 1782 2324 1813 IdemDff.
2343 1783 2428 1815 3,47.

229 1825 290 1852 tatis
306 1826 315 1851 3
358 1824 465 1859 Opiuor
479 1830 591 1858 poenam
607 1822 636 1848 in
655 1820 726 1847 ciues
747 1820 827 1846 Rom.
854 1817 1087 1845 NOMINATIM
1107 1816 1189 1842 SINE
1208 1816 1313 1856 1VD13
1358 1818 1410 1843 Pro
1425 1816 1561 1849 Consule,
1587 1816 1643 1842 vid.
1667 1823 1875 1844 PROCONSVL.
1975 1820 2062 1846 Etiam
2079 1819 2170 1846 ηοᾶὶεε
2184 1825 2317 1847 certarum
2331 1818 2430 1846 mulie.

228 1862 290 1888 CIO
310 1860 490 1887 constitutam.
534 1856 752 1893 Desndeformam
765 1854 915 1881 iudiciorum
929 1853 1019 1889 populi
1033 1851 1166 1892 dssstrilists
1178 1857 1208 1878 vt
1219 1858 1297 1887 appa·
1357 1861 1428 1885 rum,
1440 1858 1520 1887 atque
1535 1851 1796 1879 adolescentulorum
1810 1852 1947 1880 nobilium
1962 1854 2189 1888 introdugtiones’
2204 1854 2342 1882 nonnullis
2358 1853 2429 1882 iudi.
2478 1841 2492 1872 j

228 1904 285 1924 reat
298 1897 332 1923 ad
344 1895 520 1932 priuilegium
532 1897 639 1930 proprie
653 1891 748 1919 Alfium
780 1894 887 1917 ertinere
895 1910 903 1923 ‚
922 1896 952 1916 vt
964 1891 1059 1924 aliquis
1064 1889 1103 1922 stt
1118 1888 1297 1928 indemnatus.
1311 1899 1346 1926 45
1359 1888 1434 1915 cibus
1449 1897 1498 1923 pro
1511 1888 1641 1915 mercedis
1655 1887 1771 1915 Cumulo
1784 1887 1894 1915 fuerunt
1914 1889 1971 1916 Cic.
1980 1889 2035 1918 Att.
2043 1900 2064 1924 1,
2075 1899 2108 1922 ¹3·
2182 1892 2234 1918 Pro
2243 1892 2359 1918 Centum
2368 1890 2429 1918 ΠΜ,
2464 1885 2487 1926 J»

230 1935 301 1961 Hinc
313 1942 370 1969 ergo
384 1930 599 1966 interpretandum
612 1928 676 1956 iHud
689 1937 739 1964 pro
771 1932 822 1953 ext.
838 1929 869 1960 65
883 1935 905 1953 e.
917 1935 947 1958 30
969 1925 1093 1952 Curcum
1109 1923 1141 1950 de
1155 1923 1241 1959 capite
1260 1931 1297 1949 ct·
1359 1925 1432 1951 libus
1444 1933 1511 1952 vnus
1523 1924 1591 1951 Cato
1606 1923 1676 1950 mihi
1689 1923 1726 1950 est
1748 1922 1823 1950 Idem
1838 1923 1907 1950 ibid.
1923 1933 1949 1957 ι,
1964 1933 1985 1958 5.
2068 1927 2125 1953 Cic.
2142 1926 2258 1962 Philipp.
2275 1935 2307 1958 ιι,
2320 1934 2355 1961 27
2374 1927 2428 1952 Ita·
2446 1931 2448 1933 '
2483 1933 2486 1936 ’

229 1970 270 1996 vis
287 1985 333 1989 —
350 1974 376 1995 et
391 1967 422 1994 de
434 1967 513 1994 bonis
530 1965 693 2001 proscriptio
707 1963 833 1995 serretur,
849 1971 910 1989 cum
926 1966 952 1987 et
969 1960 1074 1986 sacratis
1092 1958 1197 1994 legibus
1208 1965 1234 1985 et
1246 1959 1297 1985 XII
1360 1970 1412 1996 que
1431 1960 1450 1987 si
1468 1959 1539 1987 nihil
1559 1959 1591 1986 ad
1611 1969 1660 1986 nos
1680 1960 1828 1987 referretur
1842 1960 1875 1987 de
1890 1960 2031 1988 Dolabella
2048 1957 2250 1997 persequendo,
2267 1968 2357 1989 tamen
2375 1970 2427 1995 ego

226 2005 329 2033 -tabulis
350 2004 480 2031 sancitum
500 2004 578 2035 estet,
598 2008 626 2028 vt
647 2008 735 2035 neque
747 1998 925 2034 priuilegium
945 1996 1067 2037 irrogare
1079 1995 1189 2027 liceret,
1208 2003 1297 2028 neque
1358 2006 1409 2031 pio
1422 1997 1537 2023 Decreto
1551 2001 1682 2030 putarem.
1745 1997 1797 2024 Pro
1810 1996 1949 2032 Derelieto
1963 1997 2067 2031 aliquid
2080 1997 2181 2024 habere
2206 1998 2280 2023 Idem
2294 1998 2348 2023 Att.
2367 2001 2389 2028 8,
2403 2005 2426 2024 ι.

226 2041 316 2078 (quod
327 2040 425 2067 eandem
441 2042 493 2066 vim
506 2038 603 2073 habet)
617 2037 666 2064 nisi
678 2035 798 2063 comitiis
810 2033 965 2061 centuriatis
979 2040 1086 2067 rogari,
1100 2031 1174 2057 nulla
1189 2039 1242 2057 vox
1260 2029 1298 2056 est
1360 2033 1412 2059 Pro
1421 2032 1565 2058 Desertore
1589 2031 1682 2057 Tacit.
1699 2032 1768 2057 Ann.
1783 2040 1803 2063 1,
1817 2033 1856 2064 38,
1870 2041 1892 2063 3.
1985 2034 2037 2058 Pro
2050 2033 2206 2065 Dieiatore,
2235 2031 2289 2058 vid.
2312 2037 2422 2060 rRom-

226 2077 319 2105 audita
338 2077 478 2103 consulum
493 2076 502 2101 ἒ
539 2077 644 2110 itemque
657 2073 690 2099 de
705 2073 785 2107 Legg.
808 2079 829 2103 3,
841 2079 880 2104 44
899 2079 921 2096 c.
938 2077 966 2102 19
993 2069 1025 2094 In
1038 2067 1160 2108 priuatos
1186 2066 1298 2107 (priuos
1311 2076 1344 2102 50
1362 2073 1513 2095 cTATOR.
1585 2067 1637 2093 Pro
1650 2066 1701 2093 Die
1711 2066 1840 2105 hodiem,
1861 2075 2007 2100 cauponam
2023 2076 2072 2102 pro
2087 2068 2187 2103 oppIdo
2200 2068 2282 2096 alicui
2295 2068 2344 2095 effe
2368 2067 2424 2098 Cic.

226 2112 293 2142 resse
308 2115 425 2145 Putean.)
440 2111 564 2138 homines
578 2111 649 2145 leges
663 2109 731 2136 ferri
745 2107 904 2134 noluerunt:
931 2104 959 2132 id
974 2104 1010 2131 est
1021 2112 1094 2131 emm
1107 2103 1298 2139 priuilegium,
1358 2104 1388 2130 in
1404 2104 1488 2130 Pison.
1504 2110 1542 2137 ς’.
1618 2103 1670 2129 Pro
1683 2102 1742 2128 Diis
1759 2101 1858 2129 habent
1877 2101 1990 2130 obscena
2015 2103 2083 2131 Plin.
2098 2112 2130 2136 2,
2147 2114 2170 2138 7.
2241 2105 2293 2132 Pro
2312 2103 2426 2131 Deliciis

225 2159 282 2186 quo
296 2149 362 2184 quid
377 2148 414 2176 est
427 2147 568 2175 iniustius?
604 2155 664 2173 cum
684 2145 750 2179 legis
764 2143 828 2170 haec
843 2143 883 2169 vis
898 2141 943 2174 sit,
957 2141 1052 2168 scitum
1071 2146 1097 2167 et
1119 2139 1231 2180 (1551ch
1247 2146 1297 2174 pro
1360 2140 1502 2167 crudelitas
1515 2119 1556 2166 sili
1570 2138 1624 2166 fuit
1644 2138 1701 2165 Cic.
1715 2137 1830 2173 Philipp.
1847 2147 1885 2171 11,
1898 2147 1925 2172 9.
2020 2140 2127 2175 lejan,
2141 2141 2170 2167 in
2189 2140 2207 2168 Ι,
2223 2140 2255 2167 ad
2275 2140 2381 2168 testium
2399 2138 2426 2178 §²

226 2187 280 2218 esi)
295 2186 389 2213 iussum
405 2186 434 2212 iu
447 2192 554 2211 omnes:
575 2182 644 2210 ferri
658 2181 690 2208 de
703 2180 823 2216 singulis,
837 2178 886 2205 nisi
899 2177 1055 2204 centuriatis
1069 2177 1187 2203 comitiis
1203 2175 1297 2202 nolue-
1361 2176 1388 2203 Si
1401 2177 1462 2211 quis
1481 2176 1515 2203 D.
1543 2176 1599 2209 Qui
1619 2174 1773 2202 testamenta
1793 2175 1880 2201 facere
1893 2174 2003 2210 possim,
2035 2176 2063 2203 Si
2078 2176 2138 2213 quis
2152 2186 2184 2204 ex
2202 2177 2313 2204 testibus
2327 2178 2429 2205 nomm·
2448 2174 2451 2183 ¹
2502 2176 2504 2183 ι

226 2229 300 2250 runt.
337 2221 492 2257 Descriptus
506 2219 578 2247 enim
592 2218 707 2254 populus
720 2217 808 2248 censu,
823 2214 976 2247 ordinibus,
990 2212 1137 2246 aetatibus,
1149 2211 1208 2248 plus
1220 2210 1296 2239 adhi-
1358 2213 1434 2239 suum
1456 2221 1511 2238 non
1528 2212 1712 2247 adscripserit,
1732 2217 1908 2238 veruntamen
1928 2211 2088 2246 signauerit,
2109 2222 2159 2248 pro
2174 2214 2213 2240 Eo
2228 2214 2279 2244 est,
2312 2219 2393 2248 atque
2405 2211 2438 2241 fi„
2480 2229 2484 2233 ,
2507 2224 2517 2238 ¹,

227 2259 272 2286 bet
291 2258 323 2285 ad
343 2257 500 2292 suffragium
521 2255 643 2288 consilii,
662 2262 742 2289 quam
762 2252 819 2279 fuse
839 2252 868 2278 in
884 2250 970 2279 tribus
985 2255 1157 2276 conuocatuS.
1194 2249 1226 2276 Et
1238 2257 1296 2275 mox
1314 2253 1344 2281 53
1357 2248 1494 2276 adhibitus
1507 2257 1562 2275 non
1575 2248 1645 2275 ess'et.
1718 2248 1846 2288 Pompon.
1861 2247 1890 2274 in
1909 2247 1926 2274 l.
1940 2248 2096 2282 Legatarius
2108 2250 2141 2276 D.
2157 2249 2189 2276 de
2203 2250 2268 2285 Leg.
2282 2259 2292 2276 1
2312 2250 2339 2276 Si
2354 2250 2435 2285 legg,¹
2507 2247 2512 2255 ,

226 2296 364 2323 Praeterea
382 2303 469 2329 neque
488 2292 591 2320 tributa
611 2291 705 2326 capitis
730 2288 841 2317 comitia
859 2293 917 2315 rata
937 2287 986 2314 esse
1001 2286 1089 2322 posse,
1115 2284 1165 2319 (fic
1182 2285 1230 2322 leg.
1244 2290 1296 2319 pro
1358 2292 1416 2313 tum
1430 2284 1510 2312 nobis
1522 2284 1649 2312 relie‘tum
1661 2283 1895 2316 constituerimus,
1908 2283 1981 2310 nolle
1994 2284 2026 2310 ad
2040 2293 2089 2311 nos
2101 2285 2244 2319 pertinere,
2252 2295 2302 2321 pro
2314 2286 2352 2312 Eo
2366 2285 2455 2321 erigi).

228 2332 347 2368 possent)
366 2339 455 2366 neque
475 2329 531 2356 vlla
544 2327 698 2365 priuilegii:
730 2329 749 2354 i.
766 2325 819 2352 vlla
837 2326 954 2356 comitia,
974 2325 1001 2349 in
1021 2322 1111 2359 quihus
1124 2321 1180 2356 fine
1199 2320 1295 2348 iudicio
1357 2321 1431 2358 quasi
1450 2330 1484 2348 ne
1498 2321 1615 2356 legatum
1636 2320 1746 2356 quidem
1767 2319 1807 2347 sit.
1878 2320 1929 2346 Pro
1938 2320 2067 2348 Eunucho
2082 2321 2179 2348 deduci
2197 2321 2267 2349 Ter.
2281 2322 2347 2349 Eun.
2362 2331 2387 2356 3,
2395 2322 2421 2356 ’ς’,ῑ
2439 2327 2443 2331 ·

225 2365 364 2404 antegreff)
371 2366 437 2403 solis
446 2365 585 2402 sententiis
591 2365 682 2401 populi
688 2385 698 2399 ,
717 2361 879 2389 indemnatus
888 2359 999 2396 proinde
1012 2360 1105 2394 aliquis
1114 2357 1296 2420 proscribitur.
1356 2366 1397 2392 25.
1479 2358 1531 2385 Pro
1543 2357 1667 2396 Exercitu
1687 2358 1729 2391 (i.
1747 2357 1948 2392 exercitatione)
1967 2356 2132 2391 gymnastico
2151 2364 2176 2384 et
2196 2358 2353 2392 palaestrico
2372 2358 2432 2387 hm,
2443 2351 2461 2387 j·

227 2405 298 2431 Hinc
331 2406 407 2430 etiam
439 2401 539 2436 dissolui
564 2406 703 2437 poterunt,
732 2407 793 2436 quae
818 2396 982 2433 disputantur
1004 2394 1072 2431 apud
1104 2394 1174 2421 Gel.
1196 2403 1235 2426 10,
1254 2402 1295 2419 20.
1356 2394 1486 2422 habemus
1509 2393 1592 2420 Plaut,
1607 2392 1675 2420 Rud,
1689 2400 1715 2425 2,
1728 2401 1749 2425 ι,
1763 2401 1786 2424 7,
1875 2392 1926 2419 pro
1946 2393 2018 2419 pilio
2033 2393 2142 2420 educari
2169 2393 2262 2421 Iustin-
2284 2403 2310 2428 1,
2331 2404 2367 2430 4,
2386 2403 2427 2428 ι9..
2447 2395 2457 2420 '.'

226 2440 283 2467 Cic.
298 2439 326 2466 in
339 2438 430 2466 Parad.
445 2448 463 2472 4
487 2437 537 2465 Sed
551 2436 617 2472 quid
631 2445 682 2471 ego
695 2442 850 2462 communes
865 2433 935 2467 leges
952 2431 1076 2467 profero,
1095 2430 1193 2466 quibus
1207 2429 1295 2456 omni·
1313 2432 1406 2459 60Pro
1415 2429 1547 2465 Frugibus
1566 2430 1709 2461 Cererem,
1728 2427 1858 2455 Liberum
1871 2429 2003 2464 appellare
2023 2437 2073 2464 pro
2088 2429 2168 2461 vino,
2195 2430 2352 2465 Neptunum
2372 2439 2403 2466 pr
2426 2457 2439 2463 „

226 2477 276 2503 bus
292 2484 318 2501 es
333 2475 413 2501 exul?
433 2473 660 2501 Familiariffimus
674 2478 734 2498 tuus
748 2471 780 2498 de
793 2477 818 2496 te
833 2469 1010 2505 priuilegium
1024 2467 1131 2499 tulit,vt
1147 2466 1164 2493 fi
1181 2467 1208 2492 in
1218 2474 1294 2506 oper·
1355 2466 1439 2501 mari,
1462 2466 1564 2494 curiam
1577 2474 1626 2499 pro
1641 2465 1751 2497 Senatu,
1774 2473 1895 2500 campum
1915 2473 1964 2499 pro
1976 2463 2105 2498 comitiis,
2119 2471 2164 2491 etc,
2193 2466 2250 2492 Cic,
2264 2466 2297 2492 de
2307 2468 2383 2494 Orat.
2397 2469 2423 2500 33

227 2518 285 2541 tum
298 2512 388 2538 Bonae
403 2509 467 2536 deae
480 2509 630 2541 accessisses,
650 2507 780 2535 exulares.
815 2507 879 2533 Vim
901 2511 927 2532 et
947 2503 1130 2532 crudentatem
1143 2501 1294 2538 priuilegii,
1356 2505 1411 2536 165.
1507 2502 1558 2529 Pro
1573 2501 1656 2529 Hoste
1669 2501 1768 2527 habere
1787 2501 1849 2528 Liu.
1865 2509 1891 2532 2,
1901 2509 1942 2527 20.
2039 2502 2089 2528 Pro
2108 2500 2229 2527 Monstro
2249 2510 2307 2528 eam
2322 2511 2421 2530 vocem

227 2548 388 2576 auffxoritate
408 2544 650 2573 honestissimorum
676 2542 820 2570 hominum
839 2547 866 2569 et
884 2541 1002 2577 publicis
1024 2539 1110 2567 literis
1127 2538 1293 2573 consignauit
1353 2539 1463 2575 accepit,
1482 2541 1501 2565 i.
1520 2539 1653 2574 Tanquam
1666 2535 1800 2571 monstrum
1813 2535 1991 2571 detqiatusest
2015 2536 2076 2564 Val.
2090 2537 2160 2564 Max.
2168 2545 2196 2570 4,
2207 2545 2230 2570 3,
2243 2539 2268 2563 6.
2303 2538 2355 2564 Pro
2368 2538 2421 2564 Oc-

226 2585 264 2613 ld.
280 2583 336 2620 post
349 2581 428 2610 redit.
442 2582 470 2608 in
478 2582 564 2608 Senat.
579 2589 610 2614 29
625 2590 646 2606 c.
663 2588 696 2606 11.
897 2575 918 2615 fl
937 2585 955 2604 a.
994 2577 1080 2611 Neque
1098 2583 1179 2602 tamen
1194 2575 1292 2610 nonsa-
1354 2576 1410 2603 ciso
1422 2574 1532 2603 relictus
1546 2574 1582 2601 est
1594 2574 1698 2601 Sextius
1719 2574 1833 2609 Cic.pr0
1842 2574 1910 2600 Sext.
1920 2579 1954 2604 81.
2051 2574 2103 2600 Pro
2118 2573 2225 2600 Parente
2243 2572 2331 2600 colere
2355 2572 2418 2599 Liu.

227 2624 262 2648 tis
275 2623 379 2656 antiqua
393 2617 426 2652 est
439 2621 522 2649 ratio,
540 2627 590 2653 qua
611 2626 676 2642 nunc
688 2614 750 2652 fere
761 2619 869 2641 utuntur
881 2623 889 2639 :
924 2613 991 2640 Plin.
1004 2612 1083 2648 Epist.
1099 2621 1136 2645 10,
1150 2614 1192 2645 56,
1208 2621 1218 2638 1
1241 2612 1293 2638 Cu·
1307 2613 1339 2646 65
1355 2614 1399 2645 26,
1419 2620 1456 2645 49
1476 2618 1541 2639 exer.
1616 2612 1797 2646 Qiascunque
1817 2609 1887 2637 sedes
1908 2609 2019 2644 elegeris
2039 2618 2089 2645 pro
2107 2608 2194 2636 Patria
2219 2609 2293 2636 Curt.
2310 2617 2334 2643 5,
2349 2617 2381 2642 ιι,
2394 2615 2418 2642 5.

229 2666 291 2693 pere
311 2655 421 2691 quidem
439 2654 593 2686 vniuersos,
613 2658 642 2680 vt
663 2661 678 2678 a
701 2659 744 2678 me
764 2650 882 2677 rationes
896 2649 1020 2676 coloniae
1035 2648 1201 2683 legerentur3
1226 2656 1295 2673 nun·
1355 2649 1407 2676 Pro
1419 2647 1532 2682 Perfuga
1551 2647 1645 2681 Nepos
1661 2655 1701 2680 14,
1715 2649 1742 2680 6,
1754 2656 1782 2680 4.
1822 2646 1893 2682 conf.
1914 2646 1989 2672 Caes.
1999 2644 2143 2671 Bell.Gall.
2158 2653 2179 2678 3,
2195 2650 2230 2675 18.
2264 2645 2374 2680 Liu.2.7‚
2384 2652 2419 2678 15.

229 2702 309 2728 quam
325 2700 414 2719 tamen
427 2691 476 2718 else
490 2689 570 2717 lectas
584 2689 618 2716 ab
633 2688 689 2715 vllo
704 2686 908 2716 Proconsulum:
934 2685 1053 2712 habuisse
1066 2684 1250 2720 priuilegium,
1267 2689 1294 2710 et
1355 2685 1407 2712 Pro
1421 2685 1536 2719 Pignore
1551 2685 1656 2710 tradere
1670 2683 1773 2718 aliquid
1799 2682 1856 2709 Cic.
1873 2681 1905 2707 de
1917 2681 2084 2708 Pr0u.Cons.
2098 2689 2119 2706 2.
2219 2681 2270 2707 Pro
2289 2680 2361 2707 Latis
2375 2680 2422 2707 ha-

229 2728 428 2756 vetustislimum
442 2735 563 2759 morem,
577 2724 693 2752 arbitrio
705 2724 752 2750 suo
769 2721 912 2758 Rempubl.
931 2721 1125 2748 administrare.
1167 2721 1199 2746 Et
1219 2727 1260 2753 57,
1279 2728 1296 2746 2
1355 2721 1420 2749 bere
1434 2722 1553 2748 rationes
1566 2719 1673 2746 relidkas
1695 2719 1752 2746 Cic.
1767 2719 1838 2744 Fam.
1852 2724 1874 2750 5,
1887 2725 1930 2746 20.
1984 2718 2035 2744 Pro
2049 2718 2185 2751 Praetore,
2199 2717 2250 2744 Pro
2264 2716 2422 2750 Quaestore,
2452 2718 2456 2723 “

231 2766 298 2797 Hoc,
314 2764 386 2800 quod
400 2773 470 2790 nuuc
483 2762 650 2799 inspecturus
665 2769 691 2787 es
705 2769 737 2787 ex
751 2768 807 2787 mea
822 2758 978 2790 voluntate,
999 2757 1091 2788 saluis,
1114 2764 1182 2791 quae
1196 2755 1295 2782 habent
1354 2757 1410 2784 vid.
1432 2760 1654 2784 PROFRAETOR
1665 2774 1673 2786 ,
1698 2759 1951 2792 PROQVAESTOR.
2052 2754 2105 2783 Pro
2122 2753 2179 2780 Sale
2199 2752 2258 2780 data
2277 2752 2314 2780 est
2333 2752 2422 2780 anima
2441 2759 2455 2781 ·,

232 2801 393 2836 priuilegiis‚
407 2801 455 2828 effe
468 2799 612 2826 faciurum.
650 2798 682 2824 Et
695 2805 736 2823 110
753 2796 816 2822 Siue
830 2794 929 2821 habent
943 2793 1133 2829 priuilegium,
1152 2791 1225 2826 quod
1238 2800 1295 2818 cae·
1308 2804 1345 2831 70
1357 2793 1406 2825 sui,
1420 2802 1453 2819 ne
1472 2792 1603 2827 putrescat
1621 2790 1677 2816 Cic.
1690 2788 1722 2815 de
1737 2789 1800 2816 Nat.
1817 2790 1899 2816 Deor.
1914 2798 1941 2823 2,
1960 2792 2015 2818 160.
2111 2790 2162 2816 Pro
2178 2790 2276 2824 Spoliis
2289 2789 2365 2817 abuti
2378 2797 2442 2827 οι·-Ἰ

233 2838 294 2864 teris
308 2836 486 2864 creditoribus
500 2839 713 2870 anteponantur,
733 2830 935 2858 custodiendum
956 2829 993 2856 est
1013 2836 1059 2855 etc.
1146 2827 1296 2862 Priuilegio
1356 2829 1488 2855 namentis
1501 2826 1613 2853 alieuius
1632 2825 1707 2852 Idem
1721 2834 1770 2859 pro
1779 2826 1875 2860 Qint.
1888 2834 1931 2860 99.
2003 2827 2054 2853 Pro
2062 2825 2182 2853 Stercore
2194 2826 2297 2861 aliquid
2313 2825 2421 2862 habere,
2451 2844 2457 2847 -
2494 2839 2496 2852 ι

234 2873 359 2899 subnixus
386 2873 476 2899 Aurei.
490 2872 617 2900 Arcadius
631 2871 659 2896 In
679 2869 697 2895 l.
712 2877 721 2895 1
741 2867 770 2894 in
784 2866 836 2893 fine
852 2867 884 2893 D.
905 2866 937 2893 de
949 2864 1019 2892 offic.
1033 2863 1162 2901 praefeffl.
1177 2869 1294 2899 praetor.
1358 2864 1446 2891 Nihili
1459 2863 1551 2900 facere
1574 2862 1655 2888 Plaut.
1672 2862 1759 2889 Truc.
1781 2870 1809 2896 2,
1829 2870 1859 2897 7,
1881 2870 1904 2895 ς.
2000 2863 2051 2890 Pro
2065 2862 2156 2890 Verbo
2175 2861 2288 2889 verbum
2308 2861 2421 2889 reddere

232 2910 273 2936 Sic
284 2913 358 2936 etiam
372 2909 431 2936 Ser..
446 2909 477 2935 de
490 2908 581 2935 Renes,
597 2916 619 2939 3,
634 2914 655 2933 ιι
675 2903 814 2939 Quaedam
831 2902 974 2939 priuilegia
989 2900 1144 2937 parentibus
1157 2899 1215 2926 data
1229 2900 1296 2926 sunt.
1357 2900 1414 2927 Cic.
1430 2899 1462 2926 de
1470 2900 1532 2934 Opt.
1549 2899 1613 2925 Gen.
1623 2899 1698 2925 Orat.
1713 2907 1754 2933 24.
1834 2898 1910 2925 Idem
1925 2899 1954 2925 in
1968 2899 2044 2926 Orat.
2057 2907 2088 2932 93
2114 2900 2144 2925 In
2159 2897 2257 2934 quibus
2270 2907 2320 2933 pro
2329 2897 2422 2925 Verbo

234 2945 378 2979 Qiomodo
393 2944 490 2971 horum
504 2950 578 2970 extra
592 2943 715 2970 ordinem
730 2940 821 2968 habita
836 2939 906 2966 ratio
919 2938 955 2965 est
969 2945 1016 2964 etc.
1085 2935 1159 2963 Idem
1167 2935 1199 2961 de
1206 2935 1296 2962 Tran-
1358 2936 1469 2971 proprio
1484 2935 1627 2962 subiicitur
1639 2934 1720 2962 aliud.
1792 2935 1843 2962 Pro
1851 2936 1964 2971 Virgine
1979 2941 2092 2970 nuptum
2107 2935 2166 2962 dari
2179 2943 2234 2961 non
2250 2934 2334 2969 potest
2351 2935 2421 2974 Ter.

235 2981 298 3014 quil.
314 2981 362 3007 vit.
381 2989 395 3007 2
423 2981 495 3008 Nam
511 2980 529 3007 si
548 2979 615 3006 dicis
636 2979 716 3006 illum
731 2986 818 3013 aequo
831 2975 924 3003 animo
939 2974 1056 3002 laturum
1067 2993 1075 3006 ,
1097 2971 1202 2998 nullum
1215 2970 1296 2999 habet
1313 2979 1346 3008 75
1359 2971 1472 3007 Adelph.
1491 2980 1514 3004 3,
1527 2980 1552 3003 2,
1565 2976 1608 3004 48.
1676 2972 1825 2999 Pronore
1837 2971 1936 2999 babere
1961 2971 2036 2999 Idem
2049 2971 2132 2998 Andr.
2150 2980 2170 3004 1,
2186 2979 2273 3005 15119.
2357 2970 2378 3008 fl
2399 2978 2421 3005 4

235 3016 414 3051 priuilegiffln,
1359 3010 1451 3036 Parum
1468 3007 1560 3042 differt
1577 3007 1621 3034 illa
1637 3011 1719 3041 ratio,
1746 3014 1770 3034 et
1787 3008 1916 3035 interdum
1928 3018 1943 3034 a
1954 3007 2086 3045 superiore
2100 3011 2146 3034 vix
2165 3004 2348 3045 distinguitur,
2366 3014 2423 3033 cum

274 3058 288 3077 P
300 3059 369 3078 R1v
382 3059 418 3078 11.
429 3059 476 3079 EG
488 3052 558 3078 1A‘R
569 3057 577 3076 1
588 3057 609 3076 V
620 3057 650 3082 s,
671 3058 702 3082 a,
722 3058 777 3075 um.
816 3047 876 3075 Adi.
920 3046 952 3074 Vl
975 3046 1028 3073 ian.
1046 3045 1075 3072 in
1095 3044 1113 3072 l.
1128 3044 1296 3080 Rescriptum
1359 3044 1422 3071 idem
1435 3042 1479 3078 est,
1499 3043 1564 3081 quod
1581 3044 1726 3079 Tanquam,
1744 3044 1866 3077 Perinde,
1884 3044 1952 3078 Acfi.
2027 3044 2097 3072 Ter.
2111 3043 2223 3079 Adelph.
2238 3052 2257 3075 1,
2273 3052 2291 3075 1,
2308 3052 2335 3076 ²3
2355 3042 2423 3070 Inde

239 3086 270 3113 D.
286 3087 316 3113 de
330 3088 425 3123 passm,
445 3087 615 3124 Rescriptum
629 3091 718 3113 autem
730 3085 796 3112 Diui
811 3083 895 3112 Marci
910 3083 943 3110 sse
968 3082 1096 3118 oquitur,
1117 3081 1189 3117 quasi
1203 3089 1297 3108 omnes
1358 3090 1408 3116 ego
1419 3080 1498 3108 *hunc
1509 3080 1639 3113 maiorem
1653 3079 1778 3114 adoptaui
1791 3080 1875 3112 mihi,
1893 3081 1973 3107 eduxi
1987 3089 2002 3108 a
2015 3081 2139 3116 paruulo,
2154 3080 2247 3113 habui,
2266 3079 2355 3106 amani
2387 3083 2420 3108 ro
2500 3088 2517 3133 t

238 3123 378 3150 creditores
393 3124 505 3151 debeant
526 3123 681 3150 conuenire.
722 3121 796 3154 Qtid
814 3130 878 3156 ergo
896 3120 914 3147 si
934 3119 1043 3154 quidam
1063 3127 1158 3144 eorum
1178 3118 1296 3145 absentes
1358 3126 1428 3145 meo.
1508 3118 1560 3144 Pro
1573 3121 1660 3142 certo:
1682 3117 1788 3151 leian.
1803 3117 1831 3144 in
1846 3117 1862 3143 l.
1880 3125 1892 3149 3
1913 3115 1936 3155 §.
1966 3118 2002 3150 Is,
2016 3118 2064 3152 qui
2077 3117 2159 3143 nescit
2173 3117 2206 3143 D.
2226 3116 2257 3142 de
2270 3115 2358 3142 libero
2393 3123 2425 3142 οε
2443 3110 2463 3171 v
2486 3139 2487 3145 ,
2514 3118 2517 3131 “

239 3157 303 3185 sint?
338 3160 467 3194 numquid
482 3160 633 3196 exemplum
654 3157 831 3194 praesentium
851 3157 970 3183 absentes
988 3155 1063 3190 sequi
1080 3154 1213 3181 debeant?
1246 3153 1296 3180 Sed
1311 3157 1344 3183 80
1359 3156 1433 3181 mine
1447 3152 1539 3180 exhib.
1575 3152 1679 3180 Etenim
1698 3153 1772 3180 refte
1789 3153 1904 3189 placuit,
1923 3160 1985 3180 tunc
1999 3153 2107 3180 demum
2124 3153 2175 3180 hoe
2188 3151 2363 3179 interdictum
2381 3151 2422 3178 lo·
2462 3178 2464 3182 λ
2486 3156 2510 3181 :a

241 3202 272 3219 an
288 3201 312 3220 ct
325 3196 516 3230 priuilegiariis
531 3194 685 3223 absentibus
699 3193 763 3220 haec
781 3192 871 3228 paftio
884 3198 991 3223 noceat,
1005 3192 1138 3226 eleganter
1153 3190 1298 3217 tratiiatur:
1358 3200 1420 3218 cum
1439 3190 1554 3222 habere,
1588 3189 1692 3230 quoties
1712 3190 1771 3224 quis
1790 3199 1839 3225 pro
1853 3190 1936 3217 Certo
1955 3190 2026 3218 liber
2045 3189 2090 3216 est.
2148 3200 2160 3205 e
2200 3187 2335 3222 Quinctil.
2350 3197 2373 3220 5,
2395 3183 2451 3219 12¹³,
2486 3185 2500 3228 [-

241 3228 258 3254 fl
270 3231 350 3257 modo
364 3232 432 3258 valet
447 3232 535 3267 pacho
554 3238 580 3258 et
598 3238 689 3258 contra
703 3229 831 3256 absentes.
897 3230 961 3264 Ergo
975 3226 1179 3263 Priuilegiarius
1192 3226 1297 3258 dicitur,
1358 3228 1434 3254 Prius
1455 3226 1488 3253 de
1509 3225 1641 3253 adulterio
1660 3226 1874 3253 conuincendum
1894 3226 1944 3257 est,
1963 3231 1992 3252 vt
2011 3232 2099 3261 quum*
2116 3224 2144 3250 id
2162 3224 2282 3258 eoeperit
2302 3225 2350 3250 effe
2370 3231 2420 3258 pro
2435 3232 2449 3250 ’,

241 3265 285 3290 Cui
303 3267 402 3301 aliquod
415 3270 507 3302 priuile
526 3271 577 3294 ium
588 3265 720 3301 conceffitm
733 3263 776 3299 qli.
823 3264 903 3300 Vulgo
922 3264 1109 3300 priuilegiatus
1131 3270 1297 3299 nuncupatur.
1356 3264 1450 3297 Certo,
1463 3263 1508 3290 fiat
1524 3261 1620 3289 incerti
1633 3268 1828 3296 argumentum.
1900 3263 1951 3290 Pro
1959 3263 2041 3289 Certo
2055 3268 2156 3296 ponere
2179 3261 2252 3287 Caes.
2268 3260 2333 3286 Bell.
2347 3259 2420 3287 Gall.

247 3301 313 3326 Vnde
328 3302 428 3328 Milites
442 3304 511 3337 priui
526 3303 622 3338 egiarii
635 3302 709 3334 diffl,
729 3303 782 3337 Qi
794 3300 918 3328 vacabant
930 3298 1018 3334 officio.
1062 3300 1191 3335 leianus
1205 3308 1235 3332 ¹4
1249 3299 1296 3325 Di·
1356 3307 1384 3335 7,
1403 3309 1425 3331 5.
1497 3300 1548 3326 Pro
1556 3299 1636 3325 Certo
1650 3297 1782 3326 affirmare
1800 3299 1911 3331 Liu.1,3
1920 3305 1964 3333 pr.
2035 3297 2086 3324 Pro
2094 3298 2176 3324 Certo
2189 3296 2345 3331 ambiguum
2358 3304 2422 3322 eon·
2444 3296 2448 3306 '

242 3335 300 3369 gest.
316 3337 385 3364 titul.
406 3339 486 3371 Quod
500 3349 558 3366 eum
572 3348 614 3372 eo,
623 3339 669 3374 qui
685 3339 713 3364 in
726 3339 814 3364 aliena
828 3336 955 3372 potestate
974 3336 990 3362 l.
1023 3335 1070 3364 Sed
1086 3345 1120 3363 an
1133 3335 1187 3368 hic,
1205 3335 1296 3367 Recte,
1312 3338 1341 3368 85
1357 3336 1452 3363 cedere
1478 3335 1534 3363 Cic.
1549 3335 1582 3362 de
1595 3335 1699 3362 Inuent.
1720 3344 1741 3371 1,
1761 3340 1798 3365 88.
1878 3334 1952 3360 Idem
1967 3334 2021 3360 Att.
2036 3341 2059 3367 5,
2074 3341 2100 3360 21
2127 3333 2175 3360 Sed
2196 3332 2303 3368 posthac
2316 3333 2420 3365 omnia,
2449 3353 2455 3366 .
2484 3338 2485 3350 1

242 3374 339 3432 inquit,
360 3372 462 3400 dicetur
475 3377 626 3411 occupantis
639 3374 781 3402 meliorem
794 3374 843 3401 esse
855 3371 1053 3406 conditionem,
1066 3372 1115 3400 nisi
1132 3371 1151 3399 si
1165 3372 1225 3409 quis
1240 3371 1295 3408 pri·
1358 3381 1425 3408 quae
1445 3378 1516 3400 certa
1535 3379 1589 3398 uon
1609 3378 1701 3404 erunt,
1722 3380 1771 3405 pro
1787 3370 1876 3397 Certis
1889 3376 1995 3405 negato.
2074 3370 2125 3396 Pro
2139 3370 2222 3396 Certo
2238 3368 2326 3405 dicere
2352 3369 2422 3396 Ter.
2484 3375 2485 3383 ¹

243 3414 270 3431 νι
283 3408 395 3441 egiarius
411 3409 508 3437 veniat.
1357 3408 1468 3443 Adelph.
1484 3417 1508 3442 3,
1522 3416 1549 3444 4,
1564 3416 1598 3439 32.
1705 3408 1762 3434 Cic.
1775 3406 1808 3433 ad
1821 3407 1894 3433 Brut.
1914 3416 1925 3436 5
1951 3407 2049 3441 Neque
2067 3405 2243 3434 nuntIabatur
2260 3404 2421 3440 quidquam,
2477 3394 2486 3414 ἰ

613 3451 635 3481 P
751 3449 779 3481 R
886 3447 916 3479 Ο
1356 3445 1429 3480 quod
1448 3454 1496 3480 pro
1516 3445 1597 3472 Certo
1615 3441 1781 3470 haberemus.
1829 3441 1889 3469 add.
1910 3442 2043 3477 Quinem.
2063 3450 2092 3476 5,
2122 3451 2159 3468 10.
2255 3442 2306 3468 Pro
2328 3440 2418 3468 Certis

1000 3509 1002 3511 .
1357 3481 1522 3517 perscribere
1540 3479 1572 3506 ad
1590 3479 1708 3514 aliquem
1729 3488 1774 3511 ea,
1795 3487 1863 3512 quae
1878 3486 1948 3506 certa
1961 3480 2020 3506 sunt
2046 3479 2102 3505 Cic.
2117 3478 2189 3505 Fam.
2206 3480 2230 3509 6,
2250 3486 2286 3504 12.
2356 3477 2423 3504 Liu.

281 3516 294 3536 P
304 3518 320 3537 R
331 3518 364 3555 0’.
387 3515 450 3551 quod
470 3516 569 3552 quidam
592 3524 608 3545 P
618 3526 637 3545 R
647 3526 666 3547 0
676 3525 696 3546 H
712 3519 839 3556 scribunt.
869 3516 927 3553 [ὅ]
968 3513 1114 3545 Interiefflo
1132 3515 1295 3550 admirantis,
1306 3525 1342 3552 90
1357 3525 1396 3551 35,
1416 3526 1455 3550 29,
1477 3522 1490 3548 8
1516 3517 1603 3543 Vnum
1616 3515 1647 3541 de
1662 3514 1839 3541 auxiliaribus
1853 3515 1937 3549 specie
1950 3515 2103 3550 transfugae
2122 3514 2207 3541 mittit
2222 3514 2254 3540 ad
2270 3522 2345 3540 eum:
2370 3512 2420 3547 qui
2496 3510 2503 3543 .“

240 3547 387 3589 pracsertim
399 3559 451 3577 cum
465 3553 648 3589 indignatione,
665 3557 827 3582 Nominatiuo
841 3553 991 3590 aliquanda,
1000 3553 1046 3590 scu
1065 3553 1184 3580 Vocatiuo
1198 3557 1296 3589 potius,
1356 3563 1407 3589 pro
1420 3555 1567 3588 Comperto
1580 3550 1704 3583 adferret,
1714 3551 1831 3577 Achaeos
1846 3551 1958 3579 statuisse
1972 3550 2078 3586 postero
2091 3551 2135 3578 die
2148 3558 2193 3577 etc.
2264 3550 2321 3577 Cic.
2335 3549 2421 3575 Tuse.
2500 3553 2509 3584 ιι

246 3583 377 3622 aliqnando
387 3587 530 3626 Aefufiztiuo
544 3592 667 3628 iungitur.
701 3591 770 3618 Ter,
789 3590 900 3630 Adelph.
913 3599 933 3622 3,
947 3598 971 3622 3,
987 3598 1014 3616 ια,
1036 3590 1087 3615 Pro
1101 3589 1231 3623 Iuppiter,
1247 3589 1295 3615 ho·
1357 3597 1380 3624 ς,
1392 3595 1416 3620 18
1438 3590 1598 3616 Geometrae
1610 3595 1693 3622 quum
1706 3587 1809 3622 aliquid
1823 3587 1919 3615 docere
1931 3588 2043 3620 volunt,
2060 3587 2077 3614 si
2092 3586 2158 3622 quid
2172 3586 2204 3613 ad
2219 3594 2277 3613 eam
2290 3593 2348 3613 rem
2361 3586 2452 3619 per-⁴..‘'
2498 3579 2502 3601 ¹¹

247 3626 327 3657 mims
342 3619 483 3664 stultitiam.
538 3626 684 3652 cit-,Tuscu
699 3635 758 3660 ¹‚99
776 3628 826 3654 l’ro
842 3625 881 3652 dii
892 3625 1153 3660 immortales,quam
1166 3624 1297 3656 illud‚etc.
1357 3626 1425 3652 tinet
1438 3635 1550 3659 eorum,
1566 3632 1631 3659 quae
1644 3629 1705 3650 aute
1719 3623 1881 3657 docuerunt,
1894 3623 1922 3651 id
1937 3624 2044 3650 sumunt
2057 3632 2105 3658 pro
2114 3623 2240 3649 Conceffo
2255 3628 2281 3649 et
2293 3620 2418 3656 probato.
2443 3638 2445 3642 -

248 3654 280 3680 Et
294 3654 354 3680 1⁴¹⁸·
368 3663 409 3687 22»
424 3665 452 3689 ¹4
481 3659 589 3687 rantum
605 3665 666 3695 (pro
679 3661 768 3694 dolor)
785 3663 973 3697 degeneramus
990 3670 1004 3688 a
1017 3661 1171 3698 parentibus
1189 3660 1296 3693 nostris,
1357 3663 1409 3688 Pro
1418 3662 1504 3689 Certis
1518 3668 1544 3689 et
1558 3659 1684 3688 Concessis
1704 3659 1787 3687 dubia
1799 3661 1939 3687 [innuntur
1962 3658 2036 3686 Idem
2054 3659 2086 3685 de
2098 3658 2191 3685 Diuin.
2205 3659 2294 3691 2‚106.
2366 3658 2420 3684 Pro

249 3695 344 3730 Vt‘ffc‘
415 3693 489 3725 (Quae
501 3703 540 3720 res
554 3705 602 3731 pro
616 3696 701 3723 san<5Ie
716 3698 834 3733 Iuppiter
848 3699 876 3724 in
888 3698 967 3725 terris
984 3697 1020 3724 est
1035 3697 1104 3732 gesta
1116 3695 1219 3724 maior!
1238 3696 1296 3723 Cic.
1310 3704 1342 3730 95
1357 3697 1482 3732 Collegio
1495 3697 1634 3724 decreuere
1644 3696 1783 3723 Pontifices
1800 3696 1870 3723 Gell.
1887 3705 1919 3729 ιι,
1931 3705 1953 3728 3.
2059 3695 2116 3722 Cic.
2131 3696 2209 3722 Verr.
2226 3703 2259 3728 4,
2272 3701 2298 3726 33
2325 3694 2418 3727 Qmm

248 3724 335 3765 l'litlip
357 3745 363 3751 .
377 3734 400 3757 2,
415 3734 443 3757 32
458 3736 478 3753 c.
492 3736 525 3758 ις.
592 3732 642 3758 l’ro
655 3733 774 3768 Iuppiter
791 3734 864 3769 Virg.
879 3735 944 3760 Aen.
958 3742 987 3766 4,
1001 3741 1059 3766 590.
1126 3733 1198 3765 (Pro
1212 3733 1297 3764 curia,
1358 3733 1411 3759 iam
1427 3743 1476 3768 pro
1492 3734 1622 3760 Damnato
1636 3739 1798 3769 mortuoque
1817 3734 1885 3759 ess‘et.
1977 3732 2052 3759 Idem
2077 3732 2130 3757 Att.
2146 3739 2178 3762 ιι,
2193 3732 2219 3757 16
2238 3730 2278 3755 De
2291 3729 2417 3756 omnibffl

250 3770 327 3787 muer
340 3769 402 3795 ique
415 3763 616 3806 inoreslrl-lor.
631 3768 720 3795 Carm.
735 3777 758 3800 3,
778 3776 800 3800 5,
815 3777 840 3803 7.
918 3770 1080 3806 Accusatiuo.
1115 3769 1184 3796 Ter.
1198 3768 1297 3795 Heaut.
1358 3768 1437 3796 rebus
1453 3770 1535 3796 velim
1548 3769 1579 3796 ad
1594 3777 1635 3794 me
1649 3769 1761 3802 scribas,
1781 3775 1807 3795 et
1821 3768 1938 3795 maxime
1952 3767 2017 3803 quid
2032 3767 2130 3794 scribas
2144 3767 2176 3793 de
2190 3774 2234 3792 ea:
2257 3765 2284 3791 in
2299 3774 2355 3800 quo
2369 3771 2415 3791 tuo
2452 3770 2457 3775 ⁸

252 3806 271 3829 ¹,
288 3805 309 3837 ¹³.
322 3805 337 3837 5?
359 3797 428 3824 Nam
443 3806 490 3847 pro
505 3798 582 3840 deum
594 3809 670 3837 atque
684 3804 823 3831 homiuum
838 3804 924 3837 sidem,
939 3806 1004 3840 quid
1019 3806 1059 3831 vis
1073 3804 1143 3831 tibi?
1197 3804 1253 3830 Cic.
1263 3803 1297 3829 de
1358 3805 1470 3832 consilio
1483 3815 1556 3841 egeo,
1570 3804 1668 3832 etiamsi
1683 3805 1752 3832 nihil
1765 3805 1913 3839 excogitas:
1934 3804 1962 3830 id
1977 3805 2050 3831 enim
2062 3803 2131 3830 mihi
2146 3802 2198 3830 erit
2207 3810 2255 3836 pro
2263 3801 2415 3835 Explorato-

251 3834 359 3859 Amlcn·
372 3841 415 3872 52·
427 3832 497 3873 {Nam
516 3844 575 3868 quis
596 3838 645 3870 cst,
663 3848 712 3874 pro
725 3839 804 3865 desim
817 3839 896 3867 tidem
909 3847 987 3875 atque
1002 3841 1156 3873 hominum,
1170 3839 1216 3875 qui
1229 3839 1297 3865 velit
1358 3842 1454 3877 Aliqua
1473 3843 1623 3878 exemplaria
1641 3840 1743 3872 habent,
1770 3841 1822 3867 Pro
1842 3839 1988 3874 desperato.
2077 3839 2128 3865 Pro
2142 3839 2249 3865 Emtore
2270 3837 2417 3864 sacrificare

251 3874 278 3893 vt
293 3868 483 3910 neque—diligat
496 3877 654 3904 quenquam,
665 3884 712 3901 nee
724 3876 778 3911 ipse
793 3875 826 3901 ab
839 3876 894 3902 vllo
909 3877 1053 3911 diligatur-3
1130 3877 1180 3903 Pro
1195 3875 1296 3902 facinus
1305 3887 1351 3905 100
1360 3878 1446 3904 Varro
1460 3878 1493 3904 de
1507 3878 1574 3905 L.L.
1589 3884 1612 3909 5,
1626 3885 1645 3907 3.
1716 3877 1771 3904 Cic.
1785 3877 1839 3903 Att.
1857 3885 1892 3909 13,
1914 3885 1923 3902 1
1951 3877 2044 3911 Itaque
2057 3874 2125 3902 istud
2144 3875 2198 3900 iam
2213 3883 2261 3909 pro
2275 3873 2356 3899 Fae'lo
2369 3872 2414 3898 ha-

251 3904 332 3951 Ouid.
344 3904 422 3938 l2p1st.
441 3913 478 3935 ιο,
492 3907 531 3944 6
552 3909 595 3932 Al.
615 3909 669 3934 Per.
740 3912 791 3937 Pro
805 3910 885 3937 scelus
906 3913 982 3947 Virg.
991 3914 1056 3939 Aen.
1070 3920 1093 3946 5,
1105 3920 1162 3948 793.
1215 3911 1295 3939 Ouid.
1360 3911 1421 3941 beo.
1488 3914 1539 3941 Pro
1547 3913 1666 3940 Firmato
1678 3922 1732 3940 non
1747 3912 1817 3939 stetit
1832 3913 1873 3938 ius
1888 3911 2055 3947 magistratus
2070 3911 2127 3937 eius
2137 3909 2204 3936 Liu.
2219 3919 2246 3943 4,
2267 3917 2292 3944 7.
2365 3907 2416 3934 Pro

253 3939 317 3964 ¹¹⁰¹·-
332 3948 352 3971 3,
367 3945 397 3971 98
418 3940 543 3984 Λξ1111111,
558 3949 616 3975 ΡΓο,
628 3944 701 3970 nullo
714 3947 831 3980 pondere
847 3946 929 3973 verba
943 3948 1047 3975 cadunt.
1361 3948 1467 3976 Herede
1482 3950 1574 3976 omnia
1596 3957 1689 3983 gerere
1716 3955 1789 3984 patre
1808 3957 1862 3974 non
1887 3955 1996 3975 mortuo
2026 3947 2141 3973 Pseudo-
2152 3946 2210 3972 Cic.
2234 3946 2262 3971 in
2283 3943 2342 3971 Sall.
2376 3951 2415 3975 14-

275 4012 278 4016 ,
292 3981 307 4014 ιζ
319 3981 334 4016 15
346 3982 374 4001 0.
411 3976 505 4011 [mee]
538 3976 627 4018 Praep.
647 3979 763 4008 AbI.1tino
776 3982 845 4017 casui
859 3983 980 4018 firtciens.
1012 3986 1087 4010 Cuius
1097 3982 1300 4020 significationes
1362 3984 1413 4011 Pro
1427 3986 1547 4013 Indiuiso
1571 3986 1638 4012 Cato
1658 3994 1679 4011 c.
1695 3992 1748 4020 137.
1837 3985 1888 4010 Pro
1897 3983 2001 4011 Infe6‘m
2021 3982 2048 4008 id
2063 3981 2135 4016 quod
2148 3982 2294 4008 iudicatum
2307 3987 2361 4005 non
2374 3977 2416 4008 fit,

252 4008 353 4043 ‘hffiffllc’
371 4008 402 4042 ‘fl
423 4011 457 4037 dcl
472 4021 546 4038 vnum
566 4014 666 4047 aliquod
681 4022 753 4050 caput
766 4018 877 4053 referre,
905 4019 970 4062 quod
992 4020 1104 4056 obseruat
1122 4023 1197 4046 etiam
1229 4018 1299 4044 Gell.
1359 4019 1453 4047 haberi
1467 4028 1594 4056 oportere
1612 4021 1668 4047 Cic.
1681 4021 1713 4047 de
1728 4022 1832 4047 Inuent.
1847 4029 1867 4050 2,
1881 4025 1922 4049 80.
2012 4017 2078 4044 Satis
2098 4027 2148 4052 pro
2166 4017 2294 4051 imperio,
2319 4018 2337 4040 '‘-
2358 4019 2416 4038 ¹⁶¹⁸·

253 4053 286 4077 ¹¹>
305 4054 325 4077 3·
367 4047 452 4073 Primo
470 4052 674 4083 pertractationem
690 4057 774 4082 notat,
793 4060 822 4079 vt
841 4054 888 4081 Gr.
903 4055 967 4081 arri.
1021 4056 1091 4083 Ter.
1104 4055 1171 4082 Eun.
1191 4063 1211 4088 ι,
1230 4063 1253 4090 2,
1267 4059 1350 4087 89105
1358 4064 1430 4091 quam
1442 4060 1486 4092 qui
1499 4060 1621 4094 imperare
1629 4057 1705 4093 poffit
1725 4057 1796 4085 Ter.
1809 4055 1917 4084 Phorm.
1932 4063 1952 4088 t,
1961 4061 2033 4087 4‚19.
2106 4054 2158 4081 Pro
2169 4049 2416 4112 Insanohfitdfeliire·

2278 4093 2310 4111 en
2330 4092 2362 4110 cu
2383 4091 2413 4111 us
2478 4089 2497 4231 i
