2517 4231
77 203 150 244 *11¹3
478 191 509 233 Ρ
591 191 624 233 R
706 192 745 234 0
1621 192 1651 234 P
1724 192 1757 232 R
1836 197 1873 238 O
2188 222 2264 262 1114

84 279 197 314 siculis,
217 280 278 309 satis
289 279 381 308 officio
395 289 424 308 ac
437 281 634 315 necessitudini,
654 281 775 314 Iudices,
795 279 856 307 satis
869 280 995 314 promisso
1009 280 1099 308 nostro
1111 291 1142 308 ae
1207 281 1298 309 subito
1312 282 1401 310 audita
1414 282 1466 316 est,
1485 292 1532 309 ncc
1548 290 1604 311 crat
1617 284 1776 319 cognoscere
1791 291 1942 323 promtum,
1959 293 2035 323 Vnde
2046 297 2057 315 ι
2139 298 2183 327 Sic
2197 299 2246 326 pn,

81 323 201 352 recepto.
275 317 332 344 Cic.
346 317 399 344 Off.
415 327 435 350 i,
450 327 477 350 32
491 328 514 346 e.
527 325 556 345 10
583 318 642 345 Nec
655 317 779 354 promitti
788 315 921 343 Seruanda
936 317 991 342 sunt
1007 326 1050 347 ca,
1072 327 1140 352 qnae
1209 325 1236 351 9,
1254 327 1275 347 ’,ἱ
1299 314 1373 345 Hand
1393 326 1536 352 1³³‘0112‘0111-
2048 318 2055 323 ’
2246 309 2265 327 ι’

74 352 134 380 ’ίίηῑ
149 353 191 384 iis,
204 353 303 388 quibus
317 353 482 387 promiseris,
495 354 612 382 inutilia.
665 353 734 381 Add.
748 351 807 383 Ib.3
820 360 842 377 c.
856 360 894 383 ει.
967 353 1077 380 Solucrc
1093 354 1142 380 tni-
1248 359 1263 378 ι’
1277 360 1293 378 R
1305 362 1323 377 ω
1335 362 1353 380 tw
1376 364 1379 379 z
1400 362 1416 379 i·
1429 364 1457 387 s,
1480 353 1510 381 i‘is
1526 366 1531 381 ε
1563 355 1755 391 lfndrformulii
1772 357 1802 382 In
1817 362 1933 389 promtu.
1972 363 2096 392 Nimirum
2111 368 2140 394 [η
2173 378 2264 398 mmm

84 388 179 415 litibus
199 389 255 415 Cic.
271 389 344 415 Fam.
360 398 398 423 12,
412 399 451 423 29.
546 390 621 417 Ideni
634 389 688 416 Off.
702 397 723 421 ι,
736 395 765 420 32
777 396 799 413 c.
816 396 844 414 10
875 389 930 414 Iani
946 388 999 415 illis
1015 388 1142 423 promiffis
1210 397 1266 416 rem
1303 392 1352 416 eisc
1384 391 1509 425 (langius,
1529 394 1546 417 i.
1568 390 1733 427 Mamjcstam
1749 402 1756 418 :
1795 393 1852 419 Cic.
1874 392 1955 420 Acad.
1968 404 1995 427 4,
2011 407 2028 430 4
2057 403 2077 426 A
2092 412 2133 430 nic
2149 378 2223 433 dirim
2233 416 2265 434 ea

83 423 212 451 Smndum
225 433 279 451 „on
290 425 339 451 ess'e
352 427 413 460 quis
425 434 482 454 non
495 426 579 458 videt,
592 433 660 460 quae
671 422 776 450 coaetus
790 423 850 457 quis
870 431 942 451 nictu
952 444 960 457 ‚
982 434 1049 459 qua«,-
1069 425 1143 451 decc.
1169 428 1180 452 5
1212 434 1278 458 quac
1293 434 1319 450 in
1338 434 1442 459 pronun
1457 433 1546 453 crant.
1568 428 1636 453 dieta
1652 428 1728 454 sunt:
1765 437 1779 454 a
1794 428 1907 455 Lucullo
1922 436 2010 456 autem
2025 438 2201 468 reconditiora
2218 441 2265 468 dc·

80 465 142 496 ptus
157 459 220 486 dolo
234 461 410 495 promiserit?
516 462 571 489 Cic.
586 462 638 488 Att.
652 467 689 489 η,
705 466 735 491 19
750 458 806 498 Iam
819 459 890 494 quali
905 466 971 487 voto
987 460 1105 493 quodam
1119 467 1145 486 et
1212 460 1297 499 tide-ro
1314 471 1318 486 :
1361 462 1527 496 ..elfredi-m,
1547 461 1623 489 l'lnia
1637 463 1745 503 quidem
1762 463 1830 497 feci,
1852 473 1932 500 quam
1944 474 2011 500 quac
2026 475 2212 503 comprendere
2225 477 2266 504 dg,

81 496 209 530 profflissb
221 505 264 523 me
271 497 377 525 Teucri
385 504 459 533 puto,
536 496 663 525 Trahunt
676 495 800 530 promill'a
813 495 912 530 puellas
938 495 1021 523 Ouid.
1033 496 1065 522 de
1080 497 1144 523 Arte
1212 495 1261 522 c‘hs
1300 497 1328 522 ln
1345 508 1359 531 p
1369 504 1450 523 ·ouitu
1466 498 1534 524 milii
1552 498 1581 524 lit
1601 499 1682 525 Ouid.
1698 499 1761 525 Met.
1777 508 1811 532 13,
1826 503 1877 527 161.
1973 501 2022 528 Sed
2043 503 2104 530 hacc
2119 516 2223 545 quoque
2236 514 2265 540 iu

81 532 142 559 Am,
159 534 243 567 ³2⁶31·
1211 538 1317 566 promtu
1334 533 1456 564 sut-runt,
1480 543 1546 560 nunc
1562 534 1690 561 interiora
1705 535 1842 562 videamus
1863 536 1960 564 Cie.de
1969 537 2153 573 Diuin.2,123.
2205 549 2264 574 Hoc

122 574 138 594 p
153 573 170 593 R
182 569 435 602 0M18810,6iiis.
451 569 472 596 f,
507 564 909 603 [zyymi‚3nayy.=7.la,=ffxo'9<ems]
931 565 1008 594 Idem.
1046 566 1102 594 Cic.
1110 566 1143 593 de
1214 566 1340 606 decorum
1366 579 1390 594 ιι(
1403 579 1418 595 n
1442 569 1579 597 recondita
1604 570 1716 605 quadam
1737 572 1840 599 ratione
1856 573 1991 609 cernitur,
2010 574 2053 602 sed
2069 575 2104 602 est
2119 577 2147 603 in
2162 587 2265 611 promtu

84 603 160 630 Orat.
180 612 204 636 3,
225 613 268 636 203
303 605 458 638 Promissio,
476 603 644 639 deprecatio,
664 602 824 629 obsecratio.
931 602 1006 629 [dein
1019 602 1074 629 Ati.
1088 607 1112 635 8,
1125 611 1142 635 9
1161 611 1192 630 10
1211 603 1268 630 Cic.
1283 604 1334 629 Ori]
1353 613 1371 636 1,
1388 614 1426 637 μς.
1520 607 1549 632 1η
1565 612 1671 640 promtu
1687 614 1781 640 gerunt
1795 617 1846 634 oua
1862 617 1978 643 pauoncs
1991 610 2108 638 feminae
2135 613 2256 644 Columei

83 640 154 666 Cum
170 639 271 673 literis,
288 650 348 667 cum
361 640 506 671 mandatis,
526 647 586 665 cum
602 638 770 673 promiffione
783 638 949 673 prouinciae.
1035 638 1143 665 Auxilii
1211 643 1236 671 8,
1250 647 1280 665 ιι.
1357 641 1507 676 lntiplcntia
1521 641 1555 667 cll
1566 662 1574 672 ‚
1598 642 1663 668 iram
1679 642 1706 668 in
1721 650 1828 676 promtu
1842 645 1942 671 Cerere
1963 645 2046 673 Piaut,
2062 647 2152 674 Pseud,
2168 657 2219 683 ¹25,
2236 661 2258 669 -.

81 675 221 710 promissio
240 676 313 703 Idem
328 677 444 710 Fam-4,
456 684 488 707 13.
564 675 620 701 Cic.
634 675 748 709 Philipp.
762 679 786 706 8,
801 681 830 700 10
850 674 985 712 Scelerum
996 673 1144 709 promissio,
1162 689 1164 691 >
1209 674 1241 701 In
1257 682 1362 708 promtu
1377 676 1474 703 lubere
1494 676 1549 703 Cic.
1566 677 1647 704 'Tusca
1664 686 1686 710 3,
1701 679 1743 713 76.
1817 679 1898 706 Ouid.
1913 690 1944 707 cx
1958 682 2033 708 Pone.
2050 691 2070 716 ι,
2085 693 2104 714 ι,
2119 693 2160 718 24.
2211 669 2269 714 Cig.

83 711 223 747 “113313111
238 712 389 748 &speciant
401 710 549 747 perniciosa
564 711 640 741 cst,et
655 710 755 745 iis‚qui
771 715 943 744 promittunt.
1212 710 1245 737 dc
1257 712 1332 740 Orat.
1349 720 1368 744 ι,
1384 720 1412 743 23
1427 721 1448 738 c.
1464 715 1479 737 6
1516 713 1564 738 Sed
1586 722 1644 739 cum
1666 723 1694 740 ca
1709 720 1828 748 pateant,
1854 716 1881 742 in
1895 724 2058 753 promtuque
2072 719 2119 747 lint
2133 720 2271 754 omnibus,

118 753 360 782 PRomissvs,
379 747 419 774 sis.
438 756 476 774 m.
513 746 589 774 Idem.
621 747 748 774 Promiss'u
758 745 831 772 vitae
842 746 1079 778 recreat*Manil.5,
1088 750 1144 780 578.
1211 755 1298 781 neque
1315 755 1345 773 ea
1359 747 1581 781 interpretatione
1595 758 1668 781 inca,
1689 757 1732 776 aut
1748 751 1866 777 ornatius
1881 753 2024 787 explicari,
2044 762 2089 781 aut
2102 755 2206 791 planius
2226 767 2270 785 ex-

119 789 164 810 PR
175 789 270 811 0M1s
281 786 413 817 siVVS‚
432 792 463 816 a,
483 792 538 810 uni.
578 782 641 810 Adi.
678 780 846 810 Promissiuus
860 781 954 808 modus
976 782 1002 808 Ρ.
1018 782 1144 809 Consent.
1170 788 1198 816 ις
1216 783 1298 818 primi
1313 782 1413 818 pollint.
1494 785 1543 810 Pro
1556 794 1602 819 qno
1617 784 1690 810 Idem
1709 794 1758 820 pro
1770 787 1891 814 Muraen.
1907 793 1934 818 :8
1955 790 2036 822 Quod
2049 792 2177 819 omnibus
2190 799 2273 828 patet,

78 821 149 846 inter
163 822 310 847 Grammat.
323 819 441 846 Putschii
454 829 479 854 p.
494 821 566 846 2061.
1210 825 1237 846 et
1250 827 1333 853 acque
1348 825 1482 853 promtum
1499 819 1532 846 cst
1555 820 1621 846 mihi
1637 827 1661 846 ct
1678 821 1747 847 aliis.
1821 822 1877 849 Cic.
1889 823 1941 850 Off.
1957 833 1976 858 1,
1992 829 2036 852 126
2052 836 2073 853 c.
2089 836 2117 860 35
2134 829 2272 865 Principio

118 861 377 884 PROM1881VE.
400 854 469 882 Adu.
508 854 696 890 Praeceptiue,
715 862 771 881 non
783 852 937 889 promiffiue
956 853 1146 881 Tumuada.
1210 855 1332 889 corporis
1352 855 1435 882 nostri
1455 864 1576 890 magnam
1599 863 1691 882 natura
1711 858 1765 891 ipsa
1779 858 2016 888 videturbabuiss‘e
2029 863 2162 890 rationem
2201 863 2272 901 qu'ae

77 889 164 919 Marc.
180 898 203 925 ς,
217 899 254 918 ιο.
901 924 906 928 ¹
964 924 970 929 ·
1210 891 1326 919 formam
1349 891 1464 918 nostram
1488 891 1676 927 reliquamque
1695 892 1823 927 liguram,
1845 894 1872 920 in
1895 904 1946 929 qua
1966 898 2027 924 css‘et
2040 899 2138 932 specics
2152 886 2271 934 himeffl,

117 933 223 954 PROM
233 934 243 954 1
255 933 267 952 s
277 934 318 954 so
329 933 365 960 R,
385 927 449 954 oris.
469 936 509 954 m.
544 927 614 955 Hor.
626 927 691 954 Arte
703 925 778 952 Po'et.
794 929 832 957 138
851 924 928 958 Qud
943 924 1055 959 dignum
1069 930 1143 953 tanto
1210 936 1268 954 eam
1283 928 1369 962 posuit
1385 927 1413 953 in
1428 934 1535 962 promtu
1551 938 1556 953 :
1595 937 1662 963 quae
1673 935 1762 955 auten»
1779 936 1864 963 partes
1877 932 1998 966 corporis
2011 934 2042 960 ad
2056 942 2165 963 naturae
2183 940 2270 965 neces.

76 961 150 990 fei-et
161 961 206 988 hic
220 963 362 998 promiss'or
377 962 452 990 biatu
468 965 478 990 3
1154 973 1190 992 20
1209 962 1404 996 fitateindatac,
1419 963 1570 997 adspeehnn
1579 965 1657 990 ess'ent
1670 962 1821 991 deformem
1837 965 2075 1007 imbiturae‚atqne
2087 971 2213 1007 sormam,
2227 983 2270 1002 cas

118 1004 224 1025 PROM
235 1005 273 1032 ο,
290 999 405 1034 promsi,
426 1004 580 1034 promtum,
606 999 660 1025 ere.
698 997 824 1032 [ἔκφὲρω,
845 995 1001 1036 προβρέλλω]
1039 996 1146 1023 Contra·
1209 999 1427 1034 contexit,atquc
1435 998 1547 1026 abdidit.
1587 1000 1664 1027 Lucr.
1680 1009 1700 1031 1³,
1708 1003 1759 1035 867
1782 1001 1938 1030 Ncccontra
1947 1012 2071 1039 pugnant,
2083 1007 2270 1040 inpromtuco-

76 1031 146 1060 Huni
157 1043 186 1060 ex
200 1035 250 1062 Pro
264 1042 288 1062 et
301 1035 368 1062 Emo
382 1045 389 1066 ς
427 1035 562 1072 Profer-re,
584 1042 718 1069 exponere,
738 1032 845 1059 educere.
884 1033 959 1067 Virg.
974 1033 1041 1058 Aen.
1049 1041 1076 1065 2,
1091 1035 1144 1058 260
1209 1036 1282 1070 gnita
1290 1044 1358 1070 quae
1366 1036 1434 1068 sunt,
1442 1039 1459 1061 i.
1468 1033 1611 1072 manifesta.
1650 1037 1760 1062 Dixerat
1767 1038 1985 1073 snodo,Nequ‹:id
1995 1042 2132 1070 manifesta
2140 1046 2269 1074 refutant.

77 1083 124 1091 ..-
160 1070 223 1097 Illos
238 1071 385 1111 patefactus
399 1071 431 1098 ad
443 1080 519 1099 auras
556 1070 654 1097 Reddit
667 1078 768 1105 equus,
788 1067 906 1103 laetique
922 1076 989 1095 cano
1002 1067 1028 1094 se
1042 1068 1143 1108 robore
1248 1077 1263 1097 Ρ
1274 1078 1291 1098 R
1302 1078 1320 1098 o
1330 1078 1355 1097 M
1367 1077 1387 1098 Τ
1402 1079 1426 1099 ιε.
1468 1071 1536 1098 Adii.
1575 1072 1667 1099 Statim
1677 1091 1685 1104 ‚
1707 1074 1828 1100 celeriter.
1865 1074 1922 1101 Cic.
1938 1075 1970 1102 de
1982 1077 2059 1104 Petit.
2074 1079 2154 1107 Cous.
2167 1090 2195 1114 3⁴
2209 1091 2230 1109 c.
2244 1091 2270 1110 u

77 1113 216 1140 promunt,
284 1107 353 1134 Vina
369 1106 455 1141 horna
467 1116 591 1142 promere
606 1106 682 1132 dolio
710 1105 778 1131 Hor.
793 1104 877 1139 Epod.
891 1113 913 1137 ρ,
926 1112 973 1139 47.
1082 1104 1141 1131 Nifi
1208 1107 1340 1133 Homines
1361 1116 1416 1134 non
1437 1107 1520 1134 modo
1541 1113 1647 1142 promte
1668 1107 1734 1140 libi,
1751 1108 1793 1135 sed
1810 1109 1890 1136 ctiam
1913 1110 1985 1146 large
2003 1119 2029 1140 et
2044 1113 2193 1144 honorifice
2208 1128 2270 1153 pro.

77 1141 182 1169 idcirco
195 1142 303 1171 moleste
318 1144 428 1177 pateris,
448 1143 520 1179 quod
545 1150 593 1170 Hs.
622 1149 698 1171 1:300
719 1148 747 1168 tu
769 1149 800 1167 ex
819 1149 879 1167 arca
899 1139 1068 1175 proferebas,
1092 1146 1140 1167 Hs.
1160 1151 1192 1178 23
1207 1144 1280 1170 mitti
1295 1142 1400 1170 volunt.
1435 1145 1467 1169 al.
1484 1143 1608 1170 Proniitti
1622 1142 1680 1170 fibi.
1788 1145 1846 1172 Val.
1861 1146 1932 1173 Max.
1946 1157 1974 1180 4,
1987 1157 2010 1181 3,
2024 1157 2041 1182 9
2064 1151 2170 1179 Promte
2183 1153 2271 1182 distri.

78 1183 217 1207 CCCIDDO
240 1188 272 1206 ex
297 1179 438 1213 disciplina
463 1185 488 1206 ct
503 1178 620 1207 artificio
639 1178 749 1204 Roscius
764 1176 904 1212 promebat
925 1176 983 1203 Cic.
997 1185 1046 1210 pro
1059 1176 1137 1203 Rosc.
1207 1179 1299 1206 bitere.
1375 1179 1488 1214 Compar.
1526 1179 1617 1205 Morbi
1634 1179 1766 1214 promtius
1779 1180 1913 1209 finiuntur
1933 1184 2001 1211 Cels.
2011 1194 2064 1218 2,1.
2135 1189 2270 1218 Promtius

79 1214 156 1241 Com.
174 1223 212 1247 r9.
316 1214 354 1242 Ex
370 1215 489 1243 armario
516 1224 610 1242 aurum
629 1221 754 1248 promere
796 1212 853 1239 Cic.
869 1222 918 1247 pro
930 1212 1004 1240 Cael.
1021 1220 1052 1246 52
1065 1222 1086 1239 c.
1101 1221 1138 1239 21.
1206 1215 1292 1242 facere
1310 1214 1407 1242 Nazar.
1423 1216 1488 1241 Pane
1509 1234 1515 1241 .
1530 1215 1666 1242 Constant.
1689 1225 1710 1242 c.
1727 1225 1769 1249 29.
1843 1218 1938 1253 Suprrl.
1975 1221 2157 1251 Promtiss'iine.
2195 1227 2270 1261 [προ.

77 1249 220 1277 Pecuniam
234 1259 266 1278 ex
280 1251 386 1278 aerario
404 1252 462 1278 Cic.
476 1252 553 1278 Verr.
569 1258 582 1284 5
596 1252 642 1283 (3)
659 1258 701 1282 195
716 1254 787 1283 c.84.
855 1249 1009 1288 Promereqe
1024 1249 1139 1275 sacrario
1206 1251 1367 1286 θυμότατα]
1383 1278 1387 1279 ⁷
1405 1251 1494 1287 Conse]
1508 1254 1550 1277 im.
1594 1251 1660 1277 Plin.
1678 1252 1756 1286 Epist.
1771 1262 1800 1286 4,
1815 1261 1844 1288 17
1879 1255 1969 1288 Qiare
1991 1265 2040 1292 ego
2055 1267 2121 1286 vero
2135 1261 2270 1290 Corelliae

75 1285 144 1312 Plin.
159 1295 196 1320 33,
212 1295 231 1314 1.
322 1286 454 1314 Iustitiam
476 1295 600 1323 promere
618 1292 644 1312 et
660 1293 797 1317 exercere,
819 1286 911 1311 Vocare
923 1286 1002 1318 causis
1015 1291 1039 1312 et
1052 1284 1139 1311 litibus
1205 1287 1287 1314 adero
1302 1286 1474 1321 promtiss'inie
1489 1298 1494 1313 :
1532 1296 1579 1314 nec
1595 1287 1684 1313 subire
1699 1287 1809 1315 offensas
1823 1290 1960 1318 recusabo.
2033 1294 2093 1322 Vai,
2108 1297 2207 1325 Max-‚6
2224 1306 2237 1332 ς
2257 1308 2270 1327 1

75 1320 250 1349 diiudicandis
267 1323 334 1350 Ptin.
349 1323 429 1357 Epist.
444 1332 465 1356 1,
478 1332 516 1350 10.
622 1322 720 1349 Libros
733 1330 747 1347 e
762 1320 928 1348 bibliotheca
955 1321 1013 1348 Cic.
1027 1321 1060 1347 de
1079 1320 1137 1347 Pin.
1157 1329 1191 1354 30
1205 1323 1328 1350 Vieloria
1342 1322 1514 1357 promtiffinie
1530 1323 1663 1350 licentiam
1684 1323 1873 1351 subministrat.
2208 1316 2216 1330 ³
2239 1319 2248 1332 ’

73 1365 100 1390 3,
114 1365 131 1392 7
144 1368 165 1384 c.
181 1367 206 1385 2.
314 1359 512 1386 Medicamenta
524 1366 647 1393 promere
660 1357 692 1384 de
705 1357 844 1384 narthecio
864 1358 921 1384 Cic.
935 1355 968 1384 de
982 1357 1041 1384 Fin.
1052 1365 1078 1389 z,
1092 1365 1138 1389 22,
1243 1366 1290 1386 PR
1301 1365 1355 1387 οΜ
1368 1365 1388 1385 T
1404 1370 1409 1387 ι
1422 1367 1457 1386 Μ.
1498 1359 1567 1386 Adii.
1604 1359 1724 1386 Tertull.
1740 1360 1771 1386 in
1785 1361 1879 1388 Genes.
1893 1370 1915 1388 c.
1929 1370 1943 1394 3
1977 1376 2025 1384 -—
2061 1364 2132 1393 Dum
2145 1366 2211 1395 dicit
2228 1368 2271 1396 lu-

74 1393 182 1427 Spicula
194 1394 297 1429 promit
310 1394 343 1421 de
357 1395 481 1430 pharetra
501 1395 582 1422 Ouid.
597 1394 630 1421 de
644 1395 709 1421 Arte
723 1395 782 1420 Am.
797 1402 816 1425 3,
827 1396 879 1427 516.
970 1393 1096 1420 Promere
1110 1392 1140 1419 in
1203 1396 1278 1422 mina
1296 1395 1425 1430 pronnim
1463 1395 1589 1422 Affiilsiss‘e
1604 1395 1661 1422 fibi.

74 1430 136 1456 vsus
156 1430 290 1457 Columel.
302 1439 329 1464 2,
343 1440 381 1458 ιο.
499 1430 591 1457 Aestus
618 1431 719 1465 promit
742 1429 830 1456 Titan
866 1429 958 1456 senec.
979 1429 1060 1456 Herc.
1076 1429 1138 1456 Oet.
1244 1438 1260 1458 P
1271 1439 1289 1458 R
1301 1438 1320 1458 ο
1331 1439 1356 1458 Μ
1365 1439 1387 1458 Τ
1397 1439 1405 1457 1
1416 1439 1437 1458 T
1447 1433 1494 1458 VD
1505 1440 1524 1458 ω
1533 1452 1540 1463 ,
1560 1432 1621 1458 inis.
1640 1431 1659 1458 f.
1698 1432 1824 1469 Sequioris
1836 1436 1894 1460 aeui
1905 1443 1963 1461 uox.

74 1465 95 1492 s.
113 1474 147 1492 12.
207 1472 215 1479 ¹
256 1466 336 1493 Diem
352 1466 453 1502 promit
465 1472 492 1493 et
505 1467 572 1494 celat
583 1467 621 1494 sol
650 1467 718 1493 Hor.
732 1465 762 1492 in
778 1466 867 1492 Carni.
882 1465 977 1493 saecul.
991 1473 1017 1498 9.
1070 1465 1138 1491 *Ge-
1239 1474 1254 1494 1²
1264 1474 1283 1495 R
1295 1474 1314 1494 o
1325 1475 1380 1495 MT
1391 1475 1442 1494 VA
1452 1475 1471 1494 R
1481 1475 1489 1493 i
1501 1474 1519 1493 v
1530 1476 1648 1501 s,a‚um.
1668 1467 1728 1494 Adi.
1766 1470 1913 1504 [ταμίαος]
1950 1471 1971 1497 Ε
1994 1480 2023 1497 uo
2036 1472 2136 1508 aliquid
2147 1473 2271 1509 depromi-

74 1502 158 1528 mitus
189 1501 222 1529 de
257 1503 366 1537 pet‘Iore
398 1503 516 1530 Martial.
532 1512 571 1536 10,
583 1509 620 1535 85.
716 1503 802 1528 Voces
824 1502 881 1529 Cic.
896 1501 928 1528 dc
943 1501 1036 1528 Diuin.
1052 1510 1080 1535 1,
1095 1510 1138 1527 20.
1158 1512 1188 1538 35
1209 1510 1260 1530 tur.
1298 1504 1452 1531 Armarium
1472 1505 1539 1531 Cato
1556 1505 1585 1531 R.
1601 1505 1633 1531 R.
1649 1513 1680 1537 ii,
1694 1513 1716 1537 3.
1806 1505 1888 1533 Plaut.
1903 1507 1972 1542 Amp
1994 1527 2001 1533 .
2023 1516 2042 1540 1,
2059 1517 2080 1540 1,
2094 1519 2113 1543 4
2136 1510 2201 1537 Inde
2213 1520 2272 1539 cras

72 1538 173 1574 Eloqui.
208 1538 276 1566 Pliu.
292 1539 320 1565 in
333 1540 426 1574 Paneg.
441 1549 463 1566 c.
478 1542 513 1566 66
533 1539 612 1565 Iubes
643 1547 712 1574 quae
731 1538 858 1564 sentimus
884 1546 1009 1573 promere
1030 1538 1059 1564 in
1085 1546 1140 1564 nie·
1204 1549 1219 1567 e
1235 1539 1399 1575 promtuaria
1414 1540 1479 1566 cella
1494 1539 1637 1575 depromar
1648 1541 1681 1568 ad
1694 1542 1806 1575 flagrum
1820 1542 1830 1568 ,ἓ
1888 1543 1940 1568 Hic
1951 1544 2154 1581 ioculariterpro
2167 1547 2272 1576 earcere

75 1573 161 1600 dium.
271 1576 301 1601 In
314 1575 453 1610 publicum
467 1575 572 1610 aliquid
607 1574 741 1608 Qiine‘til.
756 1583 775 1605 1,
796 1583 815 1601 1.
926 1574 1053 1601 Promere
1073 1582 1088 1600 a
1102 1574 1139 1606 sc,
1199 1576 1295 1613 posuit.
1333 1576 1408 1612 Conf.
1423 1578 1498 1611 Capt.
1513 1588 1547 1610 4,
1561 1586 1588 1610 4,
1604 1585 1639 1603 10.

34 1618 37 1623 ·
74 1609 130 1636 uid.
153 1617 175 1637 Α
194 1611 235 1636 vel
253 1617 304 1638 ΑΒ.
390 1612 502 1638 Animus
517 1610 638 1638 eruditus
653 1611 700 1646 qui
714 1611 816 1645 semper
828 1609 933 1644 aliquid
947 1615 1051 1644 promat
1066 1610 1140 1644 quod
1245 1618 1261 1638 P
1273 1619 1291 1638 R
1302 1620 1320 1637 o
1333 1619 1359 1639 M
1371 1620 1391 1639 T
1402 1620 1419 1639 ι·
1461 1619 1478 1639 R
1488 1620 1497 1639 i
1507 1619 1526 1638 v
1537 1620 1579 1645 M,
1596 1613 1614 1639 i.
1635 1621 1662 1639 n.
1700 1612 1819 1646 [τοιμέον
1833 1612 1915 1642 Gloss.
1923 1614 1980 1642 Lat.
1989 1615 2059 1650 Gn]
2077 1617 2167 1651 Locus,
2181 1621 2208 1645 in
2224 1628 2272 1655 quo

77 1645 144 1672 alios
156 1645 269 1674 deleeiet
300 1647 431 1674 Lucceius
451 1647 486 1674 ad
499 1647 554 1674 Cic.
568 1648 640 1674 Fam.
654 1656 677 1680 5,
692 1655 731 1680 14.
837 1645 950 1681 Aliquid
971 1654 1003 1672 ex
1030 1646 1140 1672 scicntia
1204 1657 1245 1676 res
1269 1647 1304 1674 ad
1326 1648 1395 1684 osum
1419 1647 1565 1682 necessariae
1592 1652 1629 1675 ita
1649 1648 1767 1684 repofitae
1781 1650 1860 1686 sunt,
1881 1649 2007 1684 utstatim
2017 1655 2273 1690 promiacproserri

72 1680 234 1709 ‘obscuriore
263 1692 389 1718 premere
409 1689 436 1710 et
459 1685 588 1716 all'umcre
622 1683 679 1709 Cic.
693 1683 726 1709 de
739 1683 814 1710 Orat.
828 1691 848 1713 1,
862 1690 901 1715 59.
997 1682 1065 1708 Loci
1079 1683 1139 1708 sunt
1149 1691 1186 1716 40
1198 1683 1304 1720 poffinr.
1343 1686 1500 1721 Intellrgitur
1513 1686 1667 1711 Arinariuin
1677 1705 1685 1718 ‚
1706 1685 1917 1720 qumscxprimit,
1938 1693 1967 1712 vt
1980 1687 2107 1721 vidimus,
2127 1690 2195 1726 Catp
2208 1700 2229 1717 c.
2240 1699 2273 1722 ιι,

76 1717 148 1752 quali
164 1717 268 1751 sedes,c
283 1718 381 1754 quibus
393 1726 548 1754 argumenta
561 1724 723 1755 promuntur
755 1718 812 1745 Cic.
828 1719 857 1744 iii
872 1717 972 1752 Topic.
986 1727 1008 1750 7.
1077 1719 1140 1744 Pro·
1205 1729 1219 1752 3
1240 1721 1394 1747 Arniariiim
1408 1721 1603 1755 promtuarium
1619 1729 1712 1752 vnum,
1733 1721 1836 1747 scamna
1848 1721 1927 1755 longa
1941 1722 1995 1748 sex.
2101 1725 2205 1752 Paullus
2219 1727 2274 1754 ini.

66 1762 150 1788 ⁴mere
179 1754 303 1788 consilia,
321 1758 444 1791 Api-rire,
459 1757 547 1791 palam
570 1755 662 1791 facere
692 1755 750 1781 Cic.
773 1755 827 1780 Att.
842 1762 868 1786 9,
885 1762 922 1779 ιο.
1017 1752 1139 1779 Obscura
1205 1756 1278 1782 Nam
1293 1755 1365 1789 qnod
1379 1754 1401 1791 ᾗ.
1419 1756 1473 1781 iD.
1490 1755 1521 1780 de
1537 1764 1606 1788 penu
1621 1755 1716 1788 legata,
1734 1755 1759 1780 Si
1775 1757 1830 1787 cui,
1850 1765 1918 1789 quae
1932 1756 1959 1782 in
1973 1760 2142 1790 promtuario
2157 1761 2226 1792 sunt,
2238 1762 2275 1788 le-

73 1798 200 1824 promere
217 1791 286 1817 Hor.
301 1792 389 1818 Carm.
405 1800 425 1824 1,
440 1800 484 1824 34,
499 1800 537 1830 ιιι..
610 1790 768 1818 Orationem
783 1789 816 1814 de
827 1790 855 1814 se
879 1787 972 1814 Tacit.
980 1787 1050 1814 Hist.
1057 1796 1136 1819 2,90.
1203 1796 1262 1823 gata
1270 1790 1392 1815 fuerint:
1405 1798 1461 1815 non
1469 1791 1556 1814 omnis
1566 1789 1742 1823 pennslcgata
1750 1789 1795 1815 est.
1847 1789 1996 1822 Symmach.
2012 1794 2132 1828 Ep.9,72
2153 1796 2274 1831 Linguae

73 1825 151 1853 Ordo
165 1835 255 1853 rerum
269 1827 344 1853 iustis
357 1827 543 1853 voluminibus
562 1826 699 1860 promitur
715 1826 813 1850 Patere.
827 1827 903 1855 2,48‚
915 1829 938 1853 5-
1202 1831 1264 1850 tuae
1279 1823 1444 1850 ornatissimo
1458 1824 1628 1858 promtuaria
1642 1833 1778 1859 nunquam
1788 1824 1852 1851 desit
1861 1827 1980 1854 materia.
2050 1830 2169 1858 Laetam.
2178 1832 2211 1859 de
2220 1834 2275 1860 Au-

109 1868 152 1888 PR
163 1868 216 1888 OM
226 1868 246 1888 o
256 1869 300 1888 Ns
310 1868 438 1892 TRVM,
459 1863 478 1888 i.
496 1871 523 1887 n.
560 1859 745 1890 Promonstra,
761 1857 885 1892 prodigia
910 1855 978 1883 Fest-
1152 1861 1186 1888 45
1202 1868 1251 1887 reo
1266 1860 1409 1898 saeculi-3³5,
1423 1869 1436 1893 5
1457 1861 1527 1887 Cum
1542 1861 1708 1895 promtuaria
1724 1860 1857 1888 iustorum
1873 1862 1988 1897 benigne
2000 1871 2121 1899 paterent
2134 1863 2273 1897 omnibus.

111 1902 128 1922 ι’
141 1902 160 1922 R
171 1903 223 1923 οΜ
234 1903 299 1928 To,
335 1894 390 1923 are.
427 1897 569 1931 Frequent.
607 1893 786 1930 [πρὸχοιρίζω]
823 1894 906 1920 Plaut-
920 1891 1013 1919 Bacch·
1029 1900 1053 1925 3,
1071 1900 1093 1924 3,
1107 1893 1138 1920 61
1242 1902 1257 1922 Ρ
1268 1902 1379 1923 ROMT
1389 1903 1411 1922 A
1424 1901 1443 1921 R
1454 1902 1546 1929 ivm,
1566 1895 1585 1923 i.
1606 1906 1631 1923 n.
1671 1897 1770 1923 Auson.
1787 1897 1864 1931 Epist.
1880 1906 1906 1924 21
1921 1906 1987 1926 extr.
2007 1900 2119 1936 Aliquid
2132 1911 2274 1939 reportans

67 1931 144 1966 Qiia
159 1931 257 1958 malum
270 1931 288 1958 fi
305 1929 438 1966 promta,
459 1932 488 1958 in
501 1930 558 1958 dies
571 1931 653 1958 faciat
666 1931 765 1958 minus.
872 1929 949 1956 Idem
962 1928 1054 1955 Pseud.
1069 1937 1096 1961 2,
1109 1937 1136 1961 2,
1201 1931 1313 1959 interim
1326 1931 1480 1958 munusculi
1517 1931 1557 1958 De
1570 1932 1692 1966 largitate
1705 1932 1796 1958 musici
1810 1935 1962 1967 prointarii.

68 1968 276 2001 33‘Thesauros
293 1974 438 2002 pronitate.
994 1998 1000 2003 ⁶
1242 1974 1258 1994 P
1270 1975 1288 1994 R
1299 1969 1352 1994 6M
1363 1965 1431 1993 i'rO
1442 1974 1460 1992 R
1470 1987 1478 1998 ,
1499 1968 1563 1994 oris.
1583 1977 1619 1994 m.
1657 1969 1730 1994 Seru.
1743 1968 1778 1994 ad
1791 1969 1868 2003 Virg.
1882 1970 1980 2004 Gcorg.
1995 1979 2016 2004 1,
2031 1980 2056 1999 21
2076 1982 2106 1999 ex
2125 1974 2211 2003 Fabio
2230 1977 2274 2005 Pi.

114 2009 129 2029 Ρ
152 2009 174 2028 R
192 2010 212 2029 o
232 2009 258 2028 M
276 2010 297 2029 T
316 2009 336 2029 v
360 2010 390 2034 s,
403 2003 429 2038 s.
453 2009 469 2028 ι’
490 2008 512 2028 R
534 2008 554 2029 o
575 2010 601 2029 M
622 2007 639 2028 ι’
662 2008 685 2028 Τ
706 2008 729 2028 V
744 2009 775 2034 s,
795 2011 823 2032 a,
844 2009 899 2027 um.
930 2000 1027 2026 Partic.
1049 2000 1136 2034 ethe-
1203 2002 1278 2030 &ore
1295 2002 1396 2034 tradit,
1414 2002 1551 2029 flaminem
1571 2003 1729 2037 Cerealem,
1749 2004 1926 2032 dunisacrum
1940 2006 2050 2034 Cereale
2066 2009 2181 2044 faceret,
2197 2013 2272 2042 inter

73 2047 176 2072 rumque
204 2037 308 2063 Adietst.
347 2037 524 2072 [ἒυπρσφόρος,
560 2038 738 2072 ἓυπροοείρετος,
774 2036 899 2071 πρόχειρος
934 2035 997 2061 Vct.
1026 2034 1127 2068 Gloffi]
1152 2047 1184 2074 50
1203 2039 1271 2066 alios
1284 2039 1349 2065 deos
1362 2039 1540 2066 Promitorem
1562 2040 1702 2066 inuocass'e,

71 2075 115 2101 vel
125 2073 154 2099 de
163 2073 304 2099 hominibus
318 2073 413 2099 dicitur
427 2072 460 2098 ad
473 2072 594 2108 agendum
624 2071 781 2098 atiendumue
794 2071 933 2106 expeditis,
955 2071 997 2097 vel
1005 2070 1042 2096 'dc
1053 2071 1135 2103 rebus,
1240 2081 1255 2100 1>
1265 2082 1283 2101 R
1293 2077 1312 2102 (j
1322 2082 1346 2101 M
1355 2081 1377 2101 v
1387 2081 1413 2101 Μ
1424 2095 1432 2107 ‚
1455 2074 1473 2101 i,
1495 2085 1520 2101 ῃ,
1559 2075 1626 2102 Idem
1640 2085 1670 2102 ac
1683 2077 1879 2103 promtuarium.
1919 2076 2039 2106 Tel-(1111,
2053 2080 2087 2107 ad
2100 2082 2185 2111 onr·
2199 2091 2216 2111 2
2250 2095 2271 2121 4

71 2118 134 2146 quae
148 2108 231 2140 fiatim
245 2108 280 2135 od
289 2108 455 2144 manx‹sfi1nt.
528 2107 608 2134 Salliil
624 2128 629 2134 .
645 2117 667 2134 c.
683 2115 715 2140 43
728 2114 794 2134 extr.
823 2107 928 2134 Natura
940 2107 1034 2139 ferox,
1054 2105 1135 2133 velie·
1204 2111 1231 2138 Si
1245 2110 1288 2138 cui
1304 2110 1473 2145 largiendum
1487 2111 1557 2145 erit,
1579 2111 1721 2143 horreum,
1739 2120 1851 2147 proma,
1878 2115 2012 2148 praeclusa
2032 2117 2100 2143 sunt.
2221 2104 2231 2118 ³

74 2153 164 2175 mens,
184 2153 262 2171 manu
287 2152 408 2179 pronitus
432 2150 504 2176 erat,
524 2143 672 2171 niaximum
696 2143 798 2170 bonum
821 2143 850 2169 in
864 2143 1000 2170 celeritate
1016 2142 1135 2182 putabat.
1175 2168 1183 2171 Α
1237 2153 1252 2173 1>
1263 2154 1281 2174 R
1293 2153 1347 2174 OM
1358 2145 1475 2179 ῠινς,
1496 2147 1513 2174 i,
1543 2157 1579 2174 m,
1616 2148 1696 2175 Mart,
1713 2149 1814 2183 capell,
1828 2158 1840 2181 3
1856 2158 1880 2184 p.
1894 2156 1923 2183 58
1943 2152 1980 2184 v,
1997 2160 2046 2178 0oe
2061 2151 2215 2183 construat)
2232 2150 2278 2185 [ι’

70 2181 175 2209 Laudat
189 2187 326 2215 promtos,
345 2180 465 2216 atqucjn
480 2180 614 2215 posterum
630 2179 771 2206 confirmat
785 2180 794 2206 3
808 2184 811 2185 ’
823 2179 965 2219 *segniores
978 2180 1085 2219 castigat
1099 2185 1136 2207 at·
1202 2182 1313 2218 brisque
1327 2183 1458 2218 promulis
1471 2183 1626 2211 exhibetur.
1661 2185 1694 2211 al.
1708 2185 1881 2212 Prominuiis.
2250 2211 2253 2214 ,

73 2227 127 2252 que
143 2217 234 2244 imitat
254 2218 324 2245 Caes.
339 2217 368 2243 B.
383 2218 412 2244 C.
427 2226 446 2248 1,
460 2225 482 2249 3.
591 2216 736 2250 ResponHO
755 2215 843 2242 facilis
864 2222 890 2242 et
903 2221 1010 2250 promta
1036 2215 1134 2241 Cic.de
1153 2225 1182 2251 55
1240 2225 1256 2245 Ρ
1267 2226 1286 2257 R
1296 2219 1439 2252 (imvm.
1462 2229 1497 2248 m.
1521 2220 1651 2247 Cellarius.
1672 2220 1845 2248 Plaut.Poen.
1855 2231 1875 2253 3,
1889 2224 1943 2256 4,6
1961 2220 2061 2258 Edepol
2076 2225 2163 2253 fecisti
2177 2225 2271 2261 prodi-

72 2254 149 2281 Orat.
163 2262 182 2283 1.
197 2261 254 2289 237.
328 2254 434 2280 Paratus
448 2258 474 2279 et
487 2258 607 2287 prointus
625 2253 679 2278 Cic.
697 2253 760 2278 Diu.
776 2252 853 2278 Verr.
867 2260 908 2285 41.
1005 2251 1066 2291 Liu.
1081 2261 1104 2284 5,
1121 2261 1132 2283 3
1201 2264 1265 2290 gum
1280 2257 1406 2290 promum
1421 2256 1482 2283 tibi.
1577 2256 1712 2283 Coliiinel.
1729 2265 1766 2289 12,
1779 2265 1790 2290 3
1812 2257 1916 2285 Promis
1932 2268 2041 2295 quoque
2056 2268 2081 2288 et
2095 2262 2210 2290 cellariis
2222 2264 2269 2290 ali-

71 2291 98 2318 Is
122 2296 179 2316 tum
203 2291 254 2316 iam
278 2298 333 2316 non
354 2295 476 2324 promtus
491 2289 601 2325 ingenio
615 2294 734 2320 tantum,
756 2288 800 2315 sed
812 2289 859 2315 vsu
872 2288 953 2315 etiarn
965 2293 1135 2319 exercitatus,
1200 2291 1266 2327 quid
1288 2291 1486 2319 attendentibus
1520 2298 1566 2319 aut
1593 2292 1775 2319 metuentibus
1813 2293 1992 2322 interuenire⁸
2101 2298 2269 2335 promusque

72 2325 153 2354 talem
167 2328 317 2353 orationem
332 2325 433 2352 babuit.
529 2325 588 2351 Cum
602 2326 686 2352 Genst.
722 2324 791 2351 Geli.
808 2333 844 2355 ιο,
858 2333 891 2351 22
922 2324 996 2350 Plato
1011 2324 1134 2350 veritatis
1201 2337 1283 2363 quam
1320 2329 1419 2355 condus
1449 2327 1533 2362 magis
1572 2329 1672 2355 Auson.
1705 2328 1785 2363 Epist.
1817 2338 1851 2356 22
1862 2350 1870 2361 ,
1890 2339 1933 2357 20.
2036 2333 2088 2360 Per
2120 2337 2270 2363 translatio-

70 2361 156 2390 }iomo
171 2361 353 2393 amiciffiiuus,
370 2362 481 2396 eiusque
495 2360 621 2388 omnibus
634 2359 801 2388 exhibendae
819 2359 1017 2395 promtissimus.
1092 2360 1134 2388 Sic
1200 2374 1254 2390 ‚iem
1276 2364 1345 2391 dixit
1370 2365 1477 2392 Plautus
1500 2365 1530 2392 in
1549 2365 1632 2392 Trin.
1653 2374 1671 2396 1,
1692 2373 1718 2397 2,
1733 2374 1771 2398 44
1792 2365 1835 2392 Ne
1850 2366 1989 2394 admittam
2002 2368 2122 2404 culpam,
2142 2379 2191 2406 ego
2205 2381 2268 2399 men

72 2399 166 2425 Annni
193 2405 313 2433 promtus
344 2398 412 2425 Tac.
434 2397 504 2426 inst.
520 2406 541 2430 2,
556 2406 594 2429 23·
702 2397 762 2423 Cum
777 2396 864 2424 Ablat.
902 2398 1025 2423 Promtus
1041 2396 1134 2437 lingua
1154 2395 1190 2420 60
1201 2401 1258 2427 sum
1272 2409 1381 2434 promus
1395 2402 1509 2436 peston.
1619 2401 1692 2429 {dem
1706 2401 1796 2428 Pseud,
1812 2410 1838 2435 2,
1854 2411 1877 2433 2,
1894 2411 1925 2437 ¹4
1951 2403 2061 2431 condus
2075 2415 2184 2441 promus
2199 2409 2268 2442 sum,

69 2434 132 2461 Lin.
148 2443 168 2465 2,
183 2443 224 2468 45.
264 2437 266 2440 '
295 2434 432 2461 Promtior
445 2442 524 2461 manu
543 2433 618 2460 Idem
633 2442 656 2466 2,
670 2435 711 2467 56.
816 2433 878 2459 Cum
896 2434 986 2473 Dafiu.
1024 2433 1134 2458 Sceleri·
1201 2443 1361 2471 procumtor
1390 2438 1460 2472 peni.
1533 2438 1611 2473 Apul.
1627 2438 1705 2474 Apol.
1721 2447 1746 2474 p.
1759 2444 1805 2471 308
1827 2439 1939 2465 promus
1953 2439 2098 2468 librorum.

44 2478 47 2479 ’
70 2470 119 2498 bus
143 2470 271 2498 faciendis
295 2477 417 2506 promtus
442 2470 534 2497 Tacit.
554 2471 623 2496 Ann.
639 2478 675 2502 ις,
690 2472 734 2503 67,
747 2477 770 2501 3.
865 2468 996 2501 Seditioni
1011 2474 1133 2503 promtus
1238 2480 1413 2504 PROMvs‚
1435 2483 1465 2507 a,
1487 2483 1542 2500 nm,
1583 2473 1645 2501 Adi„
1683 2474 1806 2502 Τρῑωῃ,
1840 2474 1872 2501 de
1899 2476 1958 2502 Res,
1979 2477 2060 2503 carn,
2082 2485 2116 2513 27
2144 2478 2268 2513 Sepuscm

70 2506 163 2534 Tacit.
178 2507 246 2533 Arm.
261 2515 284 2540 1,
299 2511 343 2540 48,
356 2515 378 2540 3.
486 2505 595 2532 Vltioni
620 2504 695 2532 Idem
708 2503 776 2533 ibid.
795 2513 826 2537 11,
840 2513 878 2538 32,
893 2514 910 2532 ι.
1008 2505 1131 2532 promtus
1200 2514 1279 2535 erunt
1293 2509 1374 2535 cellae
1389 2519 1509 2544 promae.
1601 2510 1672 2537 Ibid.
1698 2511 1730 2537 In
1744 2511 1816 2537 cellis
1830 2511 1932 2545 promis
1947 2520 2009 2538 caro
2023 2513 2096 2539 salita
2111 2519 2136 2540 et
2151 2515 2211 2541 vsui
2227 2525 2270 2542 re.

67 2543 196 2574 seruitio,
213 2550 262 2578 pro
273 2543 458 2578 Adfi’ruitium
477 2542 568 2569 Tacit.
584 2542 654 2568 Anu.
669 2550 689 2574 1,
702 2549 727 2568 2.
838 2576 843 2581 ¹
927 2537 949 2573 q
967 2549 979 2566 2
1009 2542 1132 2577 Iungitur
1199 2544 1281 2578 posita
1295 2545 1434 2577 seruatur,
1455 2540 1638 2582 depromenda
1653 2546 1729 2573 illinc
1743 2547 1792 2573 suo
1805 2552 1936 2581 tempore.
2045 2548 2092 2576 Sed
2102 2550 2269 2584 Commota,

67 2583 144 2606 etiam
157 2588 212 2605 cum
226 2578 265 2604 Ad
280 2585 303 2604 ct
317 2580 357 2604 In.
413 2578 475 2605 Liu.
490 2587 526 2610 31,
540 2585 620 2614 3⁴pr.
649 2577 731 2611 ond
745 2582 907 2617 promtiores
918 2576 1131 2618 axi-subeundam
1150 2581 1181 2614 65
1198 2589 1222 2610 2,
1237 2589 1246 2606 1
1266 2580 1299 2607 ad
1311 2581 1430 2608 fructum
1442 2584 1568 2618 rtfermzt,
1587 2582 1759 2610 Inconditum
1774 2583 1894 2610 fructum
1907 2583 1982 2610 velut
1994 2592 2119 2618 promum
2136 2579 2268 2614 vendere:

71 2624 185 2644 omnem
204 2613 408 2641 dimicationem
430 2614 576 2640 videbatur
593 2613 744 2644 saetarum,
758 2613 786 2640 id
800 2620 917 2646 metum,
936 2618 1131 2649 pigritiamque
1189 2615 1247 2650 fine
1262 2618 1369 2653 exemplo
1384 2620 1441 2645 alio.
1481 2618 1558 2645 Nihil
1569 2621 1656 2645 melja,-
1663 2638 1671 2651 ‚
1690 2629 1762 2656 quam
1775 2620 1854 2656 [egere
1868 2619 1942 2646 velut
1955 2629 2065 2654 pomum
2080 2631 2086 2647 :
2123 2631 2171 2648 mm
2185 2622 2214 2649 de
2226 2626 2265 2650 w·-

51 2658 54 2664 ·
70 2649 182 2689 inciillit.
276 2649 317 2676 Ad
347 2658 420 2676 arma
452 2649 586 2684 promtior
619 2650 701 2677 Ouid.
715 2650 781 2689 Met.
801 2657 821 2682 1,
835 2651 890 2676 126.
987 2648 1028 2675 Ad
1060 2648 1131 2675 bella
1196 2655 1250 2679 mis
1284 2653 1418 2680 ulna-banis
1436 2665 1486 2681 non
1507 2661 1567 2691 opus
1580 2655 1653 2682 habet
1667 2663 1696 2682 vt
1709 2655 1846 2687 condatur,
1857 2655 1912 2692 fiae
1924 2653 2042 2689 mistum,
2061 2656 2149 2684 deinde
2160 2661 2266 2687 vinum:

72 2685 195 2719 Quirites
206 2685 308 2719 promti
328 2685 410 2711 Ouid.
425 2685 491 2712 Fan.
505 2694 528 2718 3,
542 2692 605 2719 277.
690 2685 731 2712 Ad
744 2684 888 2712 dicendum
901 2691 1022 2720 promtus
1036 2689 1063 2712 et
1075 2693 1131 2711 non
1188 2689 1238 2726 sed
1253 2689 1433 2726 ύεηιίῑροιψ,
1454 2698 1483 2717 ot
1496 2690 1610 2727 quodam
1630 2701 1657 2717 ue
1665 2698 1765 2727 pomum
1783 2691 1864 2719 aliud,

73 2720 263 2748 inexercitatus
284 2720 342 2747 Cic.
356 2719 388 2746 de
399 2721 470 2747 Clar.
483 2722 558 2748 Orat.
575 2723 618 2754 136
631 2730 652 2748 c.
665 2723 706 2753 36.
778 2721 820 2747 Ad
840 2721 993 2750 discendum
1007 2728 1130 2757 promtus
1233 2732 1249 2752 Ρ
1259 2732 1278 2751 R
1289 2733 1308 2753 0
1319 2732 1342 2751 iu
1353 2733 1372 2753 ο
1384 2733 1404 2752 Ν
1417 2734 1430 2754 s
1439 2734 1488 2754 ΤΗ
1497 2735 1519 2754 Λ
1528 2748 1537 2760 ,
1556 2701 1699 2762 Prodigia,
1720 2731 1804 2764 inquit
1823 2725 1920 2754 festus-

32 2769 35 2772 -
71 2756 206 2792 Quinffll.
222 2764 242 2789 1,
258 2764 278 2783 1.
349 2756 391 2782 Ad
405 2756 520 2789 pericula
534 2757 670 2791 promtior
690 2756 746 2784 Cic.
762 2757 814 2783 Off.
822 2766 842 2790 1,
851 2762 886 2789 83.
958 2757 1000 2784 Ad
1013 2766 1129 2793 pugnam
1145 2764 1182 2794 70
1233 2768 1248 2787 P
1261 2767 1281 2788 R
1293 2767 1312 2788 o
1323 2769 1346 2793 M
1357 2770 1376 2789 ι)
1386 2770 1407 2789 Ν
1418 2770 1440 2790 Τ
1449 2770 1469 2791 o
1481 2769 1502 2790 R
1511 2770 1521 2789 1
1530 2771 1551 2790 v
1560 2770 1604 2797 M,
1620 2763 1731 2800 oid.ficb
1756 2770 1771 2790 Ρ
1782 2770 1800 2789 R
1811 2769 1830 2789 O
1843 2770 1868 2789 M
1878 2770 1888 2788 1
1897 2769 1920 2789 N
1930 2769 1947 2789 E
1957 2768 1990 2790 Ο.

70 2801 191 2829 promtus
231 2792 288 2819 Cic.
319 2800 368 2833 pro
405 2791 502 2819 Milon.
531 2800 568 2825 55.
673 2793 714 2820 Ad
726 2792 784 2820 vim
798 2799 920 2833 prointus
933 2830 938 2834 ι
959 2793 999 2820 Id.
1014 2794 1046 2820 de
1059 2794 1131 2828 Lege
1236 2803 1253 2823 Ρ
1264 2804 1283 2824 R
1293 2796 1432 2825 οΜόνΕ
1444 2806 1462 2827 o
1472 2819 1480 2831 ,
1507 2800 1601 2832 moui,
1621 2802 1743 2831 motum,
1762 2802 1815 2825 ere.
1853 2798 2009 2834 [προκόπτω,
2030 2799 2146 2836 προσάγω]
2186 2798 2265 2830 Vltm

70 2831 164 2865 Agrar.
174 2834 242 2862 2581.
290 2827 386 2868 Αάιιιιξ
398 2828 429 2854 ad
444 2827 559 2863 bonores
570 2828 735 2868 capessendos
749 2835 850 2863 promti
868 2829 960 2856 Tacit.
976 2831 1044 2856 Ann.
1059 2838 1130 2863 3‚30.
1194 2842 1305 2867 mouere,
1319 2834 1467 2870 prouehere.
1525 2836 1593 2862 Ter.
1608 2833 1727 2860 Eunuch.
1742 2841 1765 2867 5,
1780 2842 1800 2866 3,
1814 2842 1826 2866 3
1852 2835 1936 2862 Moue
1949 2844 2016 2862 vero
2031 2836 2108 2863 ocius
2121 2843 2147 2865 te
2161 2840 2263 2866 nutrix.

70 2867 172 2894 Aninio
193 2871 218 2891 te
238 2864 286 2891 ess'e
306 2864 388 2890 hilari
409 2871 433 2890 et
447 2870 556 2900 promto
570 2863 603 2890 ad
616 2864 760 2891 iocandum
773 2863 850 2891 valde
863 2874 905 2891 me
917 2867 994 2892 iuuat
1018 2866 1078 2893 Cic.
1094 2867 1133 2900 Q
1197 2874 1220 2896 s.
1240 2879 1350 2897 moneo,
1395 2877 1425 2897 c,
1447 2870 1542 2900 video,
1559 2875 1585 2895 at
1597 2869 1666 2895 nihil
1679 2877 1833 2904 promoues.
1885 2868 1896 2876 '
1908 2871 1965 2898 Cic.
1981 2873 2015 2906 Q.
2031 2872 2115 2899 Fratr.
2129 2883 2158 2906 3,
2174 2883 2183 2901 ι
2204 2876 2261 2903 Aah

34 2905 42 2912 ’
67 2903 153 2930 Fratr.
169 2910 191 2934 ε,
209 2909 240 2933 ¹3-
315 2901 443 2926 Animum
456 2906 531 2927 tuum
546 2906 682 2935 promtum
696 2906 722 2927 et
735 2900 848 2927 alacrem
860 2903 982 2936 perspexi
995 2902 1027 2929 ad
1041 2902 1130 2929 desen·
1195 2905 1224 2931 in
1238 2905 1352 2931 alterum
1367 2905 1519 2939 apodyterii
1532 2905 1659 2939 angulum
1673 2906 1807 2939 promoui.
1880 2906 1977 2934 Caesar
1990 2909 2019 2934 B.
2036 2909 2066 2935 G.
2077 2918 2096 2941 ι,
2106 2915 2138 2941 48
2161 2910 2262 2938 Eodem

57 2938 182 2974 *ciendam
198 2936 340 2972 Reiupubl.
358 2937 412 2963 Cic.
429 2937 500 2963 Fam.
513 2945 537 2969 3,
552 2945 585 2964 ιι.
693 2936 821 2964 Celeritas
840 2945 947 2972 promta
959 2946 984 2965 et
997 2944 1087 2973 parata
1099 2939 1130 2965 in
1148 2943 1180 2970 75
1195 2940 1241 2965 die
1271 2940 1353 2966 castra
1375 2941 1526 2973 promouit,
1546 2947 1571 2967 et
1600 2941 1723 2968 millibus
1743 2943 1860 2977 pass'uum
1879 2943 1922 2970 sex
1944 2952 1959 2970 a
1980 2945 2098 2971 Caciaris
2111 2945 2200 2972 castiis
2211 2943 2260 2974 sub

33 2973 253 3008 -4respondendo
278 2972 351 2999 Idem
367 2973 399 2999 de
413 2973 483 2999 Clar.
499 2973 574 3000 Orat.
590 2980 634 3007 154
647 2982 670 3000 c.
683 2982 727 3006 42.
812 2974 955 3000 Decumari
964 2974 1088 3008 legiones
1103 2979 1130 2999 et
1194 2976 1286 3002 monte
1301 2975 1428 3002 consedit.
1538 2976 1648 3004 Moenia
1666 2978 1736 3005 Suet.
1754 2979 1858 3005 Neron.
1873 2988 1895 3006 c.
1910 2981 1948 3006 16.
2053 2981 2142 3007 Remis
2156 2990 2262 3009 centau-

56 3009 272 3048 ,promtiffinnnn
287 3018 419 3044 quemque
435 3009 631 3036 centurionum
644 3008 747 3036 dimitti
766 3009 833 3038 Tac.
847 3010 881 3036 H.
895 3018 916 3042 1,
929 3012 999 3042 51‚6.
1071 3009 1129 3034 Ho-
1194 3019 1257 3037 rum
1279 3011 1425 3046 (Nauem)
1446 3019 1589 3046 promouet
1612 3014 1688 3048 Virg.
1703 3015 1770 3041 Aen.
1787 3023 1824 3047 ιο,
1839 3023 1892 3048 195.
1995 3016 2084 3042 Onera
2097 3025 2260 3050 promouere

40 3056 114 3080 „mo
136 3044 323 3081 promtissimus
344 3052 370 3071 et
389 3046 529 3079 experiens
566 3045 623 3072 Cic.
637 3047 714 3072 Verr.
730 3054 758 3078 4,
770 3052 800 3081 37
811 3055 834 3073 c.
849 3055 879 3079 ¹7·
986 3044 1129 3079 Ingenium
1196 3052 1222 3073 et
1235 3053 1342 3082 portare
1359 3048 1494 3075 Columel.
1511 3057 1544 3081 ιι,
1558 3058 1577 3076 ι.
1651 3049 1751 3084 Scalas,
1763 3057 1787 3078 et
1801 3051 2012 3078 machinamenta
2026 3060 2188 3084 promouere
2203 3054 2261 3082 Ta-

36 3083 39 3094 ‘
53 3092 204 3119 ‚promtum
217 3081 249 3108 ad
265 3081 399 3116 asperiora
415 3082 501 3108 Druso
516 3088 572 3109 erat
607 3082 700 3109 Tacit.
722 3082 788 3109 Ann.
801 3090 822 3116 1,
835 3091 874 3115 23.
983 3081 1126 3115 Ingenium
1194 3083 1240 3110 cit.
1256 3084 1325 3110 Ann.
1342 3092 1375 3117 15,
1388 3093 1416 3117 4.
1532 3084 1652 3112 Gradum
1666 3095 1830 3122 promouere
1846 3087 1878 3112 ab
1897 3087 1990 3121 aliquo
2004 3087 2066 3114 loco
2087 3088 2140 3115 Stat
2163 3089 2258 3118 Theb.

66 3126 201 3155 promtum
216 3118 243 3144 in
257 3118 425 3144 adulationes
445 3118 534 3145 Tacit.
548 3119 616 3145 Arm.
633 3127 668 3154 ις,
683 3121 722 3145 61.
826 3117 928 3145 Sallust.
941 3117 973 3144 de
988 3118 1052 3152 ch.
1067 3117 1126 3144 ord.
1146 3118 1178 3144 80
1194 3128 1233 3152 12,
1248 3128 1303 3153 541.
1400 3121 1564 3148 Prnmouere
1584 3130 1678 3149 arcana
1699 3123 1761 3150 loco
1791 3123 1858 3148 Hor.
1871 3122 1953 3156 Epod.
1969 3131 2002 3155 ιι,
2014 3132 2042 3149 21
2066 3125 2180 3151 Bacchus
2194 3125 2259 3152 dici-

55 3156 100 3190 *ad
114 3156 267 3186 Caesarem,
289 3154 343 3180 Vix
360 3155 420 3181 satis
437 3160 559 3189 apertum
574 3164 619 3188 os,
635 3160 681 3181 aut
688 3154 792 3189 Lingua
806 3160 911 3190 promta
924 3153 1043 3186 videtur,
1058 3162 1125 3187 quae
1195 3162 1247 3183 tur.
1339 3156 1395 3183 Cic.
1410 3157 1465 3184 Att.
1479 3168 1509 3192 4,
1525 3166 1548 3184 ιι
1568 3157 1633 3184 Inde
1648 3159 1758 3185 domum
1768 3178 1776 3190 ,
1795 3163 1937 3191 coenatuS‚
1956 3164 1985 3185 vt
2000 3158 2045 3184 fini
2060 3159 2162 3194 praesto
2176 3161 2259 3189 Miro-

67 3191 139 3227 dicia
151 3191 258 3226 pectore
271 3190 389 3217 euoluat.
461 3191 565 3226 Lingua
578 3197 683 3227 promta
698 3191 732 3218 ad
745 3191 820 3218 sonos
834 3189 937 3225 rigidos
961 3189 1045 3218 Ouid.
1059 3189 1124 3216 Fast.
1194 3192 1224 3219 ni
1238 3202 1243 3218 ι
1280 3191 1321 3218 ibi
1335 3192 1420 3227 igitur
1433 3199 1459 3220 te
1472 3192 1573 3220 videbo
1588 3200 1613 3221 ct
1626 3194 1805 3229 promouebo.
1867 3193 1968 3230 Qci'fic
1979 3196 2079 3230 legunt,
2101 3197 2182 3223 intelli
2202 3205 2258 3232 unt,

67 3237 96 3262 4,
110 3236 162 3259 3¹0-
235 3227 330 3253 Manus
345 3233 462 3262 pronitas
477 3228 505 3254 in
517 3228 571 3254 fata
584 3227 698 3255 alicuius
711 3228 846 3254 continere
866 3225 949 3254 Ouid.
965 3235 997 3252 ex
1011 3227 1086 3252 Pont.
1104 3234 1124 3259 1,
1192 3231 1294 3264 negotia
1307 3230 1447 3262 Alimmti,
1467 3239 1528 3265 quae
1544 3240 1633 3267 urgere
1641 3234 1779 3266 promittat
1797 3230 1890 3256 Cicero.
1935 3230 1984 3257 Sed
2001 3233 2035 3257 al.
2053 3207 2222 3261 l'roznoneiio
2230 3234 2257 3271 ,fi

57 3271 99 3298 ,9,
111 3271 153 3289 22.
201 3263 255 3290 Ore
268 3263 350 3289 alacri
361 3270 388 3290 et
400 3269 510 3300 promto
523 3273 552 3291 ac
565 3263 658 3297 vultu,
677 3263 728 3290 huc
741 3269 820 3299 atque
828 3262 1000 3290 illncintueri
1021 3262 1076 3289 Cic.
1092 3262 1125 3288 de
1192 3265 1384 3298 praemonebo.
1543 3267 1686 3301 Memphor.
1706 3266 1739 3292 ad
1755 3265 1853 3302 gradus
1871 3266 1988 3292 honorum
2013 3267 2133 3302 rest-rtur.
2187 3269 2256 3298 Plin.

57 3298 143 3333 rotat.
156 3307 176 3332 1,
189 3305 238 3331 183.
310 3298 402 3326 Petitus
417 3306 554 3335 promtum
567 3299 600 3327 ad
616 3300 728 3327 vulnera
745 3300 841 3327 Lucan.
856 3308 877 3332 ς,
891 3307 948 3331 320-
1028 3297 1125 3324 Rabies
1145 3297 1174 3327 85
1193 3300 1222 3326 in
1236 3301 1328 3336 Paneg.
1343 3311 1365 3328 c.
1381 3309 1416 3334 90
1431 3307 1495 3329 extr.
1533 3302 1671 3328 Habuerat
1695 3301 1764 3328 hunc
1779 3301 1911 3328 honorem
1925 3302 2048 3336 periculis
2063 3303 2159 3331 nostris
2174 3305 2256 3333 diuus

67 3335 98 3361 in
111 3334 212 3361 ferrum
228 3334 401 3371 promtiffima
427 3336 526 3364 Lucan.
541 3344 567 3372 7,
579 3344 639 3370 245.
731 3336 823 3363 Tacit.
837 3337 904 3362 Ann.
921 3343 944 3368 2,
957 3336 989 3367 36
1017 3335 1125 3361 Promta
1193 3336 1302 3369 Nerua,
1319 3343 1348 3364 vt
1363 3346 1426 3369 nos,
1444 3337 1489 3365 etfi
1504 3338 1592 3364 minus
1607 3344 1635 3364 vt
1650 3337 1753 3371 bonos,
1773 3343 1862 3364 tamen
1877 3347 2038 3372 promouere
2053 3339 2140 3366 vellet.
2178 3342 2254 3378 coifi

66 3370 109 3398 illi
125 3370 370 3404 legionuuist‘udia.
441 3372 562 3400 Promtns
578 3373 608 3400 in
621 3381 695 3401 arma
715 3372 804 3400 Tacit.
819 3372 886 3400 Hist.
901 3380 929 3404 4,
944 3372 990 3405 76,
1004 3379 1026 3404 3.
1093 3372 1125 3398 In
1192 3373 1262 3399 Suet.
1277 3374 1341 3400 Oth.
1356 3383 1377 3400 c.
1393 3383 1412 3400 1.
1485 3374 1550 3401 Plin.
1566 3374 1611 3407 Ep.
1628 3381 1665 3404 io,
1678 3382 1713 3400 20
1722 3381 1766 3409 pr.
1788 3373 1842 3400 Vbi
1856 3375 1972 3408 primum
1987 3384 2046 3407 me,
2065 3375 2192 3410 Domine,
2213 3378 2254 3405 iti-

66 3405 233 3434 adulationes
252 3406 326 3433 Idem
339 3408 408 3434 Ann.
423 3415 459 3440 15,
473 3410 514 3442 61,
527 3418 550 3437 2.
623 3409 654 3436 In
668 3408 810 3436 latrocinia
822 3406 989 3444 pronitiffimi
1014 3407 1087 3434 Flor.
1097 3416 1124 3440 4,
1193 3409 1329 3444 dulgentia
1344 3408 1429 3437 vestra
1440 3409 1577 3444 promouit
1592 3409 1622 3435 ad
1639 3409 1833 3443 praefecturam
1847 3410 1954 3437 aerarii.
2027 3413 2165 3438 peculi-iris
2185 3416 2254 3441 ratio

16 3448 20 3449 ⁷
66 3451 106 3475 12,
123 3451 161 3468 10.
234 3442 342 3469 Promta
356 3443 385 3469 in
398 3443 533 3471 auxilium
544 3445 689 3473 vulnerum
703 3444 916 3479 morborumque
943 3443 1010 3470 Cels.
1020 3451 1030 3470 1
1040 3443 1123 3478 praef.
1191 3443 1225 3477 est
1263 3446 1330 3472 Flin.
1344 3446 1423 3481 Epist.
1437 3452 1459 3477 8,
1475 3454 1510 3471 20
1530 3445 1628 3471 Rursus
1650 3454 1743 3472 omnes
1764 3445 1792 3471 in
1805 3445 1918 3472 eundem
1934 3446 2022 3472 locum
2036 3446 2176 3482 depulsae,
2198 3458 2253 3485 qua

65 3477 88 3516 fl
110 3487 122 3511 3
159 3479 196 3505 Ex
210 3480 376 3514 participiali
395 3480 459 3515 vsu,
481 3486 527 3515 per
547 3483 753 3513 translationem,
774 3478 943 3517 Manifistus,
968 3485 992 3505 et
1010 3485 1124 3515 apertus,
1144 3486 1180 3512 90
1190 3481 1331 3513 steterunt,
1353 3486 1515 3517 promouent
1527 3486 1646 3508 terram:
1682 3488 1709 3508 et
1720 3481 1803 3508 modo
1818 3480 1886 3515 hac,
1908 3482 1990 3508 modo
2005 3482 2066 3509 illac
2087 3482 2174 3511 lacum
2192 3486 2253 3513 red-

62 3524 138 3553 quum
161 3523 202 3541 res
224 3523 239 3540 a
251 3514 386 3549 secretiore
408 3517 460 3542 loco
481 3516 612 3550 educitur,
630 3525 659 3544 vt
682 3525 778 3554 parata
801 3518 870 3544 nobis
891 3522 916 3542 ct
937 3514 971 3541 ad
981 3513 1122 3548 manui-fit.
1188 3517 1272 3551 dunt,
1291 3519 1485 3552 auferumque,
1505 3516 1534 3542 de
1555 3517 1644 3552 insulis
1663 3517 1818 3544 natantibus.
1891 3518 1983 3544 Aciem
1997 3527 2175 3554 proiziouere,
2196 3522 2250 3549 vid.

65 3549 150 3579 Aliud
171 3549 287 3576 clausurn
307 3550 334 3576 in
353 3550 476 3584 peelore,
496 3551 570 3578 aliud
589 3552 618 3580 in
636 3553 727 3588 lingua
739 3560 874 3589 promtum
888 3550 967 3578 habet
987 3550 1046 3577 Sall.
1062 3551 1122 3578 Cat.
1189 3561 1289 3582 ACIES.
1365 3555 1472 3580 Cornua
1490 3553 1558 3579 aciei
1570 3554 1697 3588 vti-inque
1710 3561 1871 3588 promouere
1888 3553 2020 3587 QiinCiil.
2036 3564 2061 3588 2,
2077 3564 2111 3588 13.
2197 3558 2249 3584 [m-

54 3585 90 3615 ‘e.
103 3596 141 3614 10.
213 3586 270 3612 Cic.
287 3585 320 3612 de
331 3586 391 3613 Fin.
397 3595 429 3619 30
442 3596 489 3621 c.9
508 3587 599 3614 Altera
613 3590 717 3616 occulta
730 3590 856 3625 quaedam
872 3593 897 3614 et
911 3586 983 3622 quasi
998 3587 1123 3614 inuoluta
1187 3591 1293 3625 perium
1311 3590 1394 3618 Ouid.
1408 3598 1440 3615 ex
1456 3589 1532 3615 Pont.
1545 3597 1570 3619 2,
1584 3598 1610 3621 2,
1626 3596 1667 3623 72.
1747 3588 1897 3621 Promdtst,
1909 3597 1960 3625 pro
1975 3591 2140 3625 Promomffi:
2166 3593 2248 3620 Ouid.

64 3622 182 3658 aperiri,
202 3621 283 3648 altera
297 3628 404 3656 promta
418 3628 445 3649 et
456 3629 546 3659 aperta
558 3623 683 3651 iudicari.
755 3626 886 3661 Fingere,
904 3623 1013 3650 Graecis
1027 3626 1121 3658 'proni-
1188 3627 1282 3654 Amor.
1295 3636 1316 3657 2,
1330 3635 1354 3658 9,
1370 3633 1398 3658 17
1419 3625 1522 3655 Roma,
1542 3624 1590 3651 nisi
1606 3625 1763 3652 immensum
1775 3625 1847 3651 vires
1860 3624 2003 3660 promosset
2022 3628 2050 3653 in
2070 3626 2181 3659 orbem,
2201 3635 2246 3656 etc.

64 3659 189 3686 tillimum
204 3658 239 3684 est
259 3657 370 3691 Qiine‘t.
384 3666 410 3691 9,
422 3667 442 3685 1.
515 3659 616 3686 Cuntiia
629 3661 741 3688 tentanti
753 3659 957 3696 promtiffinunn
970 3659 1056 3686 visum
1075 3666 1121 3686 etc.
1136 3664 1169 3691 93
1187 3662 1355 3698 prolongare,
1374 3660 1510 3695 producere
1524 3667 1618 3696 tempus
1632 3672 1640 3686 :
1677 3660 1746 3687 Ter.
1763 3662 1843 3687 Andr.
1858 3670 1885 3694 4,
1897 3669 1961 3696 2,28
1980 3661 2037 3689 Eho
2052 3668 2080 3690 tu
2096 3663 2246 3698 impudenS,

64 3695 134 3723 Tac.
149 3697 217 3721 Anu.
234 3703 260 3727 4,
273 3702 297 3727 3,
308 3702 330 3726 3.
438 3694 496 3722 Cic.
510 3696 588 3722 Verr.
602 3705 631 3728 4,
643 3705 676 3729 42
689 3705 712 3722 c.
726 3705 761 3723 20
769 3704 812 3734 pr.
845 3697 996 3723 statuerunt
1011 3697 1036 3722 se
1050 3695 1121 3722 nihil
1186 3703 1242 3725 n'on
1267 3699 1326 3725 satis
1348 3695 1438 3727 habes,
1453 3696 1526 3731 qnod
1549 3697 1601 3723 tibi
1626 3696 1756 3723 dieculam
1769 3695 1855 3729 addo,
1875 3704 2002 3731 quantum
2016 3697 2082 3725 vhuic
2097 3707 2245 3734 promoueo

64 3736 121 3758 tam
146 3731 278 3760 clausum,
299 3738 386 3764 neque
403 3735 458 3756 tam
478 3731 647 3758 reconditum
663 3733 732 3766 posse
750 3732 864 3765 habere,
883 3731 955 3765 quod
974 3740 1030 3757 non
1044 3732 1120 3761 istius
1187 3734 1291 3769 nuptias
1308 3734 1316 3759 3
1353 3733 1377 3759 h.
1391 3742 1411 3759 e.
1430 3731 1542 3765 Diffiro.
1579 3732 1708 3759 Donatus.
1781 3733 1904 3767 Pro-ficere
1918 3743 1926 3758 :
1963 3734 2032 3760 Ter.
2054 3736 2117 3761 Hec.
2132 3743 2159 3766 4,
2174 3744 2200 3767 4,
2215 3739 2242 3764 18

44 3777 50 3779 -
63 3765 205 3801 cupiditati
219 3764 422 3801 apertiffimum,
441 3767 700 3802 promtissimumque
711 3769 780 3796 effet.
851 3767 945 3794 Aditus
959 3762 1120 3801 promtiores
1188 3769 1278 3797 Abibo
1294 3768 1370 3802 hinc,
1382 3768 1502 3803 praesens
1517 3767 1624 3802 quando
1641 3776 1790 3802 promoueo
1804 3777 1907 3802 parum.
1981 3769 2061 3796 Nihil
2075 3770 2243 3804 pronioueris

65 3803 136 3830 Tac.
159 3803 226 3829 Ann.
249 3810 283 3836 ις,
304 3811 339 3834 53,
354 3810 379 3830 ,1.
485 3803 636 3830 Eminentia
649 3809 675 3830 et
691 3810 795 3837 promta
829 3805 884 3831 Cic.
898 3803 931 3829 de
945 3802 1020 3829 Orat.
1035 3811 1056 3835 3,
1070 3811 1118 3836 213.
1185 3806 1254 3833 Ter.
1268 3803 1350 3831 Andr.
1366 3813 1392 3837 4,
1407 3813 1427 3837 i,
1442 3805 1479 3831 16.
1589 3804 1668 3831 Nihil
1681 3804 1713 3831 ab
1727 3804 1884 3838 eloquentia
1897 3811 2025 3837 metuant,
2045 3803 2157 3839 quanm}
2173 3803 2240 3839 quid

61 3838 136 3866 Loca
151 3844 266 3872 promta,
287 3839 406 3870 Publica,
424 3843 448 3863 et
458 3840 628 3874 inpropatzdo
647 3840 751 3868 Lucret.
765 3842 791 3873 6,
804 3843 870 3872 1265.
944 3838 1018 3864 Idem
1033 3841 1059 3871 6,
1073 3844 1119 3874 817
1127 3849 1175 3869 100
1183 3841 1296 3868 omnino
1311 3840 1437 3874 promoui
1450 3860 1458 3872 ,
1479 3840 1568 3873 potius
1581 3840 1658 3875 spero
1678 3849 1758 3874 quam
1773 3839 1875 3874 praesto
1897 3841 1974 3876 Apul.
1991 3841 2067 3875 Apol.
2105 3859 2111 3865 .
2151 3860 2157 3866 .
2199 3861 2204 3867 .

64 3874 243 3907 Exspcratque
254 3874 324 3901 foras
339 3874 365 3900 in
379 3879 468 3907 aperta
486 3881 646 3909 promtaque
663 3874 738 3901 caeli.
845 3877 951 3902 Promta
964 3880 990 3900 et
1002 3874 1118 3908 expolita
1186 3877 1266 3911 Qod
1291 3875 1352 3911 quis
1373 3875 1517 3902 videbatur
1537 3876 1626 3910 paullo
1651 3876 1749 3909 largius
1775 3878 1802 3902 in
1815 3882 1871 3903 arte
1885 3876 2044 3911 promonissc
2063 3873 2103 3900 Id.
2119 3875 2146 3901 in
2167 3876 2240 3903 Flor.

64 3910 129 3936 fides
157 3909 214 3935 Cic·
228 3917 276 3942 pro
288 3910 395 3937 Caecin.
408 3914 453 3943 78.
559 3909 657 3943 Mella,
677 3919 746 3945 quae
766 3916 822 3939 tum
837 3909 1009 3947 prointiffima
1023 3911 1119 3937 mortis
1185 3930 1193 3940 ,
1231 3933 1237 3939 .
1277 3932 1283 3938 .
1354 3912 1445 3945 Qnun
1460 3911 1486 3937 in
1501 3911 1589 3938 studio
1603 3911 1743 3938 facundiae
1754 3911 1858 3938 abunde
1878 3911 2047 3947 promoniffet
2067 3910 2135 3937 Geli.
2151 3919 2180 3944 5,
2201 3921 2238 3939 10.

62 3946 131 3978 Via,
149 3943 263 3970 exsoluit
274 3954 353 3973 venas
392 3944 461 3972 Tac.
474 3945 542 3972 Ann.
558 3949 604 3978 1⁶,
616 3953 655 3980 17,
669 3953 691 3979 ς.
727 3949 750 3972 i:
772 3947 966 3983 εκρεάίτζζῖἱνηα,
978 3944 1117 3981 facillima.
1183 3948 1315 3982 leianus
1328 3945 1356 3973 in
1371 3947 1387 3973 l.
1401 3947 1425 3973 Si
1444 3948 1504 3982 quis
1518 3946 1604 3980 inihi,
1623 3947 1651 3973 in
1667 3947 1779 3983 princip.
1793 3949 1825 3974 D.
1838 3948 1870 3974 de
1886 3955 1983 3987 acquir.
2003 3944 2093 3984 hered.
2131 3947 2155 3973 Si
2178 3947 2238 3981 quis

62 3983 155 4016 Nempe
168 3988 190 4006 e!
203 3981 264 4005 alias
283 3979 500 4018 Facile-(igatficat
509 3993 516 4007 :
554 3981 665 4015 Qun&-
674 3988 739 4017 10,7
757 3983 894 4010 Promtum
905 3982 955 4009 hoc
968 3981 1031 4008 etin
1039 3990 1116 4016 expe·
1182 3984 1252 4010 mihi
1267 3984 1337 4010 bona
1351 3981 1402 4008 fide
1416 3983 1515 4010 seruiat
1529 3985 1618 4011 seruus
1630 3983 1732 4012 alienu·
1746 3994 1754 4012 ι
1788 3984 1857 4013 iuffii
1875 3988 1936 4012 meo
1953 3980 2129 4009 hereditatem
2141 3981 2238 4009 adcun-

56 4017 119 4049 giito
131 4015 447 4082 ροιίωξιιὲξεκὶιιῗιῐίοῃε
459 4017 514 4046 sola
527 4017 690 4046 continetur.
777 4018 859 4055 Ouid.
877 4019 943 4047 Met.
955 4025 980 4053 3,
992 4019 1029 4051 96
1055 4018 1115 4046 Vox
1125 4025 1170 4054 ¹05
1182 4020 1218 4047 do
1233 4019 1304 4050 nihil
1317 4018 1512 4091 Pmmwebi‘i,
1535 4054 1554 4083 B
2161 4057 2238 4081 He·

295 4069 303 4078 ⁶
391 4072 398 4084 ν
