2517 4231
62 146 134 195 657
451 145 716 188 PAL
1564 153 1829 197 PAL
2155 170 2228 219 658

61 231 206 268 Δίνη-ῥυ,
218 238 241 262 8.
278 234 322 259 vel
333 233 410 269 quffi
425 235 459 260 du
470 235 569 263 Fresne.
767 235 789 275 ff
811 244 825 270 ς
858 237 936 274 Qod
944 237 1028 271 palam
1042 237 1111 264 aeris
1174 240 1331 267 flammabat.
1404 242 1561 270 Procefferat
1574 244 1647 270 einim
1663 244 1691 270 in
1703 245 1783 272 solem
1805 251 1831 272 et
1846 248 1998 284 puluerem,
2018 262 2073 281 non
2092 261 2120 282 vt
2132 265 2146 283 e
2159 257 2229 284 mili.

15 293 18 295 .
60 269 167 295 laudant
178 277 207 294 ex
219 268 287 295 Plin.
301 278 341 302 34,
356 277 379 301 13
397 270 415 297 s.
429 272 458 302 36
478 272 545 297 nibil
559 271 601 308 est.
673 273 714 299 Sic
732 273 796 299 enim
812 272 848 297 ibi
867 273 976 307 legitur:
1015 274 1051 299 Ac
1072 283 1111 300 re·
1173 276 1223 303 tari
1238 276 1422 310 tabernaculo,
1449 278 1490 305 sed
1511 286 1539 306 vt
1552 288 1566 305 e
1578 279 1762 315 Theophrasti
1775 280 1915 309 doetiffimi
1930 284 2045 314 hominis
2060 291 2229 320 vmbraculis.

60 308 138 339 pente
152 303 345 332 vehementiori
356 305 417 332 flatu
431 307 567 341 exspuitur
578 307 646 335 aeris
658 308 730 344 palea
743 307 878 342 quaedam.
1053 308 1072 345 ‘j
1095 311 1110 337 6
1175 312 1227 338 Hic
1246 312 1347 346 primus
1368 313 1468 341 inflexit
1487 315 1653 346 orationem,
1673 323 1698 343 et
1717 325 1774 344 eam
1794 318 1903 345 mollem
1918 325 2086 358 teneramque
2100 328 2231 356 reddidim

61 339 135 372 Pala,
153 341 226 365 arbor
240 341 377 374 mirabilis,
396 343 427 367 de
440 352 489 377 qua
504 343 570 370 Plin.
586 352 619 376 12,
634 347 650 371 6
671 345 688 370 s.
705 352 729 370 12
751 342 805 378 pos?
822 344 965 369 mentionem
979 345 1054 372 Ficus
1070 349 1111 372 ln.

837 379 841 383 ¹
1171 355 1197 374 et
1213 347 1308 377 (11111113,
1331 347 1392 374 ficut
1407 350 1467 382 fuit,
1489 351 1574 377 videri
1590 351 1692 385 maluit,
1713 362 1791 388 quam
1805 354 1903 388 grauis,
1923 355 1965 382 sed
1979 357 2105 386 suauitate
2117 371 2155 396 ca,
2176 373 2228 399 qua

60 375 138 401 dicae·
208 376 299 402 Major
312 376 379 410 2113,
401 386 482 412 pomo
496 385 522 405 eg
536 380 662 407 suauitate
676 374 894 414 praecellentior,
916 388 969 413 quo
984 381 1110 416 sapientes
1136 391 1149 414 5
1174 382 1345 418 perfunderet
1360 385 1462 411 animos
1472 406 1480 418 ‚
1501 396 1554 413 non
1568 396 1620 422 qua
1634 388 1820 423 perfringeret.
1890 391 2013 425 Alioquin
2033 395 2137 422 virtutis
2155 406 2177 424 et
2190 404 2231 425 de.

60 409 308 443 Indorumviuunt.
381 413 486 441 Folium
507 415 560 442 alas
576 416 666 442 auium
686 414 822 448 imitatur,
842 415 1009 450 longitudine
1029 419 1112 445 trium
1173 418 1270 444 centiae
1283 426 1366 444 nomen
1382 420 1422 453 cll,
1442 430 1471 446 vt
1484 422 1600 448 diximus.
1674 425 1730 451 Cic.
1744 424 1776 451 de
1793 425 1885 460 chib.
1900 436 1924 460 1,
1944 429 1959 453 6
1985 429 2015 453 a'e
2028 430 2110 456 C'aelio
2123 435 2231 469 Antipa.

60 445 223 479 cubitorum,
241 447 383 474 latitudine
397 449 487 478 duum.
560 450 686 477 Fructum
701 450 802 476 cortice
816 451 907 484 mittit,
928 452 1112 480 atmmhuem
1174 462 1227 488 tro,
1248 452 1356 480 Habuit
1370 455 1438 481 vires
1460 457 1570 491 agrestes
1584 459 1629 486 illc
1644 460 1753 492 quidem
1773 468 1851 495 atque
1870 461 2009 497 horridaS,
2029 463 2082 490 fine
2102 467 2189 494 nitore
2203 479 2231 496 a:

60 481 127 508 fiicci
141 481 287 517 dulcedine,
307 490 336 510 vt
351 493 405 511 vno
420 492 562 521 quaternos
572 486 654 512 satiet.
701 485 802 512 Arbori
815 496 912 514 nomeu
928 490 1011 525 Palae,
1030 498 1112 523 pomo
1175 488 1307 523 palaestra.
1383 492 1411 515 lit
1432 491 1463 517 de
1478 492 1553 520 Orat.
1568 503 1586 527 1,
1600 501 1625 524 81
1654 496 1779 523 Nitidum
1794 497 1928 531 quoddam
1940 508 2023 534 genus
2036 499 2071 526 est
2086 501 2233 531 verborum

62 517 184 544 Arienae.
1176 531 1200 549 et
1217 525 1327 558 lactum,
1351 524 1392 550 scd
1413 527 1552 560 palaestrae
1571 531 1655 565 magis
1670 538 1696 558 ct
1708 532 1778 566 olei,
1798 542 1876 568 quam
1895 533 1973 561 huius
1992 535 2081 562 ciuilis
2098 538 2191 564 turbae
2204 548 2234 565 ac

98 559 144 580 ΡΑ
154 559 168 580 L
179 561 199 580 A
210 559 228 581 c
240 560 260 580 R
270 560 290 580 Α
300 574 309 587 ,
337 563 377 584 ae.
414 556 434 583 f.
471 566 533 592 quat
549 563 575 582 et
596 556 734 584 Palacrana
757 566 772 584 a
797 559 933 587 nonnullis
959 561 1114 596 appellatur,
1131 569 1159 587 ιο
1176 560 1240 591 sori,
1261 561 1285 585 h.
1299 570 1319 585 e.
1342 561 1463 600 iunia-ae
1475 565 1554 597 magis
1567 567 1763 602 exercitationis,
1781 578 1853 604 quam
1862 570 1963 605 generis
1974 571 2045 597 buius
2056 574 2172 606 acrioris,
2189 584 2235 608 quo

61 589 150 615 Maior
160 589 219 616 auri
234 591 310 617 massa
324 590 361 617 est
389 592 456 619 Plin.
470 602 502 626 33,
517 602 539 624 4.
1175 605 1217 622 ²¹01
1232 599 1327 620 utimur
1340 606 1365 620 ¹¹¹
1381 598 1481 623 concilio
1494 607 1515 623 (Ἰ
1529 599 1629 627 iudicio.
1878 615 1889 638 3
1943 606 2085 641 Palaestra,
2103 609 2189 639 Locus,
2207 611 2235 635 in

97 631 113 651 P
124 632 145 652 A
156 631 171 651 L
181 631 226 651 Ar.
235 632 251 652 Β
261 634 269 652 1
280 633 294 653 n
305 633 321 653 L
330 633 372 653 vs
381 649 390 662 ,
411 629 593 661 [Παλαιβιβλες
649 629 785 664 Oppidum
803 630 839 657 cst
860 631 887 657 in
907 640 954 659 ora
970 631 1058 664 Syriae
1071 630 1114 658 Li-
1176 640 1222 666 quo
1236 638 1320 670 ffflpus
1332 633 1499 658 exercentibus
1511 635 1581 666 aliis,
1596 637 1735 672 philosophi
1746 638 1911 674 Anfputabam.
1954 642 2062 670 Vitruu.
2078 653 2101 677 ς,
2115 653 2134 670 11
2155 645 2236 672 Nunc

60 658 129 687 bano
143 662 227 688 monti
242 662 398 695 subietShun,
418 671 472 689 non
487 664 578 696 procul
592 673 606 690 a
640 665 727 691 Adoni
741 666 824 692 fhiuio
852 667 954 700 Ρ1111.ς,
967 677 1007 694 20.
1175 666 1245 693 mihi
1266 667 1374 692 Videtur
1398 669 1515 699 (tametsi
1536 678 1590 696 non
1614 670 1662 698 lint
1684 674 1787 700 Italicae
1810 677 2024 710 consuetudinis)
2050 680 2237 713 palaestrarum

40 698 47 700 ’
97 702 167 723 ΡΑ1.
178 704 201 724 A
213 703 230 724 Β
241 705 266 724 Μ
279 705 299 725 o
313 705 354 733 N,
379 698 448 726 onis.
485 707 521 725 m.
557 701 723 735 [Παλαίμων]
759 703 834 736 lmis,
850 711 912 737 quae
930 710 954 728 ct
970 703 1113 734 Leucothea,
1174 701 1370 728 aedificationes
1384 703 1487 729 tradere
1506 706 1650 739 explicate,
1670 714 1696 734 et
1714 710 1938 743 quemadmodum
1958 715 2027 749 apud
2039 716 2154 742 Graecos
2172 725 2236 743 con-

57 738 83 757 ει
96 734 258 760 Athamantis
266 735 346 768 filius,
364 734 482 759 Marinus
493 736 562 770 dtus,
581 737 670 762 Latine
685 737 826 769 Portunus,
838 739 906 772 quod
912 739 1031 772 portubus
1042 744 1114 772 prae-
1133 744 1157 767 15
1175 737 1325 772 (limantur,
1344 738 1499 766 monstrare.
1552 741 1758 770 Constituuutur
1771 753 1859 773 autem
1874 747 1903 774 in
1917 749 2002 776 tribus
2018 751 2165 784 porticibus
2178 761 2238 780 exea

51 767 99 801 fit.
140 769 195 797 Vid.
220 769 275 796 Cic.
289 768 321 794 de
335 769 397 796 Nat.
412 769 491 796 Deor.
510 779 533 803 3,
548 780 586 804 39.
660 773 740 800 Ouid.
760 773 825 800 fast.
841 775 866 806 6,
881 779 926 806 547
958 774 1046 805 Quem
1065 782 1114 798 nos
1176 773 1239 799 drae
1252 774 1393 809 spatiosae,
1413 773 1537 801 habentes
1557 776 1645 808 sedes,
1665 779 1693 804 in
1712 780 1808 812 quibus
1823 782 1991 819 Philosophi,
2012 786 2160 822 Rhetores,
2174 788 2237 815 reli.

59 803 216 837 Portunum,
235 806 278 830 sua
291 804 381 837 lingua
394 804 552 833 Palaemona
566 806 643 834 dicet.
686 810 740 836 Vid.
762 815 787 835 Μ
798 815 839 835 Εῐ.
850 815 859 834 1
870 814 887 834 C
898 814 913 833 Ε
923 814 942 834 R
954 814 976 834 'r
988 815 1019 834 A.
1055 808 1113 833 item
1176 809 1286 843 quique,
1305 809 1352 844 qui
1369 809 1461 836 studiis
1482 811 1661 844 dehelantur,
1679 814 1796 842 sedentes
1811 817 1942 851 disputare
1960 821 2061 855 pollint.
2132 824 2189 853 Cic.
2204 823 2238 851 de

57 838 176 866 Lachnt.
196 841 230 865 ad
241 840 302 866 Stat.
316 839 408 866 Theb.
422 850 446 875 7,
459 850 516 875 42¹·
588 844 669 870 Inous
684 845 823 871 Palaemon
854 843 931 877 Virg.
945 845 1010 870 Aen.
1025 853 1047 878 5,
1061 850 1114 876 823.
1177 845 1251 873 Orat.
1264 853 1296 878 2,
1312 854 1345 871 20
1374 846 1493 873 Porticus
1508 846 1570 874 haec
1590 849 1644 883 ipsa
1664 849 1711 876 vbi
1727 851 1937 887 inambulamus,
1956 862 1982 882 et
1997 858 2137 892 palaestra,
2157 866 2184 886 et
2197 865 2238 887 tot

59 873 212 909 Naufragus
239 875 300 901 Stat.
314 875 378 903 Silu.
392 884 415 910 2',
430 887 449 910 1,
465 884 519 907 180.
592 881 623 905 In
644 880 714 906 buius
734 881 847 905 honorem
864 879 921 904 ludi
938 879 1034 915 lflbmii
1054 881 1114 905 celt—
1177 880 1244 906 locis
1262 881 1393 915 semones,
1415 883 1611 916 gymnasiorum
1630 891 1656 912 et
1670 886 1830 914 Graecarum
1850 889 2058 923 disputationum
2078 896 2238 923 memoriam

59 908 133 937 braii.
189 911 286 937 Auson.
300 911 388 946 Eclog.
402 921 467 939 extr.
480 923 504 948 p.
517 916 562 948 5⁶7
582 914 687 942 Isthmia
700 913 826 942 defuncto
839 913 969 942 celebrata
983 915 1115 942 Palaemo-
1127 922 1160 940 20
1176 915 1377 950 quodammodo
1391 926 1569 947 commouent.

1648 921 1719 949 Talis
1730 922 1765 957 est
1776 923 1916 952 Ciceronis
1929 927 2054 961 palaestra
2067 931 2197 966 Palatina,
2217 932 2237 960 i.

61 954 103 980 ne,
121 951 222 972 notum.
422 947 443 986 fl
470 959 482 976 2
534 951 689 984 Palaemon,
715 949 835 976 Rhemmii
848 951 1014 977 Grammatici
1031 960 1115 985 cogm·
1175 953 1267 986 domui,
1284 963 1358 987 quam
1371 954 1475 980 habebat
1488 955 1516 980 in
1529 956 1629 982 Palatio
1642 958 1775 992 adiuncta,
1796 961 1826 985 de
1844 970 1894 995 qua
1913 965 1949 988 aa'
1966 964 2019 990 Att.
2034 974 2063 998 2,
2082 976 2104 999 4.
2153 967 2237 996 Plaut.

61 991 127 1014 men,
147 982 213 1008 cuius
226 982 307 1008 vitam
320 984 389 1010 dedit
414 985 520 1012 Sueton.
541 995 562 1013 c.
573 994 612 1018 23.
684 986 798 1012 Vineam
811 984 878 1011 illius
888 987 1020 1020 praedicat
1047 987 1115 1014 Plin.
1178 988 1271 1015 Bacch.
1287 997 1310 1021 3,
1324 997 1348 1021 3,
1361 997 1396 1015 20
1422 992 1452 1015 de
1463 990 1601 1026 disciplina
1612 994 1694 1018 veteri
1705 993 1841 1029 etsi-uera:

62 1025 100 1052 14,
110 1025 137 1050 4.
211 1018 376 1046 Palaemonis
390 1027 472 1047 artem
488 1021 679 1047 Grammaticam
692 1029 766 1047 vocat
789 1023 908 1048 quenal.
922 1024 946 1058 6,
960 1030 1010 1055 43¹-
1285 1024 1354 1051 Ante
1368 1024 1455 1051 Solem
1468 1027 1636 1054 exorientem
1649 1028 1698 1056 nisi
1715 1029 1744 1056 in
1757 1030 1912 1059 Palaestram
1926 1042 2053 1068 veneras,

99 1060 114 1080 Ρ
124 1061 145 1080 A
157 1060 172 1079 L
183 1061 204 1080 A
216 1061 232 1080 Ε
245 1061 270 1082 M
283 1062 302 1082 o
314 1062 335 1082 Ν
347 1063 356 1082 1
367 1063 387 1081 v
397 1063 426 1091 s,
452 1065 481 1090 a,
505 1065 559 1082 um.
599 1056 658 1083 Adi.
694 1057 889 1092 [Παλαιμόνιος]
927 1059 1052 1085 Coronae
1070 1059 1116 1086 Pa-
1285 1060 1420 1091 Gymnasii
1435 1062 1572 1096 praefee‘to
1585 1063 1654 1090 haud
1676 1066 1824 1093 mediocres
1838 1075 1935 1101 poenas
1950 1071 2085 1104 penderes.

59 1087 222 1121 haemoniae,
248 1091 266 1117 i.
281 1090 435 1127 Isthmiacae,
455 1101 519 1127 quae
529 1092 556 1117 in
571 1091 677 1128 lstbmiis
690 1093 756 1118 ludis
770 1093 922 1120 Palaemoni
940 1104 956 1120 a
973 1094 1061 1129 Theseo
1075 1097 1114 1121 dz'-
1132 1104 1160 1131 25
1285 1095 1431 1136 Ibitcursu,
1451 1097 1586 1132 luctando,
1606 1099 1686 1133 hasta,
1706 1101 1793 1136 disco,
1813 1103 1953 1139 pugillatu,
1972 1106 2042 1141 pila,

58 1125 122 1151 catis
133 1126 268 1151 viffiw‘ibus
283 1128 414 1153 dabantur.
485 1127 577 1154 Claud.
591 1127 624 1154 de
637 1129 718 1160 Cous.
730 1129 802 1157 Mall.
816 1129 926 1156 Theod.
941 1137 987 1164 ²89
1012 1130 1116 1157 cimela
1288 1131 1428 1165 Salrendo,
1448 1133 1499 1159 sese
1516 1135 1674 1162 exercebant
1687 1138 1770 1172 magis
1786 1153 1832 1159 -—
1860 1159 1862 1162 ,

57 1160 232 1189 Palaemoniis
245 1171 337 1189 manus
350 1162 485 1197 explorata
496 1164 605 1190 coronis
642 1164 723 1192 Adsit.
775 1165 900 1192 Coronae
912 1173 994 1192 autem
1005 1175 1037 1193 ex
1050 1166 1116 1202 pinu
1287 1167 1351 1194 Inde
1365 1167 1397 1195 de
1410 1168 1593 1204 hippodromo
1607 1177 1633 1198 et
1645 1172 1769 1206 palaestra
1782 1174 1830 1201 vbi
1845 1176 1986 1204 reueniffes
1999 1177 2120 1215 domum,
2139 1188 2185 1209 etc.

59 1203 133 1224 erant
146 1197 293 1230 confeciae,
311 1205 340 1223 vt
352 1198 436 1224 artr‘ior
450 1198 481 1234 est
499 1199 566 1226 Plin.
582 1208 613 1232 15,
628 1209 665 1227 10.
1179 1202 1269 1229 Varro
1281 1203 1312 1232 R.
1327 1204 1349 1231 R
1370 1213 1382 1230 2
1403 1205 1444 1231 Ρ1.
1458 1215 1470 1232 2
1497 1206 1566 1231 inter
1576 1213 1664 1241 partes
1676 1210 1758 1236 domus
1772 1209 1803 1245 est
1816 1214 1946 1245 πάλαις-ρει.
2002 1215 2083 1241 Etiam
2095 1214 2170 1241 villae
2183 1215 2242 1242 rurt'

97 1239 143 1260 ΡΑ
153 1240 243 1260 LAE-
263 1234 306 1259 vel
325 1239 340 1260 P
351 1240 374 1261 A
385 1241 401 1260 L
411 1241 459 1262 AL·
470 1240 491 1261 o
501 1252 510 1257 -
528 1245 580 1262 cum
595 1237 742 1263 Nominibus
755 1238 862 1262 locorum
881 1237 1058 1273 praeponitur,
1077 1239 1117 1263 in·
1178 1239 1331 1272 palaestram
1352 1240 1470 1266 habebant
1489 1242 1577 1268 Varro
1591 1251 1613 1274 3,
1627 1252 1660 1276 13,
1673 1252 1692 1271 r.
1764 1246 1862 1273 Catull.
1877 1250 1916 1281 63,
1931 1250 1965 1275 60
1995 1249 2084 1277 Abero
2099 1251 2179 1284 foro,
2200 1260 2244 1286 pa.

60 1270 132 1296 ὀίεαι
150 1270 214 1295 idem
226 1270 291 1304 quod
303 1276 392 1302 vetus,
411 1278 441 1296 vt
462 1271 667 1305 Palaemyndus,
692 1272 937 1307 Palaeopharsalus,
961 1274 1117 1308 Palaepolis,
1133 1283 1164 1308 30
1179 1274 1282 1309 laestra,
1303 1275 1386 1302 stadio
1400 1282 1426 1302 et
1438 1276 1595 1311 gymnasiis?
1837 1293 1856 1317 4
1892 1284 2027 1318 Palaestra,
2035 1287 2095 1321 filia
2107 1288 2243 1320 Mercurii,

58 1304 295 1338 Palaescamander,
313 1305 493 1340 Pahescepfis,
512 1308 586 1342 quast
594 1315 622 1334 tu
640 1309 776 1343 antiquam
791 1309 931 1342 Myndum,
955 1309 1117 1344 Pharsalum,
1180 1311 1209 1336 de
1227 1320 1276 1345 qun
1294 1311 1412 1338 Laciant.
1431 1314 1468 1338 ad
1479 1313 1541 1340 Stat.
1567 1333 1575 1340 .
1597 1332 1605 1340 .
1631 1334 1638 1340 .
1675 1315 1766 1348 Qutm
1788 1326 1802 1343 a
1815 1318 1933 1354 iquando
1951 1322 2099 1348 Mercurius
2120 1323 2244 1350 somnum

59 1341 176 1374 Vrbem,
201 1341 400 1375 Scamandrum,
426 1342 526 1378 Scepfin
539 1344 626 1385 disus:
645 1354 690 1379 quo
703 1345 878 1381 figmficatur,
895 1345 942 1381 ‘ffi
963 1347 1037 1373 etiam
1055 1347 1118 1373 alios
1179 1352 1292 1381 caperet,
1311 1347 1420 1382 quidam
1433 1348 1579 1375 dormienti
1593 1350 1705 1377 tetendit
1719 1351 1836 1388 infidias,
1856 1355 1902 1389 qui
1916 1362 2007 1383 conata
2021 1358 2173 1393 peregisset,
2194 1359 2243 1385 nili

59 1385 132 1403 nouos
144 1377 219 1409 locos,
239 1377 322 1405 iisdem
333 1379 364 1403 de
376 1379 471 1413 reliquo
484 1380 629 1407 nornimbus.
1180 1391 1241 1408 eum
1260 1382 1314 1409 filia
1329 1384 1455 1410 Palaestra
1475 1385 1616 1412 excitasset.
1687 1388 1777 1415 Atiam
1789 1390 1909 1424 fabulam
1927 1394 1958 1418 de
1973 1393 2099 1420 Palaestra
2111 1394 2244 1422 Mercurii

97 1419 113 1438 Ρ
121 1419 143 1438 Α
153 1417 171 1439 L
181 1418 202 1438 A
210 1419 227 1439 Ε
236 1419 251 1439 Ρ
261 1418 283 1439 H
293 1411 312 1440 λ’
320 1419 343 1440 Τ
353 1421 374 1440 ν
383 1420 396 1440 S
405 1434 414 1447 ,
433 1415 451 1441 i.
487 1424 522 1441 111.
559 1417 753 1451 [munivit-roc]
788 1417 904 1452 Scriptor
916 1417 1034 1452 antiquus
1045 1416 1119 1451 lusto-
1180 1418 1272 1445 amalia
1280 1440 1288 1452 ,
1310 1419 1363 1445 viu‘.
1377 1423 1445 1454 apud
1456 1421 1579 1447 Seruium
1592 1421 1621 1447 in
1634 1422 1701 1449 Aen.
1715 1429 1739 1454 8,
1753 1431 1799 1457 ¹38.

59 1447 113 1474 riae
126 1448 257 1481 mythicae,
278 1449 347 1474 cuius
358 1455 409 1483 περὶ
421 1453 508 1478 &xis-m
522 1451 616 1477 libellus
629 1453 709 1477 adbuc
721 1451 806 1486 eistat.
869 1454 914 1479 Vel
931 1455 960 1478 ab
975 1455 1018 1479 hoc
1032 1455 1075 1480 vel
1086 1455 1118 1480 ab
1136 1462 1162 1485 35
1217 1461 1233 1480 P
1242 1462 1264 1481 A
1274 1462 1291 1481 L
1305 1461 1326 1480 A
1338 1461 1354 1480 E
1363 1461 1376 1480 s
1386 1462 1407 1480 T
1420 1461 1437 1481 Ε
1447 1462 1469 1482 S.
1506 1466 1542 1483 m.
1578 1457 1734 1493 [πιλιιςιῖε]
1781 1461 1916 1498 Lamprid.
1929 1463 1963 1491 de
1977 1464 2051 1492 Alex.
2067 1465 2157 1493 Seuer.
2178 1475 2200 1494 c.
2214 1474 2243 1499 27

60 1484 112 1510 alio
124 1483 156 1519 est
169 1492 261 1510 nomen.
293 1486 332 1510 De
346 1486 406 1511 aliis
419 1487 490 1512 buius
504 1487 620 1519 nominis,
638 1487 694 1514 vid.
706 1487 771 1523 Vqffi
778 1487 841 1524 Hist.
849 1490 896 1515 Gr.
912 1497 932 1523 1,
943 1498 969 1522 9.
990 1496 1014 1515 et
1033 1498 1056 1522 3,
1068 1499 1119 1522 395.
1181 1490 1306 1517 Palaestes
1319 1491 1420 1525 primus
1433 1491 1495 1522 fuit,
1511 1491 1540 1518 in
1553 1493 1634 1519 armis
1646 1502 1767 1529 magnus,
1782 1504 1829 1528 etc,
1865 1500 2022 1534 conf.⁴1dem
2041 1511 2062 1528 c.
2078 1511 2117 1533 30.

28 1538 37 1542 -
97 1525 113 1545 Ρ
125 1525 146 1544 A
156 1526 170 1545 L
179 1526 201 1546 A
211 1526 226 1546 E
236 1526 251 1546 Ρ
260 1526 280 1546 Η
289 1517 337 1547 >tr
348 1528 358 1547 1
369 1528 390 1547 ν
398 1528 427 1555 s,
456 1530 469 1548 a
477 1540 486 1553 ,
518 1531 574 1549 um.
611 1522 671 1549 Adi.
709 1523 911 1559 [Παλαιφάτωε]
948 1525 1023 1559 Virg.
1045 1526 1121 1552 Ceiri
1219 1533 1234 1552 P
1244 1532 1265 1551 A
1275 1533 1291 1552 L
1302 1532 1323 1552 A
1332 1533 1348 1552 E
1359 1533 1372 1553 s
1383 1533 1405 1553 T
1415 1534 1434 1554 R
1444 1527 1458 1554 f
1467 1535 1488 1555 T
1500 1535 1523 1554 A
1535 1548 1543 1561 ,
1569 1537 1609 1555 ae.
1645 1538 1682 1556 m.
1720 1530 1876 1569 [nunnae]
1912 1537 2010 1562 Sodalis
2024 1536 2182 1573 palaestrae,
2201 1537 2246 1562 vel

59 1559 90 1586 88
109 1554 303 1590 Palaephatiam
316 1565 412 1584 vocem
418 1557 568 1593 fimpliciter
580 1559 649 1584 dixit
661 1565 707 1593 pro
720 1559 802 1585 Libris
814 1561 972 1595 Palaephaei‚
985 1570 1057 1595 quum
1070 1562 1121 1594 ait,
1181 1561 1310 1596 magister,
1332 1569 1356 1587 et
1374 1563 1417 1597 qui
1433 1563 1571 1599 palaestrae
1589 1564 1725 1600 ministerio
1739 1569 1784 1594 dat
1795 1576 1902 1605 operam.
1975 1573 2031 1600 Cic.
2047 1574 2124 1599 Verr.
2139 1583 2153 1605 4
2174 1582 2197 1606 c,
2213 1580 2246 1608 57

6 1608 15 1617 .
57 1591 191 1618 Infamem
210 1590 255 1618 tali
274 1593 372 1619 merito
391 1602 500 1620 rumore
514 1594 606 1626 fuisse,
644 1593 730 1621 Docta
747 1595 911 1630 Palaephatia
929 1597 1035 1623 testatur
1055 1606 1121 1624 voce
1183 1598 1220 1623 Ex
1234 1598 1352 1624 Heraclii
1368 1598 1524 1632 hereditate,
1545 1608 1624 1634 quam
1638 1601 1792 1635 palaestritis
1808 1606 1980 1640 conceffisset,
1999 1609 2085 1635 multo
2099 1609 2244 1635 maximam

32 1659 34 1661 ι
59 1635 185 1662 papyrus:
210 1627 253 1652 vbi
266 1627 400 1660 Pachynus
407 1629 509 1665 frustra
521 1629 630 1666 resiituit
641 1631 769 1665 Scaligem
794 1631 872 1658 defita
886 1641 1000 1667 papyrus
1013 1632 1121 1660 testatur
1132 1639 1170 1666 40
1182 1639 1284 1667 partem
1301 1634 1386 1668 ipsum
1405 1634 1544 1662 abstulisse.
1617 1637 1655 1662 Hi
1667 1636 1732 1672 sunt
1748 1640 1855 1666 homines
1868 1643 2013 1679 Palaestrae
2032 1645 2130 1670 addifi‘i
2146 1645 2246 1679 publico

59 1671 126 1690 voce
140 1662 304 1697 Palaephatia
310 1664 450 1699 fignificat,
469 1666 636 1701 Palaephatus
643 1665 765 1700 scriptum
779 1668 894 1701 reliquit.
1182 1667 1302 1703 instituta,
1321 1678 1351 1695 vt
1364 1671 1470 1696 doum-es
1482 1679 1506 1696 et
1518 1670 1635 1706 rtzinistri.
1692 1674 1741 1699 Pro
1751 1674 1895 1708 perinffimo
1908 1678 1983 1711 artis,
2002 1680 2047 1713 qui
2056 1679 2163 1714 proinde
2174 1677 2247 1714 poffit

98 1705 114 1724 Ρ
123 1704 145 1724 Α
154 1705 171 1725 L
180 1706 202 1726 A
213 1705 229 1724 E
238 1705 251 1724 S
263 1705 285 1725 Τ
296 1701 309 1726 1·
319 1707 341 1726 Ν
349 1707 370 1727 Α
378 1718 387 1731 ,
407 1708 445 1727 ae.
471 1700 491 1727 f.
528 1702 696 1736 [nassau-lun]
734 1702 799 1727 Part
811 1703 910 1737 Syriae,
931 1704 1015 1729 laxius
1027 1710 1123 1738 accepto
1179 1705 1289 1739 praeest}
1300 1705 1448 1740 palaestrae,
1466 1714 1539 1740 atque
1551 1709 1634 1733 docere
1650 1708 1722 1742 alios,
1742 1710 1853 1743 Qun&
1866 1721 1892 1746 9,
1906 1723 1931 1746 4,
1943 1717 1974 1745 56
1994 1715 2071 1747 Quos
2085 1714 2247 1749 palaestritas

60 1734 166 1767 nomine,
184 1743 250 1769 quae
264 1735 403 1762 Palaestina
419 1736 570 1769 vocabatur,
590 1742 622 1761 vt
633 1736 672 1761 ait
685 1735 752 1762 Plin.
765 1744 788 1771 ς,
802 1745 826 1763 12
847 1738 866 1763 Γ.
881 1746 904 1770 ¹3
924 1747 974 1772 qua
990 1738 1123 1773 contingit
1185 1739 1235 1765 effe
1247 1740 1382 1772 nolumus,
1402 1746 1489 1767 tamen
1503 1741 1552 1767 effe
1566 1742 1691 1769 nolumus
1706 1752 1769 1779 eos,
1785 1746 1834 1780 qui
1847 1746 1972 1775 dicuntur
1983 1752 2121 1778 ἁπάλειιςσι.
2160 1750 2201 1776 Sic
2213 1751 2249 1776 le-

60 1769 169 1803 Arabas,
185 1777 230 1796 etc.
1180 1775 1289 1810 gendum
1298 1782 1431 1810 putamus,
1451 1785 1499 1802 non
1517 1780 1667 1811 ἄπάλαιςροι.

98 1811 171 1832 PAL
183 1811 207 1832 A
217 1810 235 1832 ε
245 1811 258 1832 s
269 1812 292 1832 Τ
303 1807 318 1832 1·
329 1812 352 1831 N
363 1812 426 1838 νς,
443 1814 474 1837 a,
494 1814 550 1832 um.
572 1805 632 1832 Adi.
669 1806 853 1843 [rinnau-tvm]
890 1809 964 1843 Aqua
980 1809 1122 1836 Palaestina
1139 1817 1168 1842 45
1183 1810 1257 1836 tionis
1270 1811 1383 1836 vnHores
1397 1811 1571 1839 Palaestritae.

60 1840 143 1868 Ouid.
158 1840 222 1866 Fan.
236 1849 268 1874 2,
287 1842 351 1873 464.
446 1841 517 1867 Deae
542 1840 617 1868 Idem
631 1840 697 1868 ibid.
711 1852 740 1875 4,
758 1845 802 1874 236
822 1846 943 1870 videntur
957 1845 1002 1879 effi
1016 1846 1122 1871 Fasiae:

52 1875 102 1911 sed
117 1885 134 1902 a
152 1875 264 1902 Palaeste
285 1875 359 1910 Epiri
375 1876 435 1901 vrbe
454 1877 550 1910 dinae,
576 1884 607 1903 vt
626 1877 730 1905 Arenae
749 1879 907 1907 Palaestinae
937 1881 999 1907 Luc.
1018 1889 1041 1914 ς,
1062 1883 1121 1912 460.

1741 1782 1791 1806 Sed
1808 1783 1911 1809 humiles
1922 1784 1999 1810 etiam
2013 1793 2037 1811 et
2044 1785 2149 1821 seruilis
2164 1787 2248 1812 condi-

1577 1848 1582 1853 ·
1650 1816 1717 1850 V.g.
1741 1816 1809 1843 Pers.
1824 1827 1855 1851 4,
1868 1828 1896 1852 39
1915 1821 1946 1846 de
1959 1829 1999 1852 eo,
2019 1820 2097 1856 quise
2111 1820 2249 1848 vellendum

1185 1854 1208 1872 et
1221 1848 1381 1880 depilandum
1391 1849 1507 1883 praebet,
1529 1849 1658 1884 Qyinque
1672 1851 1835 1885 palaestritae
1848 1853 1910 1881 licet
1920 1854 1984 1882 haec
1997 1857 2126 1892 plantaria
2139 1856 2248 1884 vellant.

1184 1882 1300 1909 Martial.
1315 1885 1339 1915 6,
1354 1892 1391 1917 39,
1407 1890 1420 1913 8
1450 1885 1506 1919 Ipsa
1520 1884 1555 1911 est
1569 1885 1659 1920 imago
1672 1886 1782 1914 Pannici
1796 1889 1968 1924 palaestritae.
2047 1894 2079 1918 Et
2098 1902 2121 1925 3,
2133 1898 2161 1923 82
2188 1893 2250 1919 Par·

59 1911 130 1937 Gens
149 1911 195 1938 Sil.
209 1919 231 1944 3,
243 1914 304 1938 606.
376 1911 508 1947 Liquores
522 1912 678 1947 Palaestini,
694 1913 829 1950 balsamum
853 1916 915 1943 Stat.
927 1917 991 1943 Silu.
1007 1926 1029 1952 ς,
1042 1926 1061 1951 1,
1079 1927 1122 1944 211.
1185 1918 1252 1945 titur
1264 1919 1322 1954 apri
1336 1919 1471 1953 glandulas
1484 1920 1640 1955 palaestritis
1646 1939 1656 1952 ,
1674 1924 1718 1949 vbi
1733 1931 1780 1958 pro
1799 1933 1919 1953 contemta
1934 1934 2010 1962 parte
2021 1928 2145 1961 familiae
2155 1934 2249 1963 pomm-

59 1947 137 1980 Syrus
167 1946 274 1974 Tibull.
290 1956 308 1980 1,
322 1956 345 1980 7,
359 1952 393 1977 18.
1183 1961 1240 1980 tur.-
1255 1955 1327 1988 forte
1340 1956 1412 1989 tales,
1432 1966 1490 1990 quos
1501 1958 1646 1983 memorauit
1657 1960 1725 1985 modo
1738 1960 1845 1992 Persius.
1881 1965 1948 1996 conf.
1968 1963 2072 1998 Salmas.
2085 1964 2111 1989 in
2125 1963 2247 1991 Tertull.

97 1990 143 2011 1²A
153 1989 170 2010 L
181 1989 203 2009 A
214 1989 230 2009 Ε
240 1990 253 2009 s
263 1989 285 2009 T
294 1989 335 2010 ΙΝ
344 1990 370 2015 1,
397 1985 486 2010 orum.
523 1993 559 2011 111.
596 1986 638 2013 Pl.
675 1987 775 2013 Incolae
793 1988 911 2022 regionis.
950 1988 1078 2023 Spartian.
1092 1988 1123 2015 in
1137 1996 1168 2018 50
1184 1990 1216 2016 de
1229 1990 1314 2017 Pallio
1335 2000 1360 2025 p.
1373 2000 1421 2024 273·
1494 1992 1574 2019 Mart.
1589 2002 1611 2026 ς,
1626 2000 1653 2022 58
1682 1993 1739 2020 Nec
1752 1996 1840 2028 perdit
1851 1997 1941 2024 oleum
1955 1997 2075 2025 lubricus
2088 1999 2248 2026 Palaestrita.

58 2019 147 2047 Seuer.
164 2028 187 2046 c.
201 2027 226 2052 17
240 2026 280 2054 pr.
306 2020 337 2046 In
350 2019 447 2047 itinere
461 2019 613 2048 Palaestinis
628 2021 745 2056 plurima
759 2022 818 2048 iura
832 2023 965 2050 fundauit.
1220 2033 1236 2052 r>
1248 2033 1270 2052 A
1284 2032 1300 2051 L
1310 2032 1330 2051 A
1344 2032 1361 2052 E
1375 2033 1389 2052 s
1402 2033 1424 2053 T
1434 2033 1453 2053 R
1464 2024 1475 2053 f
1487 2032 1504 2053 c
1515 2034 1536 2052 v
1546 2033 1560 2053 s
1570 2047 1579 2060 ‚
1599 2036 1624 2060 a,
1641 2037 1697 2055 um.
1716 2029 1776 2057 Adi.
1798 2031 1989 2068 [nanum-gaxis]
2013 2034 2086 2067 quast
2096 2036 2135 2060 Ex
2148 2035 2194 2069 vsu
2202 2042 2249 2070 pa-

72 2061 75 2071 s
96 2062 111 2082 Ρ
120 2062 142 2082 Α
151 2062 168 2082 L
180 2062 202 2083 A
213 2061 232 2082 Ε
242 2062 255 2081 s
263 2061 286 2081 'r
296 2061 307 2080 1
318 2061 341 2080 N
352 2060 370 2080 Ε
382 2062 404 2082 Ν
414 2061 427 2082 s
438 2061 448 2082 1
459 2061 472 2082 s
479 2076 489 2089 ,
515 2064 539 2082 e.
578 2056 640 2083 Adi.
678 2057 807 2091 Spartian.
822 2058 850 2083 in
864 2059 953 2086 Seuer.
973 2068 995 2086 c.
1006 2068 1024 2093 9
1054 2060 1125 2086 Nea·
1185 2060 1304 2095 laestrae:
1318 2061 1374 2093 Jiue
1386 2062 1463 2097 Qoael
1473 2064 1509 2087 ad
1516 2062 1667 2097 palaestram
1676 2065 1796 2098 pertinet.
1869 2067 2028 2095 PlautAEud.
2037 2079 2087 2103 2,1,
2095 2078 2112 2105 7
2130 2070 2168 2097 Ex
2181 2069 2249 2097 vrbe

56 2091 171 2126 politam
185 2089 394 2117 Palaestinenses.
558 2104 559 2107 =
1185 2095 1216 2121 ad
1231 2103 1303 2122 mare
1322 2095 1373 2122 huc
1393 2096 1531 2131 prodimus
1551 2092 1704 2131 pabulatum
1725 2109 1775 2135 pro
1793 2104 1921 2131 exercitio
1938 2104 2100 2139 gymnastico
2120 2112 2147 2132 et
2166 2107 2250 2141 palae.

95 2133 111 2153 Ρ
121 2133 143 2154 A
152 2132 170 2152 1.
182 2132 231 2153 ΛΕ
241 2132 254 2151 s
264 2131 285 2151 T
295 2131 315 2151 R
325 2131 363 2160 A,
388 2133 427 2152 ae.
466 2124 486 2151 f.
524 2125 682 2162 [παλιίς-ρα]
720 2127 847 2162 Lm‘latio,
872 2135 996 2155 certamen
1021 2131 1123 2164 quoduis
1185 2130 1273 2158 strico.
1345 2132 1394 2158 Ars
1414 2132 1564 2167 palaestrica
1595 2135 1727 2168 anetil.
1742 2145 1763 2170 2,
1777 2146 1810 2171 21,
1823 2147 1852 2164 11.
1926 2140 2058 2167 00610105
2090 2141 2163 2168 Idem
2177 2151 2210 2174 12,
2223 2151 2250 2170 2..

59 2169 185 2198 corporum
198 2164 317 2187 nudarum
324 2160 381 2192 sine
394 2159 483 2187 armis.
555 2163 623 2188 Huic
638 2163 745 2189 maxime
762 2165 822 2189 olim
840 2165 925 2191 dedita
938 2165 996 2198 fuit
1006 2166 1121 2192 iuuentus
1138 2173 1167 2202 ςς
1184 2166 1257 2192 Idem
1273 2176 1295 2200 2,
1310 2173 1333 2201 8,
1344 2175 1362 2201 7
1387 2168 1428 2194 Sic
1441 2169 1571 2196 discernet
1583 2170 1647 2197 haec
1659 2170 1764 2198 dicendi
1777 2173 1910 2208 magister,
1929 2177 2068 2210 quomodo
2079 2177 2250 2205 Palaestricus

58 2198 191 2231 Laconica,
210 2196 324 2231 virgines
336 2196 410 2222 etiam
424 2196 490 2231 ipsae
503 2197 636 2224 Lacaenae.
693 2199 749 2226 Vid.
766 2200 855 2226 Barth.
868 2203 905 2226 ad
921 2201 983 2227 Stat.
1000 2201 1092 2228 Theb.
1107 2211 1121 2234 4
1184 2202 1231 2229 ille
1252 2203 1417 2239 (Magister)
1439 2205 1573 2232 cursorem
1591 2206 1670 2242 faciet
1683 2214 1726 2233 aut
1743 2209 1873 2243 pugilem,
1894 2217 1939 2237 aut
1953 2211 2121 2246 luctatorem,
2139 2213 2249 2240 aliudue

59 2242 87 2270 p.
99 2240 160 2267 980.
178 2240 203 2259 et
215 2235 231 2259 6
244 2241 271 2267 p.
282 2233 337 2264 614·
374 2232 477 2258 Hieron.
491 2233 603 2259 Mercur.
610 2235 641 2258 de
653 2235 720 2261 Arte
733 2235 822 2268 Gymn.
838 2244 858 2268 1,
873 2238 897 2263 6.
932 2237 997 2270 conf.
1016 2237 1121 2264 Turneb
1185 2238 1249 2273 quid
1263 2248 1295 2266 ex
1308 2240 1352 2273 iis,
1373 2249 1440 2274 quae
1451 2241 1510 2267 sunt
1525 2242 1659 2268 sacrorum
1671 2244 1856 2272 certaminum.
1929 2247 2019 2274 Motus
2040 2249 2095 2277 Cic.
2109 2249 2164 2276 Off.
2179 2258 2198 2284 1,
2208 2258 2250 2282 ¹30

59 2268 167 2305 Aduers.
181 2274 220 2299 28,
233 2269 273 2299 46·
346 2267 422 2301 Virg.
437 2269 501 2294 Aen.
514 2269 541 2298 6,
552 2269 601 2301 642
627 2270 688 2296 Pars
706 2270 734 2296 in
747 2271 890 2305 gramineis
904 2278 1028 2299 exercent
1040 2282 1122 2299 mem·
1183 2283 1205 2301 c.
1220 2276 1257 2306 36.
1348 2276 1471 2309 Praetor,
1495 2277 1551 2311 Qi
1557 2277 1634 2310 fauet
1643 2277 1816 2313 palaestritis.-
1853 2281 1909 2310 Cic.
1921 2283 2001 2310 Verr.
2015 2293 2037 2316 2,
2051 2292 2080 2318 54
2102 2285 2252 2318 Nunquam

59 2305 109 2334 bra
122 2303 264 2339 palaestris.
310 2316 312 2318 ·
352 2303 421 2329 Ter.
432 2303 499 2330 Eun.
512 2312 533 2336 3,
548 2313 571 2337 2,
586 2314 614 2337 ²⁴
646 2305 696 2333 Fac
709 2306 857 2341 periculum
870 2307 900 2334 in
916 2308 1017 2342 literis,
1037 2308 1077 2335 fac
1091 2308 1119 2334 in
1183 2319 1232 2336 vos
1246 2311 1399 2337 Praetorem
1413 2317 1466 2338 tam
1484 2312 1668 2347 palaestricum
1688 2314 1802 2343 vidistis.
1909 2318 1984 2345 Succi
2003 2320 2150 2355 palaestrici
2169 2321 2252 2348 facies

60 2339 200 2377 palaestra,
215 2339 244 2365 in
257 2337 370 2365 musicis.
395 2374 400 2379 ι
453 2338 509 2365 Cic.
524 2339 556 2366 de
570 2341 665 2375 Legib.
679 2352 697 2374 1,
710 2345 727 2368 6
755 2342 911 2378 Habuitque
924 2344 996 2371 vires
1010 2344 1120 2379 agrestes
1134 2347 1169 2372 60
1183 2346 1259 2381 plena
1285 2347 1363 2381 Apul.
1377 2346 1453 2382 Apol.
1475 2357 1499 2383 p.
1512 2356 1558 2381 315.
1631 2349 1732 2377 Vacare
1744 2351 1923 2387 palaestricis,
1939 2357 1991 2382 int.
2002 2355 2139 2393 magistris,
2154 2358 2197 2383 vel
2207 2366 2251 2383 ex-

63 2383 142 2410 atque
154 2374 275 2402 horridas
284 2395 292 2406 ‚
310 2374 362 2400 line
374 2380 463 2401 nitore
473 2383 501 2401 ac
516 2376 655 2410 palaestra,
678 2378 697 2404 i.
716 2384 788 2408 arte,
809 2386 839 2404 vt
856 2386 987 2415 appareret
999 2383 1120 2407 exercita·
1183 2382 1371 2408 “citationibus
1403 2383 1537 2417 Quinctil.
1551 2394 1570 2415 1,
1584 2394 1614 2417 11,
1629 2394 1662 2416 ¹5-

66 2419 118 2438 tum
129 2411 173 2445 effi
184 2411 211 2436 in
223 2411 313 2436 vmbra
322 2421 329 2435 .-
354 2412 410 2437 Vid.
423 2420 477 2437 mox
491 2412 595 2440 Decora
608 2413 733 2447 palaestra
747 2414 869 2441 Horatii:
889 2423 913 2441 et
925 2415 1036 2451 pluscula
1056 2426 1083 2444 n.
1098 2426 1121 2444 2.
1182 2427 1185 2431 ·
1220 2424 1236 2444 P
1245 2424 1267 2444 A
1277 2425 1293 2444 L
1303 2425 1324 2445 A
1335 2425 1352 2445 E
1361 2425 1374 2445 S
1385 2425 1407 2445 T
1416 2426 1435 2445 R
1445 2427 1455 2446 1
1467 2427 1483 2448 c
1493 2426 1521 2447 E.
1546 2420 1614 2447 Adu.
1639 2420 1839 2460 [παλαιςςιιιιῧς]
1860 2425 1933 2451 More
1942 2426 2155 2462 palatssritarum.
2192 2428 2251 2456 Cic.

67 2446 158 2475 8111ἅο
174 2446 310 2481 palaestrae
330 2447 424 2481 ignaua
439 2447 580 2484 iuuentus,
602 2450 639 2476 Ac
652 2449 698 2476 vix
713 2459 785 2476 arma
799 2450 887 2478 ferens
920 2452 1018 2479 Lucan.
1033 2461 1057 2486 7,
1071 2461 1121 2486 27¹-
1183 2453 1216 2481 de
1231 2455 1293 2489 Opt.
1307 2464 1365 2489 gen.
1380 2455 1455 2482 Orat.
1470 2462 1483 2485 8
1497 2465 1516 2482 c.
1526 2464 1538 2488 3
1564 2456 1613 2483 Sed
1626 2456 1673 2492 ita,
1687 2464 1717 2485 vt
1732 2459 1883 2494 palaestrice
1893 2461 2000 2495 spatiari
2014 2463 2042 2489 in
2057 2462 2133 2495 xysto
2146 2463 2232 2490 liceat.

68 2483 128 2511 Iura
138 2482 272 2518 palaestrae
304 2483 423 2518 Propert.
435 2493 457 2516 3,
471 2493 514 2517 14,
534 2494 552 2511 1.
669 2486 784 2520 Agrestis
817 2487 891 2522 Virg.
904 2488 1003 2523 Georg.
1023 2497 1051 2521 2,
1071 2497 1121 2520 53¹-
1222 2497 1239 2517 Ρ
1248 2496 1271 2516 Α
1282 2496 1298 2516 L
1310 2497 1380 2518 AES
1389 2497 1411 2517 'r
1420 2497 1440 2518 R
1450 2498 1460 2517 1
1471 2497 1489 2519 c
1499 2498 1550 2519 OS.
1571 2492 1640 2519 Adu.
1655 2494 1737 2529 antiq.
1759 2496 1796 2522 Ex
1810 2497 1856 2523 vsu
1869 2498 2017 2532 palaestrae.
2040 2499 2133 2526 Afran.
2165 2499 2254 2528 Etiam

67 2518 200 2546 Catenatae
225 2520 285 2546 Stat.
301 2519 366 2546 Silu.
381 2529 404 2554 2,
419 2530 436 2553 1,
452 2529 500 2547 110.
541 2522 647 2555 ΑΝενιιρε
659 2522 763 2548 nexibus
776 2523 920 2557 quibusdam
932 2531 955 2550 et
966 2525 1037 2550 velut
1050 2525 1122 2551 nodis
1137 2530 1170 2560 65
1183 2525 1293 2561 depellis
1307 2526 1376 2554 mihi
1389 2536 1499 2554 manum
1512 2537 1593 2563 paper
1612 2529 1650 2562 (f.
1663 2533 1754 2565 pater)
1778 2532 1946 2567 palaestricus
1972 2534 2047 2562 Non.
2060 2544 2084 2570 2,
2097 2538 2151 2567 658.
2200 2537 2252 2563 Pro

66 2553 182 2588 (ἅμματα
201 2555 320 2587 Graecis)
332 2555 362 2590 se
373 2556 514 2590 implicant.
592 2557 696 2584 Decora
722 2559 790 2585 Hor.
804 2559 893 2586 Carm.
907 2568 926 2594 1,
941 2569 979 2593 10,
993 2568 1016 2586 2.
1090 2561 1122 2586 ln
1185 2561 1226 2587 mo
1241 2563 1323 2597 Paper
1335 2572 1417 2598 papae
1430 2564 1480 2599 legi
1492 2565 1549 2590 vult
1563 2565 1658 2592 lunius.

64 2591 153 2618 talibus
166 2590 219 2626 ipsa
230 2600 283 2623 ars,
302 2598 326 2616 et
339 2591 451 2617 decentia
462 2592 522 2618 inde
538 2591 649 2626 collata,
669 2593 826 2629 intelligitur.
946 2596 986 2624 Sic
1013 2595 1071 2622 Cic.
1090 2595 1123 2623 de
1225 2605 1242 2625 Ρ
1254 2605 1275 2624 Α
1286 2604 1303 2624 1.
1313 2605 1335 2625 A
1345 2605 1361 2625 E
1371 2606 1384 2625 S
1393 2605 1415 2625 T
1425 2605 1473 2626 RA
1482 2606 1504 2626 N
1514 2606 1527 2626 S
1535 2620 1545 2633 ,
1564 2599 1642 2628 antis.
1679 2601 1700 2629 F
1702 2602 1799 2638 uigent.
1812 2603 1930 2637 Mythol.
1942 2615 1951 2633 1
1977 2605 2065 2634 Sudor
2078 2605 2122 2634 hic
2135 2616 2202 2642 opus
2215 2607 2252 2635 est

64 2627 137 2654 Orat.
152 2635 159 2652 1
180 2636 202 2654 c.
215 2629 243 2653 16
272 2627 308 2653 Vt
319 2627 366 2661 qui
384 2628 437 2662 pila
451 2627 560 2660 ludunt,
579 2638 634 2655 non
654 2636 764 2656 vtuntur
783 2630 811 2657 in
824 2631 879 2666 ipsa
891 2631 992 2658 lusione
1006 2631 1122 2659 artificio
1185 2633 1366 2670 palaestrantis
1382 2635 1494 2669 ingenii.

61 2662 174 2698 proprio
186 2662 340 2697 palaestram
360 2664 403 2690 sed
416 2664 517 2691 indicat
529 2664 584 2699 ipse
595 2671 693 2698 motus,
716 2665 894 2694 didicerintne
906 2668 1069 2704 palaestram,
1088 2677 1121 2695 an
1221 2677 1237 2697 Ρ
1249 2676 1270 2697 Α
1283 2676 1300 2696 L
1311 2677 1333 2697 A
1343 2677 1360 2697 Β
1372 2678 1387 2699 s
1399 2677 1422 2698 Τ
1433 2678 1471 2698 R1
1484 2678 1504 2697 v
1514 2679 1540 2699 M
1548 2691 1558 2705 ,
1579 2671 1704 2708 Oppidum
1717 2673 1744 2698 in
1756 2674 1914 2712 Macedonia,
1934 2678 1966 2704 de
1978 2687 2025 2714 quo
2039 2677 2106 2706 Plin.
2120 2688 2144 2712 4,
2157 2687 2195 2707 10.

62 2698 195 2730 nesciant,
211 2706 255 2725 etc.
325 2699 440 2734 Liquida
465 2701 558 2728 Claud.
574 2700 607 2727 de
621 2702 700 2729 Cons.
713 2702 786 2729 Mall.
800 2702 910 2731 Theod.
924 2711 973 2735 288-
1009 2704 1028 2731 i.
1049 2705 1122 2739 Qae
1138 2716 1171 2741 70
1221 2713 1237 2733 Ρ
1247 2712 1296 2734 AL
1308 2712 1332 2734 A
1342 2713 1409 2734 ΗΑ
1420 2727 1430 2741 ,
1453 2716 1493 2735 ae.
1530 2708 1551 2736 f.

1606 2710 1708 2740 Herba,
1724 2718 1787 2745 quae
1806 2717 1832 2738 et
1846 2713 1977 2747 Cyclamen
1995 2714 2091 2741 dicitur
2122 2715 2202 2750 Apul.
2220 2714 2253 2743 de

57 2735 92 2770 fit
104 2744 121 2760 a
131 2735 254 2769 perum‘b‘s
266 2735 315 2760 oleo
331 2736 438 2770 liquido.
548 2736 642 2764 Nitida
674 2738 756 2765 Ouid.
769 2739 848 2774 Epist.
861 2743 897 2774 16,
910 2749 954 2774 149
980 2740 1122 2773 obfimilem
1185 2742 1269 2769 Herb.
1287 2751 1308 2770 c.
1322 2749 1359 2778 17.

63 2769 166 2805 causam.
240 2771 395 2807 Olympiaca
414 2772 511 2800 Lucan.
523 2784 548 2807 4,
560 2775 611 2806 614.
649 2774 674 2801 h.
688 2783 710 2801 e.
728 2776 760 2801 In
774 2776 845 2801 Elide
857 2778 926 2811 apud
935 2779 1000 2803 louis
1013 2776 1125 2812 Olympii
1226 2784 1242 2804 Ρ
1252 2785 1274 2805 A
1284 2786 1301 2806 L
1311 2785 1334 2806 A
1343 2786 1382 2807 M.
1417 2778 1487 2808 Adu.
1523 2778 1694 2814 [hravan-civ,
1712 2777 1839 2818 duraque]
1876 2784 2023 2821 Mamfiste,
2041 2792 2135 2822 aperte,
2156 2787 2184 2812 in
2199 2796 2253 2813 con-

63 2806 177 2840 templum
190 2806 276 2840 quinto
288 2817 380 2843 quoque
392 2817 456 2834 unna
469 2810 532 2844 fieri
541 2808 628 2844 solita.
737 2810 823 2838 ania
855 2812 938 2839 Ouid.
952 2812 1031 2848 Epist.
1044 2822 1079 2847 19,
1095 2821 1124 2838 11.
1179 2813 1265 2850 [ρεὲῗυ
1274 2835 1282 2847 ,
1302 2815 1330 2840 in
1342 2824 1383 2841 ore
1397 2822 1471 2850 atque
1485 2816 1561 2842 oculis
1573 2816 1697 2842 omnium:
1723 2820 1877 2845 contrarium
1889 2821 1960 2847 habet
1979 2821 2063 2848 Clam.
2137 2822 2254 2849 Terent.

64 2840 180 2869 Adiuuat
198 2842 355 2870 histrionem
372 2843 497 2879 palaestra
529 2845 587 2872 Cic.
603 2845 632 2872 in
646 2846 721 2873 Orat.
741 2856 776 2880 ¹4·
820 2847 956 2883 Histriones
976 2849 1040 2874 enim
1052 2849 1125 2874 mitti
1186 2850 1299 2885 Adelph.
1308 2860 1330 2883 3,
1343 2858 1369 2884 2,
1384 2860 1414 2883 30
1442 2853 1466 2877 A
1480 2850 1577 2878 lenone
1591 2851 1662 2886 ipsus
1674 2852 1775 2888 eripuit
1787 2855 1883 2888 palam.
1956 2856 2087 2894 Donatus,
2105 2857 2204 2885 Coram
2218 2858 2252 2885 ad

58 2876 170 2913 solebant
183 2881 218 2904 ad
229 2879 411 2916 palaestritas,
427 2887 457 2906 vt
470 2881 645 2908 exercitatione
660 2882 815 2919 palaestrae,
834 2884 941 2910 membra
956 2884 1081 2911 decentius
1100 2891 1124 2910 et
1141 2895 1168 2920 75
1186 2892 1269 2917 certas
1284 2887 1407 2921 personas
1420 2888 1547 2919 refertur,
1568 2888 1654 2914 Palam
1669 2888 1701 2914 ad
1715 2897 1818 2917 omnes.
1916 2891 2004 2920 Palam
2017 2900 2042 2920 et
2055 2893 2189 2927 interdiu,
2211 2893 2252 2919 11ιέ

66 2920 151 2948 corpus
162 2922 294 2948 mouerent,
314 2916 446 2951 aptiusque
453 2916 546 2952 gestum
560 2924 736 2952 componerent.
808 2919 936 2947 Exercent
948 2920 1045 2955 patrias
1063 2920 1126 2947 oleo
1186 2924 1339 2949 contrarium
1360 2922 1436 2949 Clam
1450 2929 1476 2950 et
1490 2924 1572 2950 noctu
1600 2922 1672 2950 Caes.
1687 2923 1751 2951 Bell.
1765 2924 1850 2953 Ciuil.
1870 2936 1891 2959 3.
1980 2929 2050 2956 Luce
2064 2930 2149 2964 palam
2174 2930 2251 2963 Virg-

64 2947 168 2976 labente
179 2950 316 2985 palaestras
344 2952 421 2987 Virg.
435 2952 500 2980 Aen.
513 2962 534 2986 3,
547 2959 598 2983 281.
672 2953 761 2981 Habet
772 2955 923 2990 palaestram
937 2955 1067 2991 quandam
1080 2956 1125 2983 hic
1188 2960 1253 2985 Aen.
1268 2967 1295 2992 9,
1309 2968 1355 2991 ¹53·
1463 2959 1534 2985 Luce
1547 2965 1573 2986 et
1585 2958 1671 2994 palam
1685 2967 1854 2995 comportare
1867 2961 1971 2997 aliquid
1995 2966 2051 2992 Cic.
2067 2965 2094 2992 in
2109 2966 2194 2992 Pison.
2214 2974 2251 2997 23.

64 2992 152 3012 motus
184 2986 241 3013 Cic.
255 2987 284 3012 in
299 2987 375 3014 Orat.
387 2994 439 3018 228.
488 3003 491 3005 ·
547 2987 652 3016 Ludere
674 2989 800 3025 palaestra
830 2992 912 3019 Ouid.
926 2992 1005 3028 Epist.
1023 2995 1060 3025 16,
1075 3001 1126 3021 150.
1187 2994 1275 3021 Palam
1292 3002 1316 3021 et
1335 2994 1426 3029 Clam,
1447 2995 1586 3021 contraria.
1677 2995 1752 3023 Idem
1768 3005 1818 3031 pro
1833 2998 1905 3025 Cael.
1923 3008 1956 3026 20
1983 3000 2070 3028 Palam
2085 3002 2113 3027 in
2128 3009 2184 3027 eam
2198 3000 2251 3027 tela

64 3017 86 3057 q
107 3029 122 3047 2
161 3022 327 3056 Transfertur
340 3025 377 3049 ad
385 3025 447 3050 alia.
491 3024 662 3059 Palaestram,
682 3028 786 3053 Domum
802 3028 905 3059 lenonis,
924 3030 996 3054 vocat
1009 3028 1125 3055 Terent.
1186 3030 1330 3063 iaciuntur,
1342 3030 1407 3057 clam
1423 3030 1664 3058 subministrantur.
1737 3032 1824 3060 Palam
1837 3041 1861 3059 et
1874 3034 2002 3069 Obscure,
2019 3037 2154 3062 contrariu.
2191 3036 2250 3063 Cic.

65 3056 172 3084 Phorm.
186 3068 206 3091 3,
221 3067 240 3091 1,
255 3066 288 3085 20
313 3059 410 3087 Eccum
423 3068 438 3086 a
449 3059 493 3087 sua
507 3061 632 3096 palaestra
646 3062 699 3089 exit
712 3061 801 3097 foras,
818 3064 838 3090 i.
859 3065 936 3090 Domo
950 3064 1060 3097 lenonis,
1080 3063 1124 3089 vbi
1137 3075 1171 3099 80
1186 3066 1266 3093 Acad,
1286 3076 1299 3098 4
1309 3085 1316 3097 ‚
1338 3076 1360 3098 ¹3
1394 3065 1515 3092 Alterum
1529 3065 1655 3100 quidem,
1673 3072 1702 3094 vt
1715 3067 1838 3096 videmus
1851 3070 1954 3105 palam,
1971 3072 2084 3098 alterum
2099 3076 2128 3099 vt
2142 3071 2251 3106 suspica.

64 3100 159 3118 amator
171 3092 261 3127 affidue
274 3104 416 3132 exercetur,
434 3103 464 3122 vt
483 3098 522 3123 ait
535 3097 663 3125 Donatus.
735 3099 893 3126 Prouerbiali
900 3101 986 3136 figura
1004 3100 1054 3126 Res
1075 3100 1124 3126 esse
1185 3110 1247 3128 mur
1260 3101 1406 3128 obscurius.
1516 3102 1603 3128 Palam
1621 3108 1648 3130 et
1665 3109 1754 3138 aperte
1784 3105 1866 3132 Plaut.
1880 3105 1971 3133 Bacch.
1984 3116 2007 3139 2,
2020 3117 2041 3139 3,
2061 3109 2099 3136 68.
2192 3107 2250 3135 Cic.

67 3127 204 3162 palaestrae
217 3136 242 3156 et
253 3129 308 3157 olei
321 3131 454 3163 dicuntur,
481 3134 555 3170 Qae
575 3142 622 3159 non
642 3134 678 3159 ad
680 3132 774 3169 serium
787 3137 928 3170 negotium,
941 3135 990 3171 sed
997 3137 1035 3162 ad
1044 3134 1123 3170 lufitm
1186 3139 1264 3164 Verr.
1279 3146 1303 3170 2,
1315 3142 1341 3166 81
1373 3138 1448 3170 Quae
1462 3136 1491 3163 in
1507 3138 1571 3165 foro
1584 3138 1670 3172 palam
1682 3141 1812 3172 Syracusis
1831 3142 1858 3168 in
1872 3150 1920 3168 ore
1935 3148 2014 3176 atque
2027 3142 2111 3169 oculis
2125 3144 2251 3170 omnium

66 3170 92 3188 et
111 3162 287 3197 ostentationem
306 3167 471 3199 adhibentur,
490 3178 564 3203 quum
580 3170 608 3194 in
624 3170 720 3204 praelio
740 3171 872 3197 maioribus
889 3179 947 3207 opus
959 3171 996 3205 fit
1016 3172 1124 3199 viribus.
1186 3173 1255 3208 gesta
1270 3174 1336 3200 sunt.
1408 3174 1437 3200 In
1451 3173 1524 3207 foro,
1545 3174 1649 3208 palam,
1668 3175 1759 3202 multis
1773 3176 2088 3213 211d1‘entibus‘recitare,
2107 3185 2134 3206 et
2147 3179 2251 3206 clarissi-

68 3197 128 3224 Cic.
143 3197 175 3224 de
188 3201 262 3228 Orat.
278 3211 304 3234 1,
322 3209 349 3233 81
381 3203 506 3231 Nitidum
520 3204 655 3239 quoddam
667 3214 749 3240 genus
762 3205 799 3233 est
813 3207 959 3234 verborum
975 3213 1001 3233 et
1016 3208 1124 3240 laetum,
1185 3218 1228 3236 ma
1242 3217 1309 3235 voce
1322 3208 1412 3236 testari
1425 3208 1525 3244 aliquid
1554 3210 1612 3237 Cic.
1626 3220 1677 3245 pro
1690 3212 1795 3238 Cluent.
1810 3221 1845 3242 25-
1917 3211 1991 3240 Idem
2006 3215 2084 3240 Verr.
2096 3225 2121 3248 4,
2136 3224 2162 3246 53
2183 3215 2250 3242 Non

69 3232 113 3260 sed
129 3233 264 3267 palaestrae
275 3239 357 3273 magis
371 3246 396 3266 et
409 3240 479 3273 olei,
499 3250 578 3276 quam
594 3241 672 3268 huius
685 3241 775 3268 ciuilis
791 3242 884 3270 turbae
897 3253 926 3270 ac
940 3243 1005 3270 fori.

1078 3243 1123 3269 Pa·
1141 3252 1169 3278 35
1187 3253 1234 3280 per
1248 3244 1410 3279 praestigia&
1429 3245 1471 3271 sed
1484 3245 1569 3280 palam
1582 3255 1629 3282 per
1642 3247 1810 3281 potestatem,
1829 3257 1883 3275 vno
1897 3248 2014 3284 imperio
2030 3250 2148 3277 ostiatim
2162 3257 2251 3278 totum

68 3268 160 3296 laestra
173 3279 224 3295 cum
235 3272 380 3300 Decentium
395 3275 462 3302 illam
469 3276 612 3312 fignificet,
629 3287 678 3312 qua
688 3277 782 3311 flatus,
800 3287 893 3311 motus,
903 3279 1030 3314 flexusque
1044 3285 1124 3313 corpo-
1186 3280 1315 3315 oppidum
1337 3280 1497 3316 compilarit.
1616 3282 1712 3310 Dicere
1730 3283 1831 3318 aliquid
1851 3290 1955 3319 aperte,
1973 3285 2112 3321 palamque
2144 3287 2200 3313 Cic.
2219 3287 2251 3313 in

69 3306 123 3338 ris,
142 3313 172 3330 ac
191 3313 270 3331 onmes
289 3310 384 3335 omnino
400 3312 499 3338 habitus
511 3313 662 3350 venustatem
674 3308 800 3348 quandam
815 3316 965 3349 leporemque
974 3314 1071 3349 praese
1081 3314 1124 3347 fh·
1186 3318 1264 3343 Verr.
1281 3316 1339 3344 A&
1354 3326 1372 3349 1,
1387 3323 1410 3347 13
1431 3326 1452 3344 c.
1466 3327 1488 3349 7.
1583 3318 1658 3345 Idem
1676 3318 1732 3354 post
1746 3319 1801 3346 red.
1814 3320 1842 3346 in
1856 3321 1940 3347 Sonat.
1957 3330 1982 3346 10
2003 3330 2025 3349 c.
2040 3331 2052 3351 ς
2085 3322 2154 3355 Qiis
2168 3323 2251 3350 vllam

69 3348 147 3368 rant:
171 3349 232 3381 quq?
245 3348 269 3381 εξ
281 3343 436 3372 Chironomia
448 3348 555 3374 dicitur:
574 3359 648 3384 quam
666 3350 711 3384 qui
721 3359 768 3375 non
781 3350 940 3384 didicerunt,
959 3351 980 3376 ii
993 3349 1124 3384 Apalaesti
1186 3353 1267 3379 vllius
1283 3352 1349 3379 boni
1368 3353 1438 3387 spem
1456 3352 1565 3380 haberet
1585 3354 1614 3380 in
1633 3362 1681 3387 eo,
1702 3354 1777 3382 cuius
1798 3356 1916 3391 primum
1934 3362 2037 3392 tempus
2056 3358 2149 3385 aetatis
2163 3358 2250 3393 palam

67 3377 99 3404 ab
111 3377 222 3410 ‘'usqu'‘
234 3377 362 3412 ¹¹''Hisum
369 3390 376 3403 -“
395 3381 437 3407 ¹7⁰⁶·
456 3383 637 3419 transtulerunt
657 3387 693 3412 ad
709 3387 830 3412 orationis
847 3387 984 3412 decentiam
999 3387 1122 3412 rhetores:
1187 3389 1274 3415 fuisset
1287 3388 1318 3415 ad
1331 3398 1424 3416 omnes
1438 3388 1566 3416 libidines
1580 3389 1769 3424 Diuulgatum3
1850 3391 1917 3418 Ter.
1932 3392 1999 3419 Eun.
2014 3401 2033 3426 1,
2046 3401 2071 3427 2,
2085 3403 2118 3427 24
2142 3395 2187 3421 Sin
2202 3394 2251 3422 fal-

69 3412 127 3440 cic.
142 3412 217 3439 Orat.
232 3415 273 3442 ¹86
292 3422 314 3439 c·
328 3415 358 3442 56
385 3416 520 3444 Numerus
539 3435 584 3441 —
600 3421 682 3448 serius
695 3420 834 3458 aliquanto
848 3428 953 3449 notatus
966 3428 992 3449 et
1004 3421 1126 3456 cognitus
1138 3433 1173 3457 90
1187 3425 1260 3457 fimi,
1280 3431 1325 3451 aut
1338 3433 1436 3452 vanum
1446 3445 1454 3458 ,
1474 3432 1519 3452 aut
1539 3424 1630 3452 fletum
1648 3426 1705 3453 Est:
1725 3427 1833 3453 continu

1836 3436 1853 3453 o
1872 3427 1956 3462 palam
1977 3428 2030 3464 est,
2059 3429 2078 3456 i.
2096 3431 2173 3456 Nihil
2193 3432 2249 3457 celo.

70 3447 142 3484 quali
155 3447 285 3481 quandam
299 3449 450 3483 palaestram
461 3458 487 3479 et
499 3459 613 3482 extrema
627 3457 786 3485 lineamenta
802 3458 921 3485 orationi
934 3458 1030 3485 attulit.
1094 3458 1124 3482 Et

1187 3461 1274 3488 Palam
1289 3460 1335 3497 est,
1353 3460 1437 3496 pisces
1451 3461 1544 3488 audire
1574 3461 1641 3488 Plin.
1656 3471 1692 3495 10,
1706 3469 1750 3496 70.
1788 3463 1812 3489 b.
1826 3472 1846 3488 e.
1868 3461 2030 3496 Certiffimum
2043 3465 2093 3501 est,
2113 3474 2138 3492 et
2152 3467 2179 3492 in
2195 3475 2250 3492 con-

69 3490 112 3513 ²28
128 3493 150 3511 c.
163 3486 193 3513 68
226 3485 261 3510 Vt
274 3485 347 3511 enim
360 3486 469 3514 athletas
483 3497 530 3516 nec
542 3491 627 3519 multo
642 3493 713 3520 secus
726 3494 884 3529 gladiatores
898 3494 1038 3526 videmus,
1056 3492 1125 3519 nihil
1180 3497 1256 3531 seffo.
1376 3497 1463 3524 Palam
1482 3503 1507 3523 et
1521 3503 1580 3523 ante
1595 3498 1686 3524 oculos
1705 3498 1826 3524 omnium
1844 3499 1893 3525 esse
1921 3500 1979 3527 Cic.
1994 3501 2070 3530 Verr.
2086 3511 2108 3534 5,
2122 3504 2152 3532 6..
2173 3511 2194 3529 c.
2210 3504 2250 3529 26.

42 3526 47 3532 ¹
69 3528 116 3546 nec
130 3519 242 3546 vitando
256 3520 341 3547 facere
353 3528 443 3556 caute,
459 3528 506 3551 nec
520 3528 632 3560 petendo
646 3529 835 3561 vehementer,
853 3531 883 3558 in
897 3539 951 3565 quo
968 3539 1023 3556 non
1037 3535 1125 3555 motus
1187 3533 1270 3560 Plaut.
1285 3532 1353 3559 Afin.
1367 3544 1391 3566 4,
1404 3542 1427 3566 2,
1440 3542 1464 3560 12
1487 3534 1533 3559 Me
1545 3532 1681 3559 honestius
1695 3533 1741 3566 est,
1761 3542 1840 3568 quam
1854 3540 1880 3560 te
1895 3535 1979 3569 palam
1994 3536 2061 3563 hanc
2074 3545 2131 3564 rem
2146 3538 2251 3564 Facere.

51 3566 54 3568 ’
71 3554 114 3582 hic
127 3555 220 3582 habeat
237 3556 391 3591 palaestram
404 3559 550 3595 quandam,
568 3568 597 3588 vt
610 3564 741 3599 quidquid
758 3567 787 3592 in
806 3566 847 3593 his
866 3566 945 3593 rebus
965 3565 1008 3592 fiat
1023 3564 1125 3591 Vtiliter
1187 3569 1254 3603 conf.
1270 3568 1339 3603 Nep.
1353 3577 1387 3600 23,
1399 3576 1427 3603 7,
1442 3576 1468 3603 7.
1563 3569 1657 3596 Facere
1670 3569 1754 3602 palam
1766 3570 1845 3596 alicui
1872 3571 1942 3606 Nep.
1954 3580 1990 3605 23,
2005 3582 2036 3603 11,
2050 3582 2068 3600 1.

2159 3574 2250 3600 Huius

70 3590 102 3618 ad
114 3600 245 3626 pugnam,
264 3591 336 3619 idem
355 3593 387 3620 ad
408 3595 556 3628 adspectum
578 3598 656 3626 etiam
675 3601 704 3628 sit
725 3602 877 3629 venustum:
914 3602 957 3629 Sic
973 3601 1062 3628 oratio
1078 3609 1124 3626 nec
1141 3612 1171 3638 95
1188 3604 1220 3631 de
1234 3612 1321 3631 morte
1334 3610 1362 3631 vt
1375 3605 1459 3639 palam
1476 3603 1585 3630 FaGtum
1598 3605 1634 3630 est
1667 3603 1740 3631 Idem
1763 3614 1805 3637 10,
1826 3616 1870 3641 10,
1890 3616 1912 3633 2.
2030 3609 2126 3635 Facere
2145 3608 2250 3644 aliquid

71 3626 171 3661 plagam
193 3636 301 3662 grauem
323 3629 403 3663 facit,
422 3630 470 3656 nisi
491 3632 586 3665 petitio
603 3634 655 3661 fuit
673 3642 745 3671 apta3
771 3647 819 3664 nec
839 3638 899 3665 satis
918 3637 990 3665 refie
1011 3636 1126 3663 declinat
1188 3646 1293 3675 aperte,
1314 3649 1342 3666 ac
1356 3641 1441 3675 palam
1455 3649 1510 3666 non
1523 3648 1554 3665 ex
1569 3639 1670 3665 insidiis
1696 3640 1751 3668 Cic.
1765 3642 1793 3668 in
1808 3642 1883 3669 Orat.
1897 3648 1924 3674 38
1944 3652 1965 3670 c.
1982 3651 2015 3670 12.
2124 3644 2197 3672 Idem
2217 3643 2251 3670 de

72 3662 208 3696 impetum,
228 3664 276 3691 nifi
291 3666 371 3692 etiam
386 3666 414 3692 in
427 3666 546 3694 cedendo
558 3668 621 3701 quid
635 3669 721 3699 deceat
731 3673 865 3708 intelligit.
937 3675 1028 3707 Itaque
1040 3671 1126 3707 qualis
1188 3676 1252 3703 Nat.
1269 3676 1351 3703 Deor.
1372 3685 1401 3709 2,
1422 3685 1461 3709 157
1492 3676 1584 3708 Itaque
1598 3674 1695 3701 bestiae
1707 3676 1818 3710 furtim,
1836 3684 1864 3704 vt
1878 3678 1952 3712 dixi,
1973 3679 2124 3707 Fruuntur:
2145 3679 2250 3707 domini

74 3705 167 3725 eorum
179 3706 284 3734 motus,
305 3710 372 3736 quos
392 3705 525 3733 ἁπαλαίςες
538 3703 633 3730 Graeci
651 3714 759 3736 vocant:
778 3711 838 3736 talis
858 3709 956 3736 horum
972 3708 1039 3735 mihi
1054 3707 1127 3734 vide·
1189 3712 1273 3747 palam
1289 3721 1318 3739 ac
1333 3711 1426 3738 libere.
1499 3710 1610 3737 Mentiri
1622 3710 1709 3745 palam
1741 3713 1822 3739 Plaut.
1837 3714 1924 3741 Truc.
1937 3723 1961 3748 Ι,
1975 3724 2003 3746 22
2021 3721 2059 3749 89-
2133 3715 2250 3742 PsObflfe

73 3738 118 3759 tur
129 3734 232 3768 oratio,
251 3736 298 3771 qui
316 3747 371 3764 non
385 3737 510 3765 claudunt
525 3739 643 3765 numeris
663 3741 812 3778 sententias,
832 3753 877 3771 etc.
948 3744 1081 3778 Qumitil.
1101 3753 1127 3776 9,
1188 3748 1290 3782 aliquid
1305 3748 1388 3782 palam
1415 3747 1471 3773 Cic.
1484 3755 1533 3779 pro
1547 3746 1630 3772 Flacc.
1646 3748 1684 3777 68,
1759 3749 1858 3776 Gerere
1871 3751 1956 3785 palam
1968 3760 2027 3778 rem
2040 3751 2157 3786 aliquam
2174 3750 2250 3777 Idem

74 3777 109 3801 4,
123 3771 152 3800 56
182 3770 252 3810 Sicut
264 3772 344 3800 etiam
356 3783 422 3808 quos
436 3774 597 3801 palaestritas
614 3776 663 3802 esse
675 3777 813 3814 nolumus,
831 3788 919 3808 tamen
940 3781 989 3808 ess'e
1003 3780 1126 3806 nolumus
1135 3794 1182 3812 100
1190 3786 1242 3810 Att.
1259 3786 1295 3817 16,
1310 3792 1326 3816 9
1339 3791 1406 3810 extr.

73 3812 136 3837 eos,
155 3813 201 3839 qui
215 3806 339 3835 dicuntur
352 3813 511 3844 ἀπάλαιςροι,
531 3812 576 3836 vel
581 3832 590 3844 ‚
610 3812 674 3845 quod
690 3814 774 3839 malim
791 3819 928 3846 ἀπάλαιςαι.
1000 3817 1127 3842 Interdum

74 3847 156 3866 atatem
173 3842 287 3875 excfftm
313 3847 435 3879 quendam
453 3846 589 3883 venustatis
615 3849 643 3871 in
663 3848 751 3873 *umbra
763 3849 860 3883 scholae
884 3852 1003 3878 solleflum
1024 3852 1129 3878 indicat.

1479 3781 1618 3808 Manifesta
1631 3791 1671 3809 res
1684 3782 1881 3818 palam·indicat
1902 3787 2008 3814 Lucret.
2018 3796 2037 3819 t,
2052 3794 2106 3819 803.
2177 3786 2249 3810 Voce

1190 3819 1275 3854 palam
1290 3818 1399 3855 pecori,
1414 3818 1481 3843 clam
1496 3816 1543 3843 fibi
1557 3818 1670 3853 quisque
1685 3821 1767 3847 Vocet
1795 3821 1902 3848 Tibull.
1917 3832 1944 3855 2,
1961 3834 1984 3855 ι,
1997 3829 2038 3855 84.
2075 3820 2149 3848 intell.
2170 3821 2248 3845 Amo·

99 3875 104 3880 ,
1190 3864 1257 3882 rem.
1330 3854 1387 3880 Cic.
1399 3854 1476 3879 Verr.
1492 3862 1499 3878 1
1521 3861 1543 3879 c.
1559 3862 1582 3884 ις
1605 3853 1688 3888 Eum,
1710 3857 1757 3890 qui
1772 3857 1857 3891 palam
1873 3857 1909 3884 est
1921 3858 2100 3889 aduersarius,
2119 3855 2195 3882 facile
2207 3862 2247 3879 ca-

74 3875 131 3902 Cic.
142 3875 175 3916 de
186 3875 256 3904 Clar.
266 3879 340 3908 Orat.
358 3886 385 3914 37
414 3882 555 3909 Phalereus
573 3882 645 3908 enim
666 3883 777 3910 succeffit
793 3885 831 3913 eis
849 3887 955 3914 senibus
970 3887 1129 3920 adolescens,
1191 3891 1281 3918 vendo
1297 3890 1381 3916 vitare
1395 3888 1477 3923 poffis.
1584 3889 1676 3917 Beatus
1690 3892 1773 3926 palam
1798 3892 1912 3920 Terent.
1927 3894 2035 3921 Phorm-
2051 3904 2069 3925 Ι,
2084 3902 2105 3923 3,
2120 3900 2151 3922 ¹7·
2175 3890 2212 3930 st·
2227 3898 2248 3915 '-

73 3910 258 3938 eruditissimus
271 3913 317 3941 ille
329 3916 437 3950 quidem
450 3918 547 3945 horum
561 3917 700 3951 omnium,
716 3918 759 3944 sed
780 3929 833 3947 non
851 3924 1005 3955 tamffiarmis
1026 3922 1129 3949 institu-
1192 3930 1285 3961 Aperte
1297 3925 1383 3957 etfine
1393 3924 1476 3950 dubio.
1549 3923 1646 3958 Palam,
1666 3937 1719 3953 cum
1730 3928 1858 3961 Ablatiuffi
1876 3937 1921 3964 pro
1934 3931 2029 3958 Coram,
2044 3924 2191 3964 Praepffifl‘?
2205 3923 2247 3965 ‘st5

73 3951 124 3981 tus,
143 3954 223 3984 quam
236 3947 367 3982 palaestra.
399 3989 413 4018 Ι
438 3954 530 3990 Itaque
538 3953 690 3991 ,ἀι-11813113(
702 3954 785 3989 magis
799 3956 979 3993 Athenienses,
998 3968 1077 3994 quam
1089 3958 1179 3996 'in-105
1192 3963 1277 3990 Marte
1290 3961 1375 4022 palag
1403 3958 1484 3986 Ouid.
1499 3959 1528 3986 A.
1544 3962 1602 3989 Ain.
1617 3970 1640 3995 s,
1653 3966 1710 3998 569.
1802 3963 1862 3991 Liu.
1877 3967 1904 3998 6,
1918 3974 1942 3997 ¹4
1968 3964 2031 3992 Inde
2049 3969 2105 3988 rem
2120 3960 2248 4020 creditlori

232 3988 323 4014 voi..
359 3989 420 4017 11.
1389 4002 1408 4020 o
1434 4002 1484 4020 oo
2160 4003 2248 4029 paam
