2517 4231
46 130 157 168 '¹29
494 115 716 158 LVC

89 207 121 238 {ae
135 208 199 235 Siue.
270 209 311 234 Ac
320 206 400 241 ‚suff
419 206 528 242 prctium
549 206 705 244 histrionibus
717 207 814 239 datum,
827 207 871 232 vel
887 215 950 232 ’νῆας
963 207 1060 241 conficit
1072 207 1143 234 Ter.

89 243 147 270 tull.
161 242 221 270 adu.
235 242 327 270 Gnost.
341 252 362 268 c.
376 249 390 272 3
408 245 438 269 de
453 243 560 270 Iohanne
573 241 694 279 Baptista,
712 242 770 276 Ipse
788 257 836 265 -—
853 243 1045 269 contumeliosa
1064 244 1143 270 caede

89 284 227 313 truncatur
248 279 277 305 in
296 278 399 313 puellae
421 278 524 305 salticae
544 279 626 306 lucar.
697 279 753 304 Hm·
771 278 847 303 ceiam
871 278 984 311 referunt
1003 279 1057 304 viri
1081 280 1143 304 ‹lm‘li

88 315 156 342 Tac.
169 317 199 342 A.
215 323 234 350 1,
248 324 276 348 77
296 315 335 341 De
350 314 432 341 modo
446 314 553 349 lucaris,
571 321 596 341 et
610 313 732 340 aduersus
747 312 881 340 lasciuiam
896 313 1042 346 fautorum,
1062 315 1142 342 multa

89 351 276 383 decernuntur,
295 350 340 375 vbi
351 350 446 386 Lipsius
457 351 522 377 hunc
534 350 610 390 iPs¹{”¹
622 348 732 375 modum
746 348 843 375 lucaris
863 360 893 374 ex
913 350 1024 384 antiquis
1036 350 1141 386 scripto·
1168 354 1183 378 5

87 387 155 412 ribus
161 385 245 421 studet
257 386 369 420 definire.
442 387 540 412 Mem-io
550 386 666 419 enamfit
681 384 777 412 lucaris
791 385 922 419 aliquoties
935 385 961 410 in
974 387 1083 420 antiquis
1102 388 1143 413 In.

87 421 293 456 scriptionibus,
317 430 379 456 quns
395 423 484 448 laudae
498 422 588 447 Rader.
606 420 638 447 ad
647 421 726 449 Mart.
740 429 805 453 5‚25.
878 423 904 446 A
918 420 976 447 luco
991 421 1014 456 s.
1031 421 1094 448 lucis
1102 423 1143 447 cle·

87 458 174 484 riuum
194 456 283 483 Festus
297 457 320 483 h.
335 466 359 482 v.
382 458 466 484 Lucar
479 455 627 491 appellatur
639 464 690 489 aes,
711 456 783 490 quod
798 464 828 482 cx
851 455 917 482 lucis
937 463 1064 491 captatur:
1118 461 1143 481 et

87 502 142 519 mox
155 492 264 519 Luearis
282 492 403 527 pecunia,
427 492 535 526 quaein
550 491 611 518 luco
624 499 679 518 erat
699 492 771 518 data:
797 492 902 526 itemque
924 493 1073 518 Plutarchus
1089 491 1141 526 Q.

1631 122 1853 166 LVC

1207 209 1277 233 llam
1301 207 1426 244 historiam
1441 209 1532 245 saw-ibit
1552 211 1612 239 Liu.
1637 222 1645 240 1
1667 213 1735 240 eirca
1760 215 1851 250 finem:

1204 245 1300 270 Seneca
1321 245 1417 274 Odiau.
1442 256 1491 278 300

1402 281 1449 309 Tc
1473 291 1580 318 quoque
1599 283 1700 312 bellum
1720 284 1793 312 11111(-
1815 287 1930 315 secutum
1950 290 1986 317 est

1402 318 1516 346 Mactata
1537 327 1581 346 tua
1603 320 1750 349 miseranda
1771 331 1849 349 manu

1404 354 1475 382 Nata
1492 356 1602 383 Lucreti
1622 356 1742 392 stuprum
1758 358 1829 386 sacui

1222 419 1228 424 ,
1403 423 1408 428 ι
1540 391 1608 418 Passa
1626 394 1744 425 tyranni.
1963 397 2012 423 Pro
2020 399 2126 433 Pudica,
2147 409 2170 427 et
2184 404 2258 429 mari.

1205 426 1231 459 ιι,
1239 427 1338 446 amante
1350 427 1451 463 pumtur-
1463 436 1478 449 a
1497 427 1603 454 Petron.
1617 437 1639 456 c.
1653 438 1668 464 9
1693 431 1763 457 Cum
1788 438 1838 464 ego
1863 430 2020 466 clamarem,
2046 434 2162 468 gladium
2182 438 2258 465 urin.

1206 460 1254 494 “J‘’
1274 462 1299 481 et
1314 455 1331 482 fl
1349 457 1470 484 Lucretia
1484 461 1529 501 est,
1555 463 1652 498 inquit,
1677 465 1864 500 Tarquinium
1884 467 2020 495 inuenissi.
2103 473 2159 498 Vid.
2188 474 2258 500 Mar.

1205 490 1259 516 1¹³¹·
1283 500 1312 524 Η,
1337 501 1388 522 ¹05·
1461 496 1528 521 Hinc
1748 511 1759 528 2
1781 502 1921 529 Lucretius
1948 505 2025 530 Poeta
2053 506 2148 539 nobilis,
2163 511 2192 532 de
2213 519 2258 542 qno

2189 151 2252 188 130

1886 224 1909 243 ee
1943 220 2024 249 Ouid.
2058 223 2123 252 Fan.
2151 233 2181 258 2,
2203 228 2257 258 685.

89 529 155 554 Rom.
168 533 198 559 88
219 528 262 553 vbi
276 529 368 554 reditus
382 530 490 554 lucorum
501 527 688 562 publicorumin
696 528 837 563 spernanda
849 527 1055 562 impensos-monet.
1092 528 1142 550 lm-
1160 534 1188 552 10
1207 525 1290 553 Ouid.
1311 529 1404 555 Amor.
1425 538 1449 562 t,
1469 539 1508 562 ις,
1528 539 1553 562 23
1573 532 1699 562 Carmina
1720 536 1839 565 sublimis
1854 546 1915 566 tunc
1932 539 1991 566 sunt
2011 540 2129 575 peritum
2144 543 2259 579 Luam,

86 573 132 598 que
145 573 193 589 non
207 570 294 589 temere
301 563 422 599 affimiar
435 564 544 595 Cerdae,
563 563 607 597 qm'
624 565 692 590 Adu.
705 563 773 599 sacr.
789 570 817 596 48
826 584 833 596 ‚
853 565 869 589 6
895 564 962 598 apud
976 559 1079 587 Festum
1092 560 1143 595 legi

86 600 144 625 vult
156 608 207 633 ατε,
227 599 300 634 quod
313 607 344 625 ex
356 598 425 626 ludis
439 603 571 632 captatur:
591 607 634 624 nec
646 598 778 632 Salmafim
799 599 842 633 qm·
855 598 927 624 locar
938 606 955 622 a
967 595 1033 622 iocis
1047 596 1143 621 theatri

85 635 177 661 [riclam
187 635 326 670 existiman
347 634 405 666 lice!
415 633 543 660 Locarios
551 634 693 668 Martialis,
711 637 740 661 de
748 634 882 669 quilmsJub
895 635 1011 663 LOCVS‚
1020 631 1088 670 *inde
1101 631 1142 656 tli-

87 671 144 703 a‘los,
164 680 211 697 mm
213 671 251 703 fit
263 669 370 696 dubium.
443 669 554 704 Scaliger
565 671 600 695 ad
612 669 631 695 F
634 670 715 697 essum
728 673 802 696 ctiam
817 668 897 696 Liuio
910 666 967 691 vult
986 667 1058 693 lucar
1071 666 1142 702 resti-

85 707 132 738 tui,
152 708 219 741 apud
229 713 298 739 quem
310 713 346 737 23,
361 714 380 731 ιι
400 705 438 730 ita
451 705 544 736 editur,
563 705 657 737 Pythio
672 705 801 741 Apollini,
818 711 874 736 rep.
889 700 975 728 vestra
991 701 1059 728 bene
1073 702 1142 737 gesta
1161 712 1185 734 15

86 743 249 775 seruataque,
268 739 348 766 lucris
356 740 460 767 moritis
473 742 560 773 (Scal.
574 741 786 772 lucarisuteriti)
806 738 908 764 donum
916 737 1052 764 mittitote.
1092 739 1143 764 Sed

34 800 36 806 ‚
60 804 62 806 ,
85 776 206 812 nonsatIs
217 785 268 801 rem
280 785 297 800 a
309 776 436 811 Scaligero
449 777 610 811 explicatam,
636 785 716 803 monet
735 773 881 801 Gronouius.
919 774 994 810 Qid
1004 773 1057 806 sthi
1076 774 1140 799 velit

55 821 59 825 ⁴
83 813 151 847 apud
162 810 311 838 Charinum
326 819 351 845 ρ.
365 813 391 843 ia
408 811 460 846 ptss
473 813 536 838 med.
572 813 667 845 Lucar,
679 808 775 838 lucaris
794 812 821 834 τὸ
835 808 953 842 admon,
973 812 1140 844 quam-cimam

82 847 122 883 est.
148 847 236 883 -Qod
246 845 280 882 est
290 847 319 872 in
334 847 392 875 Vet.
407 847 450 874 Gl.
464 847 550 874 Lucar
567 847 639 880 μιᾶὸς
652 844 700 873 ἀπὸ
711 849 795 878 φήην,
816 844 884 870 illud
896 854 949 871 cum
970 845 1103 872 Plutarchi
1117 853 1142 871 et

81 881 278 918 fistisemenn'a
290 883 510 916 conciliarifimle
520 882 606 918 pvtqst.

119 924 136 944 L
149 924 170 944 v
180 924 199 945 c
211 924 234 945 Α
245 923 266 944 R
279 924 290 945 1
301 923 315 944 S
336 918 448 953 pecunia
459 920 528 944 modo
539 926 553 942 e
564 915 640 942 Festo
658 916 759 950 prolata
772 914 814 950 est.

117 959 134 980 L
147 959 168 979 v
181 959 200 981 c
212 959 236 981 Α
247 960 267 981 R
277 961 287 980 1
297 959 318 979 Α
327 974 336 987 ,
357 963 444 981 orum.
463 962 490 980 n.
510 952 632 985 [Λυκάρια
645 949 783 985 nuntians]
802 950 887 984 Festa,
901 960 968 986 quae
981 951 1009 978 in
1018 951 1079 978 luco
1087 952 1140 979 Ro·

80 989 152 1016 mani
161 989 294 1025 colebant,
314 989 362 1024 qni
376 995 532 1024 permagnus
544 992 602 1013 erat
616 987 687 1013 inter
700 987 772 1013 viam
791 987 918 1013 Salariam
946 993 972 1015 et
991 986 1139 1022 Tyberim,

79 1034 131 1061 pro
150 1033 184 1052 eo
204 1024 277 1059 quod
304 1025 372 1052 vieti
397 1032 412 1050 a
430 1021 515 1049 Gallis
538 1022 670 1058 fugientes
685 1031 700 1050 e
728 1022 832 1058 praelio
851 1023 891 1050 ibi
918 1023 971 1049 sese
989 1023 1140 1049 occultaue-

78 1062 143 1088 tint.
180 1062 276 1088 Festus.

116 1104 134 1123 L
144 1104 165 1124 V
177 1103 195 1124 C
209 1102 227 1124 c
237 1103 255 1124 Ε
266 1103 276 1123 1
289 1102 310 1122 ν
318 1101 341 1128 s,
357 1093 445 1129 gentis
458 1095 596 1128 Romanae,
615 1103 627 1120 e
641 1103 691 1129 qua
705 1094 794 1121 nobilis
811 1093 958 1130 Historicus,
978 1103 1047 1129 quem
1055 1094 1140 1121 Cicero

77 1140 160 1168 rogat,
179 1141 210 1159 vt
222 1141 262 1161 res
273 1131 302 1156 in
315 1130 442 1166 consulatu
450 1128 534 1165 gestas
540 1129 650 1165 semsum
662 1130 794 1166 describat.
815 1130 887 1157 Fam.
909 1139 933 1162 5,
945 1139 978 1157 12.

115 1171 357 1199 LVCELLVM‚
375 1165 429 1192 vid.
447 1171 651 1193 chnvm.
688 1168 691 1172 “

115 1209 296 1233 ινεεΝς,
315 1202 370 1229 vid.
395 1207 484 1228 va.

111 1245 256 1272 LVCEO,
280 1237 337 1266 vid.
364 1244 381 1264 L
394 1243 414 1264 v
428 1243 456 1264 x.

111 1282 129 1302 L
137 1282 159 1302 V
170 1281 188 1303 C
201 1273 219 1302 ἑ
229 1280 248 1301 R
258 1279 276 1301 Β
288 1279 302 1302 8
310 1291 320 1305 ‚
337 1282 393 1300 um.
410 1282 445 1300 m.
486 1272 574 1299 Tereia
582 1280 646 1308 pars
653 1273 729 1307 fhere
738 1273 825 1309 populi
844 1274 911 1300 Rom.
931 1274 1078 1310 temporibus
1095 1275 1140 1301 Ro.

75 1311 138 1337 muli
151 1311 228 1347 regis.
262 1309 368 1338 Seruius
380 1311 418 1335 ad
429 1310 494 1336 Aen.
510 1319 533 1343 5,
546 1311 596 1340 560
617 1309 725 1337 Constat
739 1310 829 1344 primo
842 1314 895 1336 tres
909 1316 994 1344 partes
1007 1310 1084 1336 fuiss‘e
1091 1311 1140 1337 Po-

76 1347 134 1382 puli
151 1347 229 1374 Rom.
245 1354 325 1373 vnam
338 1345 518 1378 Tatiensium,
542 1354 556 1372 a
571 1345 643 1372 Tito
656 1346 744 1373 Tatio
756 1346 823 1372 duce
836 1344 996 1372 Sabinorum
1011 1346 1065 1372 iam
1073 1346 1139 1373 ami-

73 1391 110 1418 ,co
123 1382 181 1418 post
194 1381 316 1410 foedera:
351 1381 461 1408 alteram
474 1382 634 1408 Ramnetum
655 1390 668 1408 a
682 1381 817 1408 Romulo:
872 1382 979 1408 tertiam
993 1382 1138 1415 Lucerum,

51 1416 54 1421 ⁵
75 1427 202 1452 quorum,
209 1417 352 1445 secundum
363 1417 491 1451 Liuium(
500 1427 517 1451 1,
527 1419 563 1452 13)
577 1423 604 1443 et
612 1426 711 1444 nomen
719 1423 744 1444 et
752 1417 862 1444 causain
869 1417 975 1444 occulto
983 1419 1051 1445 sunt.
1072 1419 1138 1445 Var-
1157 1431 1184 1454 35
1205 1423 1337 1455 Q1inffll,
1359 1433 1377 1457 ι,
1400 1433 1431 1450 ,2,

74 1463 109 1481 ro
124 1461 212 1482 tamen
226 1453 292 1481 dicit
306 1453 353 1488 (de
362 1454 428 1480 L.L.
436 1457 510 1487 4,10)
530 1453 677 1480 Romulum
685 1453 859 1480 dimicantem
868 1460 961 1480 contra
970 1454 1071 1480 Titum
1081 1455 1138 1481 Ta-

74 1491 143 1517 tium
158 1499 172 1517 a
187 1489 399 1522 Lucumonibus,
412 1489 439 1516 id
454 1489 490 1516 est
499 1489 607 1522 Tuscis,
620 1489 720 1516 auxilia
734 1489 880 1524 postulasse.
915 1504 962 1510 —
982 1490 1052 1524 Ergo
1066 1491 1139 1516 aLu-

75 1535 190 1553 eumone
210 1527 322 1553 Luceres
341 1525 407 1553 dicu
427 1526 495 1552 sunt.
568 1527 637 1551 Hae.-
656 1526 773 1560 inquam,
799 1525 908 1552 Seruius
930 1525 958 1550 in
977 1527 1046 1551 illud
1061 1526 1135 1560 Virg.

74 1563 141 1590 Aen.
155 1572 178 1594 5,
190 1564 240 1593 560
257 1563 331 1589 Tres
344 1561 466 1596 equitum
479 1569 593 1588 numero
607 1567 719 1594 turmae,
734 1561 858 1596 ternique
870 1567 999 1596 vagantur
1037 1561 1137 1588 011810-

75 1607 128 1628 res,
143 1607 188 1624 etc.
259 1599 372 1625 Luceres
381 1617 389 1631 ,
408 1598 493 1633 prima
510 1598 579 1623 modo
589 1597 724 1632 produa‘Ya,
743 1599 810 1624 modo
823 1604 944 1633 correpta.

75 1643 100 1666 4,
115 1643 135 1668 1,
151 1643 173 1666 31
204 1633 278 1660 Hinc
290 1630 400 1668 Tities,
421 1633 588 1667 Ramnesque
604 1633 675 1667 viri,
693 1633 859 1668 Luceresque
877 1632 979 1660 coloni.
1052 1633 1136 1660 Ouid.

73 1669 140 1696 fast.
156 1680 179 1705 3,
192 1678 228 1701 13²
248 1670 323 1703 Qin
331 1669 412 1696 etiam
426 1675 512 1703 partes
527 1667 640 1695 totidem
653 1668 828 1695 Tatiensibus
848 1668 905 1701 ille,
943 1670 1073 1703 Qiosque
1088 1678 1136 1701 vo-

73 1712 134 1731 cant
149 1706 283 1738 Ramnes,
308 1703 510 1737 Luceribusque
530 1703 613 1730 dedit.
685 1704 774 1730 Festus
793 1704 954 1730 Lucerenses
972 1711 998 1730 et
1010 1705 1136 1740 Luceres,

73 1748 142 1773 quae
154 1748 214 1774 pars
227 1739 307 1766 tertia
319 1739 413 1773 Populi
434 1739 512 1765 Rom.
533 1738 570 1765 est
589 1738 730 1766 distributa
750 1748 766 1766 a
785 1740 874 1766 Tatio
894 1746 921 1766 et
933 1740 1065 1773 Romulo;
1092 1751 1137 1776 ap-

1156 1253 1188 1277 30
1205 1249 1230 1268 et
1245 1242 1321 1270 lucro
1334 1243 1504 1271 ducerentur.
1543 1244 1650 1280 Cupido
1663 1245 1732 1272 lucri
1752 1246 1833 1273 Ouid.
1847 1247 1878 1274 dc
1891 1250 1954 1275 Arte
1968 1251 2026 1278 Am.
2042 1261 2061 1284 3,
2076 1261 2123 1285 373.

1016 1598 1136 1632 Propert.
1149 1608 1184 1632 40
1203 1606 1360 1630 Ameo.

1205 561 1297 588 Exitio
1309 570 1390 590 terras
1403 573 1486 599 quum
1507 565 1580 593 dabit
1599 577 1651 594 vna
1665 570 1729 598 dics.

1243 604 1259 624 L
1272 603 1291 623 ν
1304 604 1321 624 c
1336 605 1354 624 R
1368 606 1385 626 ε
1396 606 1530 631 T1L18,
1550 610 1579 628 is.
1600 612 1636 629 111.
1655 606 1838 642 [Au-eamve]
1859 609 1932 636 Mons
1944 609 1978 645 est
1991 610 2019 636 in
2040 611 2149 648 Sabinis,
2167 615 2198 639 de
2214 624 2260 650 quo

1205 633 1273 660 Hor·
1290 634 1380 662 Carm-
1396 646 1414 666 ¹,
1429 645 1464 670 17,
1479 646 1487 662 1
1508 637 1594 664 Velox
1609 647 1751 668 amoenum
1767 643 1838 678 saepe
1855 646 2015 674 Lucretilem
2052 648 2138 675 Mutat
2157 649 2259 680 Lycaeo

1204 668 1318 696 Faunus.
1391 674 1420 697 In
1433 673 1478 698 huc
1496 673 1593 698 vicinia
1613 675 1686 701 ctiam

1243 711 1260 731 L
1273 711 1292 730 V
1302 711 1319 731 C
1331 711 1351 731 R
1364 711 1381 732 E
1392 713 1431 734 '1'1
1444 713 1465 733 N
1479 714 1499 732 V
1513 714 1553 740 M,
1572 711 1702 748 prandium
1715 713 1814 745 Attici,
1841 723 1884 746 quo
1903 716 2034 751 respitiens
2053 719 2110 746 Cic.
2131 722 2182 747 Att.
2200 730 2214 754 7
2238 730 2261 749 ιι

1205 741 1292 767 Vnam
1307 741 1458 782 mehercule
1473 750 1560 770 tecum
1572 747 1765 779 apricationem
1779 748 1808 774 111
1821 748 1870 775 illo
1879 750 2020 780 Luci-<atino
2035 760 2082 782 tuo
2095 756 2149 783 sole
2157 741 2249 783 malim

1206 785 1285 811 quant
1303 786 1395 803 omma
1410 778 1559 806 istiusmodi
1577 790 1665 815 regna.
2098 797 2105 800 ·
2251 778 2260 790 ’

1243 819 1260 838 L
1271 819 1291 838 V
1303 818 1320 839 C
1332 819 1353 853 ¹R
1366 815 1407 841 ΓΝ
1418 821 1439 840 V
1453 821 1478 841 M
1490 833 1498 846 ,
1519 816 1537 842 i.
1559 825 1583 843 n.
1620 818 1776 843 Datmiorum
1787 817 1820 854 est
1838 820 1947 855 oppidum
1960 823 1986 847 in
2000 826 2094 859 Apulia
2127 835 2157 853 vt
2169 828 2262 864 scribit

1207 849 1370 883 Pompomus
1390 859 1413 882 2,
1434 859 1461 883 4.
1481 852 1527 877 vbi
1541 859 1621 877 tamen
1637 854 1833 889 ²·a‘liu.rl2g.·‘trn‘
1859 855 1996 882 Larinum.
2102 847 2110 860 ²

1240 892 1256 911 L
1270 892 1288 910 v
1301 891 1318 912 C
1333 892 1352 913 R
1366 893 1375 912 1
1388 893 1409 913 N
1423 893 1443 912 V
1456 893 1469 913 S
1492 895 1516 913 et
1535 889 1655 914 Auernus
1678 889 1807 923 [Λαρῖνος
1829 889 1994 926 νμΗἈυρνος]
2021 895 2103 926 lacur,
2121 905 2224 933 vterque
2234 900 2262 926 in

1205 921 1368 961 Baianos-inu
1383 922 1423 958 cst.
1497 924 1531 949 At
1552 924 1682 950 Lucrinus
1702 925 1796 960 Populi
1820 926 1936 952 Romani
1955 937 2018 954 cura
2038 930 2148 963 piscosus
2169 934 2253 962 fastus

1206 956 1382 990 vctfiigaltbus
1396 967 1506 992 operam
1521 960 1697 993 pensantibus.
1739 961 1793 988 vid.
1807 962 1930 988 Seruium
1944 966 2012 997 apud
2025 965 2098 1000 Virg.
2120 968 2218 1004 Georg.
2238 956 2261 998 2,

1206 992 1242 1017 161
1264 993 1304 1018 An
1319 1001 1468 1020 memorem
1482 1002 1583 1028 portus,
1597 995 1769 1029 Lucrinoque
1783 997 1871 1024 addita
1885 998 2003 1030 claustra,
2021 1007 2065 1027 etc.
2252 991 2262 1005 ⁸

1242 1032 1259 1053 L
1273 1033 1319 1054 vc
1332 1033 1351 1054 R
1364 1030 1407 1054 ῑΝ
1419 1035 1479 1063 vs,
1499 1038 1525 1065 a,
1545 1039 1600 1057 um.
1621 1031 1682 1058 Adi.
1704 1033 1854 1068 [Armenoc]
1874 1034 1949 1068 Aqua
1969 1035 2088 1063 Lucrina,
2102 1038 2219 1073 Propert.
2241 1051 2261 1075 1,

1157 1070 1185 1094 25
1204 1070 1238 1098 n,
1253 1072 1280 1089 10
1298 1063 1382 1090 Lacus
1398 1065 1528 1092 Lucrinus
1549 1067 1618 1092 Hor.
1639 1068 1727 1094 Carm-
1741 1076 1762 1100 2,
1777 1077 1843 1100 ¹5⁷3-

1243 1104 1261 1125 L
1272 1105 1292 1125 V
1306 1105 1324 1126 C
1338 1105 1357 1126 R
1371 1107 1381 1127 1
1392 1107 1413 1126 N
1424 1107 1441 1127 Ε
1451 1108 1472 1128 Ν
1483 1108 1496 1127 s
1506 1109 1514 1128 1
1526 1108 1539 1128 s
1550 1123 1558 1135 ,
1579 1111 1602 1128 e.
1622 1104 1698 1130 Mem.
1719 1103 1770 1129 Res
1784 1104 1957 1131 Lucrincnses
1978 1106 2032 1135 Cic.
2049 1109 2102 1136 Att.
2117 1120 2141 1142 4,
2157 1119 2192 1137 10.

1245 1141 1261 1161 L
1275 1141 1296 1161 v
1311 1142 1329 1163 C
1342 1142 1362 1162 R
1375 1142 1396 1162 v
1411 1144 1457 1171 M,
1477 1137 1496 1164 i.
1514 1147 1541 1164 11.
1564 1138 1678 1172 [κέρδος]
1716 1139 1846 1174 Questus.
1906 1142 1961 1168 VM.
1983 1143 2058 1172 Varr.
2080 1145 2109 1171 L.
2132 1145 2162 1172 L.
2183 1156 2206 1178 4,
2227 1150 2263 1179 36.

1207 1170 1278 1197 Ter.
1289 1172 1393 1211 ⁴Heaut.
1410 1183 1433 1206 4,
1447 1185 1471 1209 4,
1485 1182 1513 1204 ες
1533 1173 1592 1213 Nae
1608 1174 1653 1200 illc
1667 1174 1739 1201 haud
1751 1175 1798 1201 scit
1810 1174 1861 1202 hoc
1877 1177 1994 1210 paullum
2010 1179 2075 1206 lucri
2090 1187 2217 1215 quantum
2238 1183 2263 1209 ei

1205 1205 1296 1232 datum
1310 1214 1440 1242 apportet.
1513 1209 1570 1235 Cic.
1585 1209 1668 1237 Tusc.
1682 1220 1704 1244 5,
1719 1220 1735 1243 9
1755 1209 1810 1236 Alii
1826 1212 1932 1238 emendi
1946 1220 1990 1240 aut
2006 1215 2137 1243 vendendi
2158 1218 2265 1251 quaestu

2182 1254 2220 1279 Lu
2245 1254 2259 1268 *⁴

1205 1277 1292 1304 bonus
1307 1279 1344 1305 est
1358 1279 1435 1306 Odor
1453 1290 1484 1307 ex
1498 1289 1526 1307 re
1541 1281 1667 1314 Qialibet
1680 1282 1797 1312 quenal.
1812 1292 1845 1315 14,
1861 1293 1916 1314 204.
2224 1263 2263 1280 cn

1204 1314 1274 1345 lucri
1295 1315 1364 1342 Hor.
1380 1316 1459 1351 Epist.
1474 1326 1492 1348 1,
1506 1326 1539 1349 12,
1556 1327 1588 1349 14.

1203 1349 1269 1376 mun
1282 1350 1397 1385 lucrum,
1418 1353 1473 1380 vid.
1495 1359 1620 1380 BONVS.

1203 1386 1258 1413 vid.
1276 1393 1384 1414 PEREN
1395 1394 1459 1415 le.
1532 1388 1656 1424 Pudenda
1670 1390 1752 1416 Ouid.
1765 1389 1798 1416 de
1812 1393 1877 1418 Arte
1891 1394 1948 1419 Am.
1962 1402 1983 1426 3,
1991 1402 2048 1426 442.

1427 1459 1432 1464 1
1505 1425 1578 1451 Vtile
1601 1425 1682 1452 Plaut.
1695 1425 1770 1460 Capt.
1784 1435 1808 1460 2,
1823 1436 1891 1460 2,75.
1964 1429 2070 1463 leian.
2080 1429 2109 1456 in
2124 1430 2140 1457 l.
2154 1433 2170 1465 j.
2193 1433 2265 1466 Qta-

1202 1467 1263 1484 rum
1276 1467 1369 1498 rernm
1382 1459 1455 1486 acho
1468 1460 1561 1494 datur,
1586 1460 1682 1494 Neque
1698 1462 1771 1488 enim
1792 1469 1933 1490 oneratum
1946 1463 1972 1490 se
1991 1464 2043 1491 hoc
2057 1466 2166 1493 nomine
2180 1468 2264 1502 potest

1205 1503 1282 1527 queri
1299 1494 1421 1528 libertus,
1441 1495 1577 1528 fitlucrurn
1592 1497 1742 1532 Abruptum
1761 1506 1792 1524 ex
1807 1507 1836 1524 re
1849 1500 1952 1533 patroni
1969 1509 2023 1526 non
2037 1501 2139 1529 fecerit.
2179 1508 2186 1518 ¹
2213 1504 2265 1530 Lu-

1203 1538 1279 1556 crum
1291 1529 1434 1565 abruptum
1449 1533 1528 1565 dicit,
1545 1533 1618 1566 quasi
1629 1534 1764 1568 Praeceps,
1785 1541 1810 1559 et
1825 1541 1931 1569 practer
1937 1536 2007 1571 spem
2020 1538 2145 1573 abadum,
2164 1539 2203 1565 ait
2217 1541 2264 1566 Bu.

1201 1567 1284 1591 daem.
1358 1567 1462 1602 Legitur
1475 1575 1498 1593 et
1514 1567 1661 1602 Abreptum
1683 1576 1706 1595 ct
1727 1568 1890 1604 Obruptum.
1961 1569 2072 1599 Afficere
2091 1572 2184 1605 lucro,
2208 1576 2263 1603 vid.

1990 1286 2093 1313 Scabies
2107 1294 2133 1314 ct
2145 1290 2265 1319 contagia

1661 1318 1783 1344 Studium
1797 1318 1865 1345 lucri
1887 1320 1959 1347 Idem
1975 1322 2063 1348 Carm.
2085 1333 2120 1356 12,
2134 1333 2169 1352 25.
2215 1319 2264 1351 lio-

1693 1354 1776 1380 Dulce
1796 1354 1878 1382 Ouid.
1892 1356 1957 1383 Fast.
1971 1366 1996 1392 1,
2017 1367 2068 1391 ¹94.
2140 1360 2266 1394 Perenne,

2121 1395 2263 1423 Sordidum

1434 1604 1504 1630 Hor.
1519 1605 1609 1631 Cat-m.
1630 1614 1647 1637 1,
1660 1614 1685 1638 9,
1700 1613 1725 1635 14

1402 1639 1476 1672 Qtid
1491 1639 1521 1666 fit
1540 1640 1661 1666 futurum
1681 1648 1748 1672 cras,
1769 1640 1832 1673 fuge
1854 1649 1997 1674 quaerere:
2017 1647 2044 1669 et
2067 1666 2078 1671 ..

1401 1675 1491 1707 Qiem
1512 1675 1568 1701 sors
1586 1675 1693 1701 dierum
1713 1684 1818 1709 cunque
1838 1675 1926 1708 dabit,
1952 1676 2028 1703 lucro

1403 1711 1524 1744 Appone.
1779 1711 1849 1738 Ter.
1869 1711 1977 1739 Phorm.
1997 1721 2026 1743 2,
2047 1723 2067 1748 1,
2081 1722 2104 1740 21
2125 1717 2163 1748 (1,
2183 1723 2205 1749 5,
2220 1716 2266 1747 16)

1203 1744 1347 1779 Qudquid
1366 1753 1473 1780 praeter
1490 1746 1561 1780 spem
1583 1746 1704 1779 eueniet,
1732 1755 1813 1773 omne
1831 1746 1859 1773 id
1877 1748 2019 1783 Deputabo
2039 1749 2068 1776 in
2088 1749 2174 1778 lucro.
2196 1751 2268 1778 'Cic.

91 1775 164 1806 ellari
175 1776 235 1802 sunt
247 1783 262 1801 a
274 1774 496 1811 Lucere—Ardeae
509 1783 587 1809 rege,
606 1775 654 1810 qui
674 1775 778 1802 auxilio
800 1775 861 1803 fuit,
873 1776 992 1803 Romulo
1013 1777 1138 1804 aduersus
1154 1786 1185 1810 45
1203 1781 1283 1808 Verr.
1304 1790 1324 1814 3,
1339 1790 1366 1813 72
1386 1782 1504 1817 Imperat
1531 1782 1739 1816 Agyrinensibus
1755 1790 1784 1808 vt
1803 1781 1926 1810 decumas
1945 1784 1993 1819 ipfi
2009 1784 2115 1819 publice
2127 1786 2268 1822 accipiant,

103 1811 188 1838 atium
208 1809 327 1838 bellanti.

107 1853 212 1874 LVCE
224 1850 309 1874 RE'N
321 1853 364 1875 sn
377 1852 410 1880 s,
429 1854 453 1872 et
475 1852 554 1874 ch
568 1852 587 1874 E
599 1852 653 1874 ΒΤ
665 1853 681 1874 E
694 1854 727 1880 s,
747 1847 827 1874 Iidem
840 1847 888 1882 qui
903 1848 1028 1875 Luceres.
1051 1849 1118 1877 Fest.

106 1889 154 1910 LV
164 1889 181 1910 c
193 1888 210 1910 Ε
223 1889 244 1910 R
256 1889 267 1910 1
279 1889 322 1919 A,
341 1891 380 1910 ae.
403 1883 424 1910 f.
444 1883 588 1918 [Λκκεςία]
613 1882 646 1916 cst
665 1883 837 1911 Dauniorurn
849 1884 958 1911 colonia
978 1885 1009 1911 in
1031 1885 1137 1920 Apulia,

70 1919 129 1955 teste
142 1919 232 1946 Plinio
245 1929 267 1952 3,
283 1929 312 1946 11.
385 1920 440 1946 Arx
459 1918 603 1957 Lucerian
614 1919 714 1946 Lucan.
738 1929 773 1960 2‚·
786 1929 836 1953 473.
910 1921 980 1949 Hor.
1002 1922 1091 1948 Carm.
1113 1932 1136 1955 3,

1203 1817 1326 1850 Apronio
1340 1817 1444 1845 lucrum
1456 1819 1536 1847 Dent.
1610 1820 1642 1843 Et
1653 1817 1734 1853 padi?
1743 1818 1803 1854 f‘fi,
1824 1820 1914 1852 Qare
1928 1819 2036 1855 putabas
2050 1822 2148 1848 emtori
2163 1822 2266 1850 lucrum

1202 1852 1264 1879 addi
1279 1855 1423 1887 oportere?
1457 1854 1553 1880 Facere
1567 1853 1671 1880 lucrum
1692 1854 1774 1881 Fiant.
1791 1855 1865 1889 capt.
1881 1864 1903 1888 2,
1918 1865 1940 1888 2,
1954 1866 1992 1889 77.
2066 1857 2122 1884 Cic.
2143 1859 2220 1886 Vcrr.
2243 1869 2264 1892 3,

1202 1890 1233 1917 86
1255 1889 1404 1922 Qiomodo
1420 1889 1504 1924 igitur
1523 1889 1575 1916 hoc
1590 1890 1716 1923 ail'equar,
1735 1890 1848 1923 Iudices,
1866 1897 1896 1918 vt
1913 1892 1992 1919 sciam
2007 1892 2074 1919 lucri
2090 1900 2217 1927 quantum
2227 1895 2265 1922 fa-

1202 1924 1276 1951 Gtum
1291 1924 1338 1951 fit?
1411 1925 1510 1952 Facere
1531 1925 1600 1952 lucri
1621 1935 1679 1952 rem
1696 1925 1791 1952 dicitur
1806 1933 1851 1961 pro
1871 1928 1960 1954 Facere
1978 1929 2074 1954 lucrum
2091 1930 2196 1956 alicuius
2218 1932 2265 1957 rei.

68 1964 140 1987 15213
161 1956 208 1982 Te
222 1955 296 1982 lanae
304 1964 387 1990 prope
395 1954 516 1982 nobilem
552 1955 664 1982 Tonsae
677 1956 829 1990 Luceriam,
843 1965 899 1983 non
906 1957 1023 1987 citharae
1031 1957 1134 1985 decent.
1152 1966 1185 1989 50
1202 1960 1296 2000 Nepos
1315 1966 1346 1994 8,
1367 1970 1386 1994 1,
1406 1971 1418 1993 3
1445 1963 1521 1995 Quae
1542 1961 1587 1987 ille
1607 1961 1732 1987 Vniuersa
1750 1962 1864 1987 naturali
1884 1963 2001 1995 quodam
2022 1963 2095 1990 bono
2113 1964 2176 1990 fecit
2188 1965 2265 1993 lucri.

108 1997 126 2017 L
139 1997 160 2016 v
175 1996 316 2024 CERVS‚
329 1991 348 2018 i.
366 2001 403 2019 m.
441 1990 543 2018 Ardeae
555 2000 619 2024 rex,
637 1992 685 2026 qui
703 1992 809 2019 auxilio
828 1992 882 2019 fuit
901 1993 1020 2027 Romulo
1041 2000 1136 2020 contra

73 2027 188 2054 Tatium
207 2027 307 2062 Festus,
326 2027 380 2054 vid.
408 2033 426 2053 L
436 2033 459 2052 ν
471 2033 489 2053 c
501 2032 519 2052 E
530 2033 550 2053 R
562 2033 580 2053 E
596 2034 623 2053 s.

106 2062 743 2095 LVCERNA‚LVCESCO‚vid.va.
926 2068 927 2072 ¹

106 2102 124 2122 L
137 2103 158 2122 v
171 2103 189 2124 c
203 2103 223 2122 E
233 2103 256 2123 'r
266 2103 278 2122 1
288 2104 309 2128 v
319 2104 350 2129 s,
369 2097 389 2122 i.
408 2105 445 2122 m.
482 2096 578 2121 Dictus
590 2095 628 2120 est
639 2095 838 2128 Iupiteraluce,
850 2102 930 2128 quam
946 2093 1078 2129 praestare
1086 2093 1134 2121 ho-

69 2131 189 2158 minibus
202 2132 352 2166 putabatur.
369 2131 402 2158 sic
417 2132 486 2158 Iuno
501 2129 620 2163 Lucefia,
640 2129 714 2163 quod
726 2130 793 2156 lucis
807 2130 883 2155 causa
895 2129 934 2158 sit.
959 2129 1026 2156 Fest.
1060 2126 1134 2159 Seru.
1156 2136 1184 2159 55
1202 2141 1220 2166 1,
1236 2142 1256 2164 3,
1271 2135 1312 2162 68.

68 2169 106 2194 ad
115 2168 191 2201 Virg.
204 2168 270 2194 Aen.
284 2176 310 2200 9,
321 2176 377 2199 570.
421 2165 490 2192 Gell.
502 2174 524 2197 5,
539 2173 570 2192 12.

107 2209 224 2235 LVC1,
256 2202 325 2229 Adu.
371 2205 588 2230 chtnvS‚
627 2203 846 2232 LVC1FER,
887 2205 1133 2235 chxrvGA,

67 2239 122 2265 vid.
151 2246 168 2265 L
186 2244 208 2263 v
228 2243 260 2266 X.

105 2281 123 2302 L
133 2280 154 2299 v
167 2280 186 2301 c
198 2281 238 2301 11,
251 2280 262 2300 1
273 2279 295 2298 ν
304 2279 318 2299 s
327 2292 336 2304 ,
363 2271 383 2298 i.
400 2280 437 2298 m.
463 2272 607 2306 [Auxume]
634 2271 728 2296 Nomen
748 2271 846 2304 Poitae,
866 2270 912 2304 qui
919 2271 1034 2305 primus,
1053 2279 1084 2297 vt
1095 2272 1134 2297 ait

66 2310 170 2338 Plinius
181 2309 212 2336 in
225 2308 311 2336 Praef.
322 2307 382 2335 Stili
395 2308 489 2334 nasum
502 2306 633 2339 condidit,
653 2306 671 2332 ι’.
680 2305 784 2340 scripfie
798 2306 906 2332 Satius.

68 2356 89 2377 1,
102 2356 127 2381 4,
141 2348 156 2372 6
176 2345 250 2372 Hinc
262 2344 351 2371 omnis
365 2343 464 2378 pendet
477 2342 608 2376 Lucilius,
622 2342 701 2368 hosce
719 2341 830 2367 secutus.
870 2356 873 2357 ν

67 2382 146 2408 cilius
159 2381 256 2414 Bassus,
275 2380 354 2406 malus
367 2381 450 2405 Porta.
522 2377 579 2411 Cic.
595 2378 648 2406 Att.
664 2386 699 2412 12,
710 2386 726 2409 ,ς
746 2377 815 2404 Cato
828 2385 871 2403 me
884 2376 993 2411 quidem
1029 2378 1134 2415 defiat,

68 2417 112 2445 sed
127 2417 206 2444 etiarn
221 2417 322 2443 Bassum
335 2414 472 2441 Lucilium
487 2414 541 2440 sua.

105 2460 124 2480 L
137 2460 158 2479 V
167 2459 186 2480 C
198 2458 209 2479 1
221 2457 239 2478 L
250 2458 262 2479 1
275 2457 299 2478 A
310 2457 333 2477 N
343 2456 364 2476 v
380 2456 393 2477 s
405 2471 414 2484 ,
435 2447 466 2484 a,
480 2459 535 2476 um.
556 2448 618 2476 Adi.
673 2447 759 2475 Filius
778 2448 935 2477 Lucilianus
955 2450 1012 2479 Cic.
1027 2452 1080 2479 Art.
1097 2453 1131 2486 16,

64 2499 96 2516 11.
133 2487 295 2515 CharaGtere
309 2486 450 2513 Luciliano
463 2484 551 2513 libelli
571 2487 649 2512 Varr.
663 2484 695 2511 de
707 2485 740 2513 R.
757 2485 789 2512 R.
813 2495 837 2520 3,
849 2495 872 2513 2.
1020 2515 1023 2518 ,

102 2531 151 2552 Lv
161 2530 178 2551 C
188 2526 201 2551 Ῑ
211 2530 234 2551 N
245 2531 285 2557 A,
305 2531 345 2550 ae.
366 2522 386 2549 f.
405 2522 472 2548 dida
483 2521 514 2559 est
534 2523 611 2555 Iuno,
631 2530 695 2555 quae
711 2523 801 2556 partui
815 2520 928 2557 praeest,
952 2524 1019 2557 quod
1025 2529 1129 2557 partum

56 2562 133 2597 ferat
146 2562 173 2587 in
189 2561 286 2588 lucem.
359 2560 422 2585 Sunt
436 2559 480 2593 qui
492 2568 508 2584 a
521 2558 583 2585 luco
595 2559 727 2590 deducunt,
747 2557 792 2592 qui
804 2559 894 2583 Romae
913 2560 1003 2583 Iunoni
1010 2560 1084 2595 sacer
1095 2559 1128 2594 2st

63 2599 91 2624 in
105 2597 239 2632 Exquiliis.
277 2595 344 2622 Plin.
361 2597 398 2628 16,
411 2603 458 2628 44.
496 2594 579 2621 Ouid.
594 2593 660 2620 Fast.
675 2602 698 2623 2,
712 2602 760 2633 449
781 2593 875 2620 Gratia
895 2594 1028 2628 Lucinae,
1055 2595 1129 2622 dedit

61 2634 127 2660 haec
145 2632 197 2659 tibi
217 2631 329 2660 nomina
347 2631 436 2658 lucus:
492 2632 545 2657 Aut
565 2630 629 2665 quia
647 2628 811 2665 prinupium
831 2636 859 2656 tu
879 2629 927 2656 dea
947 2630 1014 2657 lucis
1038 2630 1128 2658 habes.

92 2670 134 2696 dd.
146 2669 180 2695 ib.
199 2677 226 2695 v.
272 2677 289 2694 1.

62 2673 422 2740 fparientibuffinvocatur,
442 2703 506 2743 quia
517 2702 659 2738 proprium
679 2702 736 2728 eius
757 2710 854 2728 munus
873 2702 909 2728 est
928 2703 1077 2730 distendere
1091 2704 1127 2730 ri-

61 2750 118 2768 mas
132 2740 266 2775 corporis,
287 2746 313 2766 et
326 2739 457 2769 meatibus
471 2747 544 2766 viam
557 2739 631 2765 dare:
669 2737 742 2771 quod
757 2738 929 2765 accelerando
945 2739 1034 2773 partui
1047 2740 1084 2766 est
1091 2740 1127 2766 sa-

60 2778 154 2805 lutare.
232 2777 284 2803 Vox
294 2776 464 2810 parturientis
483 2776 552 2802 Iuno
564 2774 665 2801 Lucina
676 2774 718 2800 fer
735 2783 816 2809 opem
834 2775 905 2802 Ter.
920 2775 1002 2802 Andr.
1019 2786 1040 2809 3,
1054 2786 1074 2810 1,
1094 2786 1127 2807 ις.

36 2820 38 2823 ’
61 2815 131 2840 Add.
145 2813 227 2839 Plaut.
242 2811 300 2838 Aul.
316 2821 341 2846 4,
355 2821 377 2846 7,
392 2821 421 2838 11.
458 2811 556 2838 Catuli.
573 2811 662 2838 earm.
675 2810 775 2837 Saecul.
789 2820 816 2838 v.
831 2819 870 2844 35.
943 2811 1061 2846 Lucina,
1083 2812 1127 2839 Ili.

61 2849 146 2882 thyia,
166 2845 303 2880 Genialis3
340 2849 409 2873 Idem
422 2847 492 2874 Hor.
507 2847 535 2873 in
549 2848 638 2874 Carm.
652 2846 794 2877 Saecul.15.

62 2884 139 2920 Virg.
154 2884 207 2912 Ecl.
227 2895 252 2917 4,
266 2893 304 2910 10.
378 2883 493 2917 Experta
513 2882 618 2910 labores
639 2882 757 2909 Lucinae
787 2882 861 2909 Idem
881 2883 980 2917 Georg.
995 2894 1018 2917 4,
1033 2894 1087 2917 340.
1109 2896 1127 2911 ι.

56 2921 146 2956 fieta,
166 2930 227 2955 quae
238 2919 342 2955 peperit.
414 2919 532 2945 fauente
544 2919 646 2946 Lucina
659 2919 773 2953 pignora
783 2918 848 2946 bina
861 2919 924 2946 dedi
944 2920 1026 2946 Ouid.
1045 2920 1126 2955 Epist,

63 2958 88 2990 6,
103 2966 150 2984 122.
225 2956 281 2982 Pati
295 2954 442 2988 Lucinam,
461 2956 558 2981 Parere
578 2955 653 2989 Virg.
669 2955 768 2990 Georg.
782 2965 804 2988 3,
823 2958 867 2984 60.
939 2956 1019 2983 Parce
1032 2966 1128 2991 precor

67 2992 185 3028 grauidis
198 2991 286 3018 facilis
301 2991 403 3018 Lucina
415 2990 512 3026 puellis
533 2990 694 3018 Ouid.‘Fast.
713 2999 735 3023 2,
749 3001 804 3025 45¹-

1149 2490 1180 2520 65
1194 2488 1228 2515 dc
1244 2489 1319 2516 Orat.
1337 2499 1359 2516 c.
1382 2499 1414 2516 12.

361 2666 484 2694 Macrob.
498 2668 601 2694 Saturn.
616 2676 629 2699 7
653 2675 676 2692 c.
692 2665 740 2692 vlt.
762 2665 876 2699 Lucina,
897 2675 965 2700 quae
984 2667 1060 2694 Luna
1080 2668 1126 2701 est,
1144 2676 1177 2700 70

868 2847 943 2873 Casta
957 2848 1017 2874 fane
1023 2849 1126 2890 Lucina
1146 2853 1174 2878 75

1179 2995 1224 3024 D.
1244 2995 1276 3021 de
1297 2994 1353 3021 doli
1365 2994 1427 3021 mali
1441 3001 1542 3028 except.

1201 1996 1329 2029 Ligurirc
1342 1997 1426 2028 lucra,
1446 1998 1501 2022 vid.
1523 2001 1585 2021 Lles
1595 2001 1699 2021 VRIO.
1771 1995 1829 2021 Cic.
1843 2004 1893 2029 pro
1907 1997 1988 2023 Flacc.
2003 2007 2036 2028 40
2057 1999 2200 2031 Qiiescant
2213 2000 2264 2027 iai-

1201 2035 1246 2053 tur
1259 2035 1285 2053 et
1300 2038 1343 2053 me
1356 2029 1408 2053 hoc
1422 2029 1452 2053 in
1467 2029 1543 2054 lucro
1563 2037 1680 2062 ponere,
1700 2033 1779 2062 atque
1792 2030 1863 2056 aliud
1876 2039 1953 2065 agere
1973 2033 2115 2067 patiantur.
2187 2022 2263 2063 Idi’m

1200 2061 1273 2087 Fam.
1286 2071 1310 2094 7,
1325 2070 1353 2093 24
1373 2062 1403 2088 Id
1418 2071 1468 2096 ego
1478 2063 1507 2089 in
1520 2062 1600 2089 lucris
1614 2073 1697 2098 pono.
1733 2065 1808 2091 Idem
1826 2065 1942 2100 Philipp.
1957 2078 1978 2101 3,
1996 2077 2026 2100 30
2047 2078 2069 2096 c.
2092 2079 2114 2095 12
2136 2070 2261 2105 Reliquas

1199 2105 1241 2122 res
1256 2096 1288 2123 ad
1302 2096 1419 2131 lucrum,
1436 2098 1613 2134 praedamque
1632 2101 1808 2128 reuocauerit.
1883 2102 1938 2129 Effe
1946 2103 1975 2129 in
1990 2104 2065 2131 lucro
2082 2105 2261 2135 Ouid.Trist.

1313 2168 1318 2172 .
1386 2134 1427 2160 Est
1441 2133 1515 2161 lucro
1536 2135 1619 2162 Plaut.
1633 2135 1694 2161 Mil.
1705 2145 1727 2170 3,
1743 2145 1760 2167 1,
1776 2143 1818 2165 80.
1890 2138 1948 2164 Cic.
1964 2138 2077 2174 Philipp.
2095 2147 2129 2173 13,
2142 2151 2175 2173 40
2195 2143 2262 2176 Qti-

1199 2167 1248 2194 bus
1266 2174 1320 2194 vtri
1334 2168 1455 2196 nostrum
1470 2170 1623 2202 ceciderint,
1646 2169 1723 2195 lucro
1737 2170 1858 2196 futurum
1871 2172 1915 2198 est.
1987 2174 2028 2200 Est
2049 2175 2132 2209 lucri,
2153 2177 2262 2213 Prodest.

1198 2204 1269 2230 Ter.
1284 2203 1391 2230 Phorm.
1407 2214 1426 2238 1,
1441 2213 1464 2236 2,
1479 2214 1499 2231 n
1520 2203 1576 2229 Vbi
1596 2203 1661 2237 quid
1679 2204 1749 2230 mihi
1769 2206 1836 2232 lucri
1856 2206 1893 2233 est
1913 2213 1938 2234 te
1950 2208 2059 2236 fallere?
2131 2211 2171 2238 De
2184 2213 2261 2241 lucro

1199 2238 1262 2278 iam.
1274 2238 1483 2272 quadriennium
1502 2239 1629 2265 Viuimus
1650 2239 1707 2266 Cic.
1726 2241 1800 2268 Fam.
1824 2251 1849 2274 9,
1872 2251 1904 2274 ¹7-
1925 2246 1989 2271 med.
2067 2245 2184 2280 Lucrus,
2210 2258 2264 2276 ma.

1198 2273 1303 2300 sculino
1314 2283 1424 2307 genere,
1445 2274 1502 2311 teste
1515 2274 1611 2302 Nonio
1625 2285 1646 2307 3,
1662 2284 1699 2310 119
1719 2279 1787 2312 apud
1811 2278 1931 2306 Plautum
1957 2280 2026 2307 Pers.
2044 2291 2069 2314 4,
2091 2292 2114 2315 3,
2128 2291 2154 2315 23
2179 2283 2261 2312 Nunc

962 2306 1031 2333 Hor.
1051 2307 1134 2369 Sefin.
1149 2308 1184 2333 60
1199 2318 1229 2335 ea
1243 2310 1368 2340 narrabo,
1388 2309 1459 2336 vnde
1472 2317 1501 2337 tu
1513 2311 1692 2346 pergrandem
1706 2311 1811 2339 lucrum
1826 2314 1915 2342 facias.
1935 2316 1968 2342 al.
1979 2318 2132 2351 pergrande.

1052 2352 1066 2369 2
1107 2352 1136 2369 u-

1237 2351 1254 2371 L
1266 2352 1287 2371 V
1300 2351 1318 2372 C
1333 2352 1351 2372 R
1362 2348 1406 2373 68
1421 2352 1443 2371 v
1454 2353 1466 2372 S
1477 2368 1483 2375 .
1503 2356 1526 2380 a,
1546 2356 1601 2373 um.
1623 2347 1682 2375 Adi.
1704 2348 1859 2388 [κερδαλέης]
1881 2351 1983 2377 Plenum
1991 2354 2066 2379 lucro.
2104 2353 2170 2382 Plin.
2184 2361 2218 2388 18,
2233 2365 2259 2389 31

1197 2380 1227 2407 Id
1243 2390 1375 2416 peraeque
1390 2382 1599 2410 lucrofissimum.
1638 2383 1712 2410 Idem
1723 2393 1760 2417 37,
1774 2393 1797 2412 12
1816 2386 1913 2420 Neque
1926 2387 1963 2414 est
1978 2388 2032 2415 vlla
2046 2388 2118 2415 fraus
2137 2391 2207 2418 vitae
2220 2392 2259 2418 lu-

1197 2417 1305 2444 crosior.
1380 2419 1453 2444 Bona
1466 2418 1546 2445 Caius
1561 2419 1590 2445 in
1605 2418 1623 2446 l.
1638 2419 1711 2447 Eius.
1732 2421 1766 2447 D.
1788 2420 1821 2447 de
1834 2422 1935 2449 testam.
2005 2424 2089 2451 Dolus
2110 2426 2215 2461 leian.
2229 2427 2259 2454 in

1196 2452 1214 2479 1.
1231 2463 1241 2485 3
1270 2454 1301 2480 D.
1318 2453 1350 2480 de
1363 2453 1457 2481 tribut.
1472 2454 1572 2482 afflon.
1644 2455 1805 2490 Eloquentia
1821 2457 1933 2489 lucrosa,
1946 2464 1974 2485 et
1992 2460 2149 2495 sanguinans
2167 2463 2259 2492 Tacit.

1485 2491 1571 2517 Poena
1584 2490 1620 2518 est
1634 2489 1737 2519 lucrosa
1748 2493 2035 2522 Poetaefottidsrrist.
2055 2505 2078 2532 2,
2106 2507 2166 2534 507.
2204 2500 2258 2526 Vo-

1195 2524 1280 2559 luptas
1299 2525 1374 2552 Idem
1387 2527 1482 2553 Amor.
1499 2536 1517 2559 1,
1533 2536 1571 2560 10,
1586 2536 1621 2559 35.

1232 2568 1249 2587 L
1262 2563 1437 2589 VCR6SE.
1470 2563 1538 2590 Adu.
1581 2564 1656 2591 Idem.
1695 2563 1811 2591 Hieron.
1845 2564 1877 2592 de
1901 2566 2010 2594 Custod.
2041 2566 2115 2603 Virg.
2138 2568 2216 2604 Epist.
2231 2579 2256 2597 22

1192 2606 1215 2637 c:
1229 2606 1241 2627 5
1263 2597 1316 2624 Sub
1338 2597 1465 2659 vlirginali
1479 2598 1591 2625 nomine
1606 2599 1733 2627 lucrosius
1746 2607 1863 2635 pereant.
1900 2603 1951 2628 Sed
1960 2605 2000 2631 M.
2013 2603 2135 2630 Viam-ius
2148 2605 2185 2631 ibi
2197 2606 2256 2633 Tu-

1193 2639 1247 2659 tius
1274 2643 1346 2659 mauu
1358 2641 1377 2661 t.

1230 2676 1248 2696 L
1260 2675 1279 2694 v
1294 2675 1311 2695 c
1324 2676 1341 2696 Ε
1354 2677 1371 2696 L
1385 2675 1402 2696 L
1413 2677 1435 2695 v
1446 2677 1472 2696 Μ
1482 2691 1490 2704 ,
1516 2670 1537 2697 1.
1562 2680 1590 2698 11.
1617 2670 1719 2698 Dimin.
1747 2670 1902 2706 [κερδὸφιαν]
1934 2671 1991 2700 Cic.
2013 2674 2091 2701 Vct-r.
2106 2684 2129 2708 3,
2141 2685 2169 2709 72
2189 2686 2210 2704 c.
2226 2686 2256 2710 30

1192 2705 1255 2740 Age,
1272 2706 1337 2739 quid
1355 2707 1432 2732 tum?
1448 2706 1466 2732 fi
1483 2707 1606 2741 Apronio
1613 2706 1718 2733 deliciis
1726 2707 1857 2734 Praetoris
1866 2707 1956 2734 lucelli
1964 2709 2067 2744 aliquid
2078 2710 2137 2737 -iuffi
2146 2713 2204 2739 sunt
2213 2712 2254 2739 da-

1190 2750 1229 2774 re,
1252 2748 1342 2775 putate
1355 2742 1477 2776 Apronio
1492 2743 1596 2770 datum:
1618 2742 1637 2769 si
1656 2744 1842 2777 Apronianum
1857 2744 1993 2776 lucellum,
2014 2754 2042 2772 ac
2056 2748 2255 2775 nonPraetoria

1191 2778 1288 2812 praeda
1301 2777 1379 2804 vobis
1394 2778 1541 2806 videbitur.
1615 2779 1700 2805 Dulce
1713 2779 1839 2806 lucellum
1859 2780 1928 2806 Hor.
1943 2780 2022 2815 Epist.
2037 2791 2056 2815 1,
2071 2789 2105 2816 18,
2119 2793 2170 2811 102.
2206 2784 2254 2812 Fa.

1191 2823 1250 2840 cere
1263 2814 1366 2848 aliquid
1378 2814 1469 2841 lucelli
1489 2815 1544 2842 Cic.
1560 2815 1638 2841 Verr.
1653 2825 1665 2847 3
1685 2824 1707 2842 c.
1723 2825 1763 2848 44.

1232 2857 1248 2876 L
1264 2857 1283 2876 V
1297 2856 1314 2876 C
1327 2857 1345 2876 R
1357 2856 1380 2877 A
1393 2856 1415 2877 Τ
1428 2852 1473 2877 fv
1484 2857 1546 2883 Vs,
1568 2860 1600 2883 a,
1622 2860 1675 2878 um.
1695 2851 1755 2877 Adi.
1810 2850 1931 2878 Iulianus
1947 2850 1976 2877 in
1996 2851 2014 2878 1.
2035 2853 2142 2881 Omnes.
2166 2855 2197 2881 D.
2220 2854 2251 2881 de

1191 2886 1291 2913 aelion.
1303 2892 1329 2913 et
1342 2886 1426 2921 oblig.
1448 2887 1547 2913 Omnes
1562 2886 1705 2919 debitores,
1724 2886 1771 2920 qui
1784 2886 1896 2920 speciem
1914 2895 1947 2913 ex
1961 2889 2036 2914 causa
2059 2889 2189 2916 lucratiua
2208 2890 2250 2916 de·

1192 2922 1265 2953 bent.
1280 2922 1436 2955 liberantur,
1457 2932 1540 2956 quum
1553 2931 1583 2948 ea
1596 2923 1693 2957 species
1707 2931 1739 2948 ex
1748 2922 1821 2949 causa
1833 2921 1964 2950 lucratiua
1978 2923 2009 2950 ad
2018 2925 2175 2951 creditorem
2192 2934 2248 2959 per-

1191 2959 1312 2985 venisset.
1350 2958 1497 2992 Aequifitio
1512 2958 1641 2985 lucratiua
1659 2957 1764 2993 leian.
1778 2958 1808 2984 111
1821 2958 1838 2985 l.
1861 2959 1938 2992 Apud
1952 2959 2066 2986 Celsum.
2087 2962 2111 2994 §.
2126 2960 2249 2986 Auctoris

1617 2994 1706 3028 Opera
1724 2994 1855 3021 lucratiua
1874 2994 2007 3028 Quinctil.
2028 3005 2072 3028 10,
2091 3005 2133 3028 727
2153 3004 2178 3029 p.
2193 3002 2246 3030 958.

96 3035 119 3056 Δ1.
129 3035 151 3056 ν
161 3035 178 3055 c
189 3029 202 3055 1”
214 3034 237 3054 N
249 3034 271 3053 v
281 3033 294 3054 s
305 3048 314 3060 ,
335 3036 361 3058 a,
384 3036 439 3054 um.
477 3027 569 3054 Horae
588 3026 716 3058 Lucinae,
735 3028 752 3054 i.
780 3029 876 3061 Horae,
896 3028 1092 3062 quibusedimur
1099 3030 1127 3055 in
1144 3037 1177 3062 80
1193 3031 1244 3057 Sed
1251 3040 1300 3057 vox
1314 3031 1450 3071 Luat-agina
1457 3029 1571 3066 suspcffla
1584 3029 1618 3066 est
1631 3031 1783 3057 Bumnanno.
1809 3031 1863 3056 Vid.
1879 3040 1931 3056 eum
1946 3032 1982 3056 ad
1993 3032 2037 3056 loc.
2052 3031 2092 3055 cit.

63 3064 139 3090 lucem
156 3063 282 3092 Prudent.
295 3070 387 3090 contra
401 3063 549 3095 Symmach.
563 3064 585 3096 2,
593 3072 642 3091 222.
663 3065 731 3090 Deus
743 3064 865 3098 loquitur,
887 3064 944 3099 Ipse
951 3073 1002 3100 ego
1009 3066 1067 3092 sum
1080 3081 1126 3086 —-

65 3098 96 3135 Et
109 3100 154 3133 qui
167 3099 279 3127 Lucinas
294 3099 387 3126 tribuo
403 3098 569 3126 nascentibus
585 3099 675 3126 horas.

103 3140 323 3168 ch1N1A‚
343 3144 382 3162 ae.
401 3137 457 3163 vid.
480 3141 713 3163 LvsclNlA.

106 3175 124 3195 L
134 3176 154 3195 V
163 3177 181 3198 Φ
192 3179 204 3198 1
215 3178 236 3198 v
249 3178 263 3199 s
273 3193 281 3205 ,
302 3171 321 3199 i.
340 3182 376 3198 m.
396 3171 516 3207 [Λάκιος]
537 3173 691 3198 Praenomeu
705 3172 775 3206 apud
785 3173 904 3199 Romanos
911 3171 978 3207 fuit.
1015 3174 1126 3207 Lucius,

67 3205 122 3236 (ait
135 3205 273 3241 Pompeius
285 3208 393 3239 Festus)
413 3217 577 3243 praenomen
591 3207 628 3234 est
642 3208 710 3242 eius,
730 3208 779 3242 qui
798 3208 904 3235 oriente
920 3209 978 3236 luce
991 3217 1066 3236 natus
1079 3210 1124 3237 cst.
1143 3217 1172 3246 ες

65 3242 155 3267 Varro
168 3239 199 3266 de
209 3242 239 3270 L.
257 3243 288 3271 L.
310 3253 333 3277 5,
352 3254 365 3271 2
392 3245 481 3280 Lucii,
518 3244 565 3279 qui
586 3244 673 3280 prima
692 3242 752 3270 luce
770 3245 921 3272 nascuntur.
993 3248 1064 3273 Add.
1086 3246 1123 3273 ib.

66 3281 81 3308 8
93 3297 102 3310 ,
123 3282 149 3308 38
176 3283 239 3303 extr.

105 3319 122 3338 L
132 3318 152 3337 v
163 3318 179 3338 C
190 3318 200 3337 1
212 3317 303 3353 POR,
322 3315 386 3343 oris.
406 3326 443 3343 111.
479 3317 552 3344 Lucii
563 3322 626 3352 puer
639 3316 683 3341 vel
690 3315 789 3351 seruus.
826 3316 894 3344 Plin.
908 3327 942 3350 33,
964 3327 972 3344 1
985 3319 1004 3345 s.
1025 3320 1043 3344 6
1062 3318 1123 3344 Hoc

66 3347 204 3383 profecere
217 3350 408 3382 manetpiorum
422 3351 550 3387 legiones,
569 3358 595 3378 et
610 3352 639 3378 in
654 3352 737 3379 domo
749 3352 829 3380 turba
843 3359 966 3387 externa,
986 3363 1014 3380 ac
1035 3355 1123 3379 seruo-

67 3393 129 3411 rum
141 3385 338 3424 quoque-causa
353 3388 537 3420 nomenclam
556 3388 733 3415 adhibendus,

67 3419 162 3460 singuli
176 3420 350 3453 Marelpores,
369 3422 555 3458 Luciporesue,
575 3424 750 3452 dominorum
764 3425 888 3460 gentiles,
907 3426 1011 3454 victum
1024 3434 1053 3452 in
1060 3434 1123 3461 pro·

67 3457 169 3483 miscuo
189 3454 330 3482 habebant.

105 3498 124 3519 L
140 3496 157 3515 v
168 3496 186 3518 c
197 3497 234 3525 ο,
254 3495 309 3517 are.
328 3492 394 3517 vnde
409 3496 557 3529 compostum
570 3502 589 3524 c
599 3503 644 3524 01„
658 3503 675 3523 ι,
690 3503 712 3522 ν
725 3503 743 3524 c
755 3503 775 3523 ο
784 3515 794 3528 ,
813 3506 839 3524 v,
856 3506 882 3524 v,

104 3535 122 3554 1.
132 3534 153 3553 V
164 3534 183 3554 c
195 3533 216 3555 Ο
227 3534 254 3554 Μ
266 3528 349 3567 §.D-1,
367 3535 453 3566 orurn.
480 3538 516 3558 m.
540 3533 564 3558 A
583 3532 650 3559 duce
668 3533 715 3559 suo
736 3533 859 3560 Lucomo
885 3532 967 3565 (Scal.
976 3532 1123 3569 suspicatur

69 3564 242 3597 Lucomone)
262 3562 344 3604 dicti:
381 3570 427 3596 qm
441 3564 528 3596 postea
539 3567 697 3596 Lucerenses
710 3568 776 3596 dieti
792 3570 860 3596 sunt.
898 3570 994 3596 Festus.

62 3599 285 3639 fif·inte²‘preta›‘1'
297 3599 354 3624 lice?
373 3599 450 3638 PsPP·
465 3608 490 3630 4,
504 3607 526 3638 ἓ,
538 3611 563 3631 51
582 3604 725 3639 Tempore
739 3614 794 3638 quo
807 3606 887 3632 sociis
900 3606 974 3631 venit
994 3605 1124 3632 Lucome-

70 3634 129 3660 dius
143 3643 233 3668 aruns,
254 3636 340 3669 Atque
354 3633 451 3660 Sabina
464 3634 517 3660 feri
530 3639 648 3666 contudit
661 3649 734 3668 arma
748 3641 826 3668 Tati.
900 3641 982 3667 Etiam
990 3642 1122 3669 Lucumo-

70 3670 132 3696 nius
161 3671 212 3706 legi
221 3672 280 3696 vult
292 3672 326 3697 lo.
341 3670 461 3705 Goropius
476 3671 543 3703 apud
552 3671 672 3702 Brona-kh.
708 3678 756 3703 Sed
762 3678 793 3710 fi
801 3686 861 3704 vere
873 3677 952 3713 Festus
962 3699 972 3711 ,
992 3677 1123 3705 Lucome-

71 3704 129 3731 dius
150 3706 186 3742 est
199 3713 248 3741 per
267 3707 434 3740 Synecdochen
445 3706 547 3741 positum
555 3713 602 3740 pro
615 3710 722 3745 plurali,
748 3714 802 3740 vid·
818 3720 978 3742 LVCVMO·

108 3742 661 3775 LVCRENSEs‚vid.LVCEREs.
749 3762 752 3764 ,

106 3782 157 3818 LV
167 3783 184 3804 c
196 3783 218 3805 R
227 3783 245 3804 Ε
256 3783 280 3804 Τ
292 3784 301 3804 1
313 3784 334 3804 A
345 3799 353 3811 ,
373 3786 422 3819 δε..
433 3777 451 3804 f
473 3779 608 3819 [Aunenrlfc
615 3779 636 3820 J
647 3779 712 3807 Gens
724 3784 846 3818 Romana,
870 3794 882 3810 e
895 3793 944 3819 qua
957 3785 998 3820 Sp.
1011 3785 1124 3812 Lucretii

66 3813 138 3848 filla,
157 3822 229 3848 quam
248 3815 304 3839 Sex.
326 3814 479 3848 ΤΜ-9111111111
500 3814 634 3848 Tarqmnu
654 3816 753 3849 Superbi
770 3821 931 3847 Romanorum
953 3821 1036 3856 regius
1050 3822 1124 3854 filius

64 3848 202 3885 stuprauit.
269 3850 347 3886 Qod
362 3849 415 3884 ipsa
430 3859 502 3880 quum
515 3850 586 3884 patri
599 3857 621 3875 et
640 3850 698 3875 ‘viro
718 3852 831 3882 Collatino
843 3856 986 3892 indicfft‚
996 3857 1087 3893 gladio
1094 3856 1123 3889 se

71 3884 170 3915 occidit,
186 3883 296 3918 fecitque
309 3892 339 3910 vt
356 3881 456 3920 populiis
464 3884 548 3925 sce-lus
560 3885 730 3920 vlct'sceretur,
750 3895 773 3913 et
785 3899 854 3924 reges
868 3900 988 3926 emgeret,
1029 3891 1122 3919 Claud,

71 3919 104 3947 de
124 3918 204 3946 Laud.
223 3918 312 3946 Seren.
331 3929 369 3952 ¹53
395 3921 427 3948 Et
439 3929 528 3957 gratus
547 3921 703 3950 incumbens
724 3921 792 3952 casto
809 3925 930 3956 Lucretia
957 3928 1047 3963 ferro,
1078 3935 1124 3955 etc.
1138 3933 1179 3956 ¹05
1187 3928 1290 3961 Pythias
1305 3924 1431 3954 emunao
1443 3923 1541 3951 lucrata
1552 3924 1598 3951 Sin

229 3957 380 3985 vot-,111-

805 3389 891 3416 Aliter
911 3389 980 3424 apud
999 3390 1123 3430 antiquos
1137 3399 1172 3425 90

1131 3757 1179 3775 100
1186 3749 1252 3776 cabo.

1227 3073 1272 3092 LV
1283 3072 1300 3092 C
1311 3072 1331 3092 R
1342 3073 1351 3091 1
1363 3071 1380 3092 F
1393 3073 1402 3091 1
1412 3072 1429 3093 c
1442 3072 1461 3092 O
1471 3084 1480 3096 ,
1499 3071 1552 3092 arc.
1611 3065 1731 3092 Tertull.
1748 3066 1780 3092 de
1795 3065 1946 3100 Praescript.
1963 3075 1984 3091 c.
1993 3073 2023 3097 24
2034 3064 2146 3091 'Paullus
2160 3065 2247 3093 sacius

1189 3101 1315 3129 omnibus
1329 3101 1430 3134 omnia,
1450 3108 1479 3128 vt
1495 3111 1587 3129 onmes
1604 3101 1774 3128 lucrificaret.

1228 3144 1245 3164 L
1258 3144 1279 3163 v
1292 3142 1309 3164 c
1323 3144 1340 3163 R
1353 3144 1364 3164 1
1376 3143 1393 3164 F
1406 3144 1416 3164 1
1431 3143 1448 3164 c
1461 3144 1481 3164 A
1492 3143 1508 3164 Β
1520 3136 1532 3164 f
1544 3144 1561 3164 t.
1574 3145 1584 3164 1
1598 3144 1612 3164 s
1623 3158 1630 3170 ‚
1652 3147 1674 3164 e.
1696 3137 1854 3171 [κερδαλέος]
1872 3135 1954 3174 ῌᾶιιτ.
1968 3135 2035 3161 Pers.
2054 3145 2077 3168 4,
2097 3144 2119 3169 3,
2133 3140 2167 3169 46
2185 3137 2245 3164 Nae

1189 3172 1233 3200 hic
1246 3173 1297 3200 tibi
1310 3173 1366 3200 dies
1379 3173 1471 3200 illuxit
1483 3173 1676 3204 lucrificabffis,
1696 3175 1714 3199 i.
1727 3174 1832 3200 Lucrum
1845 3170 1960 3206 afferens.
1980 3170 2128 3205 Antiquam.

1227 3215 1245 3235 L
1263 3215 1284 3235 v
1302 3215 1319 3236 c
1335 3215 1356 3237 R
1373 3216 1384 3236 1
1402 3216 1418 3236 F
1438 3208 1477 3236 fc
1497 3216 1517 3236 v
1533 3217 1563 3245 s,
1596 3219 1624 3246 a,
1655 3218 1710 3235 um.
1755 3209 1828 3234 Idem.
1900 3205 1997 3232 Facula
2016 3205 2136 3233 lucrifica
2162 3206 2245 3235 Plaut.

1188 3245 1363 3308 peLfiv4C’1R3'1
1374 3247 1456 3309 ἓόὖῦ
1467 3288 1490 3309 Α
1500 3300 1508 3314 ,
1527 3290 1565 3307 ae.
1586 3289 1621 3306 m.
1641 3278 1820 3314 [Φνγὲιερόος]
1842 3276 1898 3313 Q?
1917 3277 2014 3302 lucrum
2021 3276 2104 3312 fugit.
2161 3277 2243 3306 Plaut.

1187 3318 1278 3345 Pseud.
1293 3328 1317 3351 4,
1333 3327 1356 3350 7,
1377 3327 1400 3350 33
1422 3319 1512 3344 Venus
1526 3315 1595 3342 mihi
1608 3315 1672 3342 haec
1683 3315 1754 3342 bona
1767 3314 1818 3343 dat,
1837 3321 1919 3346 quum
1932 3311 1982 3338 hos
1995 3311 2046 3339 huc
2058 3312 2151 3340 adiicit
2165 3314 2243 3340 lucri-

1185 3354 1271 3389 fugas,
1296 3354 1386 3381 damni
1399 3354 1438 3380 sui
1446 3353 1571 3394 ucupidos.

1222 3395 1555 3422 LVCRIPETA,
1582 3396 1677 3415 ae.m·

1183 3427 1449 3492 “giusgnssmvhgz
1470 3460 1566 3495 legitur
1586 3469 1602 3484 a
1619 3457 1760 3493 quibusdam
1780 3446 1820 3491 ap..
1842 3453 1962 3482 Ten-tull.
1984 3454 2014 3481 ad
2035 3455 2113 3481 Mart.
2127 3463 2148 3482 c,
2160 3463 2181 3481 2.
2194 3454 2244 3489 sed

1185 3498 1310 3525 emendati
1328 3498 1390 3522 libri
1404 3498 1494 3523 habent
1512 3495 1643 3522 Lucreris.

1223 3541 1240 3560 L
1249 3541 1271 3559 V
1282 3540 1297 3560 C
1311 3540 1331 3560 R
1346 3539 1366 3560 O
1377 3540 1396 3559 R
1405 3553 1414 3567 ,
1438 3532 1487 3559 ari.
1508 3532 1613 3566 Depon.
1638 3529 1761 3561 [κερδαίνω
1771 3546 1779 3558 ,
1799 3526 1996 3560 χρηματίξσμαι]
2026 3526 2132 3551 Lucrum
2140 3525 2238 3559 facere.

1732 3382 2036 3418 Foeneratorlucripeta
2055 3383 2139 3411 Plaut.
2162 3384 2240 3411 Most.

1050 3571 1125 3596 Certe
1136 3578 1169 3604 95
1187 3571 1245 3597 Cic.
1258 3570 1337 3596 Verr.
1352 3579 1374 3601 5,
1390 3571 1415 3595 61
1437 3577 1458 3595 c.
1473 3577 1501 3600 24
1522 3567 1610 3594 Pretio
1623 3569 1694 3589 certo
1702 3561 1789 3588 missos
1798 3561 1997 3587 fat-crenautas:
2016 3561 2239 3586 missbruntonme

1547 3603 1572 3629 Si
1594 3598 1686 3632 suerit,
1704 3603 1738 3625 -vt
1759 3597 1901 3631 locupletes
1913 3598 1988 3623 suum
2002 3596 2121 3631 perdant,
2139 3596 2239 3622 debito-

1187 3605 1349 3641 ssipendium
1364 3604 1472 3631 lucrari.

1927 3632 1999 3659 Idem
2015 3633 2120 3661 Verr.1‚
2135 3641 2159 3663 33
2178 3641 2199 3657 c.
2216 3638 2238 3656 12

1188 3651 1229 3669 res
1242 3643 1378 3669 lucrentur
1393 3641 1510 3667 alienum
1542 3638 1598 3664 Cic.
1619 3634 1673 3661 Off.
1692 3643 1705 3661 2
1731 3643 1752 3660 c.
1768 3643 1795 3665 24
1812 3640 1854 3667 pr.

1162 3698 1165 3701 -
1186 3678 1322 3705 Dedecora
1337 3682 1545 3711 praetereantur:
1582 3672 1699 3702 lueretur
1712 3669 1813 3696 iudicia
1833 3667 1931 3694 veteris
1948 3668 2085 3699 infamiae,
2105 3668 2123 3693 i.
2142 3668 2182 3692 Ne
2201 3674 2237 3690 re-

1203 3713 1299 3747 oscatur
1311 3714 1342 3738 ab
1354 3721 1379 3738 eo
1392 3710 1521 3738 illiusmodi
1531 3709 1676 3734 damnorum
1696 3706 1768 3746 ratio:
1790 3705 1824 3730 ul.
1838 3703 1928 3745 recisus
1944 3703 2052 3729 indicia.
2073 3703 2090 3728 i.
2104 3711 2150 3727 non
2169 3699 2235 3725 indi-

1293 3750 1348 3775 Vid.
1363 3749 1455 3773 Graeu.
1468 3747 1503 3771 ad
1512 3745 1535 3769 l).
1549 3745 1567 3770 Ι.
1603 3743 1710 3770 Moram
1722 3742 1770 3767 fan
1784 3740 1881 3767 lucrari
1904 3744 1963 3765 brat.
1978 3737 2069 3765 Theb.
2089 3746 2119 3776 9,
2130 3745 2180 3768 7,-9.

1224 3791 1273 3811 1.v
1286 3791 1303 3811 c
1317 3791 1334 3811 R
1346 3791 1369 3810 A
1381 3789 1405 3809 N
1417 3789 1430 3808 s
1441 3802 1448 3812 ,
1469 3779 1545 3806 antis.
1582 3779 1651 3806 Suet.
1667 3779 1770 3805 Neron.
1790 3786 1812 3802 c.
1826 3785 1853 3807 «ις
1873 3775 1910 3801 Ex
1929 3782 2050 3800 annonae
2068 3778 2172 3799 caritate
2194 3768 2233 3794 lu-

1186 3821 1317 3848 crantium
1330 3818 1443 3846 accreuit
1457 3814 1570 3842 inuidia.
1587 3816 1623 3841 al.
1643 3813 1809 3841 luctantium.
2216 3838 2221 3843 ι

1224 3864 1240 3883 L
1251 3863 1272 3882 V
1284 3863 1300 3882 C
1313 3863 1330 3882 R
1341 3857 1364 3881 Ᾱ
1374 3860 1396 3880 Τ
1406 3860 1427 3878 V
1437 3859 1449 3877 S
1458 3873 1466 3885 ,
1483 3860 1508 3882 a,
1526 3860 1580 3877 um.
1599 3847 1839 3888 [xqquarmkur-voc]
1877 3846 2004 3872 Lucratus
2018 3849 2112 3869 nomen
2121 3838 2153 3865 ab
2162 3838 2235 3865 Afri.

1186 3902 1214 3920 ca
1227 3892 1327 3919 domita
1344 3890 1413 3915 Hor.
1428 3888 1517 3915 Carnu.
1533 3897 1556 3920 4,
1576 3892 1600 3919 8,
1615 3895 1648 3919 ¹9-
1675 3888 1705 3912 de
1718 3885 1845 3918 Scipzom,
1872 3881 1916 3916 qui
1932 3880 2067 3913 Africanus
2080 3875 2234 3908 ali-‘lassam

1600 3930 1660 3950 tone
1673 3920 1800 3949 talentum
1820 3918 1888 3948 Hor.
1902 3915 1934 3943 de
1948 3917 2008 3942 Arte
2020 3912 2092 3939 Poet.
2109 3916 2160 3941 238·

1345 3961 1371 3990 R
2102 3950 2232 3973 tvenn-
2263 3988 2268 3993 .
