2517 4231
229 179 291 216 127
644 155 859 198 LVB

225 255 266 290 est,
325 251 404 278 Ouid.
419 250 483 276 Met.
497 257 535 282 10,
547 249 583 282 96
601 247 806 280 Amincolaeque
815 243 890 270 simul
903 241 1006 273 salices,
1026 244 1052 266 et
1061 236 1181 272 aquatica
1188 235 1279 262 Lotos.

225 290 384 351 Abiga'ios
402 321 444 345 vel
465 312 594 347 LO'rvs
608 339 616 351 ,
643 318 660 345 i.
692 318 713 343 f.
750 315 860 350 [λωτὸς]
897 312 1003 343 Arbor,
1031 310 1136 341 frutex,
1161 314 1184 334 et
1197 306 1279 334 herba

226 362 290 388 Plin.
305 367 344 390 14,
359 358 385 382 ¹6
405 356 422 382 s.
438 365 480 390 19,
500 364 523 382 2.
580 357 670 388 Nempe
680 353 759 387 primo
771 350 806 385 est
816 350 921 375 Arboris
935 356 1034 379 nomen,
1055 348 1085 371 de
1098 355 1146 380 qua
1159 344 1224 371 Plin.
1240 351 1279 375 13,

228 405 254 430 17
273 397 290 421 s.
311 402 340 426 32
371 391 467 418 Eadem
487 391 576 417 Africa
595 398 645 423 qua
664 387 750 421 vergit
769 385 801 411 ad
817 394 882 416 nos,
906 382 1033 416 insignem
1050 381 1174 408 arborem
1194 380 1278 406 lotum
1305 386 1318 412 ς

691 429 715 448 et
736 421 816 455 ipsam
836 419 925 446 ltaliae
944 418 1123 450 familiarem,
1147 415 1189 442 sed
1209 421 1279 441 terra

225 472 360 493 mutatam.
417 463 555 497 Praecipua
563 461 604 494 „est
618 460 686 486 circa
700 458 784 489 Syrtes
799 461 875 489 atque
896 455 1065 481 Nasamonas.
1121 450 1279 490 Magnitudo

225 511 291 537 quae
314 500 394 536 piro:
426 506 574 534 quanquam
597 497 686 533 Nepos
705 490 974 532 Cornelius-breuem
994 490 1104 529 tradat..
1149 486 1279 526 Incisurae

224 538 293 565 folio
306 536 471 565 crebriores,
492 541 557 567 quae
577 531 644 558 ilicis
659 529 771 556 Videtur.
809 527 880 560 (Sic.
898 527 980 552 Hard.
1004 527 1049 552 Al.
1071 524 1192 557 alioqum
1211 522 1279 548 ilicis

225 431 326 466 gignit,
346 437 424 463 quani
443 433 537 454 vocant
557 425 652 452 celtin:

223 573 404 605 viderentur)
452 568 623 596 Differentiae
647 566 751 599 plures,
785 571 883 597 eaeque
907 561 1021 588 maxime
1046 560 1181 586 fructibus
1205 557 1280 583 liunt.
1301 567 1330 585 10

578 603 653 628 color
666 599 754 632 croci,
780 597 823 625 sed
841 605 901 624 ante
919 597 1096 623 maturitatem
1113 594 1180 620 alius
1200 600 1280 628 atque

572 636 694 664 Nascitur
706 635 797 662 densus
816 634 844 660 in
864 633 943 659 ramis
962 632 1043 664 myrti
1060 630 1160 663 modo,
1178 638 1233 656 11011
1251 634 1280 654 vt

516 674 588 700 Tam
603 672 685 698 dulcis
700 671 738 698 ibi
752 669 825 697 cibus
835 690 842 702 ,
861 676 888 695 vt
903 677 1001 694 nomen
1017 667 1097 693 etiam
1117 666 1208 727 gentiF‚
1229 671 1280 691 ter-

1204 706 1282 727 erunt

223 608 380 645 Magnitudo
396 606 457 633 huic
469 604 558 637 fabae,

223 646 307 678 alius,
325 644 386 670 sicut
400 643 427 668 in
441 641 508 667 vuis.

224 681 354 712 initalia,
375 677 459 704 cerasi.
628 708 632 713 α
675 708 680 712 ἱ
915 704 919 708 .
945 704 948 707 ι
1077 703 1082 707 ψ

223 726 319 752 raeque
333 713 450 744 dederit,
469 710 548 736 nimis
560 707 849 743 hospitaliaduenarum
864 704 1003 730 obliuione
1016 709 1125 737 patriae.

222 753 321 780 ventris
334 759 386 776 non
403 746 496 774 sentire
504 744 640 778 morbum,
660 744 774 778 quicum
783 739 915 766 mandant.
1262 772 1267 776 .

223 789 316 815 nucleo
325 807 332 818 ,
351 784 397 818 qui
412 783 439 808 in
452 782 537 808 altero
549 789 645 816 genere
657 780 739 805 osseus
753 777 866 804 videtur.
917 775 1018 801 Vinum
1032 783 1141 810 quoque
1154 773 1281 808 exprimi.

223 830 266 851 tur
278 823 338 850 huic
352 819 434 846 simile
446 818 548 851 mulso,
568 815 640 851 quod
655 815 722 841 vltra
735 814 817 839 denos
825 811 880 837 dies
893 817 970 845 negat
984 810 1079 837 durare
1092 809 1162 836 idem
1172 809 1279 843 Nepos:

222 859 359 891 bart-nsque
372 855 490 881 contusas
505 862 564 880 cum
580 853 642 878 alica
655 851 686 877 ad
700 849 772 876 cibos
785 847 865 874 doliis
878 847 967 874 condi.
1024 847 1098 879 Qiin
1111 853 1137 872 et
1149 845 1280 871 exercitus

222 894 303 930 pastos
316 902 348 918 co
362 890 519 925 accipimus,
538 889 609 915 vltro
623 887 744 920 citroque
757 888 934 911 commeantes
949 891 996 917 pei·
1009 883 1136 908 Africam.
1191 881 1279 915 Ligno

219 930 290 956 colos
303 928 389 962 niger.
445 925 486 952 Ad
500 924 626 951 tibiarum
640 929 727 948 cantus
741 920 882 955 expetitur.

217 967 256 992 los
277 964 422 998 breuesque
440 962 507 988 alius
527 961 584 987 vsus
609 959 766 992 excogitant.
841 956 909 982 Hinc
1144 961 1160 979 2
1197 952 1280 978 Lotos

218 1001 308 1032 etiam,
327 999 441 1026 FruHum
455 998 501 1023 loti
513 996 608 1022 arboris
615 994 755 1029 significat.
831 991 913 1019 Ouid.
927 999 959 1018 ex
973 991 1047 1017 Pont.
1060 997 1095 1024 4,
1110 999 1153 1022 10,
1168 993 1193 1018 18
1222 988 1279 1014 Nec

218 1035 363 1072 degustanti
377 1035 446 1061 lotos
458 1041 547 1059 amara
561 1031 622 1058 fuit.
801 1024 822 1066 ff
843 1036 856 1061 3
894 1027 976 1053 Lotos
986 1047 994 1059 ,
1013 1026 1107 1053 Herba.
1164 1024 1230 1051 Pliu.
1244 1031 1279 1057 ¹3,

218 1080 254 1107 17.
271 1071 324 1108 post
332 1081 370 1104 ea,
378 1079 440 1105 quae
453 1070 484 1095 de
491 1070 560 1095 Loto
574 1067 660 1093 abore
671 1065 739 1090 modo
753 1065 873 1090 dedimus.
908 1062 950 1089 Est
963 1069 1051 1089 autem
1064 1061 1158 1088 eodem
1168 1060 1279 1087 nomine

217 1116 244 1136 et
256 1102 356 1139 herba,
379 1112 404 1132 et
424 1106 451 1132 in
472 1105 592 1138 Aegypto
606 1101 686 1128 caulis
703 1101 731 1126 in
750 1099 906 1135 palustrium
926 1107 1032 1134 genere.

217 1145 289 1171 enim
304 1143 378 1178 aquis
393 1141 452 1168 Nili
472 1140 556 1175 riguis
568 1160 576 1172 ,
603 1137 728 1173 prouenit
745 1136 836 1163 similis
854 1134 929 1162 fabae
947 1134 1036 1167 caule,
1056 1133 1184 1168 foliisque
1203 1132 1281 1158 densa

216 1180 340 1215 congerie
356 1177 469 1212 stipatis,
489 1173 661 1202 breuioribus
680 1179 799 1205 tantum,
818 1170 1076 1206 gracilioribusque:
1113 1170 1156 1196 cui
1175 1168 1280 1194 frue'tus

217 1217 245 1243 in
257 1216 340 1251 capite
353 1213 476 1249 papaueri
489 1211 579 1238 similis
593 1209 733 1242 incisuris,
751 1209 881 1242 oninique
894 1207 948 1233 alio
961 1206 1052 1232 modo.
1110 1207 1184 1233 Intus
1197 1212 1280 1238 grana

217 1261 264 1279 ceu
283 1251 396 1278 milium.
454 1247 559 1275 Incolae
577 1246 661 1280 capita
681 1246 710 1271 in
728 1244 829 1271 aceruis
849 1243 1046 1278 putrefaciunt,
1072 1251 1135 1268 mox
1160 1242 1280 1276 separant

217 1287 346 1319 lauando,
367 1293 392 1313 et
412 1284 498 1311 siccata
513 1282 643 1314 tundunt,
663 1290 750 1315 eoque
765 1289 831 1315 pane
850 1285 970 1305 Vtuntur.

217 1329 319 1358 praeter
334 1323 395 1349 liaec
409 1320 538 1352 traditur,
559 1317 618 1344 Sole
632 1316 768 1343 occidente
783 1323 911 1351 papauera
925 1323 954 1340 ea
967 1313 1125 1349 comprimi,
1156 1320 1180 1340 et
1197 1313 1280 1346 integi

217 1359 300 1386 foliis.
353 1358 393 1384 Ad
409 1362 499 1383 ortum
512 1361 600 1381 autem
620 1353 720 1387 aperiri
739 1352 823 1379 donec
842 1352 1034 1383 maturescant,
1059 1350 1161 1384 flosque
1180 1349 1227 1384 qui
1245 1347 1281 1374 est

217 1394 357 1427 candidus,
376 1392 486 1419 decidat.
542 1390 615 1424 Confi
630 1390 696 1416 Plin.
709 1397 745 1422 21,
760 1396 787 1423 17
808 1389 826 1414 s.
841 1390 880 1420 63.
892 1394 917 1413 et
932 1394 975 1419 22,
988 1395 1015 1412 21
1034 1387 1052 1413 s.
1065 1393 1106 1420 27.
1223 1381 1244 1422 ff
1267 1395 1281 1418 4

216 1431 299 1457 Lotos
309 1437 355 1466 pro
372 1429 443 1455 Tibia
455 1428 569 1468 popitur.
617 1425 726 1451 Vidimus
743 1426 826 1454 modo,
847 1423 949 1462 lignum
968 1421 1018 1448 loti
1038 1421 1143 1448 arboris
1155 1420 1188 1446 ad
1203 1420 1280 1447 tibia-

215 1474 275 1493 rum
289 1471 393 1492 cantum
409 1471 505 1499 expeti.

216 1502 256 1528 tia
269 1501 425 1536 frequenter
438 1499 519 1526 tibiae
534 1498 640 1525 fiebant.
714 1496 795 1523 Ouid.
815 1495 879 1522 Fast.
899 1503 933 1527 4,
954 1503 999 1528 190
1033 1493 1152 1525 Terret,
1179 1497 1204 1518 ct
1217 1491 1280 1518 hor-

215 1537 299 1564 rendo
314 1538 383 1563 lotos
397 1535 496 1561 adunca
510 1535 584 1561 sono.
639 1532 786 1566 Mygdonia
798 1532 868 1558 lotos
889 1531 932 1558 Sil.
940 1535 963 1563 8,
978 1537 1033 1563 503.
1075 1530 1132 1555 Vid.
1147 1528 1183 1553 ibi
1193 1527 1278 1562 Heins.

214 1580 238 1598 et
250 1573 287 1600 Id.
302 1572 333 1598 ad
348 1571 429 1598 Ouid.
444 1571 509 1596 Met.
523 1578 555 1602 4,
569 1577 626 1603 759.
646 1575 670 1594 et
684 1569 759 1594 Reni.
774 1568 833 1593 Am.
845 1576 871 1593 v.
885 1573 940 1600 753.
986 1566 1093 1592 Gronau.
1116 1563 1171 1599 Obs.
1191 1573 1223 1597 4,
1245 1571 1279 1597 ¹5·

213 1608 324 1643 Phrygia
339 1607 384 1634 Sil.
407 1615 426 1632 11
433 1626 452 1647 ,υ
463 1614 521 1639 432.
559 1605 602 1630 vbi
621 1604 674 1630 vid.
688 1605 900 1629 commentatores.

251 1652 267 1674 L
277 1651 295 1671 0
307 1650 328 1670 Τ
343 1649 363 1670 O
373 1650 388 1669 P
397 1649 418 1669 Η
430 1649 451 1669 Α
460 1648 481 1668 G
493 1649 500 1668 1
513 1662 521 1674 ,
539 1650 627 1668 orum.
646 1649 682 1666 ni.
708 1639 895 1679 [Λῳτοφὰγοι]
933 1637 1024 1678 Populi
1036 1636 1145 1671 Africae
1158 1635 1278 1676 Minoris.
1293 1648 1331 1673 40

215 1680 282 1707 Plin.
303 1688 331 1713 5,
351 1688 369 1712 4
408 1677 629 1712 Lotophagorum
648 1685 723 1702 oram
742 1682 808 1702 citra
828 1675 930 1701 Borion
949 1683 977 1700 111
996 1673 1095 1700 intimo
1120 1671 1176 1699 sinu
1198 1672 1279 1703 Syrtis

214 1715 437 1751 maiorisstatuit:
493 1712 533 1741 Id.
547 1722 580 1746 13,
595 1720 622 1747 ¹7
641 1712 657 1738 s.
673 1720 700 1743 32
727 1710 913 1745 Praecipuam,
933 1717 963 1735 vt
975 1709 1182 1745 modo-vidimus,
1204 1709 1280 1734 Loton

214 1752 324 1778 arborem
337 1751 375 1776 uit
390 1751 458 1776 circa
470 1750 556 1782 Syrtes
569 1756 647 1784 atque
660 1748 832 1774 Nasamonas.
851 1762 898 1766 ——
934 1746 1008 1772 Tam
1028 1744 1112 1771 dulcis
1132 1744 1171 1771 ibi
1190 1743 1280 1777 cibus,

214 1793 244 1814 vt
258 1796 356 1814 nomen
375 1786 454 1812 etiam
467 1786 539 1820 genti
561 1791 700 1818 terraeque
719 1783 838 1816 dederit,
866 1782 947 1808 nimis
965 1781 1089 1817 hospitali
1115 1781 1278 1807 aduenarum

215 1823 357 1850 obliuione
372 1822 479 1856 patriae.

214 1858 304 1891 arbor,
326 1859 358 1884 Et
370 1857 440 1884 dulci
453 1857 531 1892 pascit
546 1857 615 1883 lotos
629 1856 709 1881 nimis
725 1855 829 1889 hospita
841 1854 926 1880 bacca.
972 1853 1187 1888 Nimishcffpitam
1201 1853 1279 1885 dixit,

213 1896 281 1930 quod
291 1903 321 1919 ve
330 1894 429 1927 rentes,
455 1892 506 1918 eius
524 1891 653 1918 dulcedine
672 1893 731 1916 adeo
742 1890 888 1925 capiitntur‚
916 1897 946 1915 vt
960 1897 1054 1915 terram
1067 1899 1114 1914 nem
1134 1888 1186 1921 nili
1201 1888 1279 1913 inuiti

213 1930 336 1966 deserant.
393 1930 461 1955 Hinc
471 1927 516 1953 illa
530 1927 650 1962 Odyffiae
664 1936 682 1959 9
711 1926 814 1951 Homeri
827 1927 855 1950 tle
863 1925 939 1959 sociis
962 1922 1049 1958 Vlyffis
1061 1924 1163 1957 fabula.
1204 1923 1278 1956 Confi

214 1965 296 1992 Ouid.
324 1967 398 1991 Rem.
423 1965 481 1990 Am.
503 1972 535 1996 2,
559 1972 614 1996 393.
678 1960 830 1997 Lotophagi
850 1960 1038 1987 obliteratores
1053 1959 1153 1995 patriae
1168 1958 1278 1985 Paullin.

213 2001 311 2027 Nolan.
345 1999 424 2034 Epist.
439 2001 483 2031 16,
495 2006 521 2032 7.
1296 2005 1328 2032 50

626 2034 652 2065 L
728 2033 757 2063 V
831 2034 860 2063 A

248 2115 340 2141 LVA,
360 2116 399 2135 ae.
420 2106 440 2134 f.
478 2107 534 2132 Dea
546 2106 666 2140 quaedam
681 2103 749 2140 apud
758 2109 854 2128 veteres
867 2100 943 2135 fuit,
967 2109 983 2125 a
1001 2099 1089 2125 lueua'o
1107 2097 1279 2133 expiandoque

213 2154 296 2171 nornen
305 2144 415 2179 sortita,
435 2151 497 2178 quae
509 2148 627 2176 praeerat
642 2138 827 2175 lustrationibus
840 2145 863 2163 et
877 2136 970 2172 lustris.
1018 2136 1019 2139 ’
1041 2135 1102 2162 Liu.
1117 2139 1140 2167 8,
1155 2142 1165 2160 1
1186 2133 1280 2159 Armo-

213 2189 273 2207 rum
290 2181 330 2207 vis
344 2186 437 2213 magua
452 2184 508 2203 tum
521 2177 592 2201 inter
606 2176 676 2201 caesa
689 2182 803 2207 corpora
817 2173 950 2204 hostium,
971 2172 1064 2198 tumin
1072 2170 1160 2197 castris
1171 2170 1280 2195 inuenta
1298 2179 1325 2206 53
1341 2169 1420 2197 facile
1434 2169 1594 2196 trahendum
1610 2168 1655 2195 est,

213 2216 257 2242 est.
316 2216 351 2242 Ea
364 2215 434 2241 Luae
446 2212 526 2238 matri
540 2211 601 2236 dare
614 2211 638 2235 se
654 2209 754 2235 Consul
767 2208 843 2234 dixit.
901 2207 940 2233 id.
955 2215 998 2240 45,
1010 2216 1037 2239 33
1057 2209 1088 2232 cle
1099 2209 1173 2232 Acin.
1183 2204 1278 2237 Paullo,

213 2253 323 2279 Caetera
338 2251 427 2276 omnis
447 2247 551 2283 generis
563 2254 636 2272 arma
649 2244 779 2271 cumulata
791 2243 820 2269 in
839 2243 973 2276 ingentem
992 2251 1116 2268 aceruum
1126 2262 1134 2274 ‚
1160 2247 1282 2275 precatur

213 2289 326 2315 Martem
336 2307 344 2318 ,
365 2286 527 2316 Mineruam,
548 2283 684 2316 Luamque
697 2284 821 2311 matrem,
840 2284 865 2304 et
877 2284 994 2304 caeteros
1008 2278 1089 2309 Deos,
1114 2277 1211 2311 quibus
1222 2277 1278 2310 spo-

213 2324 248 2351 lia
275 2322 391 2349 hostium
417 2321 506 2347 dicare
531 2319 572 2345 ius
592 2317 685 2352 fasque
709 2315 761 2349 est,
791 2315 844 2350 ipse
865 2314 1011 2349 imperator
1029 2313 1084 2340 face
1103 2312 1206 2339 subdita
1225 2313 1278 2338 suc-

210 2359 299 2386 cendit
325 2365 370 2384 etc.

634 2392 658 2423 L
733 2390 762 2421 V
832 2389 856 2421 B

252 2474 270 2495 1.
281 2475 303 2494 v
313 2473 330 2494 B
339 2474 355 2494 E
364 2473 386 2493 'r
395 2487 402 2499 ,
424 2464 510 2492 lubuit
519 2483 538 2498 ,v
554 2463 679 2499 [ἀρέσκει]
714 2461 821 2496 Iinpers.
831 2467 878 2496 per·
895 2466 916 2485 V
930 2458 1054 2495 scripsere
1066 2465 1178 2484 veteres:
1215 2457 1283 2492 quod

215 2511 297 2531 tamen
308 2510 352 2537 per
368 2502 526 2537 Issi-ibimus.
565 2500 637 2534 Conf.
652 2506 668 2524 L
678 2505 687 2524 1
698 2504 713 2524 Β
723 2505 739 2525 Ε
749 2504 780 2524 Τ.
851 2496 933 2522 Plaut.
948 2495 1016 2522 Pers.
1029 2503 1052 2527 3,
1068 2504 1091 2528 1,
1105 2499 1138 2527 48
1160 2499 1210 2519 Vl.
1246 2492 1279 2518 At

216 2549 276 2567 meo
295 2540 312 2566 si
336 2540 411 2566 liceat
432 2536 532 2572 modo,
555 2536 686 2571 sapienter
704 2534 793 2568 potius
812 2532 909 2565 facias,
930 2540 1008 2566 quam
1028 2531 1113 2557 stulte.
1152 2536 1174 2556 s.
1196 2527 1278 2555 lubet.
1294 2533 1325 2565 63

217 2583 264 2603 Vl.
291 2575 382 2602 lubere
396 2582 443 2609 per
454 2582 495 2600 me
510 2572 560 2599 tibi
573 2572 653 2598 licere
666 2569 802 2603 intelligo:
838 2577 932 2595 verum
946 2567 1037 2594 lubere
1053 2565 1124 2593 haud
1137 2565 1241 2597 lubeat,
1261 2563 1279 2590 si

217 2613 293 2640 liceat
317 2611 393 2638 mihi.
471 2610 545 2635 Patri
556 2608 607 2642 fibi
625 2606 718 2634 lubere
737 2605 831 2631 dicenti
851 2605 977 2640 respondet
998 2604 1058 2639 filia
1077 2603 1168 2637 virgo,
1200 2601 1279 2636 ipsum

217 2649 303 2674 habere
314 2647 374 2682 suae
386 2645 523 2671 voluntatis
537 2643 695 2680 potestatem:
730 2650 817 2667 verum
824 2640 854 2674 fi
866 2646 939 2676 penes
953 2639 981 2675 sc
1000 2639 1072 2674 fft,
1091 2638 1120 2675 se
1129 2638 1279 2672 fao‘lnram,

217 2683 296 2710 milli
310 2693 356 2708 mm
370 2683 467 2714 lubeat,
487 2679 585 2715 scilicet
601 2680 683 2715 filiam
704 2678 818 2703 vendere.
892 2676 966 2703 Idem
983 2674 1079 2709 Amph.
1099 2674 1168 2709 prol.
1182 2681 1222 2705 123
1248 2674 1280 2699 In

217 2718 419 2754 Amphitruonis
432 2717 515 2743 vortit
529 2717 579 2743 sese
593 2714 738 2749 imaginem
748 2734 756 2746 ,
779 2721 925 2747 omnesque
944 2721 1004 2738 eum
1019 2711 1067 2737 esse
1079 2711 1182 2737 censent
1195 2708 1282 2741 serui,
1295 2720 1331 2740 '70

218 2755 265 2790 qui
285 2755 390 2781 vident:
429 2753 465 2779 ita
484 2752 649 2787 versipellem
668 2751 693 2777 se
713 2749 790 2780 facit,
811 2748 918 2784 quando
938 2747 1019 2774 lubet.
1093 2745 1161 2773 lbid.
1178 2753 1208 2776 2,
1222 2754 1248 2777 1,
1267 2750 1280 2775 8
1300 2741 1307 2749 ⁵

219 2792 299 2818 Tuus
313 2791 368 2816 sum
383 2788 512 2824 proinde,
531 2794 560 2815 vt
572 2785 743 2813 commodum
756 2785 818 2818 siet,
840 2784 910 2811 lubet
919 2781 1050 2819 quidquid
1062 2782 1150 2809 facias.
1207 2781 1282 2808 Idem

218 2826 318 2857 Asin..i,
335 2835 354 2858 1,
369 2828 399 2857 36
420 2825 502 2851 Deam
516 2823 562 2850 fibi
578 2823 686 2849 inuocet
699 2829 778 2856 quam
792 2820 895 2847 lubebit
910 2819 1064 2855 propitiam,
1076 2817 1154 2845 deum
1169 2818 1283 2844 nullum.

218 2863 292 2891 Idem
311 2861 417 2888 Curcul.
431 2870 450 2893 1,
463 2869 489 2893 2,
503 2869 533 2893 39
559 2859 658 2894 Ecquid
673 2857 762 2885 lubet?
790 2863 842 2883 LE.
864 2856 945 2883 lubet.
966 2861 1020 2882 ΡΑ.
1039 2854 1118 2881 etiam
1133 2854 1201 2880 inihi
1216 2861 1282 2888 quo-

220 2907 270 2934 que
284 2897 392 2924 sliinulo
402 2897 499 2923 fodere
513 2895 585 2922 lubet
598 2901 632 2921 te.
654 2901 708 2920 ΡΗ.
729 2900 801 2927 tace,
821 2893 888 2919 noli.

219 2942 244 2960 et
255 2934 374 2965 Trin.2,
394 2942 412 2965 i,
425 2934 464 2964 36.
535 2931 619 2958 Lubet
631 2939 674 2956 me
687 2930 752 2956 scire
772 2930 854 2956 Plaut.
870 2929 952 2955 Merc.
972 2934 999 2961 1,
1020 2935 1053 2960 2,
1072 2934 1109 2960 19.
1180 2925 1236 2952 Cic.
1251 2923 1284 2950 de

220 2965 321 2996 Sene&
336 2974 364 3001 58
384 2968 415 2996 Id
430 2968 514 3002 ipsum
528 2972 614 2992 tamen
627 2974 654 2992 vt
675 2965 789 2992 lubebit:
827 2964 973 3000 quoniam,
993 2971 1037 2990 etc.
1103 2963 1136 2988 Et
1157 2961 1189 2988 de
1210 2961 1281 2988 Clar-

221 3006 296 3032 Orat.
311 3014 357 3038 44.
429 3003 514 3038 Magis
527 3002 617 3034 lubet,
640 3002 693 3026 vid.
711 3008 735 3026 M
744 3008 764 3026 A
774 3007 794 3028 G
804 3008 813 3026 1
823 3008 846 3027 s.

258 3048 303 3068 LV
317 3047 333 3067 Β
344 3047 390 3067 ΕΝ
400 3046 429 3073 s,
448 3040 526 3066 eutis.
564 3037 698 3071 [ἅσμενος]
735 3037 817 3063 Plaut.
831 3036 919 3063 Cistel.
929 3045 937 3062 i
947 3057 955 3070 ,
968 3044 993 3070 i,
1007 3043 1030 3067 ¹3
1059 3033 1159 3068 Edepol
1180 3031 1281 3059 facium

970 739 1070 765 Melior
1083 737 1134 764 sine
1150 737 1280 764 interiore
1299 745 1324 772 13

940 919 959 945 E
976 918 1063 945 radice
1077 916 1190 943 cultellis
1205 925 1280 950 capu·
1294 926 1329 944 23

1086 1096 1279 1124 Recedentibus
1296 1107 1326 1133 23

1027 1278 1130 1305 Mirum
1142 1277 1187 1312 est,
1206 1275 1280 1316 quod
1299 1289 1330 1314 30

580 1461 683 1496 Festus,
704 1461 787 1487 Lotos
807 1459 912 1486 arboris
932 1467 1031 1493 genus,
1056 1466 1088 1483 ex
1108 1456 1183 1482 cuius
1199 1462 1279 1482 mate·
1298 1466 1327 1491 33

517 1823 556 1847 De
568 1821 605 1846 his
623 1820 698 1852 Sil.3,
713 1828 756 1852 3¹0
775 1818 893 1853 Spectari
901 1817 1000 1850 castris,
1014 1827 1081 1853 quos
1088 1817 1164 1844 succo
1177 1816 1278 1844 nobilis
1295 1826 1329 1853 45

1293 2353 1329 2379 60

945 2893 1015 2917 Adcl.
1037 2891 1076 2917 Id.
1090 2889 1152 2918 Cist.
1168 2899 1200 2924 2,
1213 2898 1239 2919 i,
1259 2897 1280 2920 7.
1295 2897 1327 2925 75

1763 149 1982 191 LVC
2337 159 2401 199 128

1342 238 1396 278 oid.
1406 239 1460 280 post
1477 246 1499 266 N
1510 246 1519 265 1
1529 247 1553 266 M
1563 246 1572 265 1
1583 245 1606 266 s.
1681 240 1791 275 Compar.
1829 240 1912 267 Plaut.
1926 240 1998 276 Capt.
2012 250 2021 268 i
2030 261 2039 275 ‚
2051 249 2083 273 2,
2104 249 2131 267 10
2158 241 2257 268 Omnes
2274 241 2400 277 profesto

1342 273 1422 301 liberi
1434 275 1567 303 lubentius
1581 275 1684 310 sumus,
1705 285 1784 310 quain
1798 276 1935 302 scruimus.

1380 316 1455 351 [ΑΙ-Β
1466 319 1482 338 E
1493 318 1591 338 NTiA
1602 332 1610 344 ,
1630 320 1667 338 ae.
1689 311 1709 338 f.
1747 312 1828 339 Plaut.
1841 312 1921 339 Stich.
1936 320 1967 345 2,
1985 320 2010 339 2.
2020 319 2061 348 pr.
2080 320 2103 338 et
2122 312 2190 339 Asin.
2205 321 2238 345 2,
2256 319 2288 345 2,
2305 320 2330 340 2.
2354 321 2400 347 quo

1342 344 1471 379 pqstertore
1486 348 1536 373 loco
1552 349 1646 373 Parcus
1660 348 1751 382 accipit
1763 355 1810 382 pro
1824 350 1870 374 dea
1884 347 1995 373 laetitiae
2005 368 2012 380 ,
2037 347 2090 375 vid.
2111 355 2127 374 L
2137 356 2145 374 1
2155 355 2170 374 Β
2180 355 2195 374 Ε
2206 355 2236 375 Τ.

1380 383 1541 422 ινεῑυρ,
1562 383 1621 410 inis.
1642 382 1661 410 f.
1701 383 1831 418 [amula]
1867 384 1920 409 vid.
1942 389 2092 410 LiBiDo.
2165 385 2246 412 Plaut.
2264 383 2348 410 Trin.
2367 392 2402 417 4,

1343 424 1367 446 2,
1383 423 1411 446 23
1438 416 1542 445 Lubido
1557 419 1592 446 est
1604 418 1746 445 obseruare
1768 419 1832 453 quid
1851 425 1923 454 agat:
1957 418 1983 444 ei
2004 419 2044 445 rei
2062 427 2170 454 operatu
2190 419 2268 447 dabo.
2325 418 2402 446 Idem

1343 451 1411 478 Pers.
1425 460 1447 481 22
1461 459 1486 483 2,
1500 454 1516 477 6
1541 455 1672 481 Αιιάειόῑει·
1685 454 1736 481 tibi
1749 454 1766 481 si
1781 454 1875 481 lubido
1890 455 1925 481 est
1940 454 2059 489 perdere.

1381 487 1611 527 LV*B1D1Ni‘T
1624 497 1667 518 AS
1683 509 1691 521 ‚
1717 492 1774 517 Etis.
1808 491 1828 517 f.
1875 498 1922 526 pro
1942 490 2091 523 Lubidine,
2124 491 2179 527 risse
2197 490 2293 519 Nonio
2318 495 2348 523 8,
2373 491 2401 516 61

1342 522 1469 551 Labernis
1485 523 1596 556 Colace,
1615 527 1796 553 Lubidiuitate
1810 526 1917 553 labitur.

1381 565 1455 585 Lvn
1470 565 1576 599 i‘rvm
1597 567 1620 585 et
1635 568 1831 595 ⁴LvBiTvs,
1869 563 1925 588 vid.
1943 562 1970 587 in
1993 567 2184 588 L1B1TVM.

1382 601 1502 635 qvam
1517 600 1601 636 ovs,
1621 603 1653 628 a,
1672 606 1726 624 um.
1758 598 1818 625 Adi.
1856 596 2010 632 [imbutas.
2027 598 2150 630 ὶυόλιὲὲσε,
2165 596 2285 632 γλιεχςδς]
2322 595 2407 633 Qafi

1344 636 1372 656 tu
1389 630 1518 672 labricum
1538 632 1607 656 d1cas
1625 641 1641 657 a
1660 630 1779 661 labando.
1823 635 1890 661 Valla
1911 634 1929 660 l.
1944 642 1963 667 4
1993 633 2124 660 Lubricus
2143 634 2217 660 locus
2236 634 2282 668 est,
2305 634 2332 658 in
2356 640 2401 667 quo

1344 665 1582 708 nequeasfnsjslere,
1607 677 1651 692 nec
1669 667 1787 702 ingredi,
1812 673 1895 705 quales
1902 670 1965 706 sunt
1976 670 2064 696 herbae
2080 669 2197 704 peifusae
2210 668 2352 704 sanguine,
2373 675 2402 693 vt

1344 703 1413 736 apud
1428 704 1561 738 Virgilium
1575 706 1604 728 de
1618 703 1695 738 Niso,
1714 709 1738 728 et
1757 705 1886 732 Homerum
1905 709 1935 732 de
1954 705 2033 731 Aiace
2053 705 2134 731 Oilei:
2171 713 2215 731 aut
2236 704 2313 730 aliter
2326 704 2403 729 hume-

1344 739 1440 779 c‘latae:
1472 748 1600 772 marmora
1611 740 1753 774 latagum,
1780 740 1920 775 lapidesque
1932 743 1975 767 vel
1991 743 2089 767 humore
2101 740 2236 776 conspeifi‚
2262 748 2332 766 terra
2345 739 2404 773 gla-

1344 782 1427 809 tiata,
1448 784 1514 809 aqua
1528 776 1631 814 gelata,
1650 775 1808 809 pauimenta,
1829 783 1970 811 caeteraque
1984 777 2137 810 huiusmodi,
2164 777 2259 802 lubrica
2276 776 2404 807 dicuntur.

1343 811 1484 851 Metaphor.
1522 810 1577 838 cic.
1591 811 1668 837 Acad.
1681 821 1695 842 4
1705 831 1713 844 ,
1733 813 1764 840 68
1790 811 1868 837 Tum
1882 812 1968 845 paucis
1980 812 2078 839 additis
2097 812 2170 839 venit
2183 811 2216 838 ad
2230 811 2329 838 Soxitas
2338 831 2346 843 ‚
2367 809 2406 836 lu-

1344 845 1448 872 bricum
1461 847 1534 878 sane,
1555 852 1580 872 et
1593 847 1772 881 periculosum
1784 847 1883 874 locum.
1939 847 2021 873 Simili
2033 850 2173 883 metaphora
2185 847 2256 873 dixit
2273 847 2334 872 idem
2349 846 2406 873 Cic.

1343 891 1393 921 pro
1407 882 1428 908 C
1442 881 1516 921 *el.41
1538 890 1559 907 c.
1574 889 1602 916 17
1627 883 1690 909 Vias
1704 882 1894 909 adolescentiae
1906 881 2036 916 lubricas,
2060 883 2156 919 quibus
2175 883 2221 910 illa
2235 881 2349 909 insistere
2361 886 2406 908 aut

1344 925 1419 951 ingre
1440 952 1445 956 ι
1468 916 1520 956 fine
1539 917 1597 957 casu
1614 918 1706 953 aliquo
1725 925 1771 945 ant
1789 917 1955 954 prolapsione
1974 919 2019 944 vix
2036 921 2124 953 posset.
2187 919 2284 947 Semita
2304 917 2406 944 lubrica

1343 959 1447 992 canenti
1466 952 1537 985 cliuo
1557 953 1602 979 Sil.
1616 962 1643 987 3,
1661 963 1713 986 519.
1737 956 1767 981 de
1784 956 1876 990 glacie.
1933 954 2024 980 Terra
2051 954 2157 984 Tibull.
2170 963 2200 989 2,
2213 964 2241 989 3,
2256 963 2295 988 32.
2353 953 2407 979 Via

1344 987 1447 1015 lubrica
1461 994 1517 1029 tota
1543 988 1662 1024 Propert.
1676 999 1711 1024 4,
1729 1001 1743 1023 4
1753 1011 1761 1024 ,
1775 1000 1820 1025 49.
1898 990 1964 1017 Tum
1983 989 2085 1016 lubrica
2095 989 2167 1025 sunt,
2187 1001 2248 1026 quae
2257 990 2340 1024 facile
2356 990 2407 1015 ela-

1341 1025 1436 1064 hianti-ar
1447 1025 1575 1064 manibus,
1594 1026 1726 1057 difficulter
1742 1034 1868 1053 tenentur.
1938 1025 2014 1061 Virg.
2029 1026 2093 1052 Aen.
2107 1032 2136 1059 5,
2154 1033 2188 1059 84
2212 1026 2303 1060 Adytis
2323 1033 2406 1060 quum

1344 1059 1461 1087 lubricus
1479 1069 1573 1095 anguis
1590 1060 1623 1087 ab
1641 1062 1710 1088 imis.
1767 1063 1859 1089 Amnis
1885 1061 1967 1089 Ouid.
1980 1063 2073 1088 Amor.
2087 1070 2116 1095 3,
2136 1063 2170 1096 6,
2183 1067 2209 1092 81
2241 1065 2271 1088 de
2290 1070 2361 1088 amne
2376 1068 2407 1086 vt

1342 1098 1395 1124 deo.
1453 1096 1600 1137 Conchylia
1620 1098 1689 1124 Hor.
1706 1097 1788 1124 Serm.
1803 1106 1828 1130 2,
1841 1106 1869 1130 4,
1883 1107 1923 1130 30.
1946 1108 1949 1110 >
1997 1098 2054 1124 Cic.
2069 1097 2101 1124 de
2117 1098 2179 1124 Nat.
2193 1097 2274 1124 Deor.
2292 1105 2324 1130 ι,
2344 1105 2408 1131 142,

1343 1142 1365 1159 c.
1378 1140 1409 1167 57
1433 1132 1481 1159 Sed
1495 1132 1612 1160 lubricos
1626 1133 1726 1160 Oculos
1740 1133 1802 1160 fecit
1822 1139 1848 1159 et
1865 1133 1990 1161 mobiles.
2062 1134 2117 1160 Ora
2136 1133 2238 1160 lubrica
2258 1131 2320 1159 tabo
2345 1133 2407 1159 Stat.

1343 1167 1437 1195 Theb.
1450 1178 1477 1202 9,
1490 1177 1531 1204 73.
1605 1170 1682 1204 Virg.
1697 1169 1762 1196 Aen.
1776 1178 1801 1202 2,
1821 1176 1873 1204 474
1900 1169 2014 1196 Lubrica
2031 1170 2170 1196 conuoluit
2183 1169 2286 1196 sublato
2300 1167 2410 1203 pee'tore

1343 1204 1446 1240 Terga.
1502 1205 1623 1232 Seruius:
1651 1204 1798 1232 Lubricum
1811 1205 1909 1231 dicitur
1922 1211 1948 1232 et
1962 1205 2042 1239 Qiod
2056 1204 2155 1232 labitur
2169 1205 2232 1231 duni
2246 1211 2360 1236 tenetur,
2380 1205 2410 1230 vt

1343 1240 1437 1275 piscis,
1457 1242 1577 1281 serpens:
1614 1247 1641 1268 et
1653 1242 1738 1268 Locus
1752 1243 1779 1268 in
1795 1251 1849 1277 quo
1863 1241 1994 1271 labimur;
2031 1247 2075 1274 vt,
2094 1241 2125 1266 Et
2138 1241 2189 1267 sese
2202 1240 2325 1275 opposuit
2339 1240 2410 1266 Salio

1345 1285 1392 1311 per
1405 1277 1508 1303 lubrica
1521 1278 1637 1312 surgens.
1714 1277 1795 1304 Ouid.
1810 1276 1873 1305 Fast.
1887 1285 1917 1310 ς,
1934 1279 1991 1312 476
2016 1276 2131 1304 Lubrica
2150 1278 2298 1311 prensantes
2317 1275 2410 1310 effugit

1346 1311 1447 1339 Vmbra
1461 1321 1562 1339 manuS.
1633 1313 1730 1340 Vultus
1742 1313 1857 1340 nimium
1871 1313 1990 1340 lubricus
2001 1313 2103 1348 adspice
2123 1312 2191 1339 Hor.
2207 1313 2324 1344 Carina,
2338 1320 2375 1345 19,
2395 1316 2410 1341 8

1344 1357 1414 1384 quem
1428 1349 1472 1384 qui
1483 1348 1606 1384 adspiciat
1618 1349 1693 1374 nimis
1700 1350 1783 1382 facile
1795 1351 1897 1375 labatur
1911 1350 1938 1374 in
1959 1350 2128 1385 cupiditatem,
2185 1348 2316 1375 Lubricus
2324 1367 2333 1380 ,
2353 1347 2412 1372 Fal-

1343 1386 1405 1419 lax,
1424 1385 1530 1411 mobilis.
1605 1385 1682 1420 Virg.
1696 1386 1761 1412 Aen.
1776 1394 1807 1418 11,
1820 1387 1868 1419 716
1893 1385 2083 1420 Nequidquam
2096 1384 2192 1419 patrias
2205 1383 2309 1411 tentasti
2327 1382 2411 1409 lubri-

1345 1429 1390 1461 cus
1401 1427 1490 1461 artes..
1516 1420 1632 1447 Seruius.
1705 1420 1835 1447 Lubricus
1848 1422 1973 1454 assensus,
1990 1420 2146 1456 Inconstans,
2167 1430 2214 1446 mm
2226 1427 2308 1453 tutus,
2321 1418 2411 1453 fragi-

1345 1457 1384 1483 hs.
1458 1457 1516 1483 Cic.
1531 1456 1609 1483 Acad.
1622 1465 1650 1492 4,
1665 1462 1707 1487 ¹08
1733 1457 1789 1491 Ego
1805 1457 1876 1482 enim
1890 1456 1935 1483 etsi
1948 1456 2091 1483 maximam
2103 1457 2238 1483 adiionem
2250 1461 2315 1490 puto
2335 1462 2411 1489 repu-

1345 1500 1426 1525 gnare
1445 1491 1521 1525 visiS,
1558 1492 1682 1519 obsistere
1702 1492 1895 1528 opinionibus,
1926 1493 2034 1519 assensus
2062 1492 2179 1519 lubricos
2199 1491 2339 1523 sustinere,
2366 1497 2411 1515 etc.

1345 1527 1509 1568 Doniiua‘ndi
1523 1528 1661 1563 Cupiditas
1675 1537 1796 1564 praeceps
1809 1528 1943 1555 etlubrica
1964 1528 2018 1556 Cic.
2031 1527 2099 1556 Phil.
2114 1537 2126 1562 5
2147 1538 2169 1554 c.
2179 1533 2211 1558 18.
2286 1524 2411 1552 Defensio

1345 1564 1448 1592 lubrica
1468 1563 1506 1590 Id.
1521 1573 1570 1598 pro
1590 1564 1675 1590 Plane.
1694 1572 1717 1597 ς.
1790 1564 1921 1591 Lubricus
1939 1565 2029 1600 locus,
2058 1571 2105 1600 per
2131 1564 2339 1595 translationem,
2363 1567 2411 1596 pro

1344 1600 1453 1632 Difficili
1464 1607 1489 1625 et
1503 1600 1605 1627 incerto.
1679 1601 1736 1627 Cic.
1749 1600 1802 1627 Off.
1816 1609 1836 1633 1,
1853 1602 1883 1633 65
1910 1601 1964 1633 Qui
1978 1601 2051 1627 locus
2064 1600 2100 1627 est
2113 1601 2171 1626 sane
2190 1598 2325 1632 lubricus,
2345 1605 2412 1632 quo-

1344 1637 1416 1664 niam
1429 1635 1474 1664 vix
1494 1636 1633 1663 inuenitur
1655 1637 1702 1672 qui
1721 1636 1859 1663 laboribus
1879 1636 2016 1671 susceptis,
2041 1636 2219 1671 periculisque
2237 1634 2331 1667 aditis,
2357 1641 2414 1659 non

1344 1672 1415 1708 quasi
1443 1672 1592 1699 mercedem
1619 1677 1711 1699 rernm
1737 1673 1868 1707 gestarum
1900 1671 2027 1699 desideret
2054 1672 2177 1707 gloriam.
2251 1669 2413 1697 Obseruatio

1344 1708 1477 1743 Qiinffil.
1492 1717 1512 1741 1,
1529 1716 1548 1741 5.
1624 1709 1685 1743 Spes
1706 1708 1768 1735 Stat.
1782 1708 1877 1735 Achill.
1891 1718 1917 1741 i,
1931 1716 1991 1743 547.

1381 1752 1398 1771 L
1407 1752 1428 1771 v
1438 1752 1454 1772 B
1463 1752 1482 1772 R
1493 1744 1505 1772 ἴ
1517 1751 1535 1772 C
1546 1751 1568 1770 V
1577 1751 1603 1771 M
1611 1765 1620 1778 ,
1640 1746 1660 1771 i.
1680 1754 1706 1773 n.
1744 1745 1869 1778 [ὅλιὲος]
1908 1744 2062 1780 Sub-stantiae
2072 1750 2119 1779 pro
2132 1753 2169 1776 ea,
2180 1753 2253 1778 quam
2264 1741 2412 1769 Lubricita-

1344 1787 1398 1808 teu-J
1411 1782 1532 1817 analogia
1549 1781 1660 1813 diceres,
1679 1781 1844 1816 fipateretur
1860 1779 2014 1807 auftoritas.
2086 1779 2178 1806 Tacit.
2194 1779 2262 1805 Hist.
2282 1786 2308 1811 Ι,
2330 1785 2382 1812 79,
2401 1784 2413 1808 3

1345 1819 1377 1845 Et
1390 1817 1497 1844 lubrico
1511 1816 1641 1844 itinerum
1653 1816 1756 1842 ademta
1776 1824 1908 1850 equorum
1927 1815 2093 1851 pernicitate.
2153 1817 2184 1842 Iu
2201 1814 2307 1842 lubrico
2327 1816 2412 1847 Agere

1344 1855 1414 1881 Tac.
1429 1856 1459 1880 A.
1474 1855 1501 1886 6,
1514 1860 1548 1886 31,
1562 1861 1584 1885 3.
1655 1853 1741 1888 Magis
1755 1852 1862 1879 lubrico
1877 1851 2023 1886 circumagi
2044 1851 2111 1878 Cels.
2125 1856 2155 1884 8,
2167 1860 2189 1883 3.
2263 1849 2371 1876 Versari
2384 1848 2414 1874 in

1343 1890 1450 1919 lubrico
1464 1890 1519 1915 Cic.
1534 1889 1562 1914 in
1576 1888 1651 1914 Orat.
1671 1897 1692 1914 c.
1704 1894 1744 1918 28.
1817 1887 1910 1914 Tacit.
1923 1888 1992 1915 Ann.
2004 1897 2009 1914 1
2020 1907 2028 1921 ,
2048 1888 2080 1920 63
2106 1887 2150 1914 llli
2164 1886 2289 1921 sanguine
2302 1885 2367 1918 suo,
2386 1890 2413 1911 et

1343 1925 1449 1951 lubrico
1464 1924 1589 1961 paludum
1604 1923 1748 1957 lapsantes,
1770 1931 1817 1950 etc.
1893 1923 2012 1952 Lubrico
2026 1923 2093 1950 Viae
2115 1923 2184 1949 Tac.
2199 1922 2267 1949 Hist.
2279 1930 2309 1953 2,
2324 1925 2369 1954 83,
2389 1927 2411 1953 ς.

1342 1959 1418 1987 Idem
1432 1959 1499 1986 Hist.
1513 1967 1542 1992 3,
1562 1964 1593 1988 82
1619 1960 1668 1985 Per
1681 1958 1803 1992 angusta,
1825 1963 1850 1984 ct
1864 1958 1965 1984 lubrica
1981 1959 2087 1984 viarum
2103 1959 2240 1985 flexerant.
2298 1958 2413 1992 Maraph-

1345 1995 1420 2024 Idem
1434 1996 1502 2022 Ann.
1516 2003 1561 2027 14,
1582 1997 1612 2026 56
1644 1994 1719 2027 Qiin
1732 1993 1750 2020 si
1764 2002 1815 2028 qua
1829 1994 1857 2019 in
1875 2000 1948 2028 parte
1960 1993 2095 2020 lubricum
2107 1994 2297 2020 adolescentiae
2309 1993 2413 2019 nostrae

1345 2032 1473 2063 declinat,
1494 2039 1620 2062 reuocas,
1644 2032 1699 2057 vid.
1716 2036 1737 2056 A
1747 2035 1793 2056 Do
1804 2036 1819 2055 L
1828 2035 1845 2056 E
1854 2035 1884 2056 Ο.
1957 2029 2056 2055 Aetatis
2071 2029 2204 2055 lubricum
2225 2029 2292 2054 Plin.
2304 2029 2381 2062 Epist.
2390 2036 2414 2061 3,

1344 2075 1367 2096 3-
1404 2066 1569 2091 Modestinus
1584 2066 1612 2090 in
1626 2065 1643 2091 l.
1663 2065 1773 2091 Famosi.
1793 2065 1826 2091 D.
1839 2065 1879 2091 Ad
1892 2066 1977 2099 legem
1992 2065 2042 2091 Iul.
2055 2064 2153 2092 maiest.
2176 2064 2247 2091 Nam
2260 2069 2286 2090 et
2301 2065 2413 2098 pei-sona

1343 2098 1482 2138 spe&anda
1495 2098 1531 2123 est
1543 2118 1551 2130 ,
1570 2107 1604 2123 an
1617 2101 1736 2131 potuerit
1757 2100 1859 2131 facere,
1885 2107 1910 2126 et
1923 2109 1956 2126 an
1968 2106 2028 2126 ante
2042 2100 2108 2135 quid
2119 2100 2230 2132 fecerit,
2256 2106 2282 2126 et
2296 2108 2329 2124 an
2341 2097 2413 2131 cogi-

1343 2138 1456 2166 tauerit‚
1476 2139 1549 2160 etan
1561 2133 1636 2159 sanae
1650 2133 1746 2159 mentis
1767 2133 1864 2160 fuerit:
1903 2143 1951 2160 nec
1971 2135 2106 2161 lubricum
2123 2135 2229 2168 linguae
2247 2134 2280 2160 ad
2299 2140 2413 2168 poenam

1382 2212 1399 2232 1.
1410 2212 1431 2231 v
1442 2211 1459 2232 B
1470 2211 1489 2231 R
1499 2202 1512 2230 1⁰
1520 2209 1537 2230 c
1547 2210 1574 2230 E.
1616 2203 1686 2230 Adu.
1731 2205 1744 2238 [
1756 2204 1881 2238 ἆλιὲὶηςᾶς
1894 2205 1908 2239 ]
1951 2205 2047 2240 Dubia,
2075 2204 2218 2241 periculose.
2278 2204 2411 2231 Laudatur

1344 2242 1400 2269 Cic.
1415 2240 1529 2275 Philipp.
1542 2247 1558 2266 2
1579 2248 1601 2266 c.
1614 2247 1649 2273 24
1680 2239 1712 2266 Et
1731 2239 1835 2266 lubrice
1851 2241 1967 2266 versatus
1988 2240 2016 2266 in
2036 2241 2108 2267 bello
2128 2241 2173 2268 est.
2228 2241 2278 2266 Sed
2289 2239 2379 2266 remus
2397 2248 2411 2265 e

1344 2277 1439 2313 vetusto
1451 2278 1531 2303 cortice
1543 2275 1653 2310 legitur,
1675 2275 1853 2310 Reliquorum
1868 2275 2003 2303 faeiorum
2021 2276 2078 2303 eius
2092 2276 2119 2303 P.
2129 2277 2158 2303 L.
2171 2274 2287 2303 difficilis
2301 2277 2360 2303 sane
2375 2274 2412 2302 est

1344 2311 1513 2352 reprehensio
1526 2316 1551 2338 et
1567 2310 1669 2337 lubrica
1679 2331 1688 2345 ,
1707 2313 1825 2338 versatus
1838 2312 1873 2338 est
1887 2312 1915 2338 in
1929 2311 2011 2339 bello.
2317 2329 2319 2331 ·

1380 2355 1398 2375 1.
1409 2354 1431 2374 v
1441 2354 1456 2375 11
1466 2355 1484 2374 R
1495 2355 1505 2374 1
1516 2353 1534 2374 c
1545 2353 1564 2373 o
1574 2367 1582 2380 ,
1603 2350 1657 2375 are.
1695 2347 1832 2382 [ὄλιρηρὸν
1844 2350 1902 2374 ποιῶ
1909 2348 1921 2383 ]
1960 2348 2091 2375 Lubricum
2105 2349 2215 2376 reddere.
2259 2349 2351 2376 quen.
2360 2347 2413 2375 Sat.

1344 2394 1365 2413 11
1374 2406 1382 2419 ,
1402 2392 1443 2420 173
1469 2383 1524 2417 Qui
1539 2382 1779 2410 Lacedaemonium
1799 2384 1936 2418 pitysmate
1949 2383 2062 2411 lubricat
2074 2383 2187 2418 orbem,
2213 2384 2268 2411 vid.
2286 2391 2302 2411 Ρ
2313 2390 2378 2411 1TY
2387 2390 2413 2411 S—

1344 2429 1370 2448 M
1379 2427 1410 2447 Α.
1469 2421 1574 2455 Angues
1588 2418 1719 2446 lubricare
1751 2419 1871 2446 Tertull.
1884 2419 1912 2446 in
1926 2419 2018 2446 Genesi
2034 2429 2056 2445 c.
2070 2429 2089 2446 1.
2164 2420 2275 2447 Cliuum
2288 2419 2413 2448 Prudent.

1343 2457 1405 2484 Pass.
1416 2456 1486 2483 Petri
1501 2463 1524 2481 et
1531 2455 1616 2482 Paulli
1628 2464 1653 2481 ν.
1661 2462 1699 2488 35.

1379 2499 1425 2519 Lv
1435 2498 1452 2518 B
1463 2499 1501 2518 Rl
1514 2498 1531 2519 c
1543 2492 1567 2518 Ᾰ
1577 2497 1600 2517 Τ
1611 2497 1672 2524 vs,
1689 2499 1720 2524 a,
1739 2500 1793 2517 um.
1830 2490 1934 2518 Arnob.
1946 2490 2070 2519 aduersus
2092 2496 2181 2528 gentes
2195 2500 2204 2518 1
2223 2500 2249 2527 p.
2263 2499 2297 2519 22
2316 2490 2412 2518 Lubri-

1344 2534 1416 2556 catus
1429 2528 1513 2564 lapis,
1533 2533 1558 2555 et
1573 2536 1605 2554 ex
1619 2527 1688 2555 oliui
1702 2528 1819 2562 vnguine
1834 2527 1983 2555 ordinatus.
2104 2529 2105 2532 ’
2286 2532 2289 2539 ⁴

1755 2590 1986 2623 LVC

1381 2645 1503 2673 LVCA,
1528 2647 1566 2665 ae.
1602 2638 1623 2665 f.
1657 2638 1712 2665 ‘Bos
1733 2638 1805 2671 luca,
1829 2638 1926 2664 dicitur
1944 2637 2058 2672 Elephas.
2098 2637 2222 2672 [ἐλέφας]
2265 2636 2330 2664 Plin.
2345 2641 2374 2671 8,
2395 2638 2412 2665 6

1345 2675 1501 2710 Elephantes
1516 2675 1590 2701 Italia
1602 2674 1720 2709 primum
1734 2674 1803 2701 vidit
1815 2673 1909 2706 Pyrrhi
1922 2673 1991 2708 regis
2003 2671 2093 2706 bello,
2110 2680 2135 2700 ct
2149 2673 2231 2700 boues
2243 2673 2313 2700 lucas
2327 2671 2413 2708 appel-

1346 2712 1428 2744 lauit,
1447 2712 1476 2738 in
1489 2710 1603 2737 Lucanis
1617 2710 1696 2737 visos.
1753 2712 1806 2735 Cur
1818 2709 1974 2745 Elephantes
1985 2709 2199 2742 dit‘lifintLucae
2212 2708 2311 2742 boues,
2329 2709 2412 2744 dispu-

1345 2755 1385 2774 tat
1398 2748 1477 2773 Varr.
1492 2746 1524 2772 de
1537 2747 1566 2772 L.
1582 2746 1610 2772 L.
1625 2748 1657 2778 6,
1678 2755 1689 2778 3
1710 2755 1734 2781 p.
1747 2751 1799 2780 72,
1817 2753 1849 2777 30
1879 2745 2008 2781 Pqstquam
2034 2745 2100 2771 enim
2119 2745 2236 2771 laudauit
2251 2745 2410 2780 prouerbium

1345 2784 1411 2818 quod
1415 2782 1502 2816 fuerit
1515 2782 1583 2816 apud
1604 2781 1737 2815 Ennium,
1770 2782 1856 2815 Atque
1874 2783 1948 2816 prius
1968 2781 2053 2815 pariet
2072 2780 2170 2807 locusta
2187 2781 2273 2807 lucam
2293 2779 2410 2814 bouem,

1343 2818 1440 2858 addin*
1483 2818 1553 2844 Luca
1568 2817 1616 2844 bos
1629 2817 1743 2852 elephas.
1799 2817 1856 2843 Cur
1868 2818 1904 2844 ita
1916 2817 1945 2844 fit
1959 2817 2045 2849 dieta,
2072 2816 2176 2844 duobus
2194 2816 2296 2843 modeis
2317 2815 2411 2844 inueni

1344 2855 1479 2888 scriptum.
1538 2854 1608 2880 Nam
1627 2860 1652 2880 et
1672 2854 1701 2880 in
1719 2853 1751 2880 C.
1765 2853 1835 2879 Aelii
1848 2853 2042 2881 commentario
2057 2859 2129 2886 erat,
2148 2861 2163 2878 a
2176 2851 2298 2884 Libyceis
2312 2852 2411 2886 Lucas,

1344 2896 1370 2916 et
1383 2890 1412 2916 in
1426 2889 1550 2923 Verginii
1564 2889 1777 2922 commentario,
1796 2889 1828 2915 ab
1843 2890 1970 2916 Lucaneis
1984 2890 2081 2916 Lucas:
2118 2888 2151 2915 ab
2164 2897 2213 2922 eo,
2234 2887 2307 2923 quod
2315 2887 2411 2922 nostri,

1344 2935 1404 2952 cum
1419 2925 1792 2960 maximamquadrupedem,
1817 2934 1896 2960 quam
1915 2925 1962 2961 ipsi
1982 2925 2126 2958 haberent,
2152 2931 2277 2951 vocarent
2295 2923 2409 2952 bouem:

1343 2968 1369 2989 et
1382 2962 1411 2988 in
1424 2962 1551 2988 Lucaneis
1566 2961 1662 2994 Pyrrhi
1673 2961 1745 2989 bello
1760 2962 1877 2996 primum
1896 2962 2018 2988 vidissent
2034 2960 2103 2996 apud
2123 2960 2221 2987 hosteis
2239 2959 2410 2994 elephantos,

1344 3013 1391 3020 ——
1409 2998 1494 3024 lucam
1516 2997 1614 3024 bouem
1634 2998 1778 3033 appellasse.
1835 2998 1861 3024 Si
1880 3007 1894 3024 a
1912 2997 1996 3030 Libya
2016 2997 2104 3024 dietae
2122 2997 2201 3023 essent
2221 2996 2321 3029 Lucae,
2349 3004 2409 3030 pan-

1346 3034 1436 3061 therae
1447 3039 1473 3060 et
1489 3034 1579 3060 leones
1592 3043 1647 3061 non
1658 3034 1797 3061 Africanae
1812 3033 1908 3060 bestiae
1921 3034 2090 3066 dicerentur,
2116 3032 2159 3059 sed
2179 3032 2273 3059 Lucae.
2331 3030 2358 3057 Si
2375 3031 2409 3058 ab

221 3077 249 3104 id
263 3077 298 3104 est
312 3076 414 3104 Iubenti
431 3075 539 3107 ὃΠΪῐῊυ,
558 3074 664 3108 fietque·
741 3072 822 3099 Plaut-
837 3072 915 3098 Stissh·
930 3083 957 3105 3>
971 3080 1002 3104 2²
1017 3080 1051 3098 20
1078 3071 1153 3098 Num
1174 3068 1282 3104 quidem
1298 3076 1330 3103 80
1346 3070 1473 3098 Lucaneis
1487 3069 1588 3099 di&ae;
1626 3069 1677 3097 vrsi
1690 3079 1736 3096 cur
1749 3070 1838 3104 potius
1851 3070 1950 3096 Lucani
1963 3079 2043 3105 quam
2058 3069 2123 3096 Luci
2136 3067 2220 3094 dieti?
2257 3067 2347 3100 Qiare
2358 3075 2409 3102 ego

220 3113 272 3140 hoc
294 3112 345 3139 tibi
364 3120 416 3139 ram
435 3120 515 3146 graue
534 3109 585 3137 est?
618 3108 755 3143 promitte.
774 3115 801 3135 Ε.
821 3114 922 3134 certum
937 3107 981 3134 cst.
1002 3113 1032 3135 G.
1051 3107 1083 3134 sic
1101 3106 1141 3132 fac
1163 3105 1281 3140 inquam-
1346 3106 1466 3134 arbitror
1479 3106 1567 3140 potius
1581 3107 1663 3133 Lucas
1677 3105 1709 3133 ab
1724 3106 1798 3139 luce,
1823 3106 1896 3141 quod
1917 3106 1996 3141 longe
2015 3104 2183 3136 relucebant,
2207 3109 2317 3138 propter
2335 3103 2409 3129 inau-

223 3156 249 3175 i.
275 3154 344 3175 certa
364 3158 414 3174 res.
439 3154 469 3174 G.
494 3146 601 3173 lubente
619 3144 708 3172 hercle
727 3153 770 3170 me
789 3143 877 3170 facies.
950 3143 1024 3170 Idem
1045 3143 1132 3170 Truc·
1151 3150 1184 3174 2,
1203 3152 1234 3174 4,
1254 3149 1282 3167 10
1346 3148 1418 3170 ratos
1429 3143 1517 3176 regios
1533 3142 1652 3177 clypeos,
1673 3141 1769 3177 quibus
1783 3151 1877 3169 eorum
1889 3148 1945 3168 tuin
1958 3147 2066 3169 ornatae
2074 3146 2148 3167 erant
2163 3145 2257 3165 turres.
2316 3139 2408 3166 Tamen

222 3185 348 3210 Coenabo
363 3184 409 3210 vbi
423 3190 451 3210 tu
467 3182 575 3209 infleris.
601 3189 626 3209 Ρ.
647 3181 698 3207 hoc
713 3189 754 3206 me
768 3179 874 3206 lubente
888 3178 976 3205 facies.
1048 3178 1121 3206 Ideni
1142 3177 1238 3212 Amph.
1253 3186 1283 3210 2,
1346 3178 1579 3213 Scaliger-Appen&
1590 3180 1728 3204 Coniec‘lan.
1743 3181 1778 3204 ad
1788 3180 1812 3205 h.
1825 3180 1844 3205 l.
1857 3179 1920 3203 ’τῆς
1933 3185 2016 3203 tuetur
2031 3175 2099 3202 illam
2112 3186 2128 3201 a
2141 3175 2256 3202 Lucania
2268 3173 2408 3209 appellatio.

224 3228 256 3252 2,
273 3228 317 3253 2¹7
352 3220 450 3246 Mulier
470 3218 543 3244 istam
564 3226 620 3244 rem
640 3216 790 3251 inquisitam
810 3222 911 3242 certum
932 3214 967 3241 est
986 3223 1041 3240 non
1059 3215 1189 3240 amittere.
1221 3219 1281 3239 AL.
1347 3223 1414 3240 nem:
1448 3223 1523 3248 quam
1533 3214 1623 3248 probat
1634 3214 1709 3240 etiam
1722 3214 1824 3248 1fid.12,
1836 3222 1860 3240 2.
1931 3213 2037 3239 Lucret.
2051 3220 2080 3244 ς,
2100 3219 2152 3244 1301
2183 3210 2247 3237 Inde
2260 3210 2343 3237 boues
2357 3210 2409 3237 Lu-

223 3256 316 3289 edepol
339 3265 379 3281 me
400 3256 506 3281 lubente
519 3253 608 3279 facies.
680 3252 753 3279 Idem
767 3252 840 3278 Men.
856 3260 871 3277 2
881 3271 888 3284 ‚
903 3259 928 3283 1,
950 3258 986 3284 47
1012 3250 1083 3284 Cape
1100 3255 1177 3284 atque
1192 3251 1280 3276 serua:
1301 3256 1330 3284 85
1347 3259 1386 3277 cas
1399 3249 1498 3276 turrito
1512 3258 1625 3284 corpore
1638 3255 1737 3284 tetros,
1757 3250 1955 3286 Anguimanos,
1973 3248 2037 3274 belli
2052 3247 2199 3274 docuerunt
2207 3246 2317 3275 vulnera
2326 3245 2408 3274 Poeni

223 3300 265 3318 nie
287 3289 391 3316 lubente
413 3290 513 3317 feceris.
557 3288 677 3315 Hilarem
697 3297 724 3314 ac
740 3287 872 3314 lubentem
883 3286 922 3312 fac
931 3293 955 3312 te
969 3287 997 3312 in
1011 3286 1065 3312 nati
1085 3285 1184 3319 nuptiis
1211 3285 1281 3311 Ter.
1345 3285 1468 3314 Sufferre.
1525 3286 1622 3312 Auson.
1637 3286 1716 3322 Epist,
1732 3295 1756 3317 15

223 3326 297 3353 Adel.
310 3334 343 3365 4,
361 3331 440 3365 7938.
513 3325 595 3352 Plaut.
609 3323 707 3350 Cistell.
719 3333 752 3356 4,
771 3332 802 3356 2,
822 3332 845 3356 13
872 3322 921 3349 Sed
939 3330 1028 3348 nonne
1048 3321 1147 3347 ecastor
1159 3330 1208 3354 ego
1224 3321 1281 3346 sum
1502 3321 1559 3348 Cur
1579 3331 1621 3348 me
1642 3323 1824 3358 propinquum
1844 3321 2023 3348 Santonorum
2044 3318 2185 3346 moenibus

223 3362 307 3389 multo
322 3362 457 3393 inscitior,
478 3361 526 3388 hos
544 3364 610 3395 quae
623 3368 731 3394 rogem,
749 3365 793 3385 aut
807 3367 873 3393 quae
891 3358 1017 3393 fatigem,
1036 3357 1083 3392 qui
1097 3357 1197 3391 semper
1210 3357 1281 3382 malo
1537 3357 1676 3392 Dcdinas,
1702 3364 1731 3385 vt
1750 3359 1831 3384 Lucas
1851 3357 1934 3383 boues

222 3396 347 3425 muliebri
362 3397 419 3422 sunt
434 3396 568 3423 lubentes?
607 3396 625 3422 i.
647 3395 759 3422 Deli-‘lat
773 3404 808 3420 eos
822 3396 913 3420 malum
926 3394 1040 3428 inferre,
1056 3393 1111 3426 stm’
1132 3401 1218 3417 nocere
1230 3401 1281 3418 mu-

223 3433 283 3460 lieri
294 3433 378 3458 alicui.
417 3433 489 3465 Conf.
505 3432 543 3458 Id.
556 3433 633 3458 Curc.
648 3439 674 3463 2,
688 3439 710 3463 3,
725 3438 742 3457 1.
755 3437 779 3456 et
794 3430 861 3456 Pers.
876 3437 904 3463 ς,
919 3439 938 3465 1,
951 3435 973 3460 8.
1045 3432 1159 3464 Compar.
1198 3427 1280 3454 Plaut.
1296 3438 1331 3464 90

224 3468 292 3495 Asin.
309 3476 338 3498 2,
353 3476 383 3499 2,
403 3476 417 3493 2
446 3468 491 3494 Vti
506 3477 554 3502 ego
571 3468 630 3493 illos
645 3465 807 3494 lubentiores
821 3465 931 3498 faciam,
951 3466 969 3491 i.
989 3464 1139 3491 Hilariores.
1182 3464 1280 3498 Super-l.

223 3506 279 3531 Cor
298 3503 500 3530 lubentilliinum
528 3504 608 3530 Plaut.
626 3502 716 3529 Pseud.
738 3511 767 3535 ς,
787 3509 819 3535 2,
838 3509 879 3528 22.
952 3500 1075 3533 Lubens,
1092 3506 1139 3535 pro
1161 3500 1282 3526 Lubenter

222 3550 276 3565 cum
288 3539 371 3564 ‘iver-stis
384 3540 499 3573 iungitur
519 3538 653 3573 [ἐσμ-νος]
673 3539 754 3564 Plaut.
768 3538 816 3564 Ani
836 3536 862 3563 h.
876 3545 905 3569 4,
917 3545 946 3570 4,
960 3539 990 3569 36
1012 3537 1113 3562 Faciam
1128 3533 1280 3570 id‚fiquco,
1384 3545 1430 3564 LV
1440 3540 1555 3571 cdxci,
1579 3547 1666 3564 orum.
1687 3547 1723 3564 m.
1760 3537 1900 3571 [Ammoi]

223 3575 300 3615 signis
316 3575 415 3614 palam,
436 3581 463 3600 tu
483 3574 708 3615 responflehpiius.
737 3580 768 3600 Α.
793 3546 895 3601 lubens.
938 3608 942 3613 .
969 3572 1042 3612 Idem
1057 3571 1140 3598 Calin.
1159 3579 1188 3604 5,
1210 3581 1235 3604 1,
1254 3578 1281 3599 12
1347 3573 1402 3607 liti,
1422 3581 1447 3601 et
1459 3584 1473 3600 a
1488 3573 1646 3601 Samnitibus
1660 3574 1732 3606 orti,
1751 3573 1815 3599 duce
1831 3573 1930 3606 Lucio,
1951 3581 1980 3599 vt
1994 3572 2087 3609 scribit
2106 3570 2169 3598 Plin-
2183 3576 2212 3601 3,
2235 3575 2257 3600 ς.

223 3611 275 3637 Hic
289 3610 431 3636 Pardalisca
446 3610 515 3643 csso,
535 3620 582 3645 qui
594 3610 656 3636 hinc
670 3616 753 3642 excat,
774 3618 835 3636 eum
848 3614 876 3636 vt
889 3607 1008 3635 ludibrio
1020 3607 1123 3633 habeas.
1144 3613 1169 3632 ι).
1190 3606 1281 3634 lubens
1297 3620 1329 3645 95
1346 3611 1414 3646 regio
1429 3617 1444 3636 L
1454 3618 1473 3637 v
1484 3616 1560 3637 CAN
1571 3616 1578 3635 1
1588 3616 1626 3641 A,
1651 3609 1775 3636 Violenta
1789 3609 1902 3636 Lucania
1923 3609 1991 3635 Hor.
2006 3609 2088 3636 serm.
2101 3613 2132 3636 2,
2147 3612 2172 3635 1,
2189 3609 2224 3635 38.

223 3647 329 3689 fecero,
351 3653 374 3672 (Ἴ
388 3647 479 3685 {0¹5⁰}-
508 3647 588 3686 ‚Cvz’f-
602 3646 640 3673 Id·
654 3646 742 3672 Truc.
755 3654 784 3678 2,
798 3656 823 3679 4,
836 3647 880 3678 46·
954 3644 1023 3671 Ter.
1042 3643 1137 3669 Heaut.
1151 3651 1188 3675 4,
1207 3650 1236 3676 5,
1257 3649 1280 3674 ¹5
1384 3648 1571 3673 chsiuvs
1584 3666 1592 3679 ,
1612 3654 1643 3678 a,
1664 3654 1717 3671 um.
1744 3644 1803 3671 Adi.
1842 3645 1987 3680 [Λυκαυὸς]
2022 3638 2090 3678 Aper'
2103 3640 2224 3667 Lucanus
2242 3638 2402 3666 Hor.Serm.

223 3682 325 3709 Faciam
340 3681 405 3708 boni
419 3680 468 3707 tibi
479 3681 580 3715 aliquid
595 3690 644 3715 pro
660 3681 719 3707 istac
733 3689 778 3713 re,
796 3689 825 3707 ac
838 3680 939 3708 lubens.
1010 3679 1084 3706 Idem
1097 3678 1206 3712 Adelph.
1221 3686 1244 3711 ς,
1258 3686 1281 3711 5,
1346 3690 1372 3715 2⁷
1385 3687 1409 3714 g,
1422 3684 1447 3709 6,
1501 3684 1563 3717 Iuga
1583 3681 1627 3708 sil,
1642 3687 1664 3713 g,
1678 3688 1732 3714 57„
1802 3681 1876 3707 Mare
1893 3682 1954 3709 Stat.
1967 3681 2030 3707 sim,
2041 3685 2069 3710 3,
2083 3685 2094 3702 2
2104 3696 2112 3707 ‚
2126 3680 2162 3708 85.
2220 3676 2313 3702 Pascua
2332 3674 2402 3700 Hor.

223 3721 239 3744 6
266 3718 375 3744 Seruum
397 3716 465 3742 haud
486 3717 644 3743 illiberalem
663 3716 771 3751 praebes
792 3722 833 3749 te,
864 3723 889 3743 ct
915 3715 965 3743 tibi
989 3715 1081 3742 lubens
1100 3713 1166 3740 bene
1188 3713 1280 3740 faxim.
1346 3717 1429 3752 Epod.
1443 3727 1462 3751 1,
1476 3723 1515 3749 28.
1587 3716 1721 3743 Scarabaei
1736 3716 1834 3743 Lucani
1853 3727 1880 3742 v.
1892 3718 1916 3744 b.
1931 3726 1957 3743 v.
1977 3724 2006 3741 ex
2017 3713 2110 3738 Plinio.
2185 3711 2266 3737 Vrsos
2279 3711 2344 3737 modo
2359 3710 2401 3734 lm-

221 3753 290 3780 Ibid.
305 3761 333 3785 5,
353 3755 384 3787 6,
405 3757 428 3792 8·
449 3753 479 3778 Et
493 3752 541 3779 tibi
555 3753 590 3779 ob
604 3761 660 3778 eam
683 3762 757 3784 rem,
777 3751 795 3777 si
809 3753 873 3786 quid
887 3754 944 3779 vsus
963 3751 1082 3784 venerit,
1108 3749 1199 3777 lubens
1214 3750 1281 3776 bene
1345 3754 1438 3779 hulmus
1446 3753 1638 3781 e.i-Vari·on.de
1651 3753 1678 3778 L.
1687 3752 1715 3778 L.
1726 3754 1782 3785 6,3.
1960 3748 1982 3786 ff
2001 3755 2017 3774 2
2055 3750 2188 3783 Cognomen
2202 3749 2352 3775 Romanum,
2372 3751 2402 3770 vt

222 3789 312 3815 faxim.
370 3790 430 3815 Ioui
445 3789 587 3821 opulento,
606 3788 686 3814 bonas
700 3788 788 3823 copias
802 3788 1000 3821 commodanti,
1016 3786 1109 3814 lubens
1129 3786 1279 3820 meritoque
1290 3799 1336 3817 100
1345 3789 1372 3815 in
1386 3790 1463 3815 Poeta
1476 3790 1568 3823 nobili,
1593 3789 1661 3814 cuius
1674 3789 1785 3814 habemus
1800 3788 1965 3823 Pharsaliam.

222 3825 323 3866 vitulor
339 3824 434 3866 Ῥ1ῑ1111.
456 3824 522 3850 Pers.
542 3832 572 3857 2,
593 3833 620 3856 3,
648 3832 672 3850 2.
714 3828 744 3850 de
764 3833 812 3858 qiua
825 3824 941 3858 formala
954 3845 962 3857 ,
995 3823 1088 3851 lubens
1111 3821 1280 3855 meritoque,
1381 3823 1607 3858 chANi'CA,
1627 3832 1664 3850 ae,
1692 3824 1711 3849 f,
1750 3825 1867 3859 [ἀλλᾶς]
1888 3818 1984 3846 ‘Genus
1998 3819 2147 3853 farciminis
2161 3817 2272 3854 porcinis
2285 3815 2402 3842 carnibus

223 3865 276 3886 wil.
298 3860 404 3895 Brtſjon.
650 3893 657 3902 e
1344 3861 1498 3895 infart‘lum,
1519 3871 1534 3886 a
1546 3860 1657 3887 Lucanis
1674 3862 1769 3895 populis
1784 3860 1891 3895 primum
1911 3856 2022 3880 inuenta·
2078 3854 2195 3881 ΜᾶΙΊῙὸΙ-
2216 3860 2255 3885 ¹3,
2274 3860 2301 3884 Ξῖ
2333 3851 2401 3877 Filia

260 3902 276 3920 1.
286 3902 305 3920 v
317 3902 330 3921 [1
341 3902 387 3921 EN
397 3900 480 3922 ΤΕΡ..
519 3893 585 3933 Adii,
623 3895 720 3933 [qamt.
740 3895 861 3928 ἂσμεως]
898 3895 916 3920 i.
943 3895 1048 3922 Lubemi
1066 3893 1156 3920 animo.
1199 3892 1279 3919 Plaut.
1344 3897 1453 3923 Picenae
1465 3897 1545 3923 venio
1558 3896 1673 3922 lucanica
1687 3904 1798 3930 porcae,
1820 3891 1934 3921 Pultibus
1949 3891 2011 3917 hinc
2025 3890 2111 3917 niueis
2124 3896 2196 3925 grata
2209 3895 2309 3914 corona
2316 3886 2400 3912 datur.

193 3952 197 3955 .
223 3929 290 3955 Rud.
305 3940 337 3963 4,
352 3940 383 3964 2,
404 3935 429 3961 18
454 3930 525 3956 Nam
539 3938 585 3963 qui
600 3929 738 3956 dormiunt
758 3930 896 3963 lubenter,
922 3930 973 3957 sine
994 3932 1068 3958 lucro
1086 3935 1112 3956 et
1131 3934 1192 3955 cum
1209 3928 1279 3954 malo
1381 3939 1398 3958 1.
1409 3939 1428 3957 ν
1442 3938 1459 3959 C
1472 3940 1492 3959 Α
1503 3939 1538 3966 R,
1557 3932 1618 3958 aris.
1651 3941 1675 3957 n.
1713 3932 1776 3957 recle
1789 3932 1985 3963 interpretamur
2000 3928 2070 3953 Vett.
2086 3926 2165 3953 Gloff.
2179 3929 2207 3951 τὸ
2226 3924 2355 3957 §effiginam
2376 3927 2400 3946 et

220 3966 362 3998 quiescunt.
426 3966 512 4001 Magis
535 3963 672 3998 lubenter,
702 3966 756 3991 viel.
784 3971 921 3993 MAtjis.
996 3966 1120 3994 Nimium
1141 3963 1262 3992 lubenter
1269 3976 1328 4001 ,105
1344 3967 1444 3996 Charis.
1458 3978 1483 4004 p.
1491 3976 1554 4003 2233
1574 3968 1688 4002 θεαῖςικὸμ
1700 3967 1816 4002 afflgiar.
1870 3962 1936 3989 Plut.
1951 3963 2003 3996 Q.
2012 3963 2088 3989 Rom.
2102 3966 2129 3992 88
2151 3967 2222 3987 votat
2234 3963 2262 3986 τᾶ
2279 3956 2401 4019 rurigena»

2293 4005 2302 4020 1
2313 4004 2323 4023 ς
2363 4003 2399 4022 “5-

1501 3393 1576 3420 Olim
1601 3395 1717 3421 resumto
1738 3393 1904 3428 praeferoces
1924 3391 2026 3427 praelio

1537 3430 1616 3464 Fugit
1636 3431 1759 3457 iuuentus
1781 3429 1903 3456 Romula.

1345 3467 1422 3494 Amat
1435 3465 1518 3494 insani
1530 3465 1615 3493 bellua
1628 3467 1705 3501 ponti
1719 3466 1857 3500 Lucaeque
1872 3464 1964 3492 boues.

1344 3503 1472 3529 Drakenb.
1485 3504 1521 3528 iic!
1532 3502 1577 3528 Sil.
1592 3511 1608 3534 9
1618 3522 1625 3534 ,
1646 3509 1703 3537 572.

2157 3428 2215 3454 Sen.
2234 3423 2343 3459 Hippol.
2364 3431 2406 3457 331

2027 3465 2096 3491 Add.
2112 3464 2177 3500 LIps.
2198 3461 2270 3490 EleH.
2284 3468 2316 3494 2,
2335 3468 2354 3494 4
2380 3467 2405 3486 et

1937 3536 2031 3572 Populi
2047 3537 2116 3563 inter
2128 3531 2252 3561 Calabros
2265 3537 2291 3558 et
2303 3530 2404 3593 Abpulos

2336 3575 2404 3593 orum
