2517 4231
879 252 898 271 ο

288 279 372 308 Periit
386 279 490 314 pudor,
509 281 564 308 vid.
585 288 704 310 Ρι-ἲκεο.
777 284 878 311 Ponere
892 282 1020 317 pudorem
1035 285 1097 313 Stat.

349 315 493 351 Postpofito
507 316 609 351 pudore
635 319 737 346 referre
751 318 851 352 aliquid
873 319 954 345 Ouid.
969 323 1060 348 Amor.
1074 329 1098 354 3,

44 350 690 422 assag.;;¹‘;,.fi‘33‘;⁵ffiz..d..Rati‘afi‘zffss'x'ss
708 354 986 418 t3‘¹¹²²1‹33¹a³‘1;?{‡;;
1001 359 1098 419 aiiii?

0 408 1 412 ,
518 408 525 416 .
655 409 662 416 .
689 410 697 422 ,
742 407 748 415 .
989 412 995 418 .
1089 412 1096 419 .

0 433 5 456 3
46 433 70 456 3,
81 431 138 456 273.
210 421 365 456 Reprimerc
386 423 558 457 cupiditatem
571 424 672 459 pudore
691 424 780 451 Senec.
792 423 823 450 de
837 424 925 452 Renes.
940 435 962 460 2,
978 437 999 460 7.

41 458 148 486 iit-itare
165 463 285 484 tenerum
299 457 428 492 pudorem
443 460 536 487 Claud.
552 460 584 487 de
599 461 673 496 Rapt.
688 459 807 494 Proserp.
827 469 852 495 ι,
872 470 915 493 ι;ι.
987 463 1097 490 Soluere

65 493 175 520 udorem
195 493 272 528 Virg.
284 494 349 521 Aen.
364 504 388 526 4,
400 502 436 528 55.
508 496 647 529 Sugillare.
662 493 790 530 pudorem
811 496 924 524 alicuius
944 498 1048 533 leian.
1070 499 1099 525 in

0 542 5 578 ξ
45 503 65 556 i’.
83 528 130 556 Sed
144 528 162 555 fi
174 528 221 555 hac
240 529 296 564 lege
317 527 467 566 §.Praetor
478 531 517 559 ait
537 532 570 558 D.
583 531 615 562 de
629 531 656 556 in
669 529 710 556 ius
720 531 828 558 vocand.
900 533 976 560 Sum:
998 534 1097 561 Pudori

0 584 1 588 ι
45 565 94 591 effe
106 572 147 591 res
166 565 280 595 dicitur,
294 566 366 601 Qae
386 567 553 593 verecundari
565 575 606 592 nos
616 566 698 600 cogit,
717 567 777 600 quia
794 569 896 593 dedecus
914 570 1018 603 ailquod
1035 569 1098 602 affl‘.

46 608 104 626 rat:
141 598 199 626 Liu.
213 609 251 635 34,
266 606 294 634 58
314 600 467 628 Amicitiam
489 602 621 629 Romanos
641 602 803 629 Antiochum
828 610 931 637 petere:
967 604 1010 631 sed
1030 601 1097 640 q'uae
1107 615 1137 634 10

0 607 9 683 ἱ
45 635 200 670 impetrata,
219 636 322 670 gloriae
337 637 400 672 sibi,
418 646 473 664 non
491 635 587 673 pudori
606 635 643 662 sit.
715 638 836 665 Gloriam
855 639 894 665 hic
907 639 1008 667 Pudori
1026 647 1096 675 oppo-

0 700 3 704 y
43 672 95 697 wit.
168 672 256 698 Pudor
270 672 306 699 est
321 673 388 699 mihi
401 672 491 700 dicere
509 671 589 698 Ouid.
606 673 679 699 Rem.
692 673 784 700 Amor.
797 683 848 707 359.
921 675 1098 703 Pudorestvl-

0 709 10 735 ι’
45 705 145 734 teriora
164 707 239 742 loqui
260 707 332 734 Idem
348 708 411 735 Fast.
426 715 449 741 ς,
462 715 511 739 532.
584 708 672 735 Pudor
680 708 716 735 est
728 709 830 736 referre
855 710 977 743 promissa
996 720 1098 746 preces-

28 750 114 775 fatue,
131 751 179 769 etc.
217 741 290 771 Idem
303 745 367 772 Met.
383 753 416 778 ιιι,
430 747 462 773 18·
535 743 670 778 Suscipere
705 744 818 772 udorem
829 744 958 780 alicuius,
977 748 1030 773 vid.
1051 748 1097 773 Su-

0 797 1 802 ,
44 777 144 812 stipere
156 777 270 813 famam,
290 780 317 805 in
335 784 444 806 FAMA.
519 779 627 814 Tegere
642 788 675 814 pn
696 789 770 807 orem
784 781 881 808 Lucan.
903 790 932 812 ι..
946 784 1002 813 360.
1038 783 1095 809 Te-
1115 791 1142 816 15

0 822 2 826 ·
44 819 89 840 net
104 821 150 840 ora
163 813 250 848 pudor
269 814 350 842 Ouid.
365 814 426 840 Met.
442 823 468 846 9,
483 822 530 846 514.
602 814 730 842 Transire
743 815 808 842 fines
827 815 937 850 pudoris
957 817 1004 846 Itl.-
1017 817 1096 852 Epist.

0 851 5 875 ἰ
45 857 80 881 17,
91 851 134 883 67.
206 851 308 877 Vexare
320 848 448 885 pudorem
469 850 575 877 Lucrct.
596 859 616 884 3,
636 856 672 884 83.
782 851 876 878 Victus
895 861 988 879 amore
1009 853 1096 888 pudor

0 894 4 920 ι
45 884 126 911 Ouid.
141 885 231 914 Amor.
245 894 268 921 3,
284 894 320 918 ιο,
334 894 371 918 29.
466 887 496 911 Ιιι
527 887 603 913 MSS.
623 886 745 920 confimdi
762 886 850 922 pudor
863 895 886 914 et
898 887 992 922 furor,
1029 891 1096 915 docet

0 231 3 238 ‚
44 193 129 243 1165'

29 263 32 268 ι
44 279 124 315 Epist.
136 289 160 313 2,
172 291 218 314 ¹⁴3·

1 331 3 335 <
44 316 138 344 Theb.
154 325 192 350 ιο,
205 319 243 343 62.

1041 428 1098 454 Sol.
1120 440 1133 464 5

0 928 4 953 y
43 919 129 947 Burm.
142 924 176 946 art
188 920 317 954 Quinem.
332 921 403 949 Decl.
418 930 446 953 ιι,
466 930 472 947 ι
493 931 518 957 p.
537 930 586 954 232.

79 961 182 984 Pvno
194 957 275 984 RRT
289 963 308 982 v
320 963 352 990 s,
372 965 396 990 a,
418 965 472 984 um.
539 957 618 991 vulg.
646 957 751 998 interp..
770 957 852 986 Sirac.
871 960 912 995 26,
932 968 958 993 ¹9
996 960 1097 988 Melior
1107 976 1140 995 20

0 996 2 1006 ³
43 991 132 1018 saneta
145 997 171 1018 et
184 991 313 1027 pudorata
325 992 421 1019 Sarisb.
436 998 459 1026 8,
473 1001 494 1020 ιι
514 992 710 1020 Pudoratissima
724 1001 813 1030 vrrgo.

0 1064 9 1074 a
78 1028 324 1089 ιᾶνιιὲιιςκᾶενς,
344 1037 369 1061 a,
381 1037 435 1056 um.
473 1029 550 1056 Idem.
577 1028 657 1056 Gloli‘.
679 1029 726 1085 (ir.
746 1030 807 1057 Lat.
830 1028 931 1064 αἰδήμων
955 1031 1097 1066 modestus,

0 1086 2 1097 '
43 1070 161 1125 pnpoxron
172 1083 226 1126 οἰι
234 1105 244 1125 ι
254 1105 272 1127 c
283 1105 302 1126 o
313 1105 330 1125 ι.
342 1105 363 1127 o
373 1105 392 1126 R
400 1119 409 1132 ‚
428 1098 492 1127 oris.
528 1100 547 1127 ί.
567 1099 732 1128 Rubicundus.
769 1100 858 1129 Naeu.
873 1103 942 1138 apud
954 1102 1023 1130 Geli.
1037 1110 1099 1139 ¹92?

43 1133 174 1162 Auroram
194 1133 421 1170 pudoricolorem.
1119 1152 1148 1176 25

459 1198 480 1230 Ρ
555 1198 585 1229 V
655 1198 684 1230 E

81 1249 98 1270 r
110 1249 155 1271 vn
167 1249 184 1270 ι.
194 1249 211 1270 ι.
223 1250 245 1272 Α
256 1263 266 1276 ,
286 1250 330 1271 etc.
365 1244 420 1270 vid.
443 1243 496 1280 post
520 1250 611 1273 even.

80 1285 196 1312 Ρνιῑκ,
214 1279 301 1313 pueri.
321 1287 355 1306 tu.
391 1280 485 1315 [παῖς]
540 1281 608 1308 Ριιει·
637 1279 708 1314 quasi
722 1281 821 1315 Purus,
844 1281 871 1309 id
904 1283 941 1310 est
960 1283 1096 1319 impubes:

0 1325 2 1341 ι
42 1317 130 1341 Varro
150 1322 189 1350 ap.
202 1314 343 1342 Censorin.
357 1314 390 1341 de
404 1315 455 1342 Die
469 1316 531 1344 Nat.
544 1325 566 1342 c.
580 1324 617 1349 ι4.
638 1323 661 1342 et
675 1315 767 1344 Ifidor.
784 1326 814 1352 ιι,
828 1328 849 1345 2.
885 1321 963 1355 Apud
981 1319 1046 1347 Fest.
1067 1321 1094 1346 in
1120 1331 1152 1356 30

43 1350 195 1385 Obpuuiat,
215 1351 295 1378 adbuc
307 1349 424 1384 astutius,
441 1352 508 1378 Puer
521 1351 617 1378 dicitur
631 1359 645 1378 a
658 1352 808 1387 puniendo,
828 1355 890 1389 quia
903 1362 970 1382 aetas
984 1355 1095 1390 puerilis

0 1406 2 1412 .
42 1386 79 1414 est
92 1385 278 1420 obpuuianda,
296 1386 323 1413 id
336 1385 373 1413 est
384 1386 518 1421 ferienda,
535 1387 678 1422 punienda.
752 1390 845 1425 Scalig.
863 1391 890 1415 in
903 1392 1007 1418 Cuniefft.
1020 1393 1093 1420 Verr.

62 1441 68 1448 .
82 1429 114 1454 41
134 1422 164 1447 ab
177 1423 278 1455 antiq-uo
298 1422 350 1449 Por
366 1423 482 1456 deducit,
500 1424 543 1457 qui
552 1422 631 1459 postea
650 1425 726 1452 Puer.
807 1427 847 1452 Sia
871 1426 1033 1462 Marcipor‚·
1046 1427 1093 1454 Pu-

41 1431 148 1492 glipor,
184 1457 348 1492 Qtintipor,
366 1457 394 1484 id
413 1458 448 1484 est
461 1458 629 1494 Marcipuer,
649 1468 694 1487 etc.
714 1460 769 1489 vid.
790 1461 921 1495 Qtinffll.
936 1471 953 1496 ι,
966 1472 984 1496 4
1008 1473 1032 1498 p.
1051 1472 1093 1497 49.

41 1493 111 1521 Plin.
125 1501 160 1525 32,
174 1502 191 1520 ι.
263 1493 386 1520 Priscian.
401 1495 416 1520 6
434 1503 459 1528 p.
472 1502 535 1528 700.
594 1495 658 1530 Vqffl
673 1495 731 1531 Inst.
752 1498 826 1527 Orat,
839 1508 864 1532 4,
878 1507 901 1525 ι2
918 1508 941 1533 p.
955 1508 1004 1529 225.
1042 1500 1094 1526 Por
1112 1510 1139 1533 35

41 1536 122 1555 autem
135 1538 166 1554 ex
181 1529 274 1554 Graeco
291 1532 350 1563 πὸς,
369 1530 434 1564 quod
448 1530 540 1557 Dorice
555 1531 684 1557 dicebatur
693 1539 739 1567 pro
756 1535 822 1563 παῖς.
932 1535 1035 1562 Paullus
1061 1534 1094 1562 de

42 1563 125 1591 Verb.
139 1563 247 1598 signific.
260 1563 278 1590 l.
292 1564 359 1591 Puer
371 1574 419 1596 204
440 1566 518 1592 Pueri
536 1566 680 1602 appellatio
699 1574 752 1594 tres
777 1568 981 1604 significationes
999 1570 1093 1599 habet:

41 1598 228 1633 Vnhm,quum
248 1607 338 1640 omnes
363 1602 467 1635 seruos,
494 1611 590 1636 pueros
618 1603 824 1637 appellaremus:
860 1606 985 1640 alteram,
1011 1616 1095 1642 quum

41 1644 152 1670 puerum
171 1641 307 1662 contrario
320 1637 431 1664 nornine
452 1637 553 1671 puellae
577 1638 738 1666 diceremus:
773 1641 894 1676 tertiam,
919 1652 1001 1678 quum
1026 1649 1095 1670 aeta-

43 1678 96 1698 tem
108 1671 238 1705 puerilem
255 1670 502 1699 demonstraremus.
561 1673 636 1709 Virg.
651 1675 715 1702 Aen.
733 1685 753 1710 1,
765 1685 804 1710 271
825 1679 859 1704 At
873 1687 940 1713 puer
959 1679 1092 1707 Ascanius.
1101 1691 1135 1716 40

40 1706 195 1743 Impronida
209 1711 278 1733 aetas
294 1716 439 1742 puerorum
452 1709 557 1736 Lucret.
571 1717 592 1743 ι,
603 1715 659 1743 933.
748 1712 826 1746 Pueri
845 1714 1033 1750 appellabantm:
1046 1716 1093 1742 Ra-

41 1742 123 1769 mum't
135 1743 225 1775 ctiam,
242 1745 286 1778 qui
305 1744 379 1769 multo
394 1751 499 1770 aetatem
513 1754 536 1776 ις
546 1754 665 1773 annorum
676 1747 842 1783 exceffirant:
861 1751 913 1776 vid.
934 1745 1037 1778 Manui.
1059 1752 1097 1777 ad

41 1778 98 1806 Cic.
112 1777 190 1804 Fam.
199 1787 220 1811 2,
235 1787 253 1804 1.
272 1779 310 1804 ita
322 1779 450 1814 Augustus
465 1789 491 1813 ¹9
511 1789 587 1807 annas
606 1788 696 1814 natus,
721 1782 820 1809 dicitur
842 1784 910 1817 puer
928 1785 1004 1817 Virg.
1031 1785 1092 1811 Cui.

41 1822 69 1840 v.
82 1815 105 1845 3.
171 1814 228 1841 Cic.
241 1813 314 1841 Fam.
324 1822 360 1848 ιο,
368 1819 404 1845 28-
422 1822 445 1841 et
466 1824 496 1849 ιι,
510 1824 536 1851 7.
553 1822 579 1842 ot
595 1817 649 1842 Att.
663 1818 698 1848 16,
713 1825 743 1843 ιι.
763 1824 790 1842 et
807 1818 875 1842 Phil.
890 1827 913 1847 ¹3
925 1826 948 1843 e.
968 1827 999 1843 ιι.
1035 1819 1091 1844 vid.

40 1849 115 1877 Seru.
127 1850 164 1875 ad
175 1849 228 1876 Ecl.
242 1858 260 1882 ι,
273 1859 309 1881 43.
382 1849 461 1878 Ouid.
475 1852 532 1876 Art.
546 1860 564 1881 ι,
578 1856 617 1877 uta
633 1852 665 1874 de
675 1849 800 1884 Augfflv,
818 1851 942 1886 Bellaque
955 1860 1010 1878 non
1029 1861 1093 1888 pue·
1111 1862 1140 1889 45

39 1893 74 1911 ro
93 1883 186 1910 transsat
194 1884 291 1918 agenda
303 1893 377 1918 puer.
486 1883 614 1908 stultitiae
632 1890 704 1909 notae
727 1891 751 1910 et
775 1885 899 1921 confhffiee
914 1887 1046 1923 defi-riptio
1060 1888 1094 1922 esi

38 1919 95 1946 Cic.
109 1920 185 1945 verr.
198 1928 224 1952 a,
238 1924 281 1951 ¹48
301 1928 322 1945 c.
334 1920 366 1945 66
386 1918 480 1945 Homo
492 1917 605 1944 ridicule
618 1918 740 1952 insanus,
761 1921 808 1954 qui
821 1922 878 1948 illic
892 1923 1025 1949 eiusmodi
1047 1924 1095 1957 est,

38 1960 70 1982 vt
81 1963 143 1981 etun
163 1953 240 1989 pueri
267 1953 414 1986 sc&entur,
440 1959 468 1979 vt
487 1962 597 1987 omnes,
624 1963 683 1980 cum
703 1954 780 1990 loqui
803 1959 935 1992 coeperit,
955 1958 1095 1986 irrideant.

38 1991 153 2017 Centum
171 1989 270 2015 artium
283 1989 352 2014 Hor.
365 1988 454 2015 Carm.
467 1999 491 2021 4,
502 1993 567 2023 ¹⁷}15-
608 1989 635 2016 h.
649 1998 673 2018 e.
684 1991 832 2019 Multarum
849 1993 958 2020 artium.
996 1994 1094 2021 Acron.

39 2025 110 2053 Puer
124 2023 186 2050 duri
198 2023 254 2049 oris
267 2028 292 2048 et
305 2022 388 2048 audax
400 2023 482 2049 Ouid.
496 2025 560 2049 Met.
576 2033 598 2055 5,
611 2032 666 2055 431.
865 2026 886 2065 ff
910 2039 923 2055 ι
970 2030 1104 2064 Epitheta:
1115 2043 1147 2066 50

41 2059 134 2088 Adulti
147 2057 278 2092 Qtimffil.
292 2067 313 2089 2,
328 2066 350 2085 a.
420 2060 550 2087 Aeternus
562 2058 644 2086 Ouid.
657 2059 722 2088 Met.
731 2070 757 2094 4,
772 2068 807 2092 ιε.
843 2064 874 2089 de
893 2065 992 2092 Baccho.
1036 2066 1095 2093 Cic.

41 2095 73 2123 ad
87 2095 165 2123 Brut.
180 2103 192 2126 3
205 2092 323 2121 Caesaris
330 2093 407 2128 pueri
414 2093 528 2121 mirifica
539 2093 653 2121 indoles.
726 2097 798 2124 Casti
810 2098 878 2126 Hor.
889 2099 919 2126 in
932 2101 1022 2129 Carm.
1041 2101 1093 2128 sae.

4 2159 5 2167 ¹
44 2131 96 2158 cul.
113 2138 160 2163 132.
176 2156 180 2157 .
230 2130 392 2163 Consuetus,
407 2131 462 2156 vid.
481 2135 686 2158 CONSVESCO.
796 2134 887 2162 Dulcis
899 2137 994 2163 Catuli.
1007 2145 1049 2171 43,
1065 2146 1097 2165 11.

42 2167 170 2202 Egregius
182 2166 244 2193 Stat.
257 2165 320 2192 Silu.
333 2175 354 2198 3,
368 2174 397 2199 4,
411 2174 453 2198 09.
561 2166 647 2193 Ferox
665 2165 758 2195 Claud.
779 2169 812 2197 de
825 2170 906 2206 Nupt.
920 2172 1027 2200 Honor.
1048 2183 1096 2200 ιιο.

44 2201 177 2230 Feruidus
202 2210 282 2241 puer,
300 2203 379 2227 Amor
398 2201 467 2229 Hor.
481 2202 569 2230 Carm.
579 2211 598 2235 1,
606 2210 678 2236 30‚5.
787 2205 928 2234 Formosus
950 2209 1024 2243 Virg.
1043 2209 1130 2246 Ecl.55

39 2247 67 2272 2,
81 2248 114 2271 ¹7·
159 2254 162 2255 ν
183 2237 296 2264 Gracilis
310 2245 376 2271 puer
395 2237 464 2264 Hor.
476 2238 565 2264 Carm.
577 2247 596 2272 1,
610 2246 633 2274 ς,
648 2248 666 2265 ι.
761 2241 921 2270 Immaturus
947 2245 1037 2271 Iustin.
1051 2254 1069 2279 ι,
1081 2254 1095 2272 2

42 2276 74 2301 de
88 2273 155 2300 N1‘no
168 2273 282 2306 iuniore,
297 2273 315 2300 i.
334 2274 449 2298 Nondum
469 2274 567 2300 Idoneus
584 2284 659 2309 regno
675 2275 846 2310 gubernando.
952 2280 1096 2315 Improbus

43 2310 122 2344 Virg.
135 2308 188 2335 Ecl.
201 2315 225 2343 8,
236 2318 278 2340 50·
349 2308 496 2335 Infantium
515 2318 661 2344 puerorum
687 2311 846 2341 incunabula
873 2316 929 2343 Cic.
949 2325 999 2351 pro
1020 2317 1095 2346 Rosc.

42 2347 133 2374 Amet.
152 2353 199 2378 ¹53·
270 2346 400 2379 Ingenuus
416 2345 485 2372 Hor.
497 2345 585 2372 Carm-
598 2355 621 2381 3,
634 2355 673 2379 24,
686 2354 722 2379 ςς.
801 2351 918 2387 Integri‚
944 2355 1096 2389 Incorrupti,

44 2380 105 2416 casti
118 2381 204 2408 Catul.
219 2380 249 2407 in
256 2380 349 2409 Carm.
357 2380 449 2407 saecul.
459 2390 480 2407 2.
537 2382 638 2408 Lasciui
646 2383 713 2409 Hor.
728 2384 810 2412 Serm.
824 2396 842 2420 ι,
856 2396 879 2421 3,
894 2397 944 2422 134·
985 2389 1096 2421 Magna-
1103 2393 1137 2419 60
1148 2386 1154 2390 ”

2 2425 5 2444 5
42 2417 133 2444 ιιίιιιιις
147 2417 215 2444 Pers.
229 2419 256 2450 6,
267 2425 305 2443 22.
411 2417 519 2452 Magni,
539 2418 653 2451 Diuites,
680 2428 710 2444 ex
729 2429 819 2456 magna
828 2422 938 2456 familia
957 2428 1013 2450 nati
1026 2418 1095 2452 Hor.

45 2453 129 2480 Serm.
144 2462 162 2485 t,
176 2455 202 2485 6,
218 2461 255 2486 72·
328 2451 445 2479 Maiores
458 2459 485 2479 et
496 2453 615 2480 minores
633 2454 702 2481 Suet.
715 2455 813 2483 Tiber.
829 2468 851 2485 c.
866 2462 891 2487 6.
909 2466 934 2486 et
955 2461 1021 2494 Aug.
1030 2470 1051 2488 c.
1059 2469 1096 2495 33.

46 2488 220 2520 Met-iterius,
238 2488 293 2515 vid.
315 2494 456 2517 MERBO.
527 2489 625 2516 Molles
633 2491 703 2517 Hor.
711 2490 835 2526 Epoaqn,
850 2503 872 2524 ς.
941 2496 1033 2523 Nescii
1047 2496 1099 2523 fari

46 2523 120 2552 Idem
138 2524 227 2551 Carm-
239 2534 262 2556 ιι,
276 2526 302 2559 6,
318 2529 351 2554 18.
440 2525 503 2551 Orti
517 2525 619 2560 magnis
639 2534 654 2552 e
666 2526 877 2556 Centurionibus
892 2531 965 2558 Idem
979 2532 1062 2560 Serm.
1077 2541 1098 2564 1,

46 2562 75 2595 6,
85 2567 124 2595 73.
193 2559 272 2586 Parui
284 2560 358 2587 Idem
372 2560 450 2595 Epist.
465 2570 484 2595 1,
498 2570 522 2595 7,
536 2568 581 2601 ¹7·.
679 2562 838 2591 Praestantes
856 2566 949 2594 Claud.
967 2566 1000 2593 de
1019 2567 1095 2602 Rapt.
1102 2570 1133 2599 65

47 2597 166 2629 Proserp.
179 2604 202 2630 2,
217 2603 261 2627 133.
331 2596 442 2623 Pulcher
455 2597 524 2625 Hor.
535 2597 612 2631 Epist.
628 2606 647 2632 1,
662 2603 697 2631 ις,
712 2608 753 2632 74.
845 2601 937 2637 Regii,
956 2606 1024 2639 apud
1037 2605 1095 2630 Ma.

50 2633 151 2656 cedonas
162 2633 314 2655 vocabantur
330 2632 470 2666 principum
491 2633 570 2658 libari
588 2634 624 2659 ad
633 2633 795 2669 ministerium
808 2639 876 2663 renis
899 2639 967 2665 elem
985 2639 1045 2667 Liu⁴
1057 2648 1097 2673 45,

50 2666 77 2691 6.
110 2663 242 2690 Robustus
254 2664 308 2691 a‘tri
321 2665 419 2693 militia
438 2666 506 2693 Hor.
519 2668 606 2694 carm.
621 2679 642 2703 3,
653 2679 675 2700 2,
688 2680 711 2697 2.
818 2664 924 2701 'f'eneri
948 2675 1015 2702 Cels.
1034 2683 1060 2707 2,
1078 2684 1097 2702 1.

50 2700 139 2728 Teres
159 2700 226 2727 Hor.
239 2699 321 2734 Epod.
334 2708 364 2733 ιι,
377 2709 412 2732 41·
482 2702 563 2735 Trux
576 2704 685 2731 Achilles
695 2706 784 2735 Senec.
799 2709 906 2738 Troad.
922 2719 947 2745 9.
1053 2709 1073 2749 fl
1088 2720 1099 2744 3

53 2736 151 2763 Verba.-
185 2734 313 2762 Creandis
327 2736 417 2769 pueris
431 2736 506 2763 beata
517 2747 585 2765 vxor
601 2740 670 2767 Hor.
684 2741 762 2776 Epist.
777 2753 798 2776 2,
811 2754 833 2775 2,
845 2756 883 2778 44.
956 2739 1068 2774 Deerrat
1085 2756 1140 2780 a70

53 2778 128 2806 patre
142 2779 223 2805 puer,
237 2771 292 2797 vid.
310 2777 457 2799 DEERRO.
561 2774 672 2803 Florent
691 2777 771 2804 vrbes
786 2782 875 2814 pueris
890 2783 993 2811 Lucret.
1010 2794 1028 2818 1,
1046 2787 1099 2815 256.

50 2807 208 2836 Inclamatus
221 2815 235 2833 a
251 2815 349 2841 puero,
369 2807 423 2836 vid.
442 2814 618 2837 mommo.
689 2813 836 2842 Periclitari
856 2827 951 2851 pueros
971 2825 997 2846 et
1022 2828 1100 2853 expe-

50 2843 119 2877 riri,
139 2844 192 2870 vid.
212 2847 437 2872 PER1CL1TOR.
507 2845 587 2880 Vagit
599 2855 664 2880 puer
679 2847 760 2874 Ouid.
774 2851 838 2878 Met.
852 2860 891 2886 ιο,
906 2863 952 2886 5¹3-
1087 2865 1102 2888 4

51 2880 193 2915 Obseruatt.
229 2879 311 2913 Puer,
333 2880 482 2907 Graecorum
494 2889 558 2907 more
567 2888 613 2917 pro
627 2880 699 2910 Filio.
737 2893 794 2910 nam
807 2887 863 2916 ὴ-ωἷς
870 2888 1000 2922 sanificat
1015 2892 1100 2926 filium

51 2922 76 2940 et
91 2922 201 2950 puerum.
272 2916 302 2942 In
322 2915 480 2943 Tusculano
507 2925 566 2944 cum
592 2918 684 2952 essem,
711 2920 859 2957 vellemque
883 2912 912 2952 fr]
937 2921 1104 2953 bibliotheca
1110 2937 1138 2961 75

52 2950 130 2986 prieti
143 2950 249 2977 Luculli
258 2950 415 2985 quibusdam
423 2951 500 2979 libris
506 2953 547 2980 vti
561 2953 616 2980 Cic.
625 2954 681 2981 Fin.
690 2965 700 2988 3
708 2965 730 2982 c.
739 2966 760 2983 2.
781 2958 799 2985 ι’.
809 2960 896 2994 filius,
914 2962 992 2990 adhuc
995 2968 1070 2996 puer.

158 2986 278 3014 Maxima
292 2986 402 3014 debetur
416 2997 500 3023 puero
518 2991 684 3025 reuerentia,
699 2991 716 3018 fi
725 2992 790 3027 quid

161 3022 259 3057 Turpe
285 3032 371 3057 paras:
391 3032 438 3050 nec
453 3030 481 3051 tu
495 3025 571 3059 pueri
587 3028 756 3056 contemseris
771 3038 869 3063 annos,

156 3057 208 3085 Sed
231 3065 372 3093 peccaturo
392 3059 494 3087 obflstat
515 3060 565 3088 tibi
582 3061 652 3089 filius
671 3063 757 3091 infans

52 3094 171 3123 quenal.
185 3102 275 3135 ¹4‚,⁴7·
347 3096 415 3123 Hor.
431 3096 463 3123 de
478 3097 542 3124 Arte
555 3098 628 3128 Poe'r.
642 3104 680 3130 ¹85
701 3100 758 3127 Nec
772 3111 866 3137 pueros
887 3111 977 3131 coram
1000 3105 1102 3140 populo
1110 3109 1144 3134 80

53 3130 148 3158 Medea
160 3130 283 3158 trucidet.
354 3132 395 3158 Sic
412 3132 502 3160 Carm.
519 3143 536 3167 ι,
552 3143 582 3167 ιι,
593 3143 620 3168 23
639 3135 733 3165 Dicam
752 3143 778 3165 et
799 3139 925 3172 Alciden,
951 3149 1103 3175 puerosque

53 3166 156 3199 Ledae,
175 3174 221 3194 etc.
256 3173 280 3192 et
291 3167 350 3193 aliit
357 3169 473 3203 pluribus
486 3169 513 3194 in
529 3170 596 3199 locis.
618 3168 772 3201 'Lambinun
811 3177 868 3202 Vid.
887 3176 1009 3210 Carm.4,
1028 3178 1052 3210 6,
1066 3186 1102 3210 37.

34 3222 37 3223 γ
54 3202 130 3234 Confi
144 3203 237 3229 quen.
251 3203 300 3229 Sat.
314 3212 348 3237 ¹4,
361 3213 382 3236 3.
403 3210 428 3230 et
445 3205 528 3232 Plaut.
542 3206 636 3241 Amph.
649 3216 671 3241 5,
687 3217 706 3242 ι,
720 3217 756 3242 72.
826 3212 903 3246 Virg.
919 3213 986 3240 Aen.
1005 3222 1027 3248 2,
1046 3220 1102 3247 597.

25 3242 28 3243 ’
55 3236 92 3264 Vt
107 3237 223 3271 primum
236 3246 268 3265 ex
281 3240 370 3273 pueris
387 3240 488 3268 excellit
501 3241 610 3269 Archias
631 3243 686 3270 Cic.
700 3253 750 3279 pro
762 3246 840 3274 Arch.
854 3258 866 3280 4
885 3257 907 3274 c.
922 3258 932 3281 3
951 3255 989 3283 pr.
1027 3249 1104 3281 Puer,

57 3273 170 3313 Ser-ems:-
198 3273 266 3300 Ter.
281 3274 362 3314 andr.
374 3284 396 3308 2,
410 3284 431 3308 2,
444 3286 466 3308 3¹
488 3277 566 3304 Certa
578 3287 619 3305 res
633 3279 685 3313 est,
705 3287 784 3308 ettam
796 3292 908 3318 puerum
930 3284 991 3310 inde
1012 3284 1101 3311 abiens
1111 3291 1140 3316 85

57 3315 172 3333 couuem
187 3307 318 3336 Chremts.

126 3342 143 3347 ..
235 3345 239 3348 -
348 3345 353 3350 .
389 3311 427 3337 Eo
441 3312 484 3340 die
497 3314 573 3348 pueri
585 3315 625 3342 tui
644 3315 712 3342 mihi
732 3325 746 3343 a
768 3322 793 3345 te
811 3319 899 3346 literas
918 3319 1103 3354 reddiderunt,

58 3348 85 3369 et
99 3342 146 3369 alit
167 3352 242 3378 pueri
258 3345 315 3378 post
328 3345 399 3373 diem
410 3348 518 3376 tertium
531 3350 588 3377 eius
604 3351 672 3384 diei,
694 3352 783 3380 literas
800 3356 862 3382 alias
883 3356 1028 3383 attulerunt
1048 3356 1105 3383 Cic.

58 3379 112 3405 Att.
128 3387 148 3411 3,
163 3387 184 3419 ⁷:
253 3381 321 3407 Puer
333 3387 360 3408 et
375 3383 484 3410 ancilla:
504 3386 582 3414 Varr.
597 3387 788 3417 Eudaemonib.
807 3392 858 3417 Vix
874 3391 969 3426 vulgus
984 3391 1105 3424 confluit,

10 3441 15 3444 ,
59 3423 116 3440 nou
129 3414 275 3454 furiarum,
290 3417 332 3443 sed
354 3427 501 3452 puerorum
511 3428 588 3456 atque
606 3424 777 3453 ancillarum:
795 3427 902 3455 Nonius
917 3436 939 3459 2,
954 3429 1009 3459 648.
1044 3428 1105 3455 Per-

58 3449 124 3478 ficos
136 3449 198 3483 odi,
218 3459 298 3484 puer,
316 3460 453 3488 apparatus
474 3455 542 3483 Hor.
556 3458 644 3487 carm.
661 3469 679 3493 ι,
692 3466 729 3495 38,
747 3471 764 3489 ι.
837 3463 910 3497 Cous.
926 3463 1008 3490 Plaut.
1023 3464 1104 3490 Cure.
1114 3473 1149 3500 90

59 3494 80 3518 1,
95 3494 115 3517 ι,
128 3493 153 3526 9.
171 3486 292 3526 ettMost.
309 3497 326 3521 ι,
338 3498 422 3529 3,.ι49.
494 3491 567 3520 Seru.
579 3494 607 3519 in
620 3496 698 3531 Virg.
719 3498 772 3524 Ecl.
786 3500 811 3526 6.
920 3499 1004 3534 Puer,
1015 3498 1105 3535 solum,

58 3522 218 3561 Biandientrs
233 3531 296 3548 vox:
334 3525 410 3559 virg.
426 3527 491 3567 Aen.
507 3530 532 3561 6,
547 3534 591 3561 832
611 3530 665 3565 Ne,
679 3534 766 3567 pueri,
787 3544 820 3561 ne
834 3540 904 3561 tanta
911 3535 1007 3562 animis
1019 3534 1108 3561 adsue-

59 3557 126 3597 scite
137 3556 214 3583 bella.
323 3559 398 3587 Idem
411 3561 503 3589 Culice
515 3565 543 3595 36
564 3566 593 3590 de
604 3567 725 3602 Augusto,
749 3570 840 3598 Sant‘te
862 3579 936 3604 puer.
1008 3573 1048 3597 Ita
1070 3570 1110 3597 ille

55 3591 168 3634 [le'ufy
188 3599 263 3634 atqeq
278 3593 414 3629 Catullus,
432 3598 542 3631 Statius,
559 3600 661 3635 aliique.
735 3606 827 3632 Contra
844 3615 872 3632 ea
890 3607 1073 3642 Imprudentiae
1085 3613 1109 3632 et

60 3636 156 3667 :agenn
168 3630 274 3668 putenm
286 3633 495 3671 exprqbrationcm
515 3634 586 3661 habet
597 3636 625 3661 in
646 3636 686 3663 illo
714 3639 824 3668 Senecae
855 3641 933 3676 Epist.
960 3651 987 3674 211
1027 3641 1110 3675 Qod
1128 3652 1158 3678 95

60 3662 136 3702 vides
149 3663 267 3690 accidere
281 3674 385 3701 pueris,
405 3667 456 3694 hoc
478 3667 557 3695 nobis
574 3675 699 3706 quoque,
725 3676 872 3704 maiusculis
903 3678 992 3712 pueris
1009 3679 1109 3705 euenit.

60 3697 122 3731 1111,
141 3707 206 3739 quos
220 3707 320 3732 amant,
343 3701 439 3734 quibus
452 3705 633 3740 affueuerunt,
651 3717 711 3735 cum
734 3712 829 3745 quibus
848 3712 957 3747 ludunt,
983 3713 1001 3739 fi
1023 3714 1109 3748 perso-

63 3738 139 3760 natos
150 3735 258 3775 ytdent,
277 3738 459 3770 expauescunt.
531 3742 720 3771 Vetustiffimos
742 3746 785 3774 hic
805 3756 830 3776 et
848 3748 911 3775 haec
933 3750 1000 3776 Puer
1018 3749 1110 3776 dixisse

63 3768 167 3809 cstendtt
177 3771 301 3810 ξιιίςιειιι.
317 3774 331 3798 6
353 3774 554 3808 exemploLiuii
568 3776 733 3813 modurn,
754 3782 842 3811 Saneta
857 3793 921 3818 puer
956 3784 1063 3810 Saturni
1082 3783 1110 3810 fi-

65 3803 116 3837 lia,
135 3811 242 3844 regina,
281 3815 305 3833 et
342 3807 441 3835 Naeuii
928 3805 936 3817 ’

64 3841 133 3879 Item.
154 3839 212 3878 Cic:
224 3843 276 3870 Att.
294 3846 328 3877 16,
343 3853 362 3870 ιι
378 3853 443 3871 extr.
481 3847 596 3880 Atticae,
615 3850 742 3883 quoniam

65 3882 103 3901 ris
116 3874 288 3914 est,uh}larula
299 3880 345 3911 est,
364 3881 429 3906 meis
443 3882 533 3908 verbis
552 3883 596 3909 des
613 3886 743 3914 suauitun.

102 3916 118 3935 P
129 3917 175 3936 VE
185 3916 235 3936 RV
245 3917 277 3944 S,
295 3915 313 3941 i.
333 3925 367 3942 ιιι.
405 3916 534 3952 [παιδίον]
593 3920 675 3945 Etiam
689 3923 830 3952 declinatur
848 3926 958 3961 antique.

66 3945 151 3973 Merc.
165 3952 188 3977 5,
201 3953 226 3977 2,
239 3950 269 3978 89
289 3948 352 3982 Tu,
372 3961 469 3987 puere,
489 3952 534 3979 abi
547 3953 611 3980 hinc
624 3955 698 3982 intro
719 3958 802 3987 ocius.

65 3987 90 4006 et
104 3989 130 4019 5,
144 3989 167 4012 22
177 3988 219 4013 4²·
244 3988 266 4006 ee
280 3981 356 4014 Most.
368 3997 397 4022 4,

67 4013 191 4044 Priscian.
205 4017 220 4043 6
238 4023 263 4050 p.
278 4017 333 4051 697.

750 3872 760 3885 ‚
778 3855 849 3889 quod
862 3855 994 3890 optimum
1007 3855 1037 3881 in
1050 3863 1112 3890 pue-

1031 3927 1114 3954 Plaut.

871 3961 945 3988 Idem
960 3962 1028 3988 Asin.
1037 3972 1058 3995 2,
1066 3971 1088 3995 3,
1101 3971 1114 3988 2

410 3997 430 4021 2,
444 3996 471 4021 32
486 3995 531 4016 ete.
568 3990 628 4018 Vct.
641 3990 721 4020 Gloff.
733 3996 799 4027 neit,
811 4005 892 4032 puer,
911 4006 1018 4033 pueruS.
1043 3997 1117 4033 Confi
1126 4005 1167 4030 105
1176 3999 1261 4029 Catul.
1276 4005 1311 4034 18,
1327 4007 1360 4029 15·

1578 200 1607 242 P
1684 199 1725 242 V
1805 203 1839 243 E
2140 216 2226 254 1166

1201 285 1275 316 pvsi
1288 294 1354 323 RA,
1375 298 1412 317 ae,
1434 290 1454 316 f.
1491 290 1641 324 [παιδίσκη.
1664 291 1788 327 κοράσιον]
1823 291 1842 317 1”.
1864 292 1952 322 PutHa.
1998 299 2102 333 Varro,
2131 302 2225 336 Prope·

1169 330 1224 350 rate
1238 324 1330 351 viuere
1345 335 1458 359 puerae,
1476 334 1540 360 quas
1553 326 1612 353 sinit
1627 328 1739 354 aetatula
1755 326 1848 354 ludere
1868 334 1894 354 et
1909 336 2008 365 amare,
2027 343 2051 361 et
2067 338 2226 364 Venerine,

1169 368 1249 394 ποτε,
1270 359 1350 393 leges.-
1390 362 1496 388 Nonius
1510 370 1532 395 2,
1546 364 1602 394 674·
1639 363 1713 396 Conf.
1732 363 1911 389 Prisciands.
1932 364 1999 392 Suet.
2014 370 2096 404 Calig.
2112 379 2164 402 ng.
2184 374 2225 400 Sic

1167 395 1355 431 Qalr'sctmque
1367 403 1454 431 partus
1465 397 1521 430 fim'
1535 396 1582 422 vlla
1595 397 1672 432 sexm
1688 398 1833 434 distrimine
1853 399 2024 434 puerperium
2036 413 2137 431 vot-ann*
2160 410 2224 441 quod

1166 430 1266 464 antiqui
1279 431 1353 455 etiam
1367 432 1457 466 puellas
1477 441 1584 467 pucras,
1598 433 1665 466 ficut
1679 440 1702 459 et
1716 442 1812 469 pueros
1828 432 1920 469 puellos
1939 434 2092 465 difliturent.
2138 428 2146 440 ⁹
2164 445 2222 470 vet,

1169 464 1251 491 Gloss'.
1260 468 1379 497 mullo—«q,
1393 477 1485 502 puera-

1209 507 1224 526 Ρ
1235 508 1255 527 v
1269 506 1284 526 Ε
1295 507 1313 527 R
1324 498 1419 529 xirvs
1430 524 1437 536 ,
1459 504 1476 529 i.
1494 512 1528 530 m.
1563 505 1725 538 [παιδάριον]
1763 504 1866 532 Dimiu.
1891 515 1907 530 a
1933 505 2041 534 Puer-us.
2097 508 2224 540 Omnium

1169 535 1322 564 deliciarum
1336 544 1412 572 atquc
1427 539 1656 566 artiumomnium
1676 540 1781 573 pueruli
1797 541 1853 567 Cic.
1867 550 1917 575 pro
1930 542 1954 568 S.
1968 541 2043 568 Rosc.
2063 550 2086 568 c.
2102 552 2134 573 ιιι.
2157 545 2225 574 Idem

1169 571 1198 598 iu
1213 571 1315 605 Topic.
1331 578 1354 602 ¹8
1374 573 1536 609 Adiungitur
1549 576 1623 601 enim
1640 581 1667 601 vt
1681 576 1824 602 secundum
1839 578 1993 610 seruorum,
2014 576 2155 604 secundum
2169 588 2227 606 exn.

1167 607 1236 669 ‘lium’
1249 607 1390 635 secundum
1424 611 1599 644 puerulorum
1632 609 1733 637 tabulas
1764 612 1880 646 posscllio
1913 612 2034 639 videatur
2070 621 2103 640 ex
2138 613 2228 640 edicto

1185 651 1233 669 art.

1206 677 1474 714 Ρνειιοϋινε,
1496 680 1515 707 i.
1540 690 1576 708 m.

1165 723 1441 783 p'iffiiiznrffnffi
1464 760 1504 777 ae.
1526 751 1546 777 f.

1630 683 1715 709 Alisad
1756 682 1858 709 Dimin.
1916 683 2018 711 Arnob.
2033 693 2046 710 2
2067 693 2092 719 p.
2113 693 2154 718 59.
2173 692 2197 711 et
2217 693 2232 717 7

1581 751 1688 787 [Λεχῶ]
1726 753 1824 778 Mulier
1837 763 1899 788 quae
1918 764 1999 780 recent
2010 756 2116 790 peperit.
2156 756 2228 783 Ter.

1167 785 1279 820 Adelph.
1296 793 1318 819 ς,
1331 795 1354 818 7,
1366 794 1391 818 23
1414 786 1501 812 Multo
1516 786 1613 813 rectius
1627 787 1678 819 cst,
1704 796 1782 822 quam
1805 789 1879 816 illam
1899 799 2056 824 puerperam
2078 801 2147 818 ttuue
2165 792 2228 819 duci

1166 821 1217 848 huc
1233 829 1280 856 per
1293 821 1365 847 viam
1380 828 1523 856 aegrotam.
1595 822 1662 849 Plin.
1679 832 1702 856 7,
1719 833 1733 855 4
1753 832 1776 848 et
1797 829 1837 855 28,
1853 836 1887 857 μ).
1936 826 2003 852 Hor.
2017 827 2098 861 Epod.
2111 837 2144 860 ¹7,
2155 837 2191 858 52.

1204 864 1219 884 P
1230 861 1251 884 V
1263 863 1279 883 Ε
1288 863 1329 883 RI’
1339 856 1355 884 13.
1364 865 1384 884 R
1395 863 1415 882 V
1427 863 1456 891 S,
1477 866 1563 890 a‚1uu.
1583 857 1643 884 Adi.
1679 858 1816 894 [mxviiat]
1853 861 2032 897 Qodpurtum
2047 864 2131 888 iuuat:
2143 863 2227 891 Ouid.

1165 893 1230 920 Met.
1240 902 1312 925 ιο,ςιι
1332 894 1362 918 de
1372 894 1480 926 Myrrha
1493 894 1541 918 ium
1555 894 1659 925 arbore,
1676 894 1724 927 sed
1736 895 1811 922 sctum
1831 898 1977 929 cominente,
1995 897 2120 925 Constitit
2140 899 2170 925 ad
2188 908 2227 926 ra-

1165 938 1223 955 mos
1232 928 1406 955 mitisLucina
1421 928 1548 962 dolentes,
1570 928 1749 962 Admonitque
1767 937 1903 963 manus,et
1915 932 1996 959 verba
2005 942 2132 968 puerpera
2148 934 2226 969 dixit,

1164 964 1306 996 i.carmi1m‚
1326 965 1411 998 quibus
1422 966 1550 990 leuantur
1563 966 1645 990 dolore
1659 972 1682 991 et
1696 974 1767 991 onere
1781 974 1870 993 maur,

1206 1006 1222 1026 P
1233 1006 1278 1027 VE
1287 1006 1306 1026 R
1315 1007 1330 1026 Ρ
1341 1006 1358 1026 E
1372 1006 1390 1026 R
1401 1007 1410 1025 Ι
1420 1006 1441 1026 V
1450 1006 1473 1026 M
1483 1021 1491 1033 ,
1506 1000 1525 1026 i.
1545 1009 1571 1026 n.
1608 999 1732 1034 [λοχεία]
1771 1001 1883 1036 Tempus,
1892 1011 1937 1038 quo
1953 1009 2078 1039 puerpera
2096 1015 2126 1030 ex
2145 1007 2228 1033 dolore

1165 1042 1269 1071 partus,
1288 1035 1419 1069 recumbit,
1439 1037 1482 1061 vel
1494 1036 1568 1061 etiam
1580 1042 1673 1070 tempus
1687 1037 1773 1070 ipsum,
1782 1046 1827 1071 quo
1838 1040 1912 1073 parit
1925 1039 2021 1065 mulier.
2095 1041 2226 1068 Dolorem

1167 1072 1195 1097 in
1214 1071 1359 1106 puerperio
1372 1071 1458 1106 puella
1471 1070 1619 1106 perpetitur
1638 1072 1695 1098 Seu.
1710 1073 1756 1106 Ep.
1769 1081 1805 1103 24.
1877 1073 1944 1100 Plin.
1964 1079 2003 1106 28,
2022 1081 2037 1104 8
2068 1075 2171 1111 Lingua
2182 1077 2228 1104 ad-

1166 1107 1287 1142 alligata,
1309 1106 1425 1142 pericula
1442 1107 1578 1142 puerperii
1594 1107 1663 1133 tolli.
1735 1108 1804 1133 Gell.
1820 1117 1853 1138 ιε,
1867 1117 1875 1134 ι
1895 1109 2064 1137 Percontatus
2078 1112 2121 1143 cst,
2146 1122 2227 1146 quam

1168 1142 1302 1169 diutinum
1316 1143 1507 1178 puerperium,
1525 1147 1552 1168 et
1568 1151 1647 1176 quam
1661 1142 1787 1170 laboriosi
1807 1144 1884 1170 nixus
1902 1145 2021 1179 fuiss'ent,
2049 1148 2226 1182 puellamque,

1166 1178 1288 1205 defessam
1306 1178 1398 1205 labore
1412 1187 1440 1205 ac
1452 1178 1564 1213 vigilia,
1585 1179 1706 1204 somnum
1723 1187 1814 1213 capere
1835 1181 1969 1213 eopnouit.
2046 1186 2128 1216 Aegra
2150 1193 2226 1217 puer.

1167 1215 1245 1250 perio
1258 1214 1340 1241 Plaut.
1356 1214 1446 1241 Truc.
1462 1223 1485 1247 2,
1499 1221 1522 1247 5,
1540 1223 1567 1240 ιι.
1641 1213 1745 1241 Cubare
1761 1216 1920 1249 puerperio,
1940 1217 1994 1244 vicl.
2019 1223 2120 1245 cvm).
2148 1220 2226 1246 Puer.

1165 1250 1286 1286 perium,
1308 1251 1394 1276 Proles
1408 1250 1475 1286 ipsa:
1512 1249 1622 1276 Femina
1637 1252 1786 1284 puerperiis
1801 1251 1907 1285 insignis
1927 1252 2020 1278 Tacit.
2034 1254 2102 1280 Anu.
2121 1263 2154 1285 ι2,
2168 1257 2193 1288 (v,
2206 1264 2227 1283 1.

1165 1286 1236 1313 Gell.
1249 1295 1287 1318 ιο,
1302 1296 1314 1312 2
1335 1285 1409 1311 Diuo
1424 1286 1540 1320 Augusto
1555 1285 1712 1320 impet-anet,
1724 1286 1844 1312 ancillam
1861 1288 1978 1313 Caesaris
1992 1289 2102 1323 Augusti
2117 1290 2145 1316 iu
2161 1299 2226 1326 agro

1163 1322 1295 1349 Laurente
1308 1321 1435 1356 peperisse
1448 1321 1566 1356 quinque
1578 1330 1674 1355 pueros
1690 1321 1796 1356 dicunt,
1817 1331 1915 1356 cosque
1928 1325 2053 1357 pauculos
2075 1325 2129 1351 dics
2148 1326 2229 1353 vixis.

1164 1359 1203 1385 se:
1241 1364 1354 1385 matrem
1368 1366 1476 1392 quoque
1496 1366 1590 1383 eorum
1606 1366 1660 1384 non
1673 1357 1759 1384 multo
1772 1357 1840 1392 post,
1860 1367 1937 1393 quam
1953 1360 2062 1393 peperit,
2077 1370 2226 1389 mortuam:

1164 1401 1423 1428 monumentumque
1437 1393 1461 1419 ei
1475 1393 1574 1420 ratitum
1589 1393 1772 1427 iussitAugusti
1787 1394 1814 1419 in
1828 1393 1871 1420 via
1892 1394 2066 1429 Laurentina,
2092 1397 2175 1431 inque
2192 1406 2226 1424 co

1162 1430 1287 1465 scriptum
1302 1430 1349 1456 esse
1361 1429 1461 1456 constat
1482 1438 1623 1456 numerum
1636 1430 1772 1463 puerperii
1785 1429 1852 1456 eius.
1924 1431 1990 1456 Pliu.
2008 1437 2042 1463 «3,
2057 1440 2085 1464 29
2106 1433 2140 1458 Vt
2156 1433 2227 1459 inla-

1163 1466 1205 1493 &e
1219 1465 1390 1500 puerperium
1405 1465 1488 1492 necat.
1560 1465 1634 1492 Idem
1649 1475 1671 1497 7,
1683 1474 1703 1492 ιι
1725 1466 1786 1492 Vno
1805 1465 1903 1492 abortu
1922 1467 2064 1493 duodecim
2085 1469 2227 1501 puerperia

1163 1502 1256 1536 egesta.
1327 1501 1418 1528 Cruda
1432 1501 1572 1536 puerperia
1585 1501 1648 1528 Stat.
1663 1499 1756 1527 Theb.
1766 1511 1789 1533 4,
1802 1507 1859 1531 280.
1933 1504 2046 1537 Maeaph.
2066 1503 2227 1537 Coiuxu.3,21

1160 1537 1308 1573 ruet-perio
1322 1536 1438 1571 quodam
1452 1543 1562 1564 aeterno
1572 1537 1649 1563 Laeta
1658 1536 1743 1563 tellus.

1203 1580 1218 1600 P
1227 1580 1248 1600 v
1258 1579 1274 1599 E
1285 1579 1305 1599 R
1313 1574 1323 1599 ἰ’
1332 1579 1354 1600 G
1364 1580 1379 1599 E
1389 1579 1422 1606 R,
1439 1574 1494 1606 era,
1508 1575 1593 1600 erum.
1609 1571 1670 1600 Adi.
1691 1573 1813 1607 Fulgent.

1164 1608 1309 1637 visceribus
1327 1609 1479 1636 infundere.

1197 1652 1214 1673 1²
1223 1652 1269 1672 VE
1280 1652 1298 1671 R
1308 1646 1328 1671 6
1339 1651 1352 1672 s
1361 1652 1383 1672 V
1392 1651 1422 1676 s,
1440 1654 1464 1676 a,
1477 1653 1531 1671 um.
1571 1644 1650 1672 Gloss‘.
1664 1645 1710 1671 Gr.
1725 1645 1781 1671 Lat.
1796 1647 1914 1679 παιδικὸς,
1933 1646 2069 1680 puerosus.

1198 1687 1329 1709 PVERA
1341 1687 1355 1707 s
1368 1687 1384 1707 C
1395 1687 1415 1707 Ο
1426 1701 1434 1714 ,
1455 1682 1508 1707 ere.
1545 1681 1614 1707 Suet.
1629 1681 1714 1715 Calig.
1730 1690 1750 1706 c.
1766 1690 1777 1712 7
1798 1680 1906 1707 Nouem
1935 1681 2036 1707 liberos
2062 1681 2138 1711 tulit¹
2161 1690 2228 1715 quo-

1163 1726 1225 1744 rum
1239 1717 1293 1744 duo
1307 1717 1422 1744 infantes
1435 1716 1521 1743 adhuc
1533 1717 1619 1750 rapti,
1639 1726 1706 1742 vnus
1721 1717 1775 1742 iam
1790 1717 1946 1750 puerascens
1959 1716 2055 1749 insigni
2073 1716 2228 1744 festiuitate.

1166 1754 1263 1779 Auson.
1279 1752 1408 1784 Eidyll.4,
1425 1761 1453 1785 55
1475 1751 1668 1788 obductosque
1683 1752 1737 1777 seni
1751 1751 1831 1777 facies
1845 1752 1997 1785 puerascere
2011 1752 2106 1777 sensus.
2135 1752 2228 1779 Claud.

1161 1789 1285 1814 Mamert.
1299 1796 1318 1818 r,
1335 1795 1345 1812 ι
1366 1789 1396 1813 In
1405 1786 1537 1811 seneffiute
1551 1786 1713 1818 puerascere.

1202 1825 1456 1853 PVERArztvs,
1476 1819 1495 1845 i.
1513 1827 1551 1846 m.
1588 1820 1724 1846 Puerorum
1742 1826 1849 1847 amator.
1870 1819 1952 1848 Gloss.
1969 1821 2016 1848 Gr.
2028 1821 2085 1849 Lat.
2106 1827 2228 1856 (pineum,
2261 1852 2265 1853 ⁷

1163 1855 1310 1891 puerarius.

1199 1898 1272 1919 eva
1281 1897 1355 1918 RAs
1365 1896 1387 1916 ‘r
1396 1897 1413 1918 E
1423 1897 1459 1923 R,
1480 1891 1524 1917 tri.
1535 1899 1572 1916 m.
1609 1890 1689 1916 Gloffi
1705 1889 1752 1916 Gr.
1765 1890 1821 1916 Lat.
1835 1892 1958 1925 eninm,
1978 1892 2120 1927 pueraster.
2133 1893 2151 1922 ι’,
2163 1900 2228 1928 puer

1163 1927 1321 1961 alt'quantum
1335 1926 1451 1961 robustus,
1463 1925 1509 1950 trix
1523 1925 1629 1959 amplius
1641 1933 1710 1959 puer,

1200 1969 1216 1989 Ρ
1227 1968 1249 1988 V
1260 1968 1276 1988 E
1287 1967 1304 1987 R
1314 1963 1348 1986 it.
1360 1967 1370 1987 1
1382 1968 1394 1988 S
1403 1981 1412 1994 ,
1434 1969 1457 1987 e.
1480 1960 1538 1987 Adi.
1577 1959 1719 1994 [παιδικδς,
1737 1960 1892 1994 πκιδκριῶδης
1904 1962 1917 1996 ]
1953 1963 2031 2000 Qozl
2045 1963 2078 1999 est
2093 1965 2174 1999 pueri,
2183 1965 2228 1992 vel

1165 1998 1231 2032 quod
1238 2003 1370 2032 puerorum
1378 1996 1508 2032 proprium
1523 1995 1569 2031 ‘ff'
1578 1996 1650 2031 solet.
1723 1996 1790 2023 Ter.
1805 1997 1912 2025 Phorm.
1934 2007 1955 2031 ς,
1967 2008 2000 2033 Αἵ,
2020 2009 2046 2029 55
2071 1999 2144 2033 Qid
2165 2009 2225 2035 vos,

1164 2032 1283 2065 malum,
1302 2040 1366 2066 ergo
1381 2041 1426 2058 me
1441 2031 1473 2058 sic
1488 2031 1680 2067 ludificamini,
1700 2032 1784 2067 inepti
1807 2032 1891 2061 vestra
1909 2035 2008 2069 puerili
2026 2036 2171 2063 sententia?
2191 2037 2226 2063 A-

1165 2068 1208 2095 &a
1221 2067 1336 2103 puerilia
1348 2068 1409 2094 Stat.
1423 2066 1517 2094 Theb.
1530 2077 1553 2100 5,
1566 2078 1620 2100 503.
1693 2068 1750 2094 Cic.
1764 2077 1814 2103 pro
1829 2069 1909 2096 Arch.
1924 2080 1938 2102 4
1958 2079 1980 2097 c.
1997 2080 2008 2103 3
2037 2071 2142 2104 Quibus
2162 2071 2225 2099 arti-

1164 2104 1213 2131 bus
1226 2106 1303 2131 Aetas
1316 2104 1426 2138 puerilis
1438 2103 1469 2129 ad
1483 2103 1674 2130 humanitatem
1689 2104 1833 2130 informari
1853 2105 1927 2132 solet.
2024 2108 2126 2142 Agmen
2147 2108 2225 2143 Virg-

1164 2141 1230 2168 Aen.
1242 2150 1265 2173 5,
1278 2146 1330 2172 548.
1401 2140 1514 2166 Animus
1526 2140 1637 2175 puerilis
1653 2141 1712 2167 Sen.
1726 2140 1804 2174 Epist.
1818 2149 1845 2173 4.
1917 2142 1989 2169 Anni
2010 2143 2093 2169 Ouid.
2109 2143 2174 2170 Met.
2199 2152 2224 2176 2,

1163 2185 1200 2208 ςς.
1240 2178 1307 2203 Adel.
1329 2174 1367 2203 ib.
1382 2184 1404 2209 ς,
1417 2185 1477 2207 400.
1586 2175 1733 2202 Blanditiae
1749 2175 1830 2203 Ouid.
1845 2178 1908 2204 Met.
1923 2180 1949 2210 6,
1967 2180 2024 2205 626.
2098 2178 2228 2206 Carmina

1165 2212 1249 2239 Fauni
1271 2212 1333 2238 Stat.
1350 2211 1435 2238 Achil.
1444 2221 1463 2244 ι,
1472 2221 1529 2244 240.
1601 2210 1657 2238 Cic.
1672 2214 1723 2238 Att.
1743 2222 1775 2243 ιι,
1789 2221 1817 2243 23
1839 2213 1905 2239 Asta
1916 2214 1960 2240 illa
1975 2223 2016 2240 res
2029 2214 2066 2241 est
2073 2215 2165 2241 animo
2184 2214 2225 2241 vi-

1165 2248 1228 2281 rili,
1246 2246 1366 2274 Consilio
1380 2247 1487 2283 puerili.
1536 2260 1538 2264 x
1560 2247 1645 2274 Decus
1661 2247 1840 2276 ClaudCons.
1855 2249 1927 2276 Hou.
1940 2258 1968 2284 4,
1983 2252 2029 2277 161.
2103 2250 2225 2277 Deleda-

1165 2284 1206 2311 tio
1221 2283 1278 2310 Cic.
1294 2283 1326 2310 de
1339 2282 1430 2310 Finib.
1445 2293 1464 2318 1,
1478 2293 1516 2317 7²·
1589 2283 1679 2311 Facies
1693 2283 1775 2310 Ouid.
1799 2285 1863 2312 Met.
1883 2292 1905 2318 8,
1924 2294 1975 2319 323.

1165 2320 1194 2346 in
1208 2321 1318 2354 Eutrop.
1330 2328 1350 2353 ι,
1364 2328 1422 2352 344.
1520 2320 1611 2354 Imago
1626 2320 1743 2354 Propert.
1758 2330 1779 2352 ε,
1799 2329 1831 2353 12,
1849 2329 1880 2352 ις.
1969 2321 2114 2349 Infirmitas
2140 2323 2228 2356 Quin-

1166 2355 1223 2382 ὀὶίΙ.
1237 2364 1258 2388 2,
1272 2365 1291 2387 3.
1366 2355 1490 2390 Regnum
1509 2355 1569 2381 Liu.
1586 2365 1603 2388 ι,
1620 2365 1642 2387 3.
1733 2356 1824 2390 Specie
1846 2356 1943 2391 puerili
1963 2358 2062 2385 dicitur
2079 2358 2149 2384 visus
2169 2359 2227 2385 Cic.

1165 2391 1197 2418 de
1210 2391 1303 2417 Diuin.
1317 2400 1340 2423 2,
1355 2399 1395 2424 59.
1468 2391 1573 2417 Puerile
1587 2390 1638 2423 est,
1658 2392 1822 2427 Inconsultmn
1838 2401 1861 2418 et
1875 2401 1925 2418 vav:
1936 2404 1982 2419 ιω.-
2003 2394 2059 2421 Cic.
2081 2393 2114 2420 de
2134 2393 2226 2421 Finib.

1168 2437 1190 2460 3,
1205 2436 1231 2460 ¹9
1249 2426 1401 2454 Istiusmodi
1423 2432 1513 2454 autem
1527 2436 1567 2453 res
1584 2428 1672 2454 dicere
1687 2434 1778 2454 ornate
1793 2427 1880 2462 velle,
1900 2429 2003 2463 puerile
2015 2430 2064 2456 est:
2091 2429 2168 2465 plane
2181 2439 2228 2457 au-

1165 2469 1218 2490 tem
1231 2468 1257 2489 et
1270 2462 1406 2497 perspicue
1420 2463 1545 2497 expedire
1559 2463 1644 2497 posse,
1669 2462 1742 2490 (1οᾶὶί
1769 2469 1794 2490 et
1814 2464 1987 2499 intelligentis
2007 2466 2070 2493 viri.
2145 2465 2229 2498 de

1165 2498 1236 2525 mihi
1248 2498 1357 2533 quidem
1369 2507 1497 2533 perquam
1517 2499 1622 2534 puerile
1631 2499 1718 2525 videri
1733 2499 1798 2525 solet
1815 2499 1872 2526 Cic.
1889 2500 1921 2526 de
1942 2502 2016 2527 Orat.
2031 2511 2042 2527 z
2058 2510 2078 2527 c.
2094 2510 2130 2528 25.
2151 2501 2230 2534 conf.

1165 2534 1237 2560 Ter.
1250 2534 1334 2560 Andr.
1348 2542 1373 2566 2,
1388 2537 1414 2567 6,
1431 2541 1462 2564 18.
1536 2536 1649 2570 Compar.
1669 2534 1738 2562 Hor.
1753 2535 1835 2562 Serm.
1848 2543 1874 2567 2,
1887 2544 1910 2569 3,
1924 2543 1973 2566 250
1994 2535 2020 2562 Si
2040 2536 2170 2571 puerilius
2185 2536 2228 2564 his

1165 2570 1236 2596 ratio
1248 2569 1300 2596 effe
1313 2569 1418 2597 euineet
1436 2579 1534 2597 amare.

1205 2607 1468 2639 PVERILi'TAs,
1488 2606 1546 2633 atis.
1567 2605 1586 2632 f.
1608 2605 1671 2647 .[·r‹3
1689 2608 1859 2642 παιδαριῶδες]
1897 2607 1999 2634 Leuicas
2015 2608 2131 2643 puerilis.

1820 1572 1955 1605 Mythol.1
1968 1558 2227 1610 Seminassterigera

2050 2286 2111 2313 Flos
2130 2285 2225 2314 Claud.

2184 2608 2228 2635 Se-

1166 2651 1224 2669 nec.
1239 2641 1318 2676 Epist.
1332 2652 1346 2675 4
1362 2641 1455 2668 Adhuc
1468 2644 1522 2669 uon
1539 2643 1653 2676 pueritia
1667 2641 1694 2668 in
1711 2642 1806 2676 nobis,
1826 2643 1868 2669 sed
1882 2643 1953 2678 quod
1968 2652 2076 2677 gratuu·
2092 2643 2144 2675 est,
2164 2652 2230 2678 pue-

1167 2678 1400 2705 rilitas-remanet:
1437 2684 1463 2704 et
1478 2678 1528 2704 hoc
1541 2677 1650 2712 quidem
1670 2679 1745 2712 peius
1766 2678 1816 2712 est,
1845 2679 1916 2714 quod
1935 2678 2121 2704 anctoritatem
2149 2677 2228 2706 habe-

1168 2723 1226 2740 mus
1240 2714 1348 2747 senum,
1369 2713 1436 2740 vitia
1451 2722 1611 2748 puerorum:
1647 2722 1695 2740 nec
1710 2724 1856 2749 puerorum
1871 2720 1987 2743 tannim,
2005 2713 2048 2740 scd
2070 2714 2228 2742 infantium.

1168 2749 1324 2782 Puerilitas,
1342 2750 1468 2776 Pueritia.
1542 2751 1630 2776 Varro
1650 2749 1682 2776 de
1697 2750 1801 2776 Liberis
1814 2748 1970 2784 educandis,
1992 2749 2141 2776 Velimnne
2166 2749 2229 2777 her-

1168 2786 1256 2821 cules,
1276 2785 1381 2819 inquit,
1398 2786 1453 2821 ipse
1466 2786 1514 2813 vsu
1525 2794 1622 2821 magno
1634 2785 1793 2820 puerilitatis
1812 2784 1955 2811 formulam
1973 2784 2074 2812 audire.
2170 2787 2229 2813 Vid.

1168 2821 1277 2850 Nonius
1299 2826 1323 2852 8,
1342 2831 1386 2856 90.
1497 2822 1557 2849 Val.
1579 2822 1650 2847 Max.
1669 2829 1692 2852 5,
1713 2830 1737 2853 4,
1752 2827 1767 2845 2
1806 2819 1922 2847 Vixdum
1959 2829 2041 2847 annos
2066 2821 2229 2856 puerilitatis

1167 2867 1182 2885 e
1202 2858 1290 2884 reffits.
1459 2867 1464 2871 ¹

1184 2868 1462 2920 gPVERILi‘TER.
1485 2889 1552 2917 Adu.
1591 2891 1788 2927 [παιδαριωδός]
1825 2893 1899 2919 More
1909 2899 2048 2927 puerorum.
2119 2893 2175 2920 Cic.
2196 2893 2229 2920 de

1173 2927 1261 2955 Finib.
1271 2935 1326 2959 ι,ι9
1345 2927 1393 2952 c.6
1412 2927 1488 2959 Qae
1503 2935 1586 2961 quum
1600 2935 1642 2952 res
1657 2932 1711 2953 tota
1727 2927 1787 2954 fieta
1801 2926 1831 2954 sit
1843 2929 1996 2963 pueriliter,
2016 2935 2074 2956 tum
2094 2938 2128 2955 ne
2147 2928 2230 2956 efficit

1169 2961 1244 2997 quod
1256 2961 1322 2988 vult.
1394 2962 1538 2989 Pueriliter
1552 2962 1668 2989 blandiri
1683 2962 1744 2989 Liu.
1758 2971 1794 2995 21,
1810 2973 1827 2990 ι.
1900 2965 2043 2991 Pueriliter
2067 2965 2153 2991 facere
2172 2965 2229 2992 Cic.

1169 2997 1248 3025 Acad.
1264 3007 1291 3031 4,
1304 3006 1330 3030 33
1348 3006 1370 3024 c.
1385 3007 1414 3025 ιι.
1487 2998 1631 3024 Pueriliter
1643 2998 1788 3026 conseeiari
1802 2999 1903 3035 aliquid
1918 3000 1990 3027 Idem
2006 3000 2071 3027 ibid.
2092 3011 2116 3032 4,
2137 3009 2174 3032 54.

1209 3040 1226 3061 P
1237 3041 1259 3061 V
1268 3040 1284 3060 Ε
1294 3040 1314 3060 R
1323 3040 1333 3059 Ι
1342 3041 1363 3061 Τ
1374 3041 1383 3060 1
1393 3040 1416 3060 A
1425 3055 1433 3067 ‚
1450 3043 1488 3060 ae.
1506 3034 1524 3060 f.
1561 3035 1576 3068 [
1588 3038 1674 3061 παίδων
1699 3034 1798 3070 ἡλικία]
1844 3039 1924 3062 Aetas
1940 3037 2054 3070 pum‘I'lt's.
2063 3039 2068 3043 '
2092 3037 2112 3062 Ε
2124 3035 2188 3063 iudo
2201 3041 2230 3064 et

1171 3070 1301 3106 pueritiae
1321 3069 1457 3105 disciplina
1471 3070 1528 3097 Cic.
1544 3079 1593 3104 pro
1608 3070 1636 3098 L.
1655 3070 1726 3097 Man.
1740 3080 1764 3097 c.
1774 3080 1810 3098 10.
1847 3072 1920 3098 Idem
1928 3072 2027 3104 Vertat,
2039 3078 2072 3105 47
2086 3071 2111 3098 Si
2125 3071 2152 3097 in
2167 3081 2230 3106 pue-

1170 3107 1234 3135 ritia
1247 3115 1302 3133 non
1316 3105 1358 3132 his
1372 3106 1474 3132 artibus
1486 3112 1512 3132 ct
1525 3105 1669 3141 disciplinis
1682 3106 1816 3134 institutus
1829 3115 1892 3133 eras.
1949 3107 1970 3132 A
1990 3107 2104 3141 pueritia
2118 3108 2230 3141 legimus

1168 3149 1195 3170 et
1208 3142 1333 3169 discimus
1352 3141 1425 3169 Idem
1438 3142 1521 3169 Ture.
1535 3151 1558 3175 2,
1571 3150 1609 3178 27.
1683 3142 1739 3176 Qi
1754 3151 1796 3168 me
1815 3151 1829 3168 a
1848 3142 1963 3177 pueritia
1984 3143 2028 3169 sna
2051 3142 2153 3178 semper
2181 3143 2230 3170 ob·-

1170 3178 1286 3206 seruauit
1305 3177 1378 3204 Idem
1394 3178 1465 3204 Fam.
1481 3186 1504 3211 5,
1518 3182 1540 3209 8.
1613 3179 1806 3205 Ornamentum
1827 3178 1957 3212 pueritiae
1973 3178 2046 3205 Idem
2059 3179 2136 3205 Verr.
2151 3186 2172 3212 ι,
2180 3187 2230 3212 ¹32-

1169 3214 1244 3242 Idem
1255 3223 1306 3248 pro
1321 3214 1391 3248 Lege
1404 3214 1498 3240 Manil.
1512 3220 1539 3244 28
1553 3214 1609 3247 Qui
1622 3214 1742 3240 Extrema
1762 3214 1875 3247 pueritia
1895 3214 1970 3240 miles
1991 3214 2044 3240 fuit
2062 3215 2157 3241 summi
2178 3216 2231 3241 Im-

1169 3250 1310 3285 peratoris.
1406 3249 1540 3285 Paetina,
1565 3251 1686 3278 somnus,
1712 3248 1905 3283 imprudentia,
1930 3249 2096 3283 vinolentia,
2119 3250 2230 3283 insania,

1169 3287 1226 3314 eius
1238 3285 1343 3321 generis
1357 3286 1432 3320 sunt,
1452 3294 1484 3313 ex
1503 3286 1599 3320 quibus
1613 3283 1752 3319 saepiffime
1769 3293 1862 3311 verum
1877 3285 2017 3322 inuenitur
2033 3285 2090 3312 Cic.
2117 3285 2193 3321 Top.
2207 3296 2231 3313 c.

1171 3331 1212 3350 20.
1251 3321 1382 3348 Adolescit
1395 3321 1509 3356 pueritia
1523 3322 1613 3348 Tacit.
1628 3322 1695 3347 Anu.
1713 3329 1746 3353 12,
1759 3327 1780 3350 8.
1855 3321 1980 3354 Pueritia,
2001 3321 2103 3348 Pur-itas
2114 3331 2119 3347 :
2131 3322 2232 3355 Varro,

1170 3360 1205 3386 Ea
1219 3364 1274 3385 erat
1286 3363 1425 3384 matronae
1437 3357 1587 3393 snnplicitas
1601 3363 1626 3383 ct
1643 3357 1757 3390 pueritia
1771 3361 1796 3383 et
1809 3356 1942 3383 honestas:
1965 3357 2038 3383 Non.
2053 3367 2076 3388 2,
2090 3359 2142 3388 672.
2184 3358 2233 3384 Pu-

1172 3395 1254 3428 ertia,
1293 3400 1339 3429 per
1362 3393 1485 3429 syncopen
1523 3393 1591 3419 Hor.
1628 3392 1718 3419 Carm.
1741 3402 1768 3425 1,
1788 3396 1832 3426 36,
1857 3402 1865 3419 ι
1904 3392 1984 3419 Actae
2007 3401 2063 3419 non
2089 3393 2143 3420 alio
2169 3401 2232 3428 rege

1191 3436 1301 3457 uertiac.

1171 3440 1188 3466 p
1208 3473 1281 3494 fVE
1292 3471 1313 3492 R
1324 3471 1335 3492 1
1345 3471 1387 3493 ΤΙ
1398 3471 1415 3493 E
1427 3472 1457 3498 S,
1473 3464 1508 3491 ei.
1523 3464 1544 3491 f.
1581 3464 1678 3490 Auson.
1693 3464 1802 3491 Proseis.
1816 3462 1948 3498 Burdigal.
1962 3472 2003 3497 ιο,
2017 3471 2053 3499 17.

1207 3509 1222 3528 Ρ
1232 3509 1254 3528 V
1263 3509 1280 3528 E
1290 3509 1307 3529 1.
1318 3509 1335 3529 L
1344 3509 1366 3528 v
1375 3509 1404 3532 s,
1424 3502 1442 3527 i.
1456 3510 1490 3527 ιιι.
1512 3500 1615 3526 Dimin.
1631 3509 1646 3525 a
1658 3500 1736 3527 Puer.
1775 3500 1970 3535 [παιδισκάριον]
2010 3499 2140 3535 Lucilius,
2153 3500 2234 3528 Cum-

1171 3547 1223 3572 que
1235 3537 1280 3565 hie
1293 3544 1347 3565 tam
1361 3536 1493 3563 formosus
1510 3535 1559 3562 tibi
1572 3545 1600 3562 ac
1613 3541 1638 3562 te
1652 3535 1747 3570 dignus
1760 3535 1870 3570 puellus.
1943 3536 2043 3562 Ennius
2053 3557 2060 3569 ,
2093 3536 2176 3563 Poeni
2195 3537 2234 3563 so-

1172 3574 1215 3601 liti
1229 3574 1289 3601 suos
1302 3572 1445 3601 sacrificare
1458 3571 1569 3606 puellos.
1642 3572 1674 3597 Et
1695 3571 1816 3604 Plancus,
1839 3571 1906 3597 olim
1926 3570 1989 3597 huic
2009 3570 2098 3606 puello
2119 3572 2170 3598 sese
2187 3580 2234 3598 ve-

1173 3619 1237 3636 num
1252 3610 1356 3637 ducier:
1393 3616 1472 3633 omnes
1484 3608 1553 3642 apud
1563 3606 1676 3633 Festum.
1749 3608 1831 3632 Plura
1844 3607 1914 3632 habet
1927 3607 2000 3633 Non.
2012 3616 2036 3639 2,
2057 3610 2109 3638 638.
2181 3607 2233 3633 Lu-

1172 3652 1236 3673 cret,
1251 3656 1275 3679 4,
1291 3653 1343 3676 1245
1360 3643 1464 3669 Puellos
1477 3642 1615 3676 suscipere.
1690 3641 1766 3676 Apul.
1781 3640 1845 3669 Met.
1860 3651 1872 3675 7
1893 3651 1918 3677 p.
1937 3651 1982 3678 197
2007 3642 2104 3670 Tener
2122 3642 2232 3678 puellus.

1172 3682 1246 3715 Confi
1261 3683 1330 3709 Suet.
1345 3679 1430 3712 Calig.
1441 3688 1463 3705 c.
1478 3685 1501 3708 3.
1522 3686 1545 3703 et
1558 3677 1681 3704 Priscian.
1696 3680 1713 3704 6
1729 3687 1754 3712 p.
1769 3681 1826 3711 697.

1207 3721 1385 3747 PVELLA,
1405 3722 1444 3740 ae.
1464 3715 1484 3741 f.
1522 3715 1663 3749 [κοράσιον]
1702 3713 1804 3740 Dimin.
1829 3723 1844 3739 a
1857 3715 1949 3741 Puera.
2026 3714 2081 3742 Cic,
2101 3715 2152 3740 Art.
2173 3721 2197 3743 ι,
2217 3719 2231 3742 5

1174 3753 1214 3779 De
1228 3751 1307 3780 tutela
1327 3750 1472 3785 legitima,
1489 3749 1517 3775 in
1538 3758 1589 3783 qua
1608 3748 1706 3775 dicitur
1726 3749 1775 3775 effe
1795 3749 1895 3783 puella,
1917 3747 1987 3782 nihil
2013 3750 2116 3783 vsucapi
2141 3746 2231 3781 potest.

1172 3789 1248 3822 Virg.
1263 3788 1361 3819 Georg.
1376 3794 1394 3818 ι,
1411 3795 1431 3812 ιι
1451 3786 1529 3812 Ferte
1543 3784 1632 3817 simul,
1653 3785 1788 3818 Faunique
1803 3785 1910 3818 pedem,
1932 3786 2100 3818 Dryadesque
2120 3783 2229 3816 puellae.

449 3829 458 3842 ‚
487 3811 574 3838 Prima
600 3813 698 3842 incedit
731 3816 835 3846 Cereris
855 3820 1011 3854 Proserpina
1036 3827 1111 3855 puer·
1123 3823 1289 3850 ¹001doneus
1303 3821 1648 3856 puellisHot·.Carm.23,26‚
1659 3830 1674 3846 t.
1690 3820 1772 3846 Dulce
1780 3821 1865 3854 puella
1873 3821 1972 3847 maium
1981 3819 2229 3850 Ouid.A111..·‚9‚⁷-6-

1173 3858 1270 3885 Turba
1279 3857 1427 3892 puellarum
1438 3855 1454 3882 si
1465 3864 1520 3881 mea
1528 3857 1610 3882 verba
1618 3856 1683 3882 colit
1691 3856 1811 3889 Propert.
1826 3865 1871 3888 3‚2‚
1881 3866 1916 3884 ιο,
1938 3856 2025 3882 Verba
2033 3853 2179 3887 puellarum
2188 3853 2228 3879 fo-

1172 3894 1328 3920 liisleuiora
1342 3891 1529 3918 caducisOuid.
1539 3892 1631 3918 Amor.
1646 3893 1713 3925 2,16‚
1723 3899 1758 3920 ις.
1778 3891 1848 3917 Bella
1856 3890 1895 3919 Id.
1908 3891 1947 3919 ib.
1962 3900 2010 3923 ¹⁷9,
2025 3891 2049 3915 6.
2073 3888 2170 3929 Blanda
2190 3888 2230 3915 Id.

1174 3929 1241 3956 ibid.
1255 3937 1279 3960 2,
1295 3937 1320 3961 2,
1335 3936 1375 3960 34.
1445 3927 1563 3954 Candida
1579 3928 1645 3952 Hor.
1660 3926 1743 3960 Epnd.
1759 3935 1789 3956 u,
1803 3935 1844 3958 40.
1936 3925 2006 3953 Casta
2026 3923 2107 3963 9⁰¹³-
2128 3924 2192 3950 Met.
2205 3932 2231 3955 2,

1175 3973 1219 3998 7u.
1256 3965 1352 3991 Comta
1365 3962 1457 3997 longas
1471 3971 1559 3990 comas
1578 3961 1652 3989 Idem
1663 3962 1755 3988 Amor.
1778 3971 1797 3995 ι,
1820 3973 1847 3998 1,
1863 3972 1903 3990 20,
1975 3960 2121 3986 Delicatior
2145 3958 2230 3985 haedo

1434 3998 1517 4025 Diues
1537 3998 1604 4026 Hor.
1618 3996 1707 4025 Carm.
1723 4007 1747 4031 4,
1770 4006 1801 4031 ιι,
1817 4006 1855 4031 23.
1927 3994 2026 4022 Dubia:
2063 3995 2127 4021 Sunt
2143 4002 2230 4020 tamen

1335 4040 1353 4069 7
1391 4032 1417 4062 Η
1437 4042 1450 4061 2
2141 4029 2231 4055 etDo-
