2517 4231
194 137 240 177 7,-
621 114 810 157 LIB

193 213 242 239 cia.
296 213 335 237 Dc
356 208 424 244 copia
441 215 559 234 venereae
579 205 693 232 libidinis
707 203 856 229 exercendae
872 199 954 229 Ouid.
967 197 1045 233 Epist.
1060 204 1095 236 ¹7,
1110 203 1145 229 ¹53
1163 194 1248 230 Lude,

192 247 235 274 sed
249 246 361 280 occulte,
381 243 479 276 maior,
499 251 553 269 non
568 240 694 272 maxima,
710 238 788 265 nobis
802 237 843 265 Est
856 237 914 264 data
926 235 1051 266 libertas,
1069 231 1139 267 quod
1158 233 1251 274 Mene-

194 283 248 310 laus
261 281 340 308 abest.
376 279 415 307 Id.
431 280 489 306 Am.
502 288 526 314 2,
541 287 564 311 2,
582 287 605 307 ις
625 277 662 301 ad
672 275 807 303 Ianitorem
819 275 849 299 de
862 272 975 303 domina,
994 278 1067 303 quam
1080 268 1184 304 seruare
1201 267 1250 308 msT

187 318 231 353 sus
244 324 307 353 erat,
328 316 400 342 Huic
413 314 515 342 furtiua
530 319 576 340 tuo
584 311 691 338 libertas
705 318 817 336 munere
837 308 923 346 detur,
978 306 1067 338 Qiam
1086 304 1190 332 dederis
1207 304 1251 331 illi

193 352 284 380 reddat
299 358 327 378 vt
340 351 386 379 illa
400 351 458 378 tibi.
507 348 630 375 Libertas
641 345 725 373 Fandi
737 347 857 378 παῇῥησία,
878 343 952 381 Vug.
962 341 1028 368 Aen.
1044 350 1075 374 ιι,
1088 342 1141 374 346.

186 388 263 425 sensu
276 386 383 424 absolute
390 387 464 422 saepe
477 386 552 412 Curt.
572 383 744 416 Tatiumque,
756 380 825 419 ’adass
838 377 929 418 lustin.
944 387 977 410 ις,
990 387 1011 410 3,
1025 379 1051 404 6.

351 422 483 457 Asperitas
497 420 603 455 agrestis
618 425 644 445 et
657 419 817 443 inconcinna
836 422 990 454 gratusque,
1022 449 1028 454 .

351 460 427 492 Qiae
441 459 466 484 se
480 455 648 483 commendat
661 452 735 479 tonsa
748 456 817 481 cute,
835 450 958 477 dentibus
977 454 1053 481 atris,
1177 482 1182 487 ·

351 495 422 521 Dum
436 493 494 519 vult
512 492 617 519 libertas
631 495 704 515 mera
717 486 771 514 dici
784 495 902 521 veraque
919 486 1005 512 virtus
1048 483 1117 509 Hor.
1137 482 1215 518 Epist.
1231 492 1253 516 r,

193 541 201 559 1
243 533 268 559 6.

192 539 301 603 qiiendi.
355 566 440 592 Multa
452 574 513 591 cum
525 563 744 589 libertatenotare
753 558 869 592 aliquem
890 557 959 583 Hor.
974 556 1093 588 Sermd,
1105 563 1131 588 4,
1145 564 1167 586 ς,
1206 555 1251 581 Af.

192 604 335 631 sectatores
350 600 480 629 libertatis
501 596 635 631 Qinffll.
648 598 674 632 6,
689 605 711 623 2.
767 595 894 621 Iubarum
913 591 1022 632 libertas
1037 592 1098 619 Stat.
1117 591 1211 631 Theb.
1226 601 1253 625 9,

193 643 248 674 ⁶87·
269 640 287 666 ι’.
300 639 370 664 iubae
383 637 460 662 libere
467 634 628 669 flui‘luantes.
692 631 932 659 Testamentorum
946 627 1056 668 libertas
1081 627 1215 661 Qunffilil.
1229 637 1252 660 3,

192 678 216 704 6.
252 674 372 702 Libertas
387 673 417 698 de
426 669 531 696 licentia
543 670 656 696 ludorum
669 665 842 693 Saturnalium
861 665 925 693 Stat.
942 664 1007 691 Silu.
1022 673 1042 698 i,
1055 666 1080 698 6,
1101 673 1138 696 45.
1178 663 1250 696 Confi

192 713 215 740 b,
230 712 247 737 l.
263 709 350 736 Barth.

192 748 309 778 lic-atum,
329 743 394 777 qnod
404 740 529 777 exstruxit
538 741 582 767 vel
594 740 682 774 reficit
696 737 799 764 Atinius
813 736 901 763 Pollio
922 736 992 764 Suet.
1007 738 1073 771 Aug.
1109 745 1150 768 29.
1195 737 1251 761 Iam

191 785 283 809 domum
299 777 425 805 Ciceronis
436 777 577 811 palatinam
595 775 735 801 dedicatam
749 783 765 798 a
789 773 875 798 Clodio
895 771 1028 799 Libertati
1040 773 1128 804 Deae,
1149 770 1250 807 constat,

190 827 239 853 qua
251 817 280 842 cle
294 824 320 841 re
334 814 413 839 malta
426 812 483 839 Cic.
498 821 548 846 pro
562 813 652 838 Domo
664 810 709 836 sua
730 808 879 844 praesertim
900 817 923 835 c.
935 818 961 841 41
976 809 1029 842 seq.
1072 809 1250 841 Tanagraeae

191 850 338 879 meretricis
352 848 500 884 imaginem
511 846 610 883 fi‘sffi'a‘.
619 854 692 881 quam
705 844 848 872 Libertatis
862 844 959 871 nomine
966 844 1126 870 dedicauerit
1140 843 1252 876 Clodius,

191 888 285 915 dicitur
312 896 335 912 c.
389 905 396 912 .

226 929 244 949 1.
257 929 267 948 1
283 927 300 949 Β
312 928 328 948 E
338 894 390 948 114]ῗῖ
399 927 434 946 LI
447 926 460 947 S
472 939 481 952 ‚
507 927 531 945 e.
555 917 618 944 Adi.
644 916 809 952 [ἐλευθέριος]
841 916 939 944 γΝοηιση
957 912 1072 949 Ιαιξθῖνηὶ
1086 915 1143 950 -ιψιιι-
1150 914 1252 950 sigulfi-

189 958 389 992 cansquidquid
398 957 501 981 liberum
515 961 539 980 et
554 955 685 989 ingenuum
698 955 776 985 decet,
797 953 834 978 ad
848 952 955 978 liberum
963 952 1091 987 pertinet,
1112 951 1214 977 liberum
1229 957 1251 976 et

188 994 306 1030 honestum
322 992 427 1019 indicat.
483 989 690 1025 Corzsuetiorftre
705 988 808 1014 cacteris
821 988 889 1014 ratio
903 987 946 1023 est,
967 996 1017 1022 qua
1028 988 1170 1022 mumficum
1183 994 1206 1013 et
1222 987 1253 1012 li.

189 1026 274 1056 bent'er
294 1028 470 1065 impertientem
492 1027 553 1051 aliis
571 1025 688 1060 beneficia
704 1031 791 1057 notat,
811 1031 835 1049 et
848 1032 946 1059 parco,
967 1022 1091 1050 restriCm
1111 1030 1155 1049 etc.
1186 1029 1253 1057 oppo—

191 1067 270 1093 nitur.

190 1111 239 1132 pro
254 1102 328 1128 Rosc.
342 1101 419 1128 Com.
432 1107 458 1125 22
479 1108 500 1125 c.
514 1104 537 1128 8.
573 1097 683 1131 Largus,
697 1095 843 1128 beneficus,
862 1095 983 1122 liberalis
1003 1095 1101 1130 Id.pr0
1114 1095 1205 1121 Deiot.
1214 1096 1253 1121 26.

190 1133 314 1172 Regium,
336 1135 455 1168 liberale,
468 1133 628 1161 munificum
654 1132 729 1160 Idem
745 1132 777 1158 de
797 1132 873 1159 Orat.
888 1141 908 1165 1,
922 1141 956 1164 32-
994 1132 1111 1166 Largum
1119 1137 1144 1157 et
1157 1130 1254 1157 libera-

190 1174 214 1200 le
228 1173 356 1200 viaticum
375 1171 448 1198 Idem
461 1179 511 1206 pro
525 1170 609 1196 Flacc.
624 1177 660 1202 ¹4.
716 1167 849 1201 Liberalis
863 1175 887 1193 et
901 1166 1014 1201 Auidus,
1031 1167 1174 1194 contraria:
1214 1166 1254 1193 Id.

190 1219 239 1245 pro
254 1210 330 1236 Rosc.
346 1209 423 1235 Com.
437 1216 460 1232 ει
491 1204 623 1233 Liberalis
636 1204 746 1231 auidum
762 1203 890 1231 fraudasse
906 1203 1014 1230 dicitur.
1069 1203 1130 1230 Sall.
1147 1202 1226 1229 Catil.
1241 1212 1255 1235 7

1198 341 1251 367 Hoc
1269 347 1284 370 5

323 531 380 558 Cic.
394 530 466 556 Fam.
481 538 506 564 9,
522 537 548 554 22
569 527 637 553 Amo
657 522 848 551 verecundiam
867 521 911 548 vel
931 519 1020 555 potius
1037 518 1191 546 libertatem
1211 519 1251 545 lo·
1261 525 1292 544 ιο

1755 110 1948 152 LIB
2318 111 2374 163 76

1311 198 1358 238 via
1369 198 1602 235 philosophantur.
1673 202 1716 228 Sic
1733 201 1881 228 liberaliter
1902 198 2053 236 instructus,
2075 203 2144 238 apud
2162 201 2235 229 Caes.
2251 199 2315 229 Bell.
2330 200 2376 229 ci.

1312 234 1362 261 vil.
1376 245 1397 268 3,
1412 238 1437 263 6ι
1475 237 1542 264 Plin.
1561 246 1596 270 23,
1615 245 1624 263 ι
1645 236 2114 273 Saluberrimumliberalitergcnitis
2123 236 2283 273 Campaniae
2292 238 2375 272 quod.

1313 275 1417 304 cunque
1431 273 1618 300 tenuissimum.
1691 273 1799 300 Habere
1813 274 1931 308 aliquem
1944 281 2062 301 accurate
2071 275 2251 302 etliberalitcr
2272 273 2376 301 Sallust.

1311 305 1432 339 Iugurth.
1446 317 1468 347 e.
1482 319 1531 342 103.
1603 310 1715 343 Compar.
1753 309 1944 336 Viucbatlaute
1958 315 1983 335 et
1998 309 2150 345 indulgebat
2165 310 2213 337 fibi
2230 309 2378 342 liberalius,

1315 350 1394 381 quam
1407 347 1437 381 yt
1451 345 1582 372 inuidiam
1596 344 1671 379 vulgi
1685 345 1766 380 poffet
1779 345 1895 380 effugere
1912 346 1983 380 Nep.
2000 354 2031 376 12,
2044 355 2066 378 3,
2080 356 2101 374 2.
2157 346 2262 377 Largiri
2285 346 2376 372 dotem

1314 376 1492 419 hberahffimc
1511 382 1589 416 Apul.
1603 382 1669 408 Met.
1686 391 1714 407 10
1735 391 1760 417 p.
1773 390 1828 412 250.
1903 382 1950 407 Sed
1964 381 2040 407 etiam
2053 382 2089 406 ad
2101 381 2177 409 aliam
2198 376 2379 408 liberalitatem

1310 420 1430 450 perfluet,
1451 423 1514 448 quae
1527 424 1573 442 non
1586 418 1613 444 in
1629 419 1711 444 dando
1724 417 1794 452 imst.
1867 417 1925 444 Cic.
1939 418 1992 444 Att.
2008 425 2030 452 ς,
2044 426 2066 449 ¹3
2086 417 2266 453 Thermoque
2275 415 2377 444 tametsi

1314 456 1375 477 ante
1393 449 1538 489 aduentum
1556 460 1647 480 meum
1673 452 1850 480 liberaliffime
1870 458 1925 480 crat
1944 452 2081 488 pollicitus
2106 452 2159 479 tuis
2179 453 2321 486 omnibus,
2342 458 2379 479 ta-

1315 495 1377 513 men
1394 485 1578 520 Philogenem,
1592 495 1635 514 etc.
1673 491 1743 516 Add.
1764 489 1834 524 Nep.
1846 491 1870 522 6,
1885 499 1909 522 4,
1920 498 1943 520 2.
2017 488 2126 515 Seruii-e
2139 487 2286 516 libe‘raliter
2306 489 2380 515 Ter.

1316 522 1399 562 andr.
1415 531 1434 553 ι,
1449 532 1467 556 ι,
1483 531 1511 548 ιι.
1530 523 1612 548 animo
1625 523 1741 558 liberali,
1762 533 1786 551 et
1799 527 1916 551 libertate
1930 525 2015 560 digno.
2054 525 2114 552 Liu.
2132 533 2150 555 ι,
2169 533 2197 557 34
2217 534 2282 551 extr.
2320 525 2380 551 No-

1318 558 1460 597 &iamque
1474 567 1531 598 earn
1545 557 1624 598 breui
1633 559 1704 598 ,ἃὶξῑξᾶ
1717 570 1822 596 regem,
1845 560 1994 587 liberaliter
2014 560 2175 595 dextereque
2182 559 2308 587 obeundo
2321 558 2381 587 offi-

1316 601 1367 633 cia,
1388 601 1418 619 m
1432 594 1573 620 familiaris
1587 599 1723 620 amicmae
1735 598 1877 623 adduxerat
1890 597 1956 624 iura.
1994 597 2135 624 Cic.Verr.
2150 605 2172 630 2,
2189 605 2211 622 12
2233 595 2272 622 Hi
2286 604 2382 630 porro,

1317 637 1365 664 qui
1379 629 1563 669 successerunt,
1577 629 1752 657 vehementer
1767 631 1839 659 istius
1852 633 1959 668 cupidi,
1982 632 2131 666 liberaliter
2145 641 2177 658 ex
2195 631 2251 658 istis
2272 630 2381 657 cibariis

1316 664 1434 697 tra&at1,
1455 675 1510 692 non
1524 667 1613 693 minus
1634 674 1706 692 acres
1726 672 1819 693 contra
1839 677 1880 695 me
1901 669 2018 695 fuerunt.
2092 668 2131 696 Id.
2146 668 2175 694 in
2189 667 2280 695 Parad.
2295 670 2310 694 6
2328 666 2383 694 Cui

519 703 541 742 q
556 704 718 737 amberras,
754 703 810 727 Dea
828 700 944 727 Romanis
957 707 1023 733 erat,
1042 701 1083 726 cui
1094 700 1202 726 Atrium
1209 701 1249 725 tle·
1269 704 1294 728 ¹5
1317 706 1388 728 tanta
1402 701 1517 735 poffessio
1530 702 1577 737 est,
1594 708 1625 729 vt
1638 702 1670 729 ad
1684 701 1834 729 liberaliter
1846 703 1993 731 viuendum
2008 704 2086 732 facile
2098 709 2237 731 contentus
2251 703 2290 731 sit.
2336 702 2383 728 Li-

1316 737 1460 770 beralitcr,
1476 744 1523 772 pro
1542 739 1721 774 indulgenter,
1747 738 1847 766 Sallust.
1868 738 1947 766 Catil.
1969 751 1989 768 ιι
2011 740 2164 768 Exercitum
2183 748 2264 774 quem
2280 739 2309 766 in
2324 737 2384 765 Alii

1316 773 1472 800 dufilauerat
1487 773 1633 807 luxuriose,
1652 775 1787 809 nimisque
1809 772 1957 801 liberaliter
1973 776 2110 803 habuerat.

1355 817 1372 836 L
1384 817 1394 836 1
1406 816 1421 836 Β
1432 808 1449 836 ΙΞ
1460 815 1480 835 R
1496 816 1506 835 1
1517 829 1525 843 ‚
1550 818 1638 837 orum.
1659 820 1695 837 m.
1718 811 1820 845 [ri-aises,
1834 811 1922 845 τέκνα]
1948 810 2010 836 Filii
2027 814 2145 839 dicuntur
2159 819 2182 838 ct
2199 810 2273 847 filiae
2284 818 2383 836 numero

1314 845 1425 882 plurali,
1446 845 1586 880 diciturque
1599 846 1627 871 in
1636 848 1738 881 plurali
1751 847 1826 874 etiam
1840 849 1870 872 de
1883 856 1931 872 vm)
1940 846 2101 882 filiofiliaue.
2160 850 2226 873 Orta
2240 846 2300 872 inde
2313 846 2386 871 vide-

1262 883 1295 902 20
1318 890 1362 908 tur
1374 881 1520 917 appellatio,
1541 882 1608 915 quod
1625 883 1667 909 boc
1686 883 1783 908 nomine
1796 882 1824 908 in
1844 891 1995 917 ‘unaquaque
2006 884 2074 908 domo
2088 893 2103 908 a
2110 883 2192 917 seruis
2205 882 2387 917 distingueren-

1318 926 1368 945 tur.
1427 916 1507 944 Caius
1520 916 1553 943 de
1569 917 1651 945 Verb.
1665 918 1774 953 signific.
1786 919 1807 949 l.
1834 918 1900 945 Non
1913 918 1964 951 est,
1983 918 2046 945 Non
2057 917 2093 944 cst
2107 918 2269 949 fineliberis,
2285 917 2328 944 cui
2342 915 2387 943 vel

1321 963 1391 981 vnus
1407 953 1496 987 filius,
1518 962 1605 979 vnaue
1619 953 1674 980 filia
1688 954 1732 980 est.
1791 955 1865 981 Haec
1883 955 1957 981 enim
1977 954 2143 986 enuntiatio,
2163 954 2251 981 Habet
2273 953 2387 984 liberos,

1319 991 1423 1025 semper
1436 998 1487 1024 pro
1502 989 1639 1024 pluratiuo
1650 999 1773 1017 ⁴numero
1786 990 1934 1024 profertur.
1961 989 1994 1017 fic
2015 996 2040 1017 et
2059 990 2201 1025 pugillares
2219 995 2245 1015 et
2258 988 2387 1016 codicilli.

1324 1027 1418 1052 Tamen
1430 1025 1598 1061 defingulari
1616 1035 1664 1052 non
1677 1027 1746 1052 modo
1766 1026 1888 1062 tollantur
1909 1025 1991 1053 Liber
2014 1027 2139 1059 meus,
2172 1033 2196 1051 et
2209 1023 2309 1052 Libera
2326 1026 2388 1051 Pro-

331 1062 440 1091 Roscius
460 1062 565 1097 semper
576 1059 778 1087 ,liberaliffimus
793 1059 1103 1094 munificentiffimusque
1124 1059 1177 1085 fuit
1196 1058 1254 1085 Cic.
1273 1067 1301 1091 25
1313 1062 1433 1098 serpirza:
1465 1060 1598 1097 sedetiam
1611 1062 1641 1090 L,
1657 1071 1681 1095 33
1697 1070 1736 1097 pr.
1749 1062 1778 1089 C.
1792 1061 1824 1088 de
1838 1061 2045 1089 inoffimeflam.
2083 1063 2110 1088 Si
2123 1061 2183 1096 quis
2191 1061 2238 1087 suo
2252 1059 2389 1087 testamen·

1318 1103 1348 1125 to
1361 1098 1504 1125 maximam
1521 1097 1632 1132 quidem
1645 1098 1801 1133 portionem
1814 1097 1902 1125 libero
1915 1098 2058 1132 relinquat,
2077 1097 2252 1124 minusculam
2266 1104 2335 1122 vcro
2342 1095 2390 1122 alii

1317 1134 1364 1161 vel
1384 1134 1445 1160 aliis
1465 1133 1497 1161 de
1515 1134 1595 1169 stirpe
1615 1134 1659 1161 sua
1677 1134 1836 1169 progenitis.
1908 1133 2015 1160 Paullus
2029 1134 2062 1160 de
2081 1133 2162 1161 Grad.
2184 1132 2255 1160 affin.
2270 1132 2287 1159 l.
2308 1130 2391 1159 Iuris-

1315 1170 1473 1203 consultus,
1500 1170 1594 1197 Liberi
1615 1171 1697 1205 vsque
1717 1170 1748 1197 ad
1777 1171 1953 1205 trinepotem:
1982 1169 2053 1196 vltra
2065 1168 2132 1202 hos,
2156 1169 2318 1204 posteriores
2341 1176 2390 1194 vo-

1321 1212 1423 1233 cantur.
1462 1207 1622 1241 Papinianus
1636 1206 1668 1233 de
1681 1206 1829 1233 verborum
1842 1206 1950 1241 figuific.
1971 1206 1989 1233 l.
2009 1206 2186 1240 Cognoscere.
2223 1204 2390 1232 Callistratus

190 1245 287 1273 Laudis
302 1244 385 1276 auidi,
407 1242 536 1269 Pecuniae
549 1241 672 1268 liberales
688 1245 773 1266 erant.
809 1240 908 1274 Epulae
924 1239 1048 1267 liberales
1076 1239 1169 1266 Tacit.
1185 1241 1293 1272 Ann.30
1322 1243 1435 1270 Ibidem,
1456 1242 1473 1269 l.
1487 1251 1533 1268 220
1544 1242 1719 1277 Liberorum,
1729 1243 1890 1269 Liberorum
1898 1242 2086 1277 appellatione,
2107 1245 2390 1282 nepotesetpronepo.

191 1291 229 1316 12,
248 1291 283 1313 55·
355 1280 416 1306 Liu.
438 1288 482 1311 22,
501 1280 531 1305 26
551 1278 681 1305 Animum
694 1276 727 1303 ad
739 1277 809 1311 spem
825 1275 989 1302 liberalioris
1004 1276 1129 1302 fortunae
1150 1275 1258 1303 adiecit.

191 1316 329 1345 Gronour'us
340 1323 387 1352 pro
402 1315 532 1342 Animum
546 1315 607 1349 legit
624 1313 753 1343 Animos3
771 1319 794 1337 et
803 1318 849 1347 pro
864 1311 983 1345 Adiecit,
1004 1311 1087 1339 Fecit.
1132 1311 1257 1338 Liberale

190 1353 331 1385 iudicium,
350 1359 372 1378 et
386 1352 469 1379 Causa
483 1350 617 1377 liberalis:
641 1350 655 1371 (
666 1358 720 1374 uum
735 1348 789 1383 quis
801 1347 910 1382 aliquem
923 1348 1040 1373 vindicat
1058 1348 1086 1372 in
1104 1348 1253 1373 libertatem.

191 1389 323 1423 Quinctil.
336 1391 360 1420 6,
376 1397 390 1420 4
409 1388 438 1412 de
452 1387 514 1422 risu,
532 1385 612 1419 Q-uod
622 1386 685 1412 fecit
696 1385 802 1418 Longus
817 1383 956 1418 Sulpin'us,
972 1382 1028 1417 qui,
1042 1382 1188 1417 quinnipse
1197 1382 1255 1408 foe-

190 1425 306 1452 ditlimus
335 1424 411 1457 ciret,
435 1428 607 1455 eum‚contra
628 1430 708 1455 quem
728 1419 833 1447 iudicio
851 1419 959 1446 liberali
974 1418 1079 1451 aderat,
1111 1427 1144 1444 ne
1158 1418 1256 1444 faciem
1274 1426 1301 1450 35
1322 1421 1432 1449 crssrunt
1446 1423 1567 1456 dignum,
1586 1423 1646 1448 suos
1664 1422 1707 1448 cui
1727 1422 1828 1449 liberos
1851 1422 2059 1450 committerent.

190 1461 299 1495 quidem
311 1459 410 1485 habere
424 1458 505 1485 liberi
520 1457 641 1484 hominis
654 1457 733 1483 dixit.
759 1456 842 1482 Plaut.
857 1456 937 1483 Poen.
955 1464 980 1488 5,
994 1464 1018 1488 2,
1032 1466 1045 1488 4
1066 1454 1093 1481 Si
1114 1454 1187 1489 frugi
1204 1454 1254 1480 esse

190 1497 247 1530 vis,
273 1504 315 1522 eas
329 1494 437 1521 liberali
457 1494 511 1520 iam
525 1494 618 1519 afferes
640 1492 727 1522 causa,
746 1500 837 1518 manu.
909 1493 980 1518 Add.
995 1491 1034 1519 Id.
1049 1491 1128 1518 Cure.
1144 1500 1167 1523 4,
1181 1499 1194 1516 2
1211 1497 1253 1526 pr.

188 1533 257 1559 Ter.
279 1530 354 1558 Adel.
375 1539 404 1563 2,
422 1539 446 1563 1,
467 1539 509 1562 40.
526 1529 554 1555 it.
570 1528 665 1564 integri
685 1527 756 1554 tituli
779 1526 840 1561 Dig.
862 1533 885 1553 et
906 1527 973 1554 Cod.
989 1526 1021 1553 de
1040 1528 1116 1553 causa
1137 1526 1255 1553 liberali.

193 1569 251 1594 Vici.
264 1574 285 1593 et
311 1572 454 1594 ASSERO.
492 1566 566 1591 Artes
581 1563 705 1591 liberales
727 1564 862 1596 (licuntur,
882 1564 956 1599 Quo
969 1563 1069 1598 ingenio
1089 1563 1211 1596 coluntur,
1231 1569 1254 1588 et

1321 1285 1369 1312 tes,
1378 1279 1538 1312 caeterique,
1547 1278 1635 1312 quiex
1647 1279 1689 1304 his
1699 1279 1867 1312 descendunt,
1875 1279 2064 1305 continentum
2083 1278 2132 1304 hos
2141 1286 2214 1304 enim
2223 1285 2316 1304 omnes
2323 1275 2393 1302 libe-

1321 1324 1415 1342 rorum
1425 1314 1603 1349 appellatione
1611 1314 1654 1341 lex
1670 1320 1721 1340 ΧΠ
1729 1314 2023 1350 Tab.c0n1prehendit.
2052 1314 2109 1342 Cic.
2118 1315 2197 1341 Vm.
2205 1323 2224 1347 1,
2232 1322 2265 1346 40
2276 1311 2391 1338 Habitus

1321 1351 1353 1378 fis
1367 1351 1395 1377 in
1409 1348 1526 1377 liberum
1540 1351 1616 1377 loco:
1635 1350 1699 1376 ficut
1713 1359 1771 1376 mos
1784 1351 1919 1377 maiorum
1933 1350 2043 1380 ferebat.
2094 1349 2198 1382 Liberi,
2220 1351 2250 1376 de
2266 1357 2315 1374 vno
2335 1355 2392 1374 tan-

1324 1394 1376 1413 tum
1384 1387 1443 1422 filio
1458 1387 1549 1412 difflum
1562 1388 1669 1419 amplius
1682 1387 1846 1413 declaramus.
1896 1387 1967 1413 Ter.
1980 1388 2046 1413 Hec.
2069 1395 2092 1420 2,
2105 1396 2125 1418 1,
2139 1395 2162 1417 15
2183 1385 2240 1419 Qti
2253 1384 2333 1411 illum
2348 1382 2393 1410 de-

2120 1423 2164 1449 Vbi
2177 1422 2307 1453 Donatus,
2321 1418 2392 1446 Mul-

1320 1464 1380 1485 tum
1396 1458 1529 1488 sonanter,
1553 1463 1579 1484 et
1595 1459 1760 1484 accusatorio
1774 1458 1885 1494 strepitu
1901 1467 1948 1485 nec
1963 1458 2140 1485 masculinum
2159 1467 2206 1484 nec
2226 1455 2393 1483 femininum

1319 1494 1422 1529 posuit:
1443 1503 1491 1520 nec
1506 1494 1605 1528 vnam,
1623 1493 1668 1520 sed
1681 1493 1790 1521 liberos.
1844 1495 1885 1521 Sic
1893 1495 1950 1522 Cic.
1966 1496 2056 1526 (Verr.
2070 1504 2092 1527 3,
2108 1496 2148 1528 93)
2169 1494 2207 1519 En
2223 1493 2267 1519 cui
2285 1498 2346 1518 tuos
2362 1489 2393 1516 li-

1320 1531 1401 1558 beros
1415 1531 1576 1558 committas.
1613 1531 1698 1566 Qum
1709 1532 1740 1556 de
1752 1540 1801 1557 vno
1816 1538 1910 1567 ageret.
1930 1532 1962 1557 Et
1974 1530 2051 1564 (ibid.
2063 1533 2110 1563 153)
2129 1528 2267 1556 Habemus
2281 1527 2355 1554 enim
2363 1526 2395 1553 li-

1319 1567 1400 1594 beros
1415 1576 1516 1594 omnes.
2062 1567 2134 1593 Add.
2147 1566 2217 1593 Ter.
2234 1564 2318 1592 Andr.
2333 1571 2355 1595 5,
2371 1572 2395 1595 3,

1555 1567 1594 1593 De
1609 1566 1705 1601 puella.
1744 1567 1868 1593 maenus
1884 1567 2015 1594 Donatus.

187 1610 322 1642 propterea
333 1602 494 1637 dignaefimt
508 1601 593 1626 liberis
606 1595 751 1626 bominibus.
797 1598 864 1625 Plin.
881 1609 905 1631 ¹4
920 1600 980 1625 Pro.
998 1600 1097 1626 Peil‘um
1111 1599 1168 1625 iere
1182 1599 1255 1625 vitae
1263 1610 1297 1635 40
1321 1613 1363 1631 20,
1402 1610 1425 1629 et
1439 1604 1536 1631 fleant·
1551 1613 1569 1638 Ι,
1587 1612 1605 1636 ¹,
1619 1611 1661 1636 99,
1698 1602 1755 1630 cic·
1771 1603 1839 1630 Phil.
1855 1613 1862 1629 1
1877 1612 1899 1630 c·
1914 1613 1931 1629 ,-
1969 1603 2051 1630 Plau,⁵
2066 1602 2125 1629 Aul·
2142 1612 2166 1636 4,
2182 1611 2222 1633 10,
2235 1611 2257 1633 5·
2277 1612 2285 1615 γ’
2300 1598 2396 1627 Liberi

190 1645 291 1675 pretia:
312 1638 457 1671 omnesque
471 1646 485 1663 a
500 1636 619 1662 maximo
632 1635 705 1662 bono
720 1635 843 1661 liberales
856 1634 943 1662 dictae
958 1640 1027 1662 artes
1044 1635 1073 1661 in
1087 1635 1255 1661 contrarium

190 1674 320 1707 cecidere,
342 1683 371 1700 ac
386 1673 512 1700 seruitute
526 1672 579 1699 sola
592 1672 688 1707 profici
701 1677 837 1706 coeptum.
898 1671 953 1698 Cic.
962 1671 994 1698 de
1011 1672 1086 1699 Orat.
1102 1681 1120 1705 ι,
1135 1681 1160 1704 73
1182 1672 1257 1706 Inge-

191 1719 254 1737 nuas
271 1709 386 1745 appellat.
430 1709 485 1736 Vis.
500 1709 565 1735 Fen.
603 1708 770 1742 Coniugium
784 1706 906 1740 liberale,
926 1708 943 1736 i,
960 1707 1102 1742 Honfsslmn,
1123 1708 1257 1742 ingenuum

190 1748 260 1774 Ter.
270 1746 351 1772 Andr.
364 1757 385 1778 3,
395 1755 416 1777 3,
425 1754 463 1778 29.
491 1744 622 1772 DoGtrina
635 1743 754 1770 liberalis
769 1743 825 1769 Cic.
833 1743 967 1776 Fam.4,=4.
994 1743 1129 1770 Liberalis
1138 1749 1163 1769 et
1178 1743 1259 1778 digna

1321 1645 1391 1673 tres,
1411 1639 1465 1666 duo
1481 1648 1577 1671 mareS,
1598 1647 1665 1673 quos
1683 1638 1879 1673 diligentissime
1892 1637 2007 1665 instituit
2027 1639 2094 1665 Plin.
2107 1638 2154 1673 Ep.
2171 1646 2189 1672 1,
2205 1646 2243 1664 10.
2279 1636 2335 1663 Cic.
2344 1643 2395 1671 pro

1324 1676 1432 1704 Cluent.
1446 1685 1467 1708 3¹
1489 1676 1589 1702 Fratris
1604 1680 1693 1701 autem
1707 1675 1806 1701 liberos
1822 1676 1877 1701 vita
1891 1675 2018 1710 priuauit.
2071 1676 2111 1701 De
2123 1683 2171 1699 vno
2185 1680 2284 1700 tautum
2291 1672 2348 1708 filio
2361 1671 2394 1697 lo-

1324 1713 1422 1747 quitur.
1465 1712 1522 1738 Vid.
1537 1711 1605 1737 Gell.
1615 1719 1676 1744 2,13.
1714 1711 1854 1745 Augustin.
1871 1711 1902 1738 de
1912 1711 1982 1738 C.D.
1998 1713 2034 1744 16,
2048 1720 2091 1743 40.
2117 1709 2182 1744 Voffi
2191 1712 2221 1735 dc
2234 1707 2362 1742 Analogia
2370 1716 2395 1739 J,

1325 1757 1365 1782 4⁵.
1402 1746 1524 1774 Munker.
1539 1749 1572 1773 ad
1580 1747 1714 1781 Hygin.p.
1729 1756 1765 1779 27.
1785 1747 1933 1777 Cet-timim
1944 1753 2057 1773 CERTV
2067 1752 2093 1773 S.
2131 1745 2226 1772 Dulces
2235 1741 2398 1776 Hor-Epod.

192 1783 303 1810 homine
317 1781 404 1808 nobili
418 1781 546 1809 1d.Ac2d.
561 1791 574 1813 4
588 1787 628 1815 pr.
666 1778 916 1807 Eruditiolibcralis
929 1786 954 1806 et
969 1778 1093 1806 do&rina
1112 1780 1168 1807 Cic.
1176 1779 1260 1806 Tui'c.
1277 1789 1306 1815 45
1326 1793 1350 1817 2,
1364 1793 1407 1817 40,
1436 1783 1511 1816 Qid
1519 1783 1622 1810 dulcius
1630 1783 1773 1809 hominum
1782 1783 1998 1818 genesianafflra
2005 1782 2095 1809 datum
2103 1781 2149 1814 est,
2157 1789 2236 1815 quam
2245 1780 2284 1806 sui
2298 1779 2396 1813 cuique

191 1828 213 1847 2.
269 1817 359 1845 Facies
373 1816 494 1844 liberalis
520 1817 590 1843 Ter.
603 1817 668 1844 Eun.
683 1825 705 1848 3,
719 1825 741 1850 2,
755 1824 797 1842 20.
819 1815 837 1842 i.
857 1816 942 1841 Libero
957 1815 1053 1841 bomine
1066 1816 1155 1850 dig-na,
1176 1815 1259 1849 qualis

192 1855 291 1880 indicat
305 1862 329 1880 et
341 1853 452 1888 polliceri
465 1853 568 1879 videtur
581 1853 722 1887 ingenuum.
776 1850 818 1876 Sic
837 1850 920 1878 Plaut.
937 1850 1021 1877 Milit.
1035 1861 1060 1883 4,
1076 1860 1093 1883 ι,
1107 1860 1138 1876 20
1158 1849 1259 1885 Lepida

191 1897 217 1917 ct
230 1889 335 1916 liberali
348 1890 437 1915 forma
450 1888 495 1916 cst.
531 1889 602 1915 Ter.
619 1887 701 1915 Andr.
717 1897 735 1920 ι,
751 1896 769 1917 ι,
783 1888 815 1919 96
837 1887 869 1913 Et
883 1886 946 1921 quia
967 1892 1024 1912 erat
1044 1887 1134 1913 forma
1154 1893 1259 1920 praeter

191 1932 305 1952 caeteras
320 1924 429 1950 honesta
442 1932 470 1949 ac
483 1923 598 1949 liberali.
654 1925 725 1948 Add.
746 1923 805 1948 Val.
820 1923 891 1948 Max.
912 1932 936 1955 9,
950 1931 962 1948 2
974 1929 1038 1949 extr.
1054 1931 1075 1954 5.
1113 1922 1256 1957 Ingenium

1325 1819 1406 1846 liberi
1415 1820 1470 1846 Cic.
1480 1820 1512 1846 ad
1520 1820 1599 1852 Qiir.
1607 1819 1665 1854 post
1673 1819 1739 1845 Red.
1748 1828 1770 1845 c.
1782 1829 1798 1846 ι.
1818 1818 1924 1846 Similes
1932 1818 2002 1854 patri
2012 1818 2070 1845 Sen.
2078 1816 2149 1844 Med.
2157 1825 2194 1850 24.
2215 1816 2321 1843 Trium
2328 1814 2396 1842 libe-

1325 1864 1420 1882 rorum
1428 1856 1479 1890 ius,
1494 1855 1563 1881 inter
1575 1855 1687 1889 praemia
1688 1855 1755 1888 fuit,
1765 1864 1828 1889 quae
1841 1856 1894 1889 lege
1908 1855 2000 1889 Papia,
2011 1854 2120 1880 Mar-itis
2124 1853 2288 1888 patribusque
2294 1853 2397 1878 decreta

1322 1891 1444 1925 fuerunt,
1461 1890 1528 1916 citius
1536 1891 1596 1916 haec
1602 1897 1658 1916 erat
1663 1891 1714 1922 νίς,
1728 1897 1759 1914 vt
1771 1891 1798 1915 in
1809 1891 1930 1924 petitione
1938 1889 2098 1925 magtJst'v‘atr‘c's
2105 1889 2302 1924 praeferrentur
2309 1885 2399 1913 candi-

1328 1927 1395 1960 dati,
1403 1926 1490 1961 quibus
1493 1927 1579 1960 plures
1587 1925 1664 1951 liberi
1669 1925 1744 1961 eſjcssnt
1751 1935 1758 1948 :
1772 1926 1840 1958 item,
1848 1932 1878 1951 vt
1886 1925 1913 1950 In
1920 1925 1971 1960 ipso
1978 1924 2127 1960 magistratu
2136 1925 2313 1958 praecederent
2321 1923 2398 1955 tales,

191 1961 303 1987 liberale
319 1959 390 1986 Ter·
404 1957 516 1993 Adelph·
533 1967 557 1990 ἢ,
573 1966 596 1992 5,
610 1965 650 1987 50·
688 1956 818 1988 Qffissstus
841 1957 899 1981 Cic·
914 1957 969 1981 Off·
986 1966 1005 1987 ¹9
1020 1965 1056 1988 42·
1094 1958 1255 1984 IOCilibera·
1275 1970 1307 1992 50
1327 1963 1432 1996 denique
1444 1968 1474 1986 vt
1487 1968 1545 1987 ante
1563 1963 1642 1987 XXV
1650 1970 1743 1986 annum
1757 1962 1849 1987 aetatis
1862 1967 1949 1986 contra
1964 1961 2182 1996 legemanmriam
2192 1958 2292 1994 poſj'imt
2304 1957 2398 1983 admit-

190 1998 238 2029 les,
259 1996 347 2023 Libero
366 1996 470 2029 quodam
491 1994 572 2019 animo
594 1992 756 2027 pronzmtinti
776 1990 843 2017 Plin.
862 1989 891 2016 in
912 1989 1006 2024 Paneg.
1027 1998 1058 2023 49
1080 1997 1146 2015 extr.
1202 1991 1258 2015 Cic.

191 2035 245 2060 Att.
261 2042 284 2065 3,
299 2041 321 2063 ις
347 2029 428 2064 ond
443 2029 461 2056 fi
477 2039 532 2057 non
553 2028 636 2055 modo
657 2034 700 2061 tn,
720 2026 762 2053 sed
779 2026 919 2060 quisquam
940 2025 1037 2056 fuisset,
1057 2025 1104 2060 qui
1118 2034 1161 2051 me
1183 2025 1259 2051 Pom-

192 2068 247 2104 peii
264 2067 352 2094 minus
367 2065 474 2093 liberali
489 2065 616 2099 responso
632 2063 807 2098 perterritum
821 2071 836 2089 a
848 2061 995 2096 turpiffimo
1015 2061 1128 2088 consilio
1148 2069 1259 2088 reuoca-

192 2111 244 2137 ret,
263 2102 346 2139 quod,
367 2109 411 2128 etc.
466 2100 557 2127 Studia
578 2099 702 2125 liberalia
719 2099 813 2125 Tacit.
829 2099 898 2124 Ann.
914 2107 934 2130 3,
949 2107 984 2130 43.
1002 2099 1057 2124 vid.
1079 2098 1138 2124 Sen.
1158 2098 1205 2132 Ep.
1221 2103 1259 2127 88.

189 2148 236 2176 per
247 2147 292 2166 tot.
330 2138 387 2164 Cic.
401 2136 454 2163 Off.
469 2145 491 2172 2,
504 2145 533 2167 42
553 2136 618 2163 Non
634 2134 718 2161 solum
733 2133 880 2165 necessarii,
901 2132 944 2159 sed
957 2133 1038 2159 etiam
1053 2133 1177 2160 liberales
1191 2133 1259 2173 suin-
1269 2146 1296 2170 55

193 2183 244 2204 tus.
301 2175 391 2200 onr:
407 2173 478 2200 Ter.
494 2173 601 2199 Phorm.
617 2181 637 2204 1,
649 2180 670 2204 3,
688 2172 714 2196 16
736 2170 772 2196 Vt
785 2177 818 2195 ne
831 2168 942 2200 addam,
963 2168 1036 2202 quod
1048 2169 1102 2196 fine
1119 2170 1206 2195 sumtu
1219 2177 1260 2194 m.

193 2220 317 2247 genuam,
337 2209 477 2237 liberalem
497 2208 588 2234 nael-us
602 2216 637 2233 es.
695 2205 741 2233 Vbi
755 2206 890 2232 Donatus:
921 2205 1084 2239 Ingenuam,
1105 2204 1260 2231 liberalem:

194 2249 254 2275 Hoc
268 2246 406 2277 natalium,
428 2244 496 2271 illud
508 2252 616 2270 morum
628 2241 674 2269 est.

233 2290 250 2310 L
264 2290 272 2309 1
285 2289 303 2310 Β
315 2289 331 2309 E
342 2288 362 2308 R
374 2288 395 2308 A
405 2287 421 2306 L
432 2279 442 2307 ῐ
456 2287 479 2307 Τ
491 2286 515 2307 Α
526 2286 540 2306 S
551 2297 560 2310 ,
585 2279 642 2305 sitis.
665 2278 686 2305 f.
712 2278 905 2310 [ἐλευθερῶ-γης,
927 2278 1058 2310 δαψίλεια]
1088 2277 1173 2302 Virtus
1184 2276 1260 2302 bomi-

200 2320 239 2345 nis
254 2318 383 2350 liberalis,
403 2326 464 2351 quae
479 2325 526 2341 non
541 2315 638 2351 semper
651 2314 678 2339 in
686 2313 769 2339 dando
782 2311 854 2347 Inest,
874 2320 1023 2346 quamquam
1032 2313 1162 2346 sollemni}
1176 2313 1257 2337 admo·
1268 2316 1303 2343 60

195 2357 252 2381 dum
264 2354 296 2390 est
309 2352 353 2379 illa
367 2353 447 2382 notio;
462 2352 511 2387 scd
520 2352 547 2376 in
560 2351 641 2376 auimo
655 2358 743 2385 magno
756 2358 829 2382 quam
843 2348 964 2382 plurimos
985 2347 1098 2382 beneficio
1119 2356 1259 2381 quoi-unque

195 2390 323 2417 deuincire
338 2388 429 2424 parati
441 2386 603 2423 etstudcntis.
640 2386 698 2413 Cic.
714 2385 768 2411 Off.
786 2393 804 2417 1,
819 2392 850 2410 20
872 2383 991 2411 Iustitiae
1005 2382 1041 2409 est
1061 2383 1204 2409 coniunCta
1220 2383 1263 2409 be-

197 2425 350 2452 neficentia:
364 2433 444 2459 quain
454 2423 566 2450 eandem
580 2423 623 2449 vel
633 2418 1217 2456 benignitatem,velliberalitatemappellari
1232 2418 1264 2445 li-

197 2468 245 2489 cet.
284 2460 442 2488 Liberalitas
455 2469 510 2486 non
524 2459 587 2493 quia
602 2457 696 2485 liberis
711 2456 833 2486 debetur,
848 2455 891 2482 sed
904 2454 1087 2489 quiaalibero
1101 2456 1192 2481 animo
1202 2463 1262 2490 pro-

198 2497 334 2533 ficiscitur,
355 2497 392 2524 ita
405 2496 543 2522 nominata
558 2495 593 2521 est
609 2495 666 2521 Seu.
675 2493 777 2520 devita
793 2492 869 2519 beata
879 2501 900 2517 c.
913 2501 949 2523 24.
986 2492 1100 2526 Vnaque
1107 2497 1132 2518 et
1140 2491 1223 2517 altera
1232 2490 1262 2517 li·
1271 2495 1299 2525 65

198 2534 339 2561 beralitate
351 2532 526 2566 locupletauit
540 2531 691 2563 (Horatium
702 2528 844 2564 Augustus)
865 2527 971 2554 Suet.in
979 2528 1034 2554 vita
1049 2529 1117 2554 Hor.
1154 2527 1263 2554 Constat

199 2569 311 2605 potuill'e
325 2567 465 2595 conciliari
479 2567 582 2594 animos
597 2566 774 2600 qualicunque
785 2563 857 2598 parci
871 2564 938 2589 senis
948 2563 1107 2591 liberalitate
1115 2564 1184 2590 Tac.
1194 2563 1263 2590 Hist.

201 2615 220 2640 ι,
236 2611 271 2638 18,
287 2614 308 2636 5.
346 2603 482 2639 Appellari
495 2603 610 2637 fingulos
623 2601 691 2628 iuffit
710 2600 813 2627 decima
827 2598 995 2626 liberalitatis
1008 2606 1082 2634 parte
1097 2600 1163 2634 apud
1173 2608 1263 2633 quem-

200 2650 252 2676 que
265 2640 359 2667 relicta
374 2641 412 2668 Id.
427 2639 464 2666 ib.
479 2649 498 2672 ι,
514 2648 555 2671 20,
567 2649 587 2666 2.
643 2639 782 2665 Reuocarc
803 2634 976 2662 liberalitates
995 2637 1063 2663 Suet.
1080 2636 1174 2662 Claud.
1189 2646 1210 2663 c.
1225 2644 1264 2669 29.

201 2678 220 2705 i.
233 2678 350 2709 beneficia
366 2678 435 2702 data.

202 2708 412 2740 RALsTATL'S
430 2712 513 2746 Augg.
527 2711 580 2738 vicl.
594 2711 722 2745 Spanhem.
744 2711 774 2734 de
792 2707 838 2742 vsu
856 2715 880 2734 et
895 2707 987 2743 praest.
1002 2707 1112 2742 namtj'm.
1132 2708 1190 2742 illffi
1202 2719 1226 2740 ¹3
1238 2714 1263 2742 p.

203 2758 243 2783 529
260 2748 306 2783 (eq.
380 2748 468 2775 Valer.
483 2747 554 2774 Max.
571 2753 594 2782 8,
607 2755 629 2780 2,
642 2755 654 2772 2
676 2747 707 2772 de
729 2746 755 2772 C.
775 2743 878 2780 Visellio,
897 2745 927 2770 C.
944 2743 1071 2769 Visellius
1085 2744 1172 2770 Varro
1187 2742 1264 2778 graui

203 2779 300 2811 morbo
315 2790 469 2819 correptus,
498 2790 614 2809 trecenta
637 2781 723 2808 millia
745 2779 873 2813 numum,
908 2779 941 2806 ab
963 2779 1096 2810 Offlcssia
1116 2778 1263 2811 Laterensi,

204 2829 263 2848 cuin
277 2829 328 2854 qua
342 2819 532 2846 commercium
547 2818 669 2845 libidinis
684 2817 828 2849 habuerat,
850 2816 961 2851 expensa
973 2815 1041 2842 ferri
1056 2814 1105 2842 fibi
1121 2816 1203 2851 passus
1217 2815 1262 2847 est,

205 2892 283 2927 legati
297 2901 378 2927 genus
397 2892 445 2917 effe
462 2890 561 2925 voluit,
579 2890 750 2916 libidinosam
763 2888 951 2916 liberalitatem
966 2888 1050 2915 debiti
1068 2896 1178 2914 nomine
1194 2886 1267 2913 colo-

205 2927 298 2955 rando.
356 2927 465 2954 Sinistra
491 2927 577 2952 Catul.
601 2935 638 2959 ετ,
660 2935 691 2955 ις.
764 2925 895 2951 Diuidere
913 2924 1102 2951 liberalitatem
1118 2924 1147 2950 in
1167 2923 1267 2950 multos

206 2966 265 2992 Seu,
281 2964 312 2990 de
327 2963 440 2990 Benefic,
459 2972 481 2995 2,
497 2969 534 2991 εκ,
583 2964 632 2987 Sed
641 2968 687 2996 pro
700 2961 808 2987 bonitate
847 2961 914 2988 Ter⁴
938 2960 1050 2995 Adelph.
1066 2969 1083 2993 ι,
1097 2970 1116 2993 ι,
1133 2969 1161 2993 32
1182 2958 1267 2986 Pudo-

206 3010 234 3027 re
248 3006 274 3026 ct
291 2998 453 3026 liberalitate
468 2998 566 3024 liberos
580 2997 695 3023 retinere
709 2997 786 3023 satius
801 2997 849 3022 esse
863 2996 952 3030 credo,
973 3005 1052 3031 quam
1073 3002 1155 3024 metu.
1212 2995 1268 3021 Do-

208 3042 296 3063 natus:
334 3035 445 3063 Pudore,
467 3034 502 3062 ad
515 3033 587 3060 filios
608 3033 713 3059 retulit:
745 3031 930 3066 Liberalitate,
951 3033 982 3059 ad
998 3038 1126 3068 parentes.

209 3078 327 3099 mentum
342 3080 356 3097 a
370 3069 531 3104 coniugatis:
559 3068 731 3105 Liberalitate
746 3067 854 3102 regendi
869 3069 944 3100 sunt,
965 3076 1074 3103 propter
1087 3068 1160 3103 quod
1174 3067 1268 3095 Liberi

210 3107 341 3134 dicuntur.
379 3106 578 3133 Liberalitatem
590 3111 678 3131 autem
690 3104 840 3131 Bonitatem
856 3103 927 3130 dicit.
1000 3106 1041 3130 Sic
1055 3107 1120 3138 quod
1128 3103 1268 3139 Cas-survi-

211 3143 262 3168 Hor
275 3143 392 3177 plurimis
404 3143 565 3176 aduersarum
582 3141 694 3176 partitum
714 3140 826 3176 ignouit,
851 3139 996 3166 liberalitas
1017 3141 1112 3165 dicitur
1136 3140 1193 3167 Cic.
1216 3148 1267 3175 pro

211 3178 269 3212 Lig.
291 3185 314 3203 ct
334 3187 382 3212 pro
397 3176 535 3206 Marcello.
556 3177 718 3210 defensionem
736 3176 780 3211 sui
793 3177 823 3208 fi
833 3170 916 3202 Cicero
925 3175 1064 3211 figscipiat,
1090 3177 1268 3201 liberalitatem

212 3220 284 3239 vocat
305 3213 394 3240 Vatin.
407 3214 453 3247 fult
466 3213 522 3241 Cic.
536 3211 608 3239 Fam.
623 3221 646 3246 5,
661 3221 685 3245 9.

212 3248 335 3276 moribus
348 3248 492 3282 facillimis,
513 3248 544 3275 de
556 3247 652 3283 pietate
665 3247 693 3273 in
705 3254 827 3284 matrem,
846 3246 1007 3274 liberalitate
1021 3247 1049 3273 in
1064 3248 1178 3279 sorore-³,
1193 3246 1272 3273 boni-

212 3291 265 3312 tate
286 3285 313 3311 in
330 3285 405 3317 suos,
426 3284 526 3311 iustitia
544 3284 574 3310 in
587 3284 697 3310 omnes3
769 3284 806 3310 ld.
829 3284 861 3311 de
888 3284 946 3310 Fin.
962 3294 980 3317 1,
995 3292 1020 3314 52
1038 3283 1109 3318 Opes
1130 3283 1171 3309 vel
1187 3283 1270 3309 fortu-

214 3329 272 3351 nae,
291 3320 334 3347 vel
348 3319 452 3353 ingenii
467 3319 621 3347 liberalitati
637 3318 718 3353 magis
734 3321 908 3346 conueniunt.
947 3320 1019 3346 Idem
1033 3319 1064 3345 ad
1077 3319 1171 3351 Qum.
1186 3319 1270 3345 Fratr.

215 3367 234 3389 ι,
251 3366 269 3390 ι,
284 3367 298 3389 4
318 3357 340 3383 A
353 3355 459 3391 quibus,
481 3355 554 3382 rudis
570 3365 630 3382 cuni
645 3354 716 3387 esses,
739 3354 846 3381 videtur
863 3356 973 3389 potuisse
988 3362 1032 3382 tua
1048 3354 1193 3381 liberalitas
1203 3354 1270 3380 dcci-

477 2677 507 2700 In
523 2675 602 2701 mtm1's
615 2674 690 2709 saepe
710 2673 817 2700 occurrit
838 2678 889 2701 Lm
896 2677 912 2699 E
919 2678 965 2698 RA
973 2678 989 2697 L
996 2679 1005 2697 1
1013 2677 1034 2699 Τ
1041 2679 1060 2698 Α
1067 2679 1080 2699 S
1107 2673 1151 2697 ‘ivel
1176 2679 1192 2698 L
1200 2677 1264 2698 ΙΕΕ-
1273 2682 1306 2707 70

1184 3033 1267 3066 Argu·
1276 3032 1310 3057 80

757 3212 813 3239 Cic.
829 3211 860 3238 de
874 3212 980 3238 Amicit.
1000 3220 1018 3238 ιι
1040 3211 1114 3244 Qiid
1137 3211 1222 3238 dicam
1238 3211 1307 3241 de85

1327 1996 1358 2021 η’.
1395 1998 1467 2030 Qae
1480 1996 1596 2028 beneficia
1609 2005 1657 2021 non
1670 1996 1722 2028 nisi
1732 1997 1759 2021 in
1774 1995 1824 2021 iHis
1839 1998 1915 2023 locum
1929 1997 2059 2028 habebant,
2079 1996 2167 2029 quibus
2179 1994 2249 2020 terni
2266 1993 2340 2019 liberi
2352 2001 2399 2017 na-

1326 2029 1347 2054 ti
1360 2029 1450 2064 eſjbnn
1488 2030 1574 2062 quibus
1586 2030 1724 2063 pauciores,
1739 2032 1893 2057 excidebant.
1942 2032 2000 2057 Via.
2020 2031 2086 2065 Lips.
2108 2033 2242 2056 commem.
2255 2029 2283 2054 in
2303 2027 2398 2053 Tacit.

1327 2066 1398 2092 Ann.
1413 2074 1433 2097 3,
1447 2073 1475 2094 ες
1493 2071 1536 2098 pr.
1549 2073 1576 2090 n.
1588 2072 1618 2096 45
1633 2064 1704 2098 seqq.
1749 2064 1820 2098 Conf.
1840 2065 1907 2091 Plin.
1923 2065 2004 2098 Epist.
2018 2075 2042 2097 7,
2058 2068 2093 2091 16.
2129 2065 2198 2090 Suet.
2220 2061 2314 2090 Claud.
2328 2070 2350 2088 c.
2364 2070 2399 2093 ις.

1325 2100 1444 2128 quenal.
1460 2108 1484 2132 9,
1499 2105 1537 2130 87.
1580 2099 1711 2125 Amittcre
1724 2099 1825 2126 liberos
1838 2101 1893 2126 Ser.
1912 2099 2058 2135 Sulpic.sub
2071 2100 2127 2127 Cic.
2142 2100 2216 2126 Fam.
2231 2108 2256 2131 4,
2267 2108 2291 2130 5.
2343 2098 2396 2124 Au-

1327 2135 1385 2163 &us
1399 2134 1493 2162 liberis
1514 2134 1606 2163 Tacit.
1622 2135 1690 2161 Ann.
1705 2144 1724 2165 3.
1817 2136 2014 2161 Commendare
2028 2134 2138 2169 liberos,
2157 2135 2212 2161 vid.
2233 2137 2398 2160 εΟΜΜΕΝ-

1328 2177 1385 2198 Do.
1460 2171 1530 2197 Dare
1545 2169 1646 2196 liberos
1666 2170 1762 2197 Catull.
1784 2173 1875 2205 59,67.
1903 2171 1921 2197 i.
1946 2177 2090 2205 procreare.
2145 2172 2279 2204 Imperare
2292 2168 2399 2202 liberis,
2428 2199 2430 2201 ¹

1327 2208 1383 2233 νυὶΑ.
1403 2212 1553 2239 [ΜΡΕΚΟ.
1609 2206 1704 2232 Parere
1719 2205 1820 2233 liberos
1840 2206 1929 2233 Senee.
1951 2205 2045 2234 Theb.
2061 2216 2079 2233 1.
2137 2207 2279 2233 Procrearc
2295 2204 2403 2232 liberos

1327 2242 1461 2276 QxinGiil.
1477 2251 1498 2275 3,
1512 2249 1535 2273 8.
1589 2242 1726 2277 Suscipere
1740 2242 1840 2269 liberos
1859 2243 1915 2269 Cic.
1929 2242 1958 2268 in
1971 2242 2074 2278 Topic.
2112 2242 2167 2271 vid,
2200 2247 2214 2268 S
2226 2247 2247 2269 v
2262 2246 2276 2269 8
2288 2247 2306 2277 (2
2318 2248 2329 2267 1
2340 2247 2355 2268 1¹
2368 2247 2399 2267 E-

1326 2285 1377 2306 RE.
1416 2284 1641 2305 ToLLERE.·

1364 2322 1381 2340 L
1395 2322 1405 2340 1
1419 2320 1435 2340 Β
1447 2320 1463 2340 Ε
1474 2321 1495 2341 R
1505 2316 1526 2341 Ᾰ
1536 2320 1553 2340 L
1567 2321 1577 2340 1
1590 2321 1619 2347 S,
1640 2323 1662 2341 e.
1683 2314 1745 2341 Adi.
1780 2315 1828 2340 Ad
1837 2314 1927 2339 liberos
1936 2314 2075 2348 pertinens.
2132 2313 2268 2340 Liberalia
2285 2312 2398 2339 nomina

1327 2352 1417 2378 Varro
1426 2351 1458 2376 de
1466 2350 1496 2376 L.
1511 2350 1542 2376 L.
1560 2359 1583 2383 7,
1598 2356 1622 2380 18
1642 2357 1708 2377 extr.
1727 2352 1811 2376 cadem
1819 2350 1941 2376 videntur
1949 2349 2109 2385 argentilla,
2121 2359 2184 2384 quae
2190 2349 2357 2385 aparentibus
2370 2349 2399 2374 in

1326 2387 1415 2413 liberos
1435 2385 1574 2421 transeunt.

1367 2428 1385 2449 L
1399 2429 1411 2449 1
1424 2427 1442 2448 Β
1455 2428 1473 2448 Ε
1487 2428 1507 2448 R
1517 2428 1540 2448 'r
1550 2428 1571 2447 V
1581 2427 1612 2457 S,
1640 2421 1660 2449 i.
1687 2431 1722 2448 m.
1749 2419 1945 2456 [ἂπελεῦθερυς]
1976 2421 2044 2447 cuius
2060 2419 2239 2446 correlatfuum
2258 2419 2290 2456 est
2309 2420 2398 2446 Patro-

1329 2464 1394 2488 m153
1433 2460 1458 2484 Is
1471 2457 1512 2494 ‘ss’
1531 2457 1575 2492 qui
1589 2467 1661 2492 quum
1673 2459 1730 2493 fft
1737 2459 1836 2493 seruus,
1849 2456 1936 2491 satius
1949 2455 1982 2492 est
1994 2457 2066 2483 liber.
2136 2455 2268 2490 leianus
2275 2464 2337 2482 eum
2348 2455 2399 2482 ess‘e

1329 2494 1460 2521 libertum
1472 2494 1567 2530 definit,
1590 2502 1670 2528 quem
1685 2495 1744 2529 quis
1757 2503 1787 2520 ex
1802 2493 1930 2520 seruitute
1944 2493 1975 2519 ad
1988 2492 2125 2519 ciuitatem
2139 2492 2289 2518 Romanam
2302 2491 2399 2526 perdu-

1329 2531 1378 2558 xit.
1426 2530 1509 2564 Plaut.
1523 2529 1593 2558 Asm.
1608 2539 1628 2563 3,
1642 2539 1664 2564 3,
1679 2539 1725 2556 100
1747 2530 1834 2564 Magis
1849 2529 1978 2557 decorum
1992 2528 2045 2561 est,
2063 2527 2192 2555 libertum
2205 2528 2305 2562 potius,
2318 2536 2400 2562 quam
2416 2546 2418 2548 »

1331 2574 1474 2602 patronum
1482 2575 1549 2592 onus
1562 2566 1591 2592 in
1605 2567 1650 2592 via
1663 2572 1781 2601 portare.
1819 2565 1985 2593 Modestinus
2006 2564 2023 2591 l.
2041 2573 2083 2594 105
2102 2564 2134 2590 de
2154 2565 2188 2591 V.
2203 2564 2226 2591 S.
2252 2563 2400 2598 respondit,

1330 2604 1372 2630 his
1387 2602 1487 2635 verbis,
1506 2601 1615 2629 Libertis
1627 2602 1811 2636 libertabusque
1829 2602 1889 2629 meis
1895 2601 2052 2635 filibertum
2067 2599 2178 2627 libertae
2193 2599 2325 2627 testatoris
2343 2608 2401 2626 non

1331 2638 1477 2666 contineri.
1550 2637 1684 2671 Affignare
1702 2637 1840 2671 libertum,
1859 2638 1913 2664 vid.
1940 2641 2119 2665 ASStGNo.
2184 2635 2262 2669 Feci,
2282 2644 2297 2662 e
2320 2636 2400 2662 seruo

1330 2681 1360 2702 vt
1373 2675 1435 2701 effes
1449 2673 1561 2700 libertus
1576 2672 1646 2699 mihi
1661 2673 1728 2701 Ter.
1742 2672 1825 2700 Andr.
1841 2683 1861 2707 1,
1877 2683 1895 2709 ι,
1912 2682 1949 2700 10.
2033 2671 2151 2699 Martial.
2176 2681 2201 2707 ι,
2221 2681 2234 2698 2
2255 2670 2400 2700 Libertum

1331 2710 1407 2737 dosii
1420 2709 1540 2736 Lucensis
1548 2717 1646 2743 quaere
1660 2709 1811 2736 secundum.
1850 2710 1882 2735 Et
1894 2710 1921 2734 in
1928 2710 2035 2743 quadam
2048 2707 2222 2743 inscriptione
2230 2707 2325 2742 reperio
2344 2707 2400 2734 FE-

1330 2747 1398 2773 CIT
1421 2745 1486 2772 SIBI
1507 2745 1560 2772 ET
1581 2745 1712 2772 PETIAE
1738 2745 1992 2773 COLLIBERTAE
2018 2745 2154 2772 PRIMAE.
2175 2743 2300 2771 VXORI.
2358 2744 2398 2769 Ex

1330 2782 1418 2818 quibus
1440 2781 1522 2807 verbis
1536 2781 1619 2814 facile
1637 2782 1756 2808 coniicere
1773 2781 1806 2817 est
1817 2782 1844 2807 in
1860 2788 2022 2817 patronorum
2034 2781 2133 2807 libertis
2145 2780 2257 2806 ordinem
2277 2779 2399 2814 quendum

1326 2817 1415 2853 suff,
1437 2825 1462 2843 et
1473 2819 1589 2851 quosdam
1599 2817 1708 2852 primos,
1737 2819 1855 2852 quosdam
1869 2816 1991 2853 secundos
2014 2824 2114 2843 vocatos
2126 2815 2223 2851 suff,
2241 2817 2308 2851 quod
2319 2814 2399 2841 alteri

203 2866 236 2884 eo
253 2855 375 2889 confilio,
396 2862 424 2882 vt
439 2855 456 2881 fl
471 2854 614 2887 decessiss'ct,
639 2854 671 2879 ab
691 2852 834 2880 heredibus
847 2861 906 2879 cam
920 2853 1050 2879 summam
1063 2858 1172 2892 peteret,
1185 2859 1265 2885 quam
1275 2863 1302 2888 75
1331 2854 1400 2889 apud
1408 2860 1540 2888 patronum
1550 2854 1660 2887 priorem
1672 2854 1749 2880 locum
1761 2853 1909 2886 obtinerem,
1928 2853 2006 2881 alteri
2022 2852 2171 2888 proximum.
2389 2849 2399 2855 “

2227 2853 2263 2878 Ει·
2280 2861 2293 2877 ο
2313 2850 2399 2878 Primi

1332 2897 1359 2916 et
1371 2889 1485 2916 Secundi
1498 2889 1654 2922 dicebantur,
1673 2897 1702 2914 vt
1715 2889 1775 2914 aliis
1791 2890 1899 2915 omnibus
1914 2889 2036 2924 potiores:
2070 2898 2099 2914 ac
2106 2887 2217 2923 fhrtaffi’
2231 2861 2291 2914 infle
2299 2886 2399 2921 fimum

1332 2925 1377 2961 est,
1390 2932 1420 2951 vt
1434 2924 1692 2960 apmllurifi‘ons'ultos
1699 2932 1749 2951 tam
1755 2924 1831 2960 saepe
1845 2934 1929 2951 nomen
1938 2925 2022 2952 Primi
2034 2931 2059 2952 et
2072 2923 2311 2960 Secundilegamus.
2335 2923 2398 2949 Tur-

1333 2962 1386 2987 neb.
1423 2963 1492 2987 Adu.
1508 2967 1541 2993 18,
1555 2970 1574 2992 3.
1615 2963 1654 2987 De
1667 2960 1773 2988 libertis
1790 2961 1961 2995 principum,
1980 2962 2034 2987 vid.
2051 2960 2119 2988 Ptin.
2138 2960 2232 2994 Paneg.
2250 2968 2273 2986 c.
2286 2963 2326 2989 88.

1371 3004 1388 3023 1.
1400 3004 1410 3024 1
1420 3004 1436 3023 B
1449 3003 1465 3023 Ε
1479 3004 1497 3023 R
1511 3003 1533 3023 Τ
1545 3003 1584 3027 Α,
1607 3005 1644 3022 ac.
1674 2997 1693 3024 f.
1723 2997 1792 3025 Suet.
1807 2998 1873 3031 Aug.
1894 3006 1914 3023 c.
1926 3000 1957 3027 65
1983 2996 2052 3024 Cum
2066 3005 2119 3023 vna
2128 3005 2161 3023 ex
2175 2994 2288 3023 consciis
2300 2993 2398 3021 liberta

1337 3033 1479 3068 suspendio
1494 3032 1577 3059 vitam
1591 3032 1708 3060 fiuiifl'et.
1763 3033 1910 3060 Fortissima
1932 3032 2030 3059 liberta
2047 3033 2114 3060 Hor.
2130 3032 2213 3059 Serm.
2228 3040 2246 3065 ι,
2254 3040 2273 3063 ι,
2289 3038 2330 3064 99.
2368 3031 2398 3055 In

1332 3069 1557 3104 Inscriptionibus
1570 3077 1701 3096 occurrunt
1715 3068 1824 3095 Liberta
1838 3075 1863 3095 ct
1876 3069 1976 3096 coniux
1988 3067 2013 3104 s.
2026 3076 2105 3101 vxor,
2126 3066 2195 3093 bene
2210 3073 2332 3099 merem,
2359 3074 2399 3092 ca-

1332 3105 1445 3140 riffima,
1467 3104 1616 3140 gradffima,
1638 3105 1751 3140 optima,
1769 3105 1926 3132 sanfiissima
1944 3112 1989 3130 etr.
2030 3103 2087 3130 Vid.
2107 3103 2211 3129 Gruter.
2233 3102 2264 3131 it.
2277 3101 2398 3129 Liberti·

1332 3141 1532 3175 libertabusque
1548 3141 1712 3175 posterisque
1726 3151 1782 3170 eor.
1820 3143 1888 3167 Add.
1903 3140 1984 3167 Plaut.
1998 3139 2080 3166 Pocn.
2095 3148 2113 3172 1,
2128 3148 2148 3172 ι,
2160 3140 2197 3170 36.

1373 3184 1390 3204 L
1402 3185 1412 3204 1
1428 3183 1444 3203 B
1457 3183 1473 3203 E
1487 3183 1506 3204 R
1521 3183 1543 3203 Τ
1558 3178 1571 3203 1“
1580 3183 1601 3202 Ν
1611 3183 1631 3202 V
1645 3183 1658 3203 S
1669 3201 1677 3213 ‚
1697 3178 1715 3204 i.
1735 3187 1771 3204 m.
1791 3175 2002 3212 [ἀπελευθερικὸς]
2022 3175 2129 3209 dicitur,
2141 3175 2184 3209 qui
2198 3183 2230 3200 ex
2244 3172 2307 3209 iusta
2314 3172 2396 3210 strui-

1336 3221 1389 3241 tute
1408 3212 1566 3247 manumtffits
1579 3212 1626 3248 est:
1651 3222 1675 3239 et
1696 3214 1769 3239 babet
1788 3212 1963 3238 correlatiuum
1976 3214 2109 3246 Ingenuus.
2147 3210 2204 3238 Cic.
2216 3209 2249 3236 de
2263 3210 2312 3237 Or.
2328 3219 2347 3239 ι,
2357 3212 2397 3239 38.

1337 3260 1360 3278 c.
1373 3258 1388 3285 9
1407 3248 1580 3284 Sempronius
1593 3248 1735 3275 libertinos
1749 3248 1777 3274 in
1792 3248 1907 3274 vrbanas
1921 3247 2008 3274 tribus
2020 3246 2161 3273 transtulit.
2235 3245 2295 3274 Liu.
2312 3253 2356 3276 45,
2373 3252 2397 3273 ¹5

1337 3289 1368 3313 de
1380 3288 1460 3313 eadem
1475 3295 1510 3318 re,
1524 3286 1625 3311 Omnes
1638 3285 1684 3319 qui
1700 3284 1856 3310 seruitutem
1869 3284 2024 3310 seruierant.
2070 3283 2127 3309 Cic.
2141 3292 2191 3318 pro
2206 3282 2282 3309 Rosc.
2295 3281 2354 3307 Am.
2370 3288 2398 3312 ¹9

1337 3333 1358 3349 c.
1369 3332 1382 3355 7
1397 3321 1504 3349 Mallius
1517 3320 1628 3347 Glaucia
1647 3320 1755 3355 quidam
1777 3320 1861 3347 homo
1877 3320 1981 3353 tenuis,
2002 3318 2154 3353 libertinus,
2170 3319 2251 3345 cliens
2276 3320 2301 3355 et
2318 3315 2396 3341 fami-

1335 3358 1412 3384 liaris
1432 3358 1470 3384 T.
1483 3356 1582 3383 Roscii.
1621 3358 1652 3382 Et
1667 3365 1715 3391 pro
1727 3358 1797 3383 Sext.
1812 3365 1842 3389 97
1858 3366 1879 3383 c.
1894 3365 1923 3389 45
1938 3356 2003 3382 Sunt
2016 3355 2098 3382 etiam
2111 3353 2233 3383 libertini
2245 3357 2396 3385 optimates.

215 3393 255 3426 pi:
293 3401 353 3418 nam
369 3399 397 3418 vt
417 3392 532 3431 quisque.
545 3391 579 3417 cst
592 3392 635 3417 vir
649 3391 782 3426 optimus,
802 3390 839 3417 ita
852 3391 1010 3418 difficillime
1025 3392 1074 3418 css'c
1088 3391 1155 3417 alios
1171 3390 1271 3424 impro-
1280 3399 1314 3424 90
1337 3395 1369 3419 Iit
1381 3394 1494 3429 Philipp.
1508 3402 1528 3426 3,
1544 3402 1566 3423 17
1589 3401 1610 3419 c.
1626 3395 1641 3419 6
1656 3394 1732 3426 Qiae
1746 3402 1828 3427 porro
1842 3391 1958 3419 amentia
1974 3391 2026 3424 cst,
2064 3401 2126 3418 eum
2146 3391 2231 3419 dicere
2245 3387 2347 3422 aliquid
2363 3387 2397 3414 de

215 3429 264 3455 bos
279 3428 430 3463 suspicatur.
503 3427 659 3453 Liberalitas
677 3427 803 3463 eleganter
816 3427 889 3452 Fonti
902 3435 1070 3462 comparatur.
1109 3426 1176 3454 Plin.
1191 3426 1272 3461 Epist.

217 3473 239 3497 2,
254 3474 267 3494 4
288 3464 351 3490 Sunt
366 3463 475 3498 quidem
491 3463 604 3490 omnino
619 3463 695 3489 nobis
708 3462 827 3490 modicae
840 3462 986 3497 facultates,
999 3463 1113 3497 dignitas
1128 3463 1272 3489 sumtuosa:

216 3499 317 3526 reditus
330 3506 439 3534 propter
453 3499 637 3526 conditionem
657 3499 818 3533 agellorum,
845 3498 933 3524 nescio
951 3499 1056 3531 minor,
1082 3508 1114 3525 an
1130 3499 1274 3525 incertior:

218 3535 260 3562 sed
276 3535 347 3569 quod
362 3536 435 3561 ccst'at
450 3544 481 3561 cx
496 3534 599 3567 reditu,
618 3534 768 3569 frugalitate
783 3535 930 3570 suppletur,
952 3543 983 3560 ex
999 3543 1049 3568 qua
1064 3534 1138 3562 velut
1150 3535 1182 3561 ex
1198 3535 1274 3561 fonte

218 3571 361 3598 liberalitas
374 3571 461 3597 nostra
475 3570 600 3597 decurrit.

218 3606 371 3642 profusione
387 3607 521 3634 inarescat.
558 3607 599 3633 sed
614 3605 785 3641 temperanda
799 3607 827 3633 in
840 3605 913 3633 aliis:
946 3605 976 3632 in
993 3612 1017 3632 te
1032 3606 1109 3633 facile
1124 3607 1193 3634 ratio
1214 3615 1276 3633 con-

218 3642 305 3678 stabit,
325 3642 404 3668 etiam
419 3642 436 3669 ss
450 3642 561 3668 modum
578 3642 720 3669 excell‘erit.

257 3685 273 3705 1.
284 3686 294 3705 1
307 3684 324 3704 Β
336 3684 352 3703 E
364 3684 383 3704 R
395 3685 417 3705 Λ
426 3685 442 3703 L
458 3677 469 3703 ι’
482 3685 504 3704 Τ
516 3684 533 3704 E
546 3685 574 3705 R.
596 3679 663 3705 Adu.
679 3679 839 3712 [e’awilaqswffi
859 3679 1001 3712 Φιλοτίμωε]
1022 3678 1094 3703 Alore
1100 3679 1204 3704 hominis
1213 3679 1274 3705 libe-

219 3715 293 3748 ralis,
300 3720 329 3739 vt
336 3715 426 3748 Large,
435 3714 598 3747 abundanter,
612 3715 651 3739 cui
657 3713 947 3749 contrariumtstParce:
967 3714 1023 3740 Cic.
1038 3712 1115 3739 Verr.
1125 3722 1144 3745 3,
1153 3723 1198 3746 204
1207 3724 1228 3740 c.
1243 3720 1272 3744 88

1336 3437 1453 3456 vxorum
1466 3427 1643 3464 ignobilitate,
1659 3428 1706 3461 qui
1726 3444 1772 3448 —-
1791 3438 1822 3455 ex
1837 3428 1959 3455 libertini
1968 3427 2023 3454 filia
2044 3426 2183 3462 susceperit
2200 3423 2318 3450 liberos?
2354 3422 2395 3451 Id.

1338 3474 1389 3499 pro
1404 3466 1508 3492 Cluent.
1528 3473 1562 3496 ¹32
1576 3473 1597 3490 c.
1612 3474 1640 3496 47
1660 3464 1804 3498 Popillium
1818 3465 1955 3497 Lentulus,
1978 3463 2052 3498 quod
2066 3469 2121 3494 erat
2133 3460 2251 3486 libertini
2264 3459 2344 3493 filius,
2365 3459 2396 3485 in

1339 3501 1456 3528 senatum
1472 3511 1525 3528 non
1539 3499 1617 3535 legit:
1645 3499 1733 3526 locum
1749 3501 1857 3534 quidem
1872 3500 2039 3527 Senatorium
2060 3498 2142 3529 ludis,
2161 3503 2187 3522 ct
2201 3502 2302 3522 caetera
2316 3504 2396 3522 orna·

1339 3544 1428 3564 menta
1447 3536 1573 3572 reliquit,
1605 3542 1630 3562 et
1640 3544 1704 3575 eum
1720 3537 1794 3563 omui
1814 3536 1962 3571 ignominia
1983 3535 2085 3561 liberat.
2158 3534 2217 3559 Sen.
2236 3532 2281 3566 Ep.
2304 3540 2325 3563 3¹
2346 3532 2395 3566 fin.

639 3572 715 3604 Qiae
727 3577 816 3597 tamen
832 3571 869 3597 ita
885 3570 1054 3605 temperanda
1069 3571 1120 3603 cst,
1142 3580 1174 3596 ne
1189 3570 1274 3596 nimia
1291 3580 1321 3607 95
1340 3572 1439 3600 Rccqus
1451 3574 1588 3607 bonusque
1602 3580 1707 3598 animus
1722 3579 1775 3599 mm
1794 3573 1823 3599 in
1842 3572 1963 3607 equitem
1982 3572 2056 3598 Rom.
2080 3576 2160 3602 quam
2179 3568 2208 3594 in
2226 3566 2396 3600 libertinum,

1341 3618 1420 3643 quam
1436 3610 1464 3636 in
1479 3610 1582 3636 seruum
1596 3607 1680 3642 potest
1694 3608 1795 3636 cadere.
1993 3602 2014 3642 ff
2031 3612 2043 3629 2
2064 3604 2141 3639 Qod
2153 3604 2262 3629 diximus
2277 3602 2395 3629 Liberti-

1305 3658 1311 3663 ÷
1339 3654 1405 3671 num
1424 3646 1512 3680 opponi
1529 3646 1641 3679 ingenuo,
1661 3644 1691 3668 ia*
1703 3654 1727 3669 ro
1740 3654 1815 3679 ”usque
1828 3653 1915 3669 ruerum
1926 3641 1966 3678 'ss’
1985 3647 2014 3665 U!
2025 3640 2127 3673 amiqui
2145 3639 2249 3666 Romam*
2269 3639 2394 3664 interdum

1338 3680 1492 3708 Libertinos
1506 3679 1627 3711 dixerint,
1647 3680 1691 3713 qui
1706 3690 1751 3705 nm:
1773 3681 1823 3716 iffi
1840 3679 1999 3707 Seruitutem
2014 3675 2163 3710 serutſjbnt,
2176 3675 2226 3709 sed
2236 3683 2337 3709 quorum
2347 3680 2394 3709 pa-

1339 3723 1390 3742 tres
1411 3717 1486 3751 effi'ut
1505 3712 1649 3748 manumiffi.
1688 3717 1780 3742 Asaei‘lor
1799 3718 1904 3743 Sueton.
1917 3710 2011 3738 Claud.
2025 3720 2046 3738 c.
2062 3720 2088 3743 2⁴
2108 3711 2201 3737 Latum
2210 3710 2314 3736 clauum
2335 3710 2394 3742 (Se.

221 3752 281 3783 Qia
290 3751 317 3776 in
330 3758 359 3775 re
367 3750 474 3775 Senatus
482 3749 582 3782 optimc
590 3758 617 3776 ac
625 3749 807 3784 benigniffime
819 3748 1036 3779 ciuuaratoribus
1046 3748 1142 3784 egisset,
1157 3750 1227 3783 large
1241 3750 1272 3775 li.
1281 3759 1328 3777 100
1339 3748 1461 3778 natm-lam
1474 3752 1577 3787 vijslcm)
1597 3751 1719 3784 quamuis
1735 3752 1815 3778 initio
1830 3748 1975 3778 affirmasset
1984 3756 2037 3772 ¹¹0ss
2052 3746 2185 3773 leffflrum
2197 3747 2222 3772 se
2235 3746 2394 3777 senatorem,

221 3785 398 3819 bei-aliterque
406 3784 565 3817 aestimasset,
584 3785 612 3811 in
621 3794 659 3818 ca,
670 3793 715 3812 etr.
737 3785 828 3819 Accipi
837 3785 974 3812 liberalius
988 3785 1026 3813 Id.
1036 3786 1165 3817 Att.16‚6.
1193 3785 1231 3811 Id.
1240 3785 1271 3811 de

223 3821 281 3847 Fin.
297 3831 316 3852 ς,
330 3831 354 3854 57
368 3820 409 3847 Est
423 3819 542 3846 hominis
556 3821 666 3855 ingenui
686 3827 712 3847 et
725 3820 872 3848 liberaliter
885 3821 997 3854 educati,
1010 3820 1150 3848 vellcbene
1159 3821 1273 3847 audirea

222 3856 389 3889 parentibus,
408 3863 453 3882 etc.
481 3857 550 3882 Adel.
571 3856 608 3882 Id.
621 3856 652 3882 de
669 3857 833 3890 Orat.1c.31.
852 3857 977 3884 Eruditus
989 3856 1147 3888 liberaliter,
1168 3857 1273 3892 Optimis

222 3892 316 3916 artibus
330 3891 463 3926 institutus.
501 3890 557 3917 Cic.
571 3892 654 3918 Tust.
670 3902 692 3923 2,
706 3895 720 3919 6
730 3903 752 3919 c.
765 3901 851 3920 aextr.
873 3894 923 3919 Eos
938 3892 955 3918 fi
970 3894 1104 3927 postumus
1119 3893 1274 3925 excitemus,

1336 3788 1386 3814 nisi
1400 3788 1467 3815 ciuis
1482 3788 1560 3815 Rom.
1574 3785 1742 3821 abnepotem,
1762 3788 1840 3814 etiam
1853 3784 1972 3810 libertini
1989 3782 2046 3809 filio
2061 3781 2170 3809 tribuit:
2209 3780 2252 3807 sed
2266 3780 2312 3807 sub
2332 3784 2394 3806 con-

1338 3823 1452 3857 ditione,
1473 3824 1490 3851 fl
1506 3823 1579 3859 prius
1592 3822 1624 3848 ab
1637 3824 1726 3856 equite
1736 3818 1964 3853 'Rom—adoptatus
1980 3820 2048 3845 etl‘et.
2084 3819 2120 3844 Ac
2133 3818 2165 3844 sn:
2178 3825 2285 3856 quoque
2304 3824 2393 3856 repre·

1337 3859 1491 3888 hcnsionem
1507 3867 1611 3893 verens,
1634 3866 1712 3885 enam
1729 3859 1840 3893 Appium
1855 3857 1969 3882 Caecum
1981 3855 2135 3886 Censorem,
2154 3861 2260 3887 generis
2278 3852 2316 3878 sui
2332 3859 2394 3885 pro-

1337 3896 1487 3932 aqurem,
1503 3894 1695 3921 libertinorum
1710 3894 1779 3921 filios
1791 3894 1819 3919 in
1834 3893 1957 3918 Senatum
1975 3890 2087 3925 allegiss‘e
2095 3888 2197 3915 docuit:
2213 3889 2318 3923 ignarus
2328 3893 2393 3913 tcm-

222 3926 267 3959 qui
283 3925 429 3954 liberaliter
441 3926 551 3960 eruditi,
570 3926 687 3954 adhibita
700 3928 780 3956 etiam
795 3928 936 3956 differendi
955 3928 1100 3964 elegantia,
1122 3929 1226 3958 ratione
1246 3934 1324 3964 et105
1338 3932 1449 3965 poribus
1462 3930 1553 3966 Appii,
1571 3936 1596 3957 et
1605 3930 1728 3965 deinceps
1739 3927 1902 3963 aliquamdiu
1917 3926 2058 3954 libertinos
2077 3924 2162 3952 dictos
2181 3932 2236 3951 non
2254 3923 2325 3957 ipsos
2345 3922 2393 3956 qui

2312 3966 2392 3985 numu
