2517 4231
19 190 103 230 409
438 168 668 211 ΝΑΧ
1467 150 1759 206 ’ΝΕΒ
2124 182 2195 220 4,Ο

23 266 89 295 Eun.
113 272 138 296 1,
158 271 183 296 1,
202 271 210 289 1
242 261 306 289 Non
323 268 396 293 eam,
420 267 454 287 ne
473 268 544 287 nunc
562 258 669 294 quidem
681 266 763 294 quum
775 257 892 284 accersor
904 257 995 283 Vltro?
1022 264 1071 291 pro
1134 258 1181 283 loco
1193 265 1242 284 ne:
1276 256 1331 283 vid.
1343 254 1489 292 Brouckbus.
1502 257 1539 282 ad
1559 256 1636 290 Prop.
1651 263 1680 288 2,
1694 255 1721 287 6,
1734 261 1755 286 3.
1787 261 1812 280 et
1827 254 1967 284 Drackenb.
1982 259 2018 284 ad
2035 258 2082 286 Sil.
2096 267 2105 285 ι
2116 279 2124 292 ,
2146 268 2195 290 374-

24 302 116 334 Neque
130 307 208 325 nunc.
265 299 332 323 Haec
345 295 495 330 Prifi-ianus.
552 298 640 330 ltaque
649 301 694 329 pro
707 294 764 320 Nec
776 294 852 318 etiam
863 293 890 318 in
907 292 956 327 isti.
972 293 1074 327 pqfilum
1134 291 1155 330 fl
1178 302 1199 324 ¹3
1237 292 1276 317 Ne
1291 294 1317 318 in
1336 293 1502 328 compositione
1519 300 1613 331 negat,
1639 298 1667 317 vt
1688 289 1777 320 nefas,
1803 290 1932 324 ncthstus,
1959 294 2083 328 nossetis,
2111 304 2200 328 nti-n...⁸

23 337 114 363 diceret
129 334 324 365 Grammaticus:
379 330 422 359 Ne
437 332 488 358 hoc
502 330 609 367 quidem
623 328 718 357 tacebit
735 329 862 355 Parmeno
888 328 956 355 Ter.
970 328 1033 354 Eun.
1049 337 1076 361 1,
1137 328 1271 362 nesapium.
1298 328 1386 354 nescio
1406 336 1450 354 etc.
1522 327 1591 355 Gell.
1609 336 1648 362 ¹3,
1665 334 1698 353 22
1718 332 1784 351 extr.
1821 327 1851 353 In
1871 330 2064 356 conmentario
2083 331 2199 366 quodam

23 379 48 406 2,
62 379 106 404 49.
179 368 222 396 Ne
237 367 368 395 tantillum
382 367 490 402 quidem
502 373 649 394 commotus
661 364 716 399 est,
742 364 839 391 Cicero
853 372 883 390 ea
898 364 986 391 forma
1000 364 1078 398 dixit,
1138 363 1225 391 Seruii
1244 362 1351 389 Claudii
1365 364 1490 398 scriptum
1506 363 1674 395 inueuimus,
1694 362 1772 388 Nerio
1785 361 1887 388 clidium
1902 362 1971 396 quast
1988 365 2084 399 Neu-iv,
2104 366 2154 392 1ιο(
2166 367 2200 392 4·st

24 414 75 442 qua
88 405 155 432 Ter.
165 403 272 439 Adelph.
282 412 305 436 2,
321 414 339 436 1,
354 412 370 437 9
401 403 487 430 Huius
502 411 555 429 non
569 401 679 433 faciam,
707 406 736 425 vt
749 399 787 425 ait
806 399 934 427 Donatus.
1004 400 1077 427 Idem
1104 403 1116 426 5
1140 399 1192 426 fine
1207 398 1247 424 ira
1260 403 1285 423 et
1300 407 1359 424 cum
1373 399 1530 432 placiditate.
1568 406 1597 426 vt
1615 408 1648 425 eo
1673 396 1783 424 nominc
1796 397 1888 423 mitem
1903 399 2128 434 tranquillumque
2143 401 2199 427 lieri

24 442 80 468 Cic.
89 442 141 470 Att.
153 449 165 472 ς
176 434 232 473 ,ιο
261 441 364 467 Interea
377 448 391 465 e
406 437 585 474 Cappadocia,
606 445 638 462 ne
651 435 734 470 pilum
748 434 867 469 quidem.
1025 434 1045 472 q
1066 443 1080 468 ς
1139 435 1254 462 Martem
1267 441 1411 466 precemur.
1468 437 1506 461 Ne
1519 435 1591 462 enim
1605 434 1747 470 particula,
1769 439 1798 460 vt
1811 432 1880 469 apud
1888 433 2018 467 Graecos,
2039 435 2074 461 ita
2089 437 2200 469 plerum.

25 478 68 505 Ne
78 498 86 512 ,
108 484 136 503 vt
150 476 273 503 Priscian.
283 475 374 510 swiltit
389 478 415 501 16
429 484 453 510 p.
470 481 528 507 ¹032
558 470 724 499 Coniunfflo
736 470 771 497 est
785 471 918 498 interdum
933 480 1018 506 neque
1034 471 1081 498 du.
1140 477 1193 505 que
1205 468 1234 495 in
1247 468 1339 495 Latina
1352 477 1459 505 quoque
1473 471 1564 506 lingua
1577 470 1710 507 priuatiua
1726 468 1772 496 est.

24 512 124 546 bitans,
142 519 226 546 neque
240 511 420 546 interrogans:
445 509 488 536 sed
501 507 675 541 confirmans,
695 512 739 534 aut
751 514 821 534 certe
830 508 976 534 enuntians.
1011 506 1081 534 Alle-

22 556 71 585 gut
87 549 163 574 locum
176 557 206 574 ex
221 548 287 575 Hor.
300 548 382 573 Serm.
394 557 411 578 1,
429 553 467 578 ιο,
480 553 504 572 21
619 576 625 584 ·
758 576 764 583 ⁶
1553 544 1583 575 N
1659 545 1685 575 Ε
1760 545 1787 575 Α

290 581 307 609 ὁ
327 582 376 609 seri
395 581 558 612 studiorum,
580 586 661 613 quine
681 585 779 613 putetis
1096 583 1126 603 10

182 617 312 651 Difficile,
332 624 358 645 et
377 617 490 649 mirum,
517 614 626 641 Rhodio
647 614 719 649 quod
742 613 906 642 Pitholeonti
1179 617 1277 644 NEA,
1297 619 1336 638 ac.
1356 611 1377 639 f.
1416 610 1509 647 Insula.
1546 611 1612 639 Plin.
1624 620 1646 646 2,
1660 618 1688 646 87
1721 615 1751 640 de
1763 611 1854 648 insulis
1866 613 1964 648 enatis,
1987 612 2063 642 Inter
2073 612 2204 642 Lemnum

182 654 318 689 comigi13
338 647 388 679 ‹2th
578 651 695 676 Alterum
709 651 843 685 exemplum
856 660 886 676 cx
899 649 1011 680 Semne,
1021 651 1081 680 3‚98
1142 653 1167 675 et
1181 647 1382 681 Hellespontum
1398 646 1464 675 Nea.
1523 649 1614 682 Nempe
1627 654 1663 674 ue..
1680 657 1749 674 nona
1768 649 1808 684 est.

26 691 121 718 Clarus
139 690 201 723 erit,
221 689 307 722 fortis,
327 687 416 728 insius,
434 685 534 722 sapiens
549 693 580 713 ne
587 685 679 719 etiam,
696 692 724 712 ‘et
739 695 784 712 rex
797 686 874 713 Tum
888 684 962 717 Virg.
980 684 1043 709 Aen.
1053 691 1081 709 ιο
1182 689 1204 710 N
1218 689 1234 709 E
1244 689 1265 708 A
1275 689 1291 708 ις
1302 689 1321 708 R
1331 690 1370 716 A,
1389 692 1427 709 ac.
1449 682 1468 709 f.
1505 681 1632 717 [Νέαιρα]
1691 683 1786 711 Puellae
1793 694 1888 718 nomen,
1901 694 1974 719 quam
1981 684 2076 711 amauit
2086 683 2204 711 Tibullus.

27 727 117 753 Tanta
131 735 163 752 ne
175 735 218 752 me
232 725 314 752 tenuit
338 720 464 755 vutendi,
490 728 567 755 nate',
595 722 715 756 voluptas
734 729 778 748 etc.
849 720 900 746 Sed
917 719 954 744 bis
975 718 1082 743 munibus
1148 719 1204 745 Vid.
1218 716 1336 745 Brouckly.
1348 721 1383 744 ad
1395 718 1494 745 Tibul.
1503 727 1525 750 3,
1538 727 1557 751 1,
1570 722 1595 745 6.
1652 720 1724 744 Hanc
1739 721 1850 754 Scaliger
1862 730 1915 746 eam
1927 720 1973 756 effi
1983 719 2118 756 existimat,
2132 729 2204 755 quam

26 763 82 788 alia
95 762 160 788 ratio
175 760 267 796 subql:
301 766 384 793 nempe
403 758 518 793 negatiue
538 758 681 793 interrogat
702 766 748 784 ne:
786 764 810 782 et
825 764 877 781 cum
896 761 943 779 non
958 754 1082 789 stupratur
1102 761 1124 784 ις
1144 755 1265 788 Glyceren
1279 755 1378 780 vomuit
1392 755 1460 781 Hor.
1468 754 1585 786 Cat-nm,
1599 762 1634 786 33,
1648 763 1666 781 1.
1723 755 1794 787 Conf.
1812 755 1892 789 Epod.
1908 765 1946 789 ις,
1966 765 1994 783 ιι,
2027 763 2050 783 et
2062 755 2138 791 Virg.
2151 756 2204 783 Ecl.

26 797 160 833 responfio,
180 795 326 830 intelligitur
339 793 441 829 quaestio
453 796 557 819 tacendo
571 793 703 824 affirmari.
765 792 870 818 Vltimus
883 790 948 815 lucus
961 799 991 814 ex
999 790 1080 814 ΙΙυνα-
1143 799 1166 825 3,
1180 799 1191 822 3
1224 790 1281 824 Ipse
1294 789 1428 817 Neaeram
1444 790 1514 816 Dum
1527 789 1601 816 fouet
1609 809 1618 822 ,
1643 796 1689 815 etc,
1763 791 1885 823 &quim-1⁸5
1906 792 1961 816 aeui
1981 793 2070 818 Poetae
2079 798 2125 827 per
2140 793 2205 818 hm„-

27 833 62 860 tio
75 833 113 859 ita
125 831 323 867 distinguendus:
359 829 465 864 Sapiens
480 829 530 855 ne?
559 829 660 864 Etiam,
681 834 706 855 et
724 836 779 854 rex.
929 822 949 864 fl
972 830 986 851 (ν
1025 825 1082 850 Fre·
1143 834 1222 852 vocem
1235 823 1350 852 Amicam
1369 826 1481 861 quamuis
1499 827 1658 852 denotarunt.
1713 824 1836 850 Prudent.
1851 825 1928 851 Rom.
1943 836 1998 858 ²40·
2061 828 2092 854 12·ae
2112 834 2205 856 contra

26 875 128 903 quenter
139 867 264 892 admodum
275 867 423 899 iunguntur,
441 872 465 890 ct
478 875 530 891 cum
537 864 698 897 vehementia,
716 871 749 889 ne
761 858 878 896 quidem.
902 860 959 886 Cic.
974 862 1057 892 Att.6,
1072 869 1082 886 ι
1143 860 1290 894 Symmach.
1301 871 1319 894 1,
1336 871 1385 896 ¹39-
1421 871 1447 888 v.
1452 871 1479 897 g.
1495 861 1591 887 Rebi-ic.
1605 859 1683 896 expos,
1698 860 1821 887 Prudent.
1834 868 1859 885 et
1874 861 1985 895 Gell.t3‚
1999 870 2032 889 2¹.

26 903 110 938 Igitur
123 909 182 928 meo
196 900 300 927 decreto
315 901 451 927 solutares
465 900 586 935 Scaptio,
607 898 653 925 stat
667 899 775 932 inquam
794 896 946 930 decretum,
970 896 987 922 si
1002 904 1029 922 tu
1044 897 1082 922 iu-
1184 903 1207 924 N
1218 903 1234 923 E
1245 903 1403 924 AETHVS
1413 918 1420 930 ‚
1443 898 1461 924 i.
1496 906 1532 924 m.
1577 896 1716 931 [Νέαιθοε]
1776 896 1876 921 Flauius
1895 896 1921 921 ¹⁴²²
1937 899 2066 925 Calabria.
2121 898 2206 926 Ouid·

27 938 140 970 dicabis,
166 945 199 963 ne
217 935 249 963 ad
268 936 398 963 Catonem
418 935 525 971 quidem
545 932 708 970 prouocabo.
780 932 853 959 Idem
867 932 899 958 de
921 932 1027 958 Amicis.
1042 940 1082 964 ¹03
1095 942 1127 961 20
1145 934 1211 960 Met.
1224 941 1258 967 ις,
1272 940 1294 966 51
1325 933 1453 961 Praeterit
1467 938 1492 959 et
1505 932 1643 965 Sybarim,
1663 931 1878 965 Salentinumque
1894 931 2052 960 Neaethum.

26 974 171 1006 Nunquam
184 972 259 998 illum
274 981 307 999 ne
325 972 437 999 minima
457 971 564 1005 quidem
583 978 611 995 re
630 968 740 995 offendi.
814 968 858 995 Ne
879 967 952 994 istius
974 967 1082 1002 quidem
1186 975 1207 995 N
1218 976 1235 996 E
1244 975 1266 994 Α
1277 974 1300 995 Ν
1313 975 1332 995 D
1343 976 1362 996 R
1372 976 1392 996 v
1403 975 1415 995 s
1424 990 1433 1003 ,
1452 968 1471 995 i.
1500 968 1519 995 f.
1556 968 1711 1002 [Νιαιδςσς]
1749 966 1871 995 Troadis
1883 967 2011 1001 oppidum
2021 989 2029 1001 ,
2047 969 2133 1004 postea
2148 970 2205 997 Per.

25 1007 107 1036 laudis
122 1009 177 1034 sum
192 1007 302 1043 cupidus
327 1008 382 1035 Cic.
395 1016 444 1043 pro
460 1005 534 1033 Rosc.
549 1006 662 1031 Amem.
674 1013 696 1031 c.
706 1014 722 1031 1.
794 1003 865 1031 Ter.
879 1004 945 1030 Eun.
962 1013 983 1037 c,
1002 1013 1013 1034 3
1023 1025 1030 1036 ,
1052 1013 1082 1035 30
1145 1013 1260 1040 perenne
1274 1005 1460 1037 nominatum,
1478 1004 1534 1039 teste
1549 1004 1615 1044 l'lin.
1629 1011 1652 1037 ς,
1666 1012 1704 1036 30.
1759 1004 1842 1038 Steph.
1857 1003 2020 1030 Neandriam
2037 1004 2151 1039 appellat.

25 1043 98 1078 Quid
111 1044 190 1079 virgo
199 1065 207 1076 ,
227 1044 285 1070 cuia
299 1043 351 1070 est?
381 1050 398 1070 c
409 1049 440 1069 H.
460 1041 547 1068 nescio
562 1040 660 1067 hercle.
683 1046 708 1067 r.
728 1038 798 1067 vnde
811 1040 863 1066 est?
896 1045 913 1066 c
925 1046 953 1066 Η.
979 1046 1082 1065 tar-tun-
1183 1047 1206 1067 N
1218 1047 1235 1067 E
1244 1047 1266 1067 A
1278 1046 1301 1066 N
1311 1047 1320 1066 1
1330 1047 1342 1067 s
1352 1046 1397 1067 co
1407 1047 1423 1067 1.
1433 1046 1510 1067 οῦν
1520 1046 1533 1066 s
1542 1060 1550 1072 ‚
1571 1049 1589 1066 ι.
1617 1049 1652 1066 m.
1697 1038 1907 1073 [vsuvieuondwc]
1969 1041 2053 1065 Vtitur
2066 1040 2206 1068 Scholiasta

23 1079 92 1107 dem.
110 1086 135 1106 P.
153 1079 198 1107 vbi
213 1079 329 1106 habitat!
348 1084 404 1105 CH.
426 1086 459 1104 ne
472 1076 501 1103 id
513 1075 631 1112 quidem.
703 1077 833 1102 Interdum
846 1075 913 1101 nihil
923 1075 1084 1110 intusa-itur
1145 1076 1263 1103 quenal.
1276 1075 1309 1102 ad
1322 1076 1371 1103 Sat.
1387 1081 1410 1111 8,
1428 1085 1473 1110 ¹91-
1504 1083 1528 1101 et
1541 1085 1566 1101 eo
1585 1076 1770 1110 interpretatur
1790 1074 1950 1110 Planipedes.
2008 1076 2079 1110 Conf.
2101 1077 2206 1112 Salmas.

22 1115 89 1142 inter
102 1115 146 1142 Ne
157 1122 182 1142 et
196 1114 320 1149 Qiidem.
392 1113 448 1140 Cic.
462 1113 516 1139 Att.
524 1121 549 1147 2,
564 1115 590 1138 16
604 1119 671 1138 extr.
704 1111 730 1139 Si
741 1110 813 1138 aliud
827 1111 896 1138 nihil
912 1111 980 1143 erit,
1001 1119 1082 1144 quum
1100 1121 1127 1143 25
1145 1112 1274 1139 de'Pallio
1287 1121 1312 1147 p.
1327 1120 1386 1145 333,
1412 1114 1455 1147 qui
1475 1111 1675 1146 Neanicologos
1695 1111 1767 1146 legit.
1822 1111 1915 1145 Nempe
1933 1115 2025 1138 »σιμήν
2043 1111 2206 1148 intemperan-

23 1151 124 1180 erimus
137 1151 229 1178 onmia
241 1149 358 1184 experti,
380 1157 432 1184 ego
445 1147 512 1175 illud
526 1157 558 1175 ne
570 1147 679 1183 quidem
693 1153 860 1174 contemnam
869 1168 877 1181 ,
907 1147 980 1182 quod
1001 1153 1085 1173 extre·
1145 1149 1206 1174 tiam
1219 1148 1357 1174 iuuentutis
1363 1148 1505 1187 fignificat.

23 1196 98 1214 mum
110 1187 160 1214 est:
185 1194 245 1222 pro,
259 1186 309 1212 'Ne
323 1184 390 1212 illud
402 1184 518 1219 quidem.
591 1184 661 1210 Ter.
676 1183 743 1210 Eun.
757 1191 776 1216 1,
789 1192 818 1216 2,
830 1192 862 1216 49
898 1184 1083 1216 Nonnunquam
1183 1190 1206 1210 N
1216 1190 1233 1210 Ε
1248 1190 1271 1210 Α
1280 1190 1296 1210 P
1306 1180 1327 1210 ὅ
1335 1189 1352 1209 L
1362 1191 1371 1210 1
1381 1190 1409 1215 s,
1429 1192 1460 1209 is.
1482 1182 1502 1210 f.
1539 1182 1699 1216 [Νεάποιιις]
1740 1181 1841 1208 Vrbium
1855 1182 2012 1216 complurium
2021 1191 2104 1209 nomen
2113 1204 2121 1218 ,
2138 1184 2211 1217 qunfi

24 1222 87 1251 illud
100 1222 206 1257 quidem
215 1223 291 1258 plane
304 1221 434 1247 omittitur.
498 1220 589 1248 Nemo
602 1228 635 1246 ne
649 1218 819 1254 Philippum,
839 1225 893 1246 tam
906 1220 1011 1246 stiaucm
1027 1227 1084 1244 ora·
1145 1226 1173 1246 tu
1186 1228 1285 1246 nouam
1297 1218 1391 1246 vrbem
1401 1240 1410 1253 ,
1429 1220 1447 1246 i.
1460 1218 1512 1254 post
1522 1219 1590 1244 alias
1603 1217 1744 1249 conditam,
1764 1217 1839 1243 dicas·
1896 1216 2050 1250 vaih'ffima
2070 1217 2112 1244 illa
2124 1219 2151 1243 in
2165 1228 2206 1244 ex-

24 1264 129 1292 torem,
148 1265 200 1286 tam
214 1265 341 1293 grauem,
361 1264 413 1283 tam
426 1256 557 1289 facetum,
577 1255 618 1282 his
631 1254 777 1282 anteferret
795 1255 852 1281 Cic.
865 1255 948 1281 Bruto
958 1257 998 1284 186
1013 1263 1033 1280 c.
1044 1263 1085 1284 ςο.
1147 1262 1228 1281 trema
1239 1255 1319 1281 Italia
1325 1255 1349 1290 s.
1363 1264 1454 1290 magna
1468 1254 1589 1286 Graecia,
1616 1252 1782 1286 Parthenope
1800 1253 1859 1278 olim
1868 1272 1877 1286 ‚
1903 1254 2018 1279 Maronis
2026 1255 2120 1279 tmnulo
2129 1254 2206 1281 clara.

24 1292 47 1332 q
66 1301 84 1329 7
121 1295 222 1320 Formae
234 1293 313 1320 aliae:
350 1292 484 1320 cuffiam.
498 1301 524 1326 9,
538 1293 570 1318 26
596 1291 640 1318 Ne
652 1291 745 1317 amicis
757 1290 826 1317 nihil
839 1290 1002 1323 tribuamus,
1022 1299 1084 1324 epu-
1100 1302 1130 1326 30
1147 1291 1188 1317 Sic
1202 1290 1234 1327 est
1246 1290 1391 1326 Neapolis,
1416 1289 1523 1317 Africae
1540 1289 1686 1323 oppidum,
1714 1296 1742 1314 vt
1755 1288 1847 1324 scribit
1868 1288 2030 1323 Pomponius
2050 1288 2120 1316 Mela
2137 1298 2161 1322 1,
2180 1296 2206 1324 7.

23 1330 118 1358 lamur.
163 1331 194 1356 ln
208 1326 345 1362 conccffione
359 1329 477 1362 negatiua
490 1328 546 1355 Cic.
555 1329 599 1354 Ac.
613 1339 638 1360 4,
652 1333 685 1360 84
698 1336 721 1354 c.
730 1329 759 1353 26
787 1326 830 1354 Ne
845 1327 874 1354 sit
888 1327 962 1353 sane:
997 1326 1084 1352 videri
1147 1326 1188 1363 Fst
1200 1328 1258 1353 item
1271 1326 1328 1352 eius
1343 1326 1462 1353 nominis
1475 1325 1570 1352 Cariae
1583 1324 1644 1351 vrbs
1659 1324 1691 1351 ad
1704 1324 1799 1351 Iasium
1812 1323 1910 1358 linum,
1930 1327 2008 1351 euclem
2022 1325 2117 1351 au1‘1'ore
2130 1334 2154 1358 1,
2174 1328 2208 1351 16.

23 1373 94 1393 certe
107 1365 199 1401 potest.
271 1364 309 1392 ld.
323 1363 354 1391 de
368 1363 431 1390 Nat.
449 1363 529 1390 Deor.
542 1372 568 1396 1,
587 1368 616 1394 88
647 1362 691 1390 Ne
711 1362 741 1389 fit
752 1362 836 1397 igitur
848 1361 905 1396 sol,
930 1371 964 1389 ne
982 1362 1085 1396 stellae,
1147 1365 1186 1389 De
1200 1363 1318 1398 Neapoli
1332 1362 1516 1397 Syracusarum.
1572 1361 1630 1387 Cic.
1645 1361 1723 1387 Verr.
1735 1368 1770 1393 4,
1790 1368 1827 1394 ¹¹9
1860 1361 1961 1393 Qtarta
1980 1367 2068 1388 autem
2082 1360 2117 1388 cst
2131 1360 2208 1394 vrbs,

23 1411 58 1429 ne
70 1402 146 1428 luna:
181 1400 307 1437 quoniam
329 1399 399 1426 nihil
418 1399 466 1425 effe
486 1399 585 1435 potest,
610 1398 659 1425 nisi
679 1398 751 1433 quod
764 1398 908 1433 attigimus.
981 1398 1038 1425 Cic.
1053 1398 1085 1424 de
1111 1410 1113 1416 >
1147 1407 1225 1434 quae,
1238 1399 1301 1434 quia
1316 1398 1445 1433 postrema
1460 1396 1596 1424 aedificata
1609 1396 1655 1430 est,
1669 1395 1799 1431 Neapolis
1812 1397 1980 1423 nominatur:
2018 1405 2096 1431 quam
2104 1395 2136 1423 ad
2144 1397 2210 1423 surn-

23 1437 129 1465 Amicit.
143 1445 179 1470 42
206 1437 250 1464 Ne
260 1436 409 1464 existiment
422 1435 459 1461 ita
472 1435 496 1462 se
508 1435 645 1470 alligatos,
662 1440 690 1461 vt
703 1434 736 1461 ab
751 1434 841 1461 amicis
856 1435 884 1461 in
899 1443 1019 1469 magnam
1036 1434 1085 1460 ali-
1147 1443 1218 1460 mam
1230 1434 1364 1461 theatrum
1376 1434 1411 1460 est
1425 1433 1585 1460 maximum:
1624 1438 1757 1467 praeterea
1771 1431 1825 1458 duo
1840 1433 1935 1467 templa
1954 1432 2012 1459 sunt
2025 1433 2142 1467 egregia,
2161 1433 2209 1459 Ce-

23 1482 102 1508 quam
116 1481 173 1500 rem
186 1471 351 1507 peccantibus
368 1480 423 1498 non
437 1470 578 1498 discedant.
652 1471 696 1498 Ne
710 1470 801 1505 plura,
815 1471 901 1506 supple
915 1470 1023 1503 Dicam,
1044 1471 1086 1495 vel
1102 1480 1128 1503 35
1146 1470 1213 1496 reris
1229 1478 1311 1496 vnum
1320 1489 1329 1502 ,
1349 1469 1461 1496 alterum
1475 1467 1604 1505 Liberae,
1623 1476 1669 1496 etc.
1741 1467 1954 1494 Celeberrimum
1966 1468 2096 1503 oppidum
2105 1468 2209 1503 Neapo-

24 1508 134 1536 Diflum
147 1508 190 1539 sit,
206 1515 278 1543 prout
286 1507 370 1544 sensus
378 1507 467 1542 poscit.
516 1510 519 1513 “
541 1508 598 1534 Cic.
612 1506 683 1534 Fam.
700 1515 738 1538 13,
751 1516 759 1533 ι
791 1506 821 1533 In
835 1514 890 1540 quo
904 1507 984 1532 etiam
997 1506 1014 1531 fi
1029 1514 1087 1540 pec·
1148 1505 1180 1532 lis
1205 1505 1261 1533 Cic.
1274 1513 1323 1540 pro
1339 1504 1430 1531 Rabir.
1444 1505 1561 1532 Post.26.
1618 1503 1737 1531 Fecunda
1763 1504 1861 1530 Lucan.
1874 1503 1906 1530 ad
1919 1503 2005 1537 Pison.
2019 1510 2063 1534 80.
2118 1505 2211 1532 Otiosa

24 1551 81 1577 cat,
101 1545 183 1579 magis
197 1544 318 1579 ineptiis,
337 1552 417 1578 quam
431 1541 604 1578 improbitate
621 1548 720 1577 peccat.
776 1541 825 1569 Sed
838 1551 871 1568 ne
885 1542 969 1576 plura.
1042 1542 1086 1568 Ne
1148 1542 1217 1568 Hor.
1232 1540 1315 1576 Epod.
1328 1549 1356 1574 ς,
1369 1551 1405 1574 43.
1476 1541 1580 1567 Secreta
1604 1540 1666 1567 Stat.
1678 1539 1777 1573 Silu.4‚
1791 1545 1816 1571 8,
1830 1542 1854 1567 6.

24 1581 122 1612 multa,
141 1582 159 1607 ι’.
184 1582 214 1607 Vt
227 1579 297 1606 breui
308 1581 438 1614 expediam
448 1599 457 1612 ,
476 1580 510 1605 ud
516 1578 639 1614 summam
647 1596 656 1609 ‚
673 1585 703 1603 vt
719 1578 827 1604 breuiter
838 1578 958 1613 colligam.
1028 1577 1085 1604 Cic.
1185 1583 1209 1602 N
1220 1582 1237 1602 E
1246 1583 1269 1602 A
1278 1583 1293 1602 P
1302 1583 1321 1603 O
1332 1583 1366 1603 LI
1377 1584 1397 1604 T
1406 1577 1430 1603 A*
1439 1583 1461 1604 N
1470 1583 1490 1602 V
1502 1582 1515 1602 S
1524 1597 1534 1610 ,
1549 1585 1564 1602 a
1575 1596 1584 1609 ‚
1603 1585 1658 1603 ιιιιι.
1696 1575 1756 1603 Adi.
1798 1575 1987 1611 [Νεαπολίτης]
2029 1575 2084 1613 Qi
2099 1585 2131 1603 tx
2143 1577 2210 1602 Nea·

25 1625 75 1652 pro
87 1617 190 1644 Cluent.
206 1621 250 1646 ¹80
283 1615 327 1642 Ne
345 1615 441 1641 multa:
470 1615 637 1649 perquiritur
654 1622 668 1640 a
687 1612 874 1646 coactoribus,
900 1613 1039 1639 inuenitur
1056 1621 1086 1638 ea
1146 1613 1200 1648 poli
1212 1611 1253 1649 ιβ.
1291 1612 1471 1647 Cic.Fam.13,
1486 1621 1519 1646 3¹·
1545 1620 1569 1639 et
1582 1611 1649 1639 Plin.
1663 1621 1685 1646 3,
1697 1619 1723 1646 7.

26 1652 124 1680 serrula
137 1651 168 1678 ad
181 1651 329 1678 Stratonem
343 1649 497 1685 peruenifl'e.
569 1649 643 1677 Idem
660 1650 736 1675 Verr.
751 1659 777 1682 3,
791 1651 824 1677 62
852 1648 895 1676 Ne
918 1649 1002 1675 multa
1018 1648 1086 1675 ludi·
1097 1657 1132 1680 4ο

26 1697 67 1714 ces
76 1709 84 1721 ,
104 1688 146 1715 his
158 1687 326 1714 contumeliis
339 1686 430 1714 scitote
445 1684 575 1719 Qiintum
591 1684 707 1711 Lollium
720 1684 841 1711 coaetum
855 1684 886 1710 ad
894 1684 1006 1718 Apronii
1017 1684 1086 1718 leges
1553 1685 1585 1717 N
1665 1685 1693 1716 E
1773 1683 1797 1716 B

25 1724 244 1757 conditionesque
258 1722 364 1749 venisse.
438 1722 495 1747 Cic.
508 1729 558 1755 pro
570 1720 676 1745 Cluent.
692 1726 729 1753 47
741 1728 762 1744 c.
779 1722 805 1745 16
839 1720 882 1746 Ne
896 1720 1001 1751 multis,
1022 1719 1086 1745 Dio·
1971 1725 1976 1732 ·

23 1767 102 1793 genes
115 1760 222 1785 emitur.
276 1758 344 1783 Add.
360 1754 457 1783 1d.Att.
470 1758 503 1787 6,
517 1764 532 1788 9
544 1762 568 1780 et
583 1763 622 1789 ιο,
635 1762 669 1786 ¹3-
743 1753 782 1781 ld.
795 1761 845 1788 pro
857 1754 962 1781 cluent.
977 1760 1018 1788 198
1055 1755 1086 1781 Et
1186 1760 1261 1783 NEB
1271 1762 1290 1783 ιι
1300 1763 1310 1783 ι
1321 1762 1350 1789 s,
1370 1753 1438 1782 l'dos.
1464 1762 1488 1781 et
1509 1761 1533 1781 N
1544 1761 1561 1781 E
1572 1751 1665 1782 ann
1675 1760 1729 1787 Es,
1749 1762 1804 1782 um.
1826 1752 1846 1780 f.
1866 1752 1901 1788 pl.
1936 1751 2073 1788 [νερρωες]
2111 1753 2213 1780 ceruini

23 1803 58 1820 ne
71 1795 180 1828 longum
193 1793 222 1820 fit
237 1792 359 1819 omnium
373 1790 525 1816 vicinorum
537 1789 666 1816 summam
682 1790 731 1816 esse
744 1790 771 1815 in
786 1789 856 1816 hunc
870 1789 1086 1818 beneuolentiam
1145 1793 1247 1828 generis
1261 1792 1419 1818 hinnulorum
1459 1790 1526 1822 ellan
1558 1792 1644 1826 quibus
1663 1790 1705 1816 vti
1720 1797 1817 1816 veteres
1837 1789 1864 1814 in
1883 1789 1975 1815 Bacchi
1991 1789 2076 1825 sacris
2092 1787 2213 1825 fhlcbant.

7 1828 218 1856 confirmamus.
275 1827 319 1853 Ne
332 1827 442 1860 longum
455 1826 569 1859 faciam,
589 1826 673 1860 iuquit
687 1826 844 1852 Hor.Serm.
854 1834 874 1859 1,
888 1836 909 1859 3,
923 1834 972 1861 ¹³7-
1028 1827 1085 1853 Cic.
1102 1834 1132 1858 45
1150 1832 1226 1862 νεβρὸς
1240 1828 1304 1854 cnim
1323 1827 1392 1854 cerui
1402 1797 1480 1862 pub'as
1492 1837 1504 1852 e
1525 1847 1531 1853 .
1605 1825 1699 1853 Claud.
1716 1825 1794 1851 Cons.
1809 1825 1917 1852 Honor.
1933 1835 1964 1859 4,
1978 1826 2032 1851 606
2062 1823 2142 1851 Talis
2154 1826 2215 1857 Ery-

22 1865 166 1897 Vet·r.1,;4
191 1863 234 1890 Ne
248 1861 349 1889 diutius
363 1868 476 1895 teneam,
495 1861 606 1897 pecunia
620 1861 748 1889 attributa
763 1869 899 1888 numerata
913 1862 957 1889 cst.
1012 1863 1086 1890 Idem
1147 1863 1247 1891 thraeis
1259 1863 1392 1890 incinetus
1408 1862 1485 1890 nebri
1506 1871 1519 1889 a
1532 1863 1642 1897 gemmis
1656 1861 1738 1889 Liber
1752 1861 1806 1895 agit
1820 1869 1922 1889 currus.
1959 1861 2032 1895 Conf.
2046 1860 2105 1888 Sen.
2119 1861 2216 1896 Oedip.

21 1899 55 1928 nd
67 1901 120 1928 Att.
133 1909 180 1932 10,
194 1905 269 1934 mpr.
303 1898 347 1925 Ne
360 1897 460 1924 diutius
475 1903 592 1930 teneam,
618 1897 717 1924 nullius
738 1897 840 1924 consilii
861 1899 961 1925 exitum
982 1898 1087 1925 inueni·
1148 1905 1199 1933 438.
1233 1907 1257 1926 et
1271 1899 1315 1926 Sil.
1328 1908 1340 1932 3
1351 1920 1359 1932 ,
1379 1906 1422 1932 395
1453 1899 1576 1933 Aspersae
1594 1897 1718 1926 nebrides
1740 1897 1816 1924 vario
1831 1905 1907 1924 auro.
1962 1898 2032 1924 Add.
2044 1897 2106 1924 Stat.
2122 1896 2216 1924 Theb.

21 1945 91 1971 mus.
161 1935 204 1962 Ne
218 1933 293 1970 quid.
349 1934 394 1961 Ne
411 1933 586 1960 inconciliare
605 1932 670 1968 quid
689 1942 840 1968 uosporro
858 1934 972 1969 postules
1004 1936 1087 1962 Plaut.
1149 1944 1172 1970 2,
1192 1938 1251 1969 664.
1281 1936 1363 1970 ibique
1384 1937 1435 1961 Vct.
1449 1936 1529 1962 Schul.

21 1971 100 2000 Most.
114 1981 136 2005 3,
150 1981 176 2004 ι,
187 1977 224 2001 85·
262 1970 282 1996 ι’.
302 1969 436 2005 secundum
455 1970 532 2004 quid,
550 1978 692 2004 quacunque
710 1971 737 1995 in
755 1979 789 1995 re.
954 1969 975 2007 ff
996 1977 1009 2000 8
1048 1973 1087 1996 Iu-
1188 1978 1210 1998 N
1223 1978 1239 1998 Ε
1252 1977 1268 1998 Β
1280 1973 1323 1998 Rs
1333 1977 1354 1997 T
1364 1978 1380 1998 Ε
1390 1977 1418 2004 s,
1435 1980 1474 1997 ae.
1496 1970 1516 1996 f.
1553 1970 1665 1996 Gemma
1677 1968 1779 1996 Libero
1791 1968 1862 2003 patri
1875 1968 1963 2001 sacra,
1981 1976 1996 1996 ι
2009 1967 2152 1995 nebridum
2163 1968 2218 2004 pel-

22 2008 100 2039 randi
106 2007 235 2042 formulae
243 2005 314 2041 sum.
372 2005 416 2033 Ne
428 2005 537 2038 vinam,
555 2006 598 2032 Ne
613 2006 731 2038 valeam,
753 2004 796 2032 Ne
810 2003 856 2032 fim
873 2006 974 2035 faluus3
1030 2007 1085 2032 Cic.
1102 2014 1135 2037 50
1149 2007 1217 2034 lium
1236 2005 1412 2034 similitudine
1437 2006 1503 2032 Plin.
1513 2014 1551 2037 3.⁷‚
1566 2014 1601 2031 10.

22 2045 76 2072 Att.
89 2045 133 2077 16,
149 2051 171 2076 13
200 2042 245 2069 Ne
257 2041 305 2068 fim
325 2041 429 2074 saluus,
454 2041 472 2068 fi
492 2041 570 2067 aliter
582 2040 669 2067 scribo
683 2049 713 2066 ac
733 2041 826 2066 sentio.
900 2041 990 2066 Eidem
1003 2050 1021 2072 4
1030 2062 1038 2074 ,
1060 2043 1086 2066 16
1189 2048 1211 2067 N
1223 2047 1239 2067 Ε
1249 2048 1265 2066 Β
1274 2049 1294 2067 R
1303 2047 1345 2067 01>
1355 2047 1374 2065 Η
1383 2041 1432 2068 GN
1443 2047 1460 2065 v
1471 2046 1484 2065 s
1492 2060 1500 2073 ‚
1520 2040 1538 2065 i.
1559 2049 1594 2065 m.
1631 2040 1724 2065 Nomen
1739 2040 1811 2065 canis
1823 2037 1937 2063 venatici
1949 2039 2018 2073 apud
2028 2037 2110 2066 Ouid.
2123 2039 2186 2066 Met.
2194 2048 2217 2072 3,

23 2079 96 2114 Quid
111 2078 231 2114 poteris,
250 2077 371 2112 inquies,
390 2085 441 2111 pro
459 2076 492 2102 iis
506 2075 611 2102 dicere?
649 2084 682 2101 ne
704 2076 812 2107 viuam,
836 2074 855 2100 fi
876 2076 937 2100 scio.
1013 2075 1087 2101 Idem
1150 2084 1186 2101 211
1221 2074 1476 2109 Nebrophonusque
1497 2075 1603 2106 valens,
1629 2079 1656 2100 et
1670 2079 1731 2099 trux
1754 2081 1814 2099 cum
1828 2073 1938 2107 Laelape
1951 2071 2080 2100 Theron.
2136 2077 2216 2101 luter.

23 2116 96 2144 Fam.
110 2122 144 2149 7,
163 2122 189 2145 23
221 2112 271 2139 Sed
284 2121 317 2138 ne
330 2112 422 2137 vinam
436 2111 455 2137 fi
468 2110 520 2137 tibi
533 2109 666 2140 concedo,
691 2116 721 2136 vt
734 2110 791 2135 eius
806 2109 845 2135 rei
859 2116 886 2135 tu
904 2109 1026 2144 cupidior
1041 2109 1071 2135 fis
1080 2130 1089 2142 ,
1146 2111 1249 2146 premi-i
1261 2111 1322 2135 licet
1337 2111 1505 2137 Hinnulorum
1519 2109 1701 2143 int2't2fec‘lot-en1
1710 2128 1718 2142 ,
1736 2112 1802 2142 παρὰ
1817 2106 1846 2135 τὸ
1859 2108 1954 2142 νεβρὲς,
1969 2116 1993 2135 et
2007 2108 2110 2143 φονεύει,
2125 2110 2215 2137 occido.

22 2159 102 2186 quam
116 2158 167 2184 ego
181 2149 245 2175 sum.
301 2148 350 2173 Sed
363 2147 437 2172 etiam
449 2146 515 2171 alias
527 2145 633 2171 iurandi
645 2145 766 2178 fhrmulis
778 2144 878 2181 seruit,
897 2153 927 2171 vt
940 2154 986 2171 nae
995 2166 1002 2178 ,
1030 2147 1087 2171 Sen-
1190 2152 1212 2172 N
1224 2153 1240 2172 E
1252 2151 1268 2172 B
1280 2143 1301 2172 V..
1312 2152 1329 2172 L
1341 2152 1361 2171 Α
1370 2165 1378 2178 ,
1399 2154 1437 2172 ae.
1458 2144 1478 2172 f.
1517 2146 1616 2179 Divae,
1638 2144 1745 2180 ὅμίχλη]
1789 2146 1869 2179 Vapor
1883 2153 1896 2170 e
1909 2151 1979 2170 terra
1992 2153 2066 2179 atqve
2078 2145 2215 2180 aquis-snr-

23 2187 105 2214 tentia
118 2186 275 2217 affirmante.-
311 2183 462 2216 videturque
480 2181 609 2215 antiquius
628 2189 676 2210 ne,
698 2189 746 2206 nae
764 2181 894 2206 recentius.
956 2182 1011 2206 Vicl.
1033 2181 1088 2216 Bos.
1108 2187 1135 2209 55
1145 2191 1224 2218 gens,
1240 2182 1284 2216 qui
1290 2181 1442 2215 stm’statim
1453 2181 1591 2216 euanescit,
1606 2181 1662 2213 ſsue
1672 2180 1698 2204 in
1712 2183 1790 2206 altum
1792 2179 1905 2214 sublatus
1914 2181 2067 2205 conuertitur
2080 2181 2107 2205 in
2120 2183 2215 2209 nubem.

26 2223 64 2249 ad
75 2221 132 2248 Cic.
152 2222 204 2247 Att.
219 2227 254 2252 4,
273 2227 292 2251 4
310 2225 376 2244 extr.
421 2216 560 2251 Malaspin.
575 2224 598 2241 ιι
611 2216 702 2240 Graeu.
715 2215 776 2241 ibid.
794 2218 825 2246 ό,
844 2225 864 2241 l.
918 2217 1037 2242 Burman.
1054 2218 1089 2243 ad
1150 2218 1215 2245 Plin.
1228 2226 1254 2250 2,
1268 2220 1303 2244 60
1330 2217 1450 2244 Nebulas
1463 2225 1511 2242 nec
1523 2216 1633 2248 aestate,
1652 2224 1699 2241 nec
1713 2215 1831 2241 maximo
1849 2215 1954 2249 frigore
1964 2215 2084 2242 existere.
2139 2218 2216 2252 Apul.

24 2256 158 2292 QninGiil.
173 2255 288 2282 Declam.
303 2263 332 2286 7,
350 2261 376 2287 9-
391 2277 395 2283 ,
434 2254 501 2277 Cort.
515 2250 546 2276 ad
560 2251 619 2277 Sall.
633 2252 690 2284 lug.
705 2256 751 2284 85,
771 2259 814 2277 20.
851 2258 875 2276 et
889 2251 968 2277 Catil.
982 2261 1023 2282 52,
1043 2260 1086 2286 27.
1150 2253 1182 2279 de
1196 2252 1299 2280 Mundo
1313 2262 1337 2286 p.
1345 2255 1372 2279 61
1399 2251 1504 2278 Nebula
1514 2272 1523 2284 ,
1543 2252 1644 2285 inqmt,
1664 2250 1763 2276 constat
1777 2256 1822 2276 aut
1835 2258 1866 2276 ex
1880 2256 1942 2277 ortu
1956 2250 2111 2285 nubeculae,
2131 2261 2175 2278 aut
2184 2262 2215 2280 ex

24 2293 52 2332 ff
63 2302 80 2327 9
115 2293 160 2320 Ne
172 2299 220 2326 pro
233 2291 339 2316 Nedum.
394 2287 455 2315 Liu.
470 2296 497 2318 3,
511 2294 540 2317 52
555 2294 621 2313 extr.
656 2286 764 2312 Nouam
785 2295 843 2313 eam
862 2287 1016 2320 potestatem
1037 2287 1088 2313 eri·
1149 2288 1206 2315 eius
1221 2288 1353 2321 reliquiis.
1410 2287 1452 2313 Est
1466 2293 1555 2314 antem
1569 2286 1701 2312 exhalatio
1716 2292 1860 2320 vaporata,
1882 2284 1997 2313 humore
2011 2287 2133 2321 viduata,
2155 2291 2215 2315 a'e're

25 2337 107 2365 puere
122 2326 240 2364 patribus
260 2324 373 2357 nostris,
401 2333 434 2350 ne
455 2331 525 2349 nunc
545 2321 683 2348 dulcedine
701 2322 778 2348 semel
799 2322 868 2357 capti
887 2323 974 2348 ferant
993 2322 1088 2348 defide-
1149 2323 1272 2356 craslior,
1292 2323 1364 2350 nube
1378 2322 1518 2355 subtilior,
1538 2322 1581 2348 cui
1595 2321 1717 2349 serenitas
1730 2320 1908 2348 abolitionem
1922 2322 2014 2349 infert.
2073 2324 2129 2351 Nec
2144 2324 2216 2351 aliud

25 2365 107 2392 rium.
150 2363 206 2389 Vid.
221 2362 325 2387 Gronnu.
340 2361 366 2385 in
379 2360 424 2386 loc.
481 2358 552 2392 Cunf.
563 2358 633 2384 Ter.
650 2358 731 2384 Andr.
746 2366 775 2391 3,
787 2366 819 2391 2,
833 2366 869 2390 23.
942 2358 999 2385 Cic.
1014 2358 1086 2385 Fam.
1101 2359 1136 2385 60
1150 2359 1186 2386 est
1198 2359 1334 2392 serenitas,
1353 2368 1433 2393 quam
1445 2359 1491 2386 aer
1499 2364 1622 2393 purgatus
1637 2357 1759 2392 caligine,
1779 2363 1805 2384 et
1818 2357 1954 2392 perspicue
1967 2357 2089 2386 sincerus.
2145 2361 2216 2387 Ami-

28 2410 56 2434 9,
68 2402 100 2425 26
116 2400 178 2426 med.
218 2397 262 2423 Me
275 2395 343 2422 nihil
359 2395 469 2422 istorum
484 2403 517 2420 ne
530 2394 656 2420 iuuenem
670 2393 777 2429 quidem
791 2394 895 2428 mouit,
921 2403 955 2420 ne
969 2403 1038 2421 nunc
1053 2395 1088 2420 se·
1150 2395 1209 2422 &us
1223 2394 1336 2422 nebulae
1362 2395 1541 2429 Virg.Aen.1,
1554 2396 1610 2427 416.
1683 2396 1783 2420 A’e'reae
1803 2393 1898 2421 Catuli.
1909 2399 1950 2427 28,
1964 2403 2000 2421 ιο.
2056 2396 2119 2422 Atra
2139 2397 2216 2432 Virg.

29 2444 99 2462 nem.
136 2433 208 2468 Confi
223 2435 244 2459 Ι.
255 2433 280 2458 F.
294 2432 370 2458 Gron.
382 2435 417 2456 ad
428 2431 486 2457 Liu.
500 2429 517 2456 l.
532 2439 553 2457 c.
591 2431 656 2456 Cort-
670 2431 706 2455 ad
717 2430 841 2457 Sall.Cat.
853 2440 870 2456 ιι
886 2438 952 2456 extr.
1010 2431 1088 2466 Apul.
1149 2433 1214 2460 Aen.
1228 2440 1250 2465 2,
1264 2434 1317 2464 356.
1390 2431 1486 2457 Grauis
1513 2430 1602 2457 Senec.
1617 2428 1736 2461 Thyeste
1748 2434 1771 2460 8.
1844 2430 1991 2457 Humentes
2010 2431 2073 2458 Stat.
2087 2431 2180 2459 Theb.
2190 2443 2216 2467 9,

28 2470 105 2506 Apol,
117 2479 142 2505 p.
151 2477 218 2504 299,
232 2475 260 2501 25
293 2467 336 2493 Ne
348 2475 398 2501 ego
411 2464 597 2501 reprehendar.
661 2467 731 2493 Add.
746 2467 807 2493 Par.
820 2467 880 2493 Lex.
894 2467 959 2492 crit.
973 2467 1087 2494 Mantiss'.
1149 2476 1208 2501 454.
1280 2467 1379 2494 Liuens
1405 2466 1450 2493 Sil.
1464 2468 1496 2496 6,
1508 2471 1563 2496 282.
1638 2465 1731 2492 Mollis
1757 2465 1839 2493 Plaut.
1854 2465 1911 2494 Cas.
1924 2476 1954 2499 4,
1968 2477 1999 2500 4,
2015 2475 2049 2495 21.
2122 2468 2215 2499 Sidon,

26 2515 52 2542 p,
68 2515 107 2539 97,
282 2500 302 2540 q
324 2511 352 2528 10
389 2502 431 2529 Ne
445 2502 584 2528 encliticam
602 2507 626 2527 et
639 2502 725 2532 breue,
752 2501 896 2529 clubitatiua
915 2510 959 2528 aut
981 2503 1087 2528 Interro-
1151 2512 1166 2530 2
1176 2525 1184 2536 ,
1204 2513 1217 2531 2
1253 2503 1362 2530 Videbis
1384 2503 1412 2529 in
1425 2501 1550 2529 calicibus
1566 2507 1674 2536 repente
1706 2501 1798 2528 erfufis
1814 2501 1955 2528 Niualium
1968 2504 2081 2530 maculas
2094 2512 2120 2531 et
2133 2505 2216 2531 frusta

44 2542 116 2568 atina
129 2539 266 2575 particula.
339 2538 409 2565 Ter.
425 2537 506 2578 Andr·
519 2546 548 2578 4,
562 2539 578 2563 6
602 2538 652 2572 (ς)
673 2539 690 2564 6
724 2538 799 2565 Estne
814 2538 858 2564 hic
871 2538 949 2565 Crito
963 2538 1087 2565 sobrinus
1106 2541 1136 2571 65
1150 2539 1326 2572 nebularum,
1353 2544 1379 2566 et
1394 2538 1466 2565 illam
1481 2538 1567 2565 lucem
1579 2511 1710 2565 tubricaiii
1724 2537 1882 2572 poculorum
1897 2538 2010 2573 quadam
2023 2538 2093 2573 quali
2108 2540 2216 2575 pingue-

50 2576 176 2610 hryfidis3
248 2574 322 2601 Estne
335 2574 379 2601 hic
395 2573 516 2601 Sthenius
529 2582 552 2599 ts
571 2580 618 2600 etc.
656 2574 712 2600 Cic.
727 2575 805 2600 Verr.
819 2583 834 2600 2
854 2583 875 2600 c.
887 2576 931 2607 46.
1012 2574 1088 2609 Virg.
1150 2575 1214 2602 dine
1230 2575 1310 2602 subiti
1323 2575 1421 2608 algoris
1436 2574 1593 2601 hebetatam.
1664 2573 1770 2600 Tristes
1803 2573 1866 2601 Stat.
1879 2573 1973 2601 Theb.
1987 2583 2015 2608 5,
2037 2580 2090 2609 184.
2162 2576 2217 2603 Vo-

25 2615 90 2642 Aen.
106 2621 141 2645 ιι,
160 2614 200 2639 126
230 2610 381 2638 Iustitiaene
403 2610 476 2645 prius
496 2610 597 2643 mirer,
623 2609 721 2636 belline
739 2609 862 2636 laborum
877 2610 886 2636 ζ
961 2609 1020 2642 Ne,
1047 2620 1088 2636 an.
1149 2612 1235 2639 lucres
1255 2611 1337 2638 Ouid.
1350 2612 1414 2638 Met.
1424 2620 1443 2645 1,
1457 2612 1517 2637 602.
1592 2608 1693 2636 Audire
1707 2608 1779 2644 quafi
1792 2618 1839 2645 per
1857 2609 1991 2638 nebulam.
2028 2612 2052 2638 h.
2065 2621 2086 2638 e.
2105 2612 2216 2646 Leuiter,

25 2649 83 2678 Cic.
98 2648 152 2675 Off.
165 2655 191 2680 1,
203 2655 219 2681 9
237 2656 258 2674 c.
271 2656 281 2678 3
314 2646 496 2673 Honestumne
509 2645 582 2672 facin
594 2645 639 2678 fit,
665 2654 698 2671 an
712 2654 789 2680 turpe
802 2645 932 2674 dubitant.
1006 2646 1088 2673 Plaut.
1151 2657 1198 2674 non
1211 2654 1305 2673 attente
1318 2647 1399 2674 Plaut.
1414 2647 1487 2681 Capt.
1502 2653 1525 2679 ς,
1540 2653 1568 2679 4,
1582 2648 1623 2675 26.
1655 2651 1680 2672 et
1694 2644 1784 2672 Pseud.
1806 2655 1831 2680 1,
1845 2655 1874 2679 5,
1894 2656 1931 2679 47.
2005 2645 2091 2674 Diluit
2108 2648 2217 2675 nebulas

26 2685 138 2720 Epid.4‚
151 2693 171 2717 1,
185 2691 205 2710 ¹1
233 2682 308 2709 Estne
319 2691 364 2715 ea,
383 2691 415 2709 an
430 2682 518 2722 noni.
579 2681 649 2721 Ter.
665 2682 761 2708 Hcaut.
775 2691 796 2714 2,
809 2691 838 2715 4,
853 2690 883 2714 25
909 2681 1016 2708 Adeone
1032 2682 1088 2709 Cli·
1150 2683 1239 2715 Titan
1259 2683 1304 2709 Sil.
1330 2693 1359 2715 5,
1380 2692 1417 2716 57.
1491 2682 1639 2709 Dimouere
1656 2680 1785 2708 'nebulam
1823 2681 1917 2709 Claud.
1937 2681 1967 2708 in
1987 2682 2096 2719 Eutrop.
2113 2693 2136 2717 ι,
2156 2693 2216 2718 390.

27 2721 115 2753 niam,
133 2729 166 2746 an
179 2721 251 2746 non?
324 2719 401 2752 Vise,
420 2717 567 2744 redientne
582 2726 652 2750 iam,
672 2726 705 2744 an
718 2717 838 2744 nondum
848 2739 856 2751 ,
877 2717 988 2744 domum
1018 2719 1087 2745 Ter.
1104 2728 1136 2753 70
1150 2719 1237 2754 Erigit
1251 2718 1359 2746 nebulas
1373 2727 1478 2754 campus
1493 2718 1521 2744 in
1535 2719 1638 2745 caelum
1669 2717 1757 2744 Senec.
1770 2717 1861 2747 Theb.
1875 2726 1900 2744 2.
1972 2718 2153 2747 Resoluuntur
2173 2728 2218 2747 ne-

26 2755 133 2785 Phorm.
147 2764 178 2788 2,
191 2763 219 2788 3,
233 2763 254 2788 ς.
328 2754 385 2783 Nec
399 2753 464 2788 quid
477 2762 549 2788 agant
559 2774 568 2787 ,
594 2761 696 2780 certum
714 2753 765 2787 cst,
792 2753 995 2789 Pamphilumne
1015 2754 1088 2781 adiu-
1150 2756 1228 2784 bulae
1243 2755 1329 2782 ventis
1342 2764 1371 2782 ac
1385 2755 1440 2782 sole
1468 2754 1549 2782 Ouid.
1563 2755 1626 2781 Met.
1643 2764 1677 2786 14,
1690 2761 1751 2786 400.
1806 2753 1929 2781 Scindere
1942 2753 2073 2782 obstantes
2098 2755 2216 2784 1d 1bid.

5 2794 10 2803 ¹
25 2797 96 2825 tem,
114 2800 146 2818 an
158 2791 298 2818 auscultem
313 2791 367 2817 seni
388 2790 426 2817 Id.
439 2789 521 2816 Andr.
534 2798 553 2826 ι,
566 2798 590 2823 3,
603 2800 642 2829 4.,
700 2790 782 2816 Plaut.
797 2791 871 2824 Capt.
886 2800 908 2824 3,
921 2801 944 2821 5>
958 2800 983 2821 55
1005 2791 1087 2817 Emit·
1151 2799 1177 2825 2,
1191 2799 1242 2824 159.
1316 2791 1425 2818 Velatus
1440 2789 1536 2818 nebula
1565 2789 1605 2819 1d.
1616 2789 1686 2818 Ibid.
1699 2798 1737 2823 12,
1757 2795 1813 2823 598.
1886 2790 2022 2817 Vomuere
2035 2792 2162 2827 pinguem
2177 2792 2217 2819 lu-

24 2828 140 2860 teresne,
156 2836 237 2854 necne
252 2836 313 2854 eum
326 2827 432 2853 seruum
446 2826 542 2852 manu?
614 2826 691 2859 Fiat,
712 2825 803 2853 Necne
827 2826 886 2860 fiat,
908 2826 936 2853 id
950 2827 1089 2860 quaeritur
1152 2836 1245 2854 cernae
1272 2827 1338 2854 Pers.
1353 2828 1403 2854 Sat.
1414 2834 1438 2860 ς,
1453 2832 1500 2857 181.
1679 2822 1700 2863 ff
1722 2833 1738 2851 2
1776 2826 1906 2851 For-mulae
1918 2827 2106 2861 metaphoricae.
2164 2828 2217 2856 Ne.

25 2864 81 2892 Cic.
95 2863 203 2891 Diuirm
218 2873 239 2889 c.
253 2871 291 2895 39.
364 2862 435 2889 Ter.
450 2861 532 2888 Andr.
548 2873 577 2895 4,
589 2871 617 2894 3,
633 2871 639 2887 1
671 2861 786 2888 Nihilne
808 2862 856 2889 effe
875 2863 1015 2897 proprium
1035 2863 1090 2889 cui-
1151 2863 1214 2891 bula
1227 2864 1327 2890 erroris
1355 2865 1448 2891 quen.
1461 2863 1512 2889 Sat.
1523 2871 1566 2896 ιο,
1578 2869 1607 2895 4.
1679 2860 1786 2889 Nebula
1799 2861 1884 2895 linea,
1907 2867 1955 2896 pro
1977 2861 2057 2888 Tenui
2068 2863 2171 2890 amiculo
2184 2865 2216 2890 li-

23 2901 120 2936 quam?
140 2897 167 2926 di
180 2898 291 2925 vestram
306 2896 400 2926 fidem!
473 2899 563 2925 Iamne
577 2898 651 2924 vides
666 2897 770 2924 bellua3
806 2898 895 2925 iamne
915 2899 1004 2933 sentis,
1020 2907 1087 2933 quae
1106 2905 1134 2930 75
1151 2909 1211 2933 neo,
1232 2902 1296 2934 quod
1309 2909 1352 2926 nec
1359 2899 1441 2935 psnni
1454 2898 1627 2930 crebritatem,
1646 2905 1689 2923 nec
1701 2898 1766 2923 telae
1778 2897 1939 2931 densitatem,
1959 2897 2006 2933 sed
2021 2899 2122 2925 nebulae
2136 2900 2216 2925 tenui.

25 2937 56 2964 Iit
69 2935 208 2963 hominum
223 2935 329 2969 querela
342 2933 439 2961 frontis
454 2939 514 2960 tuae
540 2934 596 2960 Cic.
612 2934 640 2959 in
654 2933 739 2961 Pison.
755 2942 772 2960 1.
827 2934 1000 2961 Continuone
1014 2935 1089 2962 causa
1150 2943 1227 2962 tatem
1240 2936 1381 2961 aemulatur
1390 2934 1547 2971 pellucidam.
1623 2934 1731 2960 Petron.
1744 2941 1766 2959 c.
1782 2941 1810 2963 55
1842 2932 1930 2960 Palam
1943 2933 2062 2967 prostare
2075 2933 2172 2962 nudam
2187 2935 2216 2963 in

25 2971 127 3005 fuitret,
146 2980 194 2998 cur
206 2979 220 2997 a
235 2971 359 2998 Praetore
373 2969 531 3005 postulares;
567 2976 596 2996 vt
610 2968 680 2996 bona
693 2969 848 3004 poffideres?
886 2971 981 3006 1d.pro
994 2971 1089 3005 Qtint.
1152 2971 1247 2998 nebula
1260 2971 1338 2998 linea.
1393 2972 1431 2997 Ex
1447 2971 1472 2997 T
1470 2971 1554 2995 urneb.
1564 2978 1584 3002 1,
1599 2978 1637 3002 19.
1694 2970 1765 2995 Add.
1780 2969 1941 2995 Petroniam
1954 2969 2102 3005 interpretes
2120 2977 2142 2995 et
2155 2979 2216 3004 quae

25 3014 64 3041 43.
117 3007 224 3043 Egone3
250 3013 276 3034 Ρ.
296 3012 326 3033 tu
339 3014 405 3041 ergo
434 3005 504 3032 Ter.
517 3005 599 3032 Andr.
614 3014 637 3039 ς,
651 3015 674 3038 2,
687 3014 712 3038 9.
778 3008 829 3032 Hoc
842 3007 1051 3042 interrogatiuum
1065 3013 1090 3033 et
1152 3010 1239 3033 damus
1253 3007 1280 3032 in
1297 3013 1314 3034 c
1327 3013 1347 3034 Ο
1359 3013 1393 3035 Α.
1467 3004 1590 3039 Nebula,
1608 3011 1654 3040 pro
1669 3005 1759 3039 Nugis.
1815 3004 1881 3032 Pers.
1889 3013 1911 3037 5,
1926 3012 1943 3040 7
1963 3005 2216 3039 Grandeloqunturi

23 3043 164 3070 encliticam
180 3044 225 3071 Ne
242 3041 376 3078 superfluit
389 3042 524 3076 aliquando
535 3042 562 3067 in
575 3043 693 3069 aratione.
769 3041 838 3070 Hor.
857 3043 941 3071 Sei-m.
954 3053 979 3078 1,
999 3051 1023 3076 1,
1043 3051 1090 3076 109
1151 3043 1259 3070 nebulas
1273 3043 1404 3069 Helicone
1425 3041 1543 3076 legunto.
1620 3040 1727 3067 Turneb.
1747 3040 1839 3066 lnania
1857 3048 1881 3067 et
1902 3041 2007 3075 nugacia
2027 3043 2156 3066 Pacem-..m
2165 3043 2217 3076 fig.

24 3079 140 3107 Nemon’
153 3085 182 3107 vt
193 3087 287 3106 auarus
301 3078 326 3105 se
339 3076 452 3112 probet?
509 3077 550 3103 Sic
564 3078 665 3104 Vterne
679 3077 761 3106 Serm.
770 3087 793 3111 2,
805 3086 830 3112 2,
846 3087 903 3114 ¹07·
962 3081 993 3105 Et
1006 3080 1089 3106 Scrm.
1105 3089 1139 3113 80
1152 3086 1233 3105 menta
1246 3079 1330 3113 fumis
1346 3087 1370 3104 ee
1385 3078 1479 3103 nebulis
1485 3076 1586 3109 similia
1599 3076 1708 3111 accipit,
1735 3085 1798 3112 quae
1809 3076 1891 3102 omnia
1903 3077 1937 3102 eis
1957 3077 1984 3101 in
1997 3076 2128 3108 Helicme,
2152 3078 2219 3111 quod

29 3123 60 3150 u,
70 3123 99 3147 3,
111 3123 156 3148 295
183 3115 246 3148 Qto
277 3123 312 3141 ne
325 3113 397 3141 malo
429 3118 545 3140 mentem
578 3113 708 3147 perculsa?
765 3115 796 3140 Et
816 3123 841 3141 v.
859 3123 898 3148 317
932 3116 1091 3149 Qantane3
1152 3114 1275 3149 musarum
1287 3113 1438 3140 domicilium
1452 3112 1499 3148 est,
1520 3112 1590 3148 nasci
1603 3114 1739 3146 videntur,
1757 3113 1824 3147 quod
1838 3112 1978 3138 Heliconem
1991 3119 2015 3136 et
2027 3110 2107 3145 musas
2120 3112 2218 3139 Helico-

29 3148 70 3175 Sic
80 3151 167 3183 Anne,
190 3160 217 3177 v.
231 3159 258 3177 v.
460 3147 481 3187 q
508 3158 529 3176 11
566 3149 608 3176 Ne
630 3150 656 3175 in
677 3150 875 3185 interrogatione
891 3151 1015 3176 indirecta
1036 3161 1089 3177 cum
1153 3150 1192 3175 nis
1204 3150 1306 3183 incolas,
1321 3149 1396 3185 saepe
1402 3150 1430 3175 in
1437 3149 1493 3184 suis
1499 3149 1620 3183 poematis
1632 3148 1769 3184 appellare,
1784 3146 1933 3183 pracsertitn
1945 3149 1973 3171 in
1984 3147 2107 3181 principio
2109 3147 2218 3183 soleant.

30 3184 185 3212 Coniunffiuo
202 3185 346 3227 praeponi,
363 3185 436 3212 dubio
447 3193 530 3219 caret,
548 3194 572 3211 et
584 3186 681 3220 quidem
690 3185 733 3212 Ne
747 3187 855 3221 longum.
928 3187 997 3214 Hor.
1011 3187 1060 3214 Sat.
1071 3196 1090 3220 1,
1152 3184 1274 3213 Nebulae
1287 3187 1351 3212 enim
1365 3187 1403 3211 his
1416 3186 1443 3211 in
1463 3186 1533 3210 rebus
1545 3185 1605 3219 poni
1613 3183 1710 3219 sulent,
1734 3189 1801 3209 vncle
1819 3190 1842 3209 et
1856 3181 2010 3209 Nebulones
2024 3183 2093 3208 friaesli.
2150 3185 2218 3210 Haec

29 3228 60 3253 a,
75 3226 121 3245 102
149 3221 212 3247 Cois
224 3222 274 3249 tibi
295 3231 375 3258 paene
395 3220 488 3249 videre
505 3221 542 3248 cst
557 3222 592 3248 Vt
606 3220 720 3256 nudam,
745 3231 778 3249 ne
792 3230 867 3249 crure
881 3223 971 3250 malo?
1009 3232 1042 3250 ne
1061 3222 1090 3250 stt
1151 3221 1207 3247 ille:
1245 3230 1288 3248 nec
1300 3222 1354 3247 abit
1366 3221 1470 3256 Casaeub.
1483 3222 1521 3246 ad
1533 3221 1600 3248 Pers.
1614 3221 1662 3247 l.c.
1737 3219 1859 3250 Nebula,
1876 3225 1920 3252 pro
1928 3220 1962 3244 Re
1977 3218 2059 3245 νῐίπίίῐ.
2134 3219 2217 3247 Plant-

27 3254 96 3291 pede
107 3256 196 3290 turpi?
226 3261 228 3263 '
249 3260 340 3294 Nempe
353 3258 430 3284 etiam
449 3259 554 3284 cauendi
567 3261 688 3292 quaedam
702 3258 768 3283 notio
783 3258 810 3282 in
830 3257 922 3286 videre
937 3258 1013 3296 inest,
1039 3258 1090 3294 post
1106 3268 1135 3297 33
1152 3258 1232 3284 Poen.
1242 3265 1262 3291 1,
1274 3265 1301 3291 2,
1313 3260 1344 3286 62
1377 3255 1460 3284 Cuius
1474 3264 1526 3292 ego
1544 3256 1589 3284 vel
1605 3255 1716 3284 nebulae
1727 3255 1823 3288 cyatho
1838 3255 1933 3288 septem
1947 3253 2037 3280 noctes
2051 3262 2108 3281 non
2120 3264 2215 3283 emam.

27 3301 101 3327 quam
115 3299 148 3316 ne
159 3292 305 3325 prohibitum
317 3294 381 3320 locus
395 3293 437 3330 est.
501 3293 589 3319 Simile
601 3292 633 3329 est
648 3292 712 3319 illud
723 3294 839 3320 Varron.
853 3302 879 3328 2,
893 3303 910 3328 9
924 3302 990 3321 extr.
1020 3295 1090 3321 Cum
1156 3294 1262 3321 Turneb.

29 3327 307 3366 circumspicerethne
319 3328 383 3363 quid
396 3328 613 3364 praetermisisset.
673 3331 704 3354 Et
717 3329 777 3356 Col.
793 3335 823 3363 8,
838 3337 867 3362 ς,
883 3340 906 3362 17
931 3330 1089 3363 Tentandi‚
1191 3335 1214 3354 N
1224 3336 1242 3356 Ε
1253 3335 1270 3355 Β
1282 3326 1304 3355 <⁷⁷
1314 3335 1330 3355 ι
1340 3334 1361 3355 0
1371 3349 1380 3362 ,
1406 3328 1474 3356 finis.
1501 3336 1539 3356 m.
1593 3327 1715 3363 [μάλθαη
1735 3323 1748 3354 ὅ
1761 3329 1793 3353 τὲ
1807 3324 1853 3352 ἰ’δια
1867 3326 1943 3356 afflet
1958 3325 2114 3363 καῚαΦαφῶν,
2133 3329 2217 3357 οἰκεῖος

29 3371 63 3390 ne
76 3362 144 3402 qiud
156 3361 270 3402 helien-m
283 3362 393 3391 habeant
405 3366 434 3391 in
445 3371 561 3400 gutture.
618 3366 650 3391 Et
665 3365 747 3392 Plaut.
761 3365 820 3391 Aul.
833 3365 902 3401 prol.
919 3366 967 3393 vlt.
999 3366 1088 3393 Credo
1149 3366 1227 3398 λάθῃ
1236 3362 1320 3395 :mue
1329 3365 1409 3392 Gloff.
1417 3365 1475 3392 Lat.
1488 3364 1556 3399 Gr.]
1618 3365 1649 3390 Vt
1658 3363 1696 3390 ait
1704 3364 1822 3390 Donatus
1829 3361 1858 3387 ad
1868 3361 1937 3387 Ter.
1947 3361 2012 3388 Eun.
2021 3370 2045 3398 2,
2059 3370 2084 3395 2,
2100 3368 2128 3395 38
2153 3364 2217 3396 Fur,

28 3406 124 3426 aurum
137 3398 350 3437 inspicere-vult,
368 3409 401 3426 ne
415 3401 562 3436 surreptum
576 3400 630 3428 siet.
688 3403 719 3427 Et
733 3402 808 3436 Capt.
823 3410 844 3435 1,
857 3411 880 3436 2,
896 3412 927 3436 24
953 3403 1042 3429 Visam
1056 3410 1089 3428 ne
1152 3401 1226 3436 quod
1238 3401 1347 3428 nebulas
1361 3400 1486 3428 obiiciat:
1525 3399 1567 3427 vel
1580 3399 1688 3433 Mollis,
1708 3405 1736 3426 vt
1750 3397 1844 3424 nebula
1858 3395 1908 3423 est:
1931 3397 2069 3424 velInanis
2085 3406 2110 3425 et
2126 3398 2217 3432 vanus,

29 3434 109 3462 noete
121 3433 169 3460 hac
185 3432 321 3472 quidpiam
337 3434 510 3474 turbauerint.
587 3437 644 3464 Cic.
658 3435 740 3465 Tusc.
755 3445 768 3470 ς
784 3447 806 3464 c.
821 3447 844 3468 ¹5
877 3438 1019 3465 Videamus
1029 3458 1036 3470 ,
1056 3446 1089 3464 ne
1104 3449 1138 3474 90
1151 3443 1179 3464 vt
1193 3437 1288 3464 nebula
1302 3437 1346 3464 est.
1404 3437 1477 3472 Confi
1492 3436 1568 3464 Non.
1584 3445 1604 3470 1,
1618 3440 1657 3469 67.
1730 3433 1799 3461 Ter·
1814 3433 1879 3460 Eun·
1893 3441 1921 3467 2,
1934 3440 1966 3467 2,
1985 3440 2012 3465 38
2045 3432 2217 3462 Nebulonem

29 3476 59 3497 vt
73 3478 182 3511 aceruus
196 3478 228 3496 ex
244 3469 282 3495 stu
296 3477 398 3502 generis
411 3473 498 3505 grauis
506 3493 515 3507 ,
535 3472 566 3499 fic
579 3472 653 3500 beata
667 3474 722 3500 vita
735 3483 766 3500 ex
775 3473 813 3500 sui
827 3473 956 3501 similibus
970 3473 1089 3510 partibus
1152 3472 1222 3500 hunc
1235 3480 1337 3500 certum
1350 3471 1387 3501 cst
1400 3472 1501 3500 ludere.
1559 3472 1677 3499 Lucilius
1686 3491 1694 3505 ,
1715 3470 1838 3503 Nugator
1851 3467 1959 3502 quidam
1973 3478 2002 3495 ac
2014 3469 2112 3497 nebulo
2126 3471 2217 3498 fitma-

29 3505 99 3533 efficl
111 3505 213 3546 debeat·-
287 3505 392 3545 Colum.
406 3513 428 3538 3,
439 3514 467 3541 7,
479 3516 489 3534 1
522 3509 631 3535 Certum
646 3508 748 3543 habeo,
768 3516 793 3536 te
809 3511 964 3546 requirere,
996 3525 1041 3530 —-
1059 3518 1090 3536 ac
1151 3509 1239 3536 ximus
1251 3508 1347 3536 multo.
1423 3509 1480 3537 Cic.
1496 3509 1550 3536 Att.
1559 3517 1579 3543 1,
1592 3517 1609 3542 9
1639 3509 1670 3534 Et
1686 3505 1845 3532 nebulonem
1858 3503 1951 3538 illum,
1977 3504 1995 3532 fi
2010 3514 2064 3540 quo
2080 3506 2157 3542 paeto
2172 3516 2216 3542 po-

31 3550 64 3569 ne
80 3542 112 3568 de
126 3549 167 3582 11⁵·
178 3541 267 3575 aliqua
286 3539 460 3574 figmficetur,
496 3553 561 3579 quae
581 3545 662 3580 vulgo
681 3554 735 3572 non
756 3545 888 3574 habentur
912 3546 1089 3574 feracissimae.
1151 3551 1205 3579 tes,
1231 3554 1262 3572 ex
1282 3544 1337 3572 istis
1355 3544 1420 3571 locis
1435 3552 1539 3572 amone.
1611 3544 1680 3570 Hor.
1695 3542 1778 3567 Serm.
1793 3549 1817 3574 1,
1837 3548 1863 3574 ι,
1876 3549 1919 3574 ¹03
1954 3541 2019 3576 Non
2037 3550 2085 3576 ego
2106 3551 2216 3569 auarum

29 3577 120 3603 Iterum
136 3577 193 3604 Cic.
208 3585 257 3611 pro
272 3576 361 3603 Domo
374 3583 416 3611 137
429 3585 450 3602 c.
463 3586 487 3609 ⁵3
521 3580 673 3615 Videtisne,
701 3581 818 3616 praetori
833 3583 936 3610 vrbano
952 3582 1090 3616 negotium
1153 3581 1223 3608 Cum
1237 3587 1301 3608 veto
1315 3587 1341 3608 te
1355 3581 1432 3613 fieri,
1451 3589 1563 3616 vappam
1577 3579 1658 3606 iubeo
1670 3585 1699 3604 ac
1712 3575 1883 3604 nebulonem.
1954 3576 2028 3604 Idem
2042 3578 2122 3605 Serm.
2132 3588 2182 3612 ¹‚2,
2192 3587 2217 3606 12.

31 3612 133 3647 datum,
153 3619 181 3640 vt
193 3618 310 3645 curaret,
331 3621 363 3652 ne
377 3611 403 3638 id
417 3611 518 3639 sacrum
530 3616 605 3643 esset?
680 3617 813 3651 Qiinffil.
837 3629 867 3652 ς,
887 3626 921 3654 7,
942 3626 962 3651 ¹3
995 3617 1090 3652 Explo.
1104 3627 1136 3654 95
1153 3617 1271 3644 Fufidius
1293 3625 1391 3652 vappae
1409 3617 1507 3643 famam
1528 3617 1603 3643 timet
1624 3623 1653 3641 ac
1674 3612 1824 3640 nebulonis.
1902 3610 1977 3640 Idem
1991 3613 2070 3648 Epist.
2093 3623 2119 3649 1,
2135 3622 2166 3647 z,
2185 3621 2217 3644 28

31 3647 159 3688 randum,
187 3657 221 3675 ne
239 3655 359 3689 corrupti
378 3647 444 3674 sint?
481 3656 514 3674 ne
539 3652 699 3684 poenitentia
720 3654 885 3688 propofltum
909 3655 1090 3681 mutaucrint?
1153 3653 1242 3689 sponsi
1257 3654 1417 3688 Penelopes,
1438 3652 1600 3683 nebulones,
1622 3648 1791 3683 Alcinoique.
1848 3648 1909 3676 Vct.
1922 3648 2057 3676 Scholiast.
2072 3649 2104 3676 ad
2117 3651 2166 3676 h.l.
2180 3651 2216 3676 ob.

31 3683 98 3710 Plln-
112 3684 237 3718 EP1st-102
252 3694 294 3712 ¹20
324 3685 374 3711 ΗΝ
388 3692 494 3719 quoqne
509 3693 563 3712 non
575 3688 746 3716 mediocriter
759 3690 873 3724 haereo,
891 3700 924 3717 ne
934 3691 1089 3724 cuiusquam
1146 3688 1255 3725 seruat,
1275 3688 1426 3716 Varronem
1439 3687 1585 3715 nebulones
1598 3685 1689 3712 dixisse
1704 3682 1818 3711 obscuro
1831 3684 1892 3710 loco
1907 3693 1991 3711 natos.
2064 3685 2133 3712 Ter.
2149 3686 2216 3712 Eun.

32 3725 105 3760 retro
122 3719 248 3746 habeatur
261 3721 339 3748 ratio.
395 3722 425 3746 ln
449 3720 487 3745 his
500 3720 606 3746 omnibus
626 3724 711 3758 aliqua
730 3727 842 3760 timoris,
861 3727 996 3758 cautionis,
1009 3726 1090 3761 figm'.
1152 3734 1182 3760 4,
1195 3732 1223 3760 7,
1237 3733 1261 3755 ις
1286 3725 1352 3752 Sane
1365 3724 1437 3760 quod
1451 3724 1502 3751 tibi
1515 3730 1584 3748 nunc
1598 3721 1641 3748 vir
1653 3720 1776 3748 videatur
1790 3720 1838 3747 esse
1848 3739 1856 3752 ,
1877 3718 1920 3746 hic
1936 3720 2034 3747 nebulo
2048 3730 2156 3755 magnus
2170 3720 2215 3746 est.

27 3755 113 3789 ficano
129 3756 155 3780 in
169 3756 251 3795 verbis
263 3756 462 3791 praecedentibus
476 3755 549 3789 imjffi‘
562 3756 674 3785 videtur.
729 3763 778 3787 Sed
790 3761 911 3796 Liu.40,
926 3771 958 3795 49
992 3762 1022 3788 Et
1036 3762 1089 3797 pri·
1153 3761 1209 3788 Cic.
1224 3761 1276 3787 Att.
1291 3762 1324 3793 6,
1337 3769 1346 3787 1
1380 3761 1441 3787 Hoc
1455 3768 1504 3794 ego
1519 3767 1550 3785 ex
1564 3757 1591 3784 P.
1605 3757 1692 3785 Vedio
1706 3764 1802 3790 magno
1815 3756 1965 3788 nebulone,
1988 3756 2031 3783 sed
2046 3757 2165 3790 Pompeii
2180 3762 2215 3781 ta-

31 3797 106 3816 mum
120 3790 246 3832 ql¹⁸efi¹¹¹1
258 3790 290 3819 ab
305 3801 354 3833 eq,
381 3801 413 3818 ¹³⁰
433 3791 480 3818 fibi
504 3791 594 3817 liceret
607 3799 634 3817 ac
650 3793 699 3820 suis
711 3795 823 3825 viuere?
864 3806 1005 3833 corruptum
1017 3804 1213 3832 putatxoomen
1234 3796 1376 3830 familiari,
1401 3792 1502 3822 audiui.
1561 3806 1608 3814 —-
1634 3801 1769 3829 nunquam
1796 3791 1853 3818 vidi
1878 3791 2018 3819 hominem
2048 3792 2214 3826 nequiorem.

32 3826 111 3852 Gran.
169 3828 198 3852 lzt
211 3830 274 3868 quod
285 3827 395 3862 Quintil.
406 3837 423 3860 1,
437 3836 459 3860 5,
471 3833 498 3860 38
525 3827 566 3854 Ne
581 3826 631 3853 hoc
647 3828 725 3857 fecit?
752 3842 805 3858 cum
819 3834 1014 3868 interrogatione
1026 3834 1090 3869 legit
1153 3833 1176 3859 A
1190 3832 1325 3860 nebulone
1337 3832 1416 3858 facile
1431 3830 1503 3858 eludi
1534 3829 1592 3856 Cic.
1606 3838 1656 3865 pro
1671 3829 1746 3856 Rosc.
1761 3829 1850 3854 Amet.
1866 3833 1908 3857 128
1937 3849 1941 3854 .
1956 3837 1994 3860 47.

31 3865 260 3896 ‘-'¹I’P‘’'⁰”''‘’'¹¹⁴5‚
280 3865 362 3889 ’fisci‘
376 3865 548 3896 Bur'nannm,
566 3870 685 3898 putatque
698 3867 782 3892 melius
798 3870 841 3896 Me
854 3868 905 3897 hoc
919 3867 998 3901 fecit,
1025 3868 1044 3896 ι’.
1058 3871 1090 3896 de
1193 3873 1215 3894 N
1227 3875 1244 3895 E
1254 3874 1271 3895 Β
1281 3875 1329 3894 VL
1339 3867 1450 3900 68V8,
1478 3874 1507 3899 a,
1533 3874 1587 3892 um.
1632 3865 1691 3893 Adi.
1741 3862 1873 3897 [νεφώδημ
1899 3862 2052 3896 σμικλῶδησ]
2112 3860 2215 3886 Ntbsslis

31 3907 77 3923 me.
123 3897 245 3938 *Tandem
258 3899 327 3926 Ter.
342 3899 460 3933 Andr-4,
473 3911 497 3932 4,
512 3907 544 3932 45
572 3899 671 3925 Audiui
686 3901 776 3927 omnia
790 3910 818 3930 Ι).
839 3906 880 3932 Ah
895 3915 927 3932 ne
940 3912 967 3931 tn
981 3904 1091 3932 omnia?
1154 3905 1244 3938 tems,
1261 3904 1350 3939 plenus
1363 3903 1472 3928 nubibus.
1546 3901 1600 3929 A'e'r
1625 3901 1691 3928 Plin.
1706 3909 1750 3933 21,
1767 3908 1790 3931 7.
1864 3898 1954 3925 Aestus
1987 3895 2116 3934 Columel.
2137 3903 2174 3926 Π,
2194 3904 2214 3922 ε.

31 3932 158 3974 Βιηιίιίιιςι
169 3942 200 3957 cx
213 3933 288 3961 MSS.
331 3936 372 3961 An
385 3935 448 3961 haec
467 3943 496 3963 tu
511 3935 611 3963 omnia.
685 3936 791 3970 Quinc,
811 3947 834 3964 et
847 3942 944 3974 Quone
954 3962 961 3974 ,
989 3948 1034 3976 pro
1058 3943 1090 3968 Vt
1152 3939 1223 3974 Ager
1249 3941 1316 3967 Cato
1335 3948 1356 3966 c.
1371 3940 1396 3966 6.
1468 3937 1577 3965 Caelum
1604 3938 1659 3964 Cic.
1674 3936 1757 3963 Tusc.
1773 3945 1799 3967 ι,
1813 3936 1848 3960 60
1870 3943 1891 3961 c.
1905 3942 1943 3966 ²5·
2015 3931 2121 3957 Cumlta
2154 3931 2214 3958 Stat.

30 3975 87 3994 Μ·
127 3970 340 4034 m'vcbvff'ri't
354 3977 447 4011 qvo.
627 3968 647 4009 ἢ
670 3980 697 3999 12
733 3974 763 3998 ln
778 3974 852 4002 mss.
861 3977 935 4013 saepe
949 3978 1043 4013 [quur
1059 3976 1089 4003 ni
1099 3984 1140 4006 105
1153 3975 1245 4005 Theb.
1261 3985 1290 4004 10
1298 3979 1382 4038 ,gfff
1437 3973 1513 4002 Litus
1543 3973 1627 4001 Ouid.
1646 3972 1680 4000 aa
1699 3971 1807 4000 Liuiam
1829 3977 1883 4003 4⁴5-
1953 3969 2037 3994 Locus
2056 3965 2214 4027 nebulohsus,

264 4024 271 4031 .
342 4026 347 4033 .
2169 4022 2174 4029 .
2194 4012 2214 4029 a.
