2517 4231
297 179 361 223 383
575 163 944 213 χ1111111)
1815 153 2041 194 MYR
2395 165 2472 211 334

299 260 349 292 mi,
368 259 442 285 iuxta
459 258 526 293 quod
541 256 631 293 Persae
648 266 664 283 a
683 256 785 282 Graecis
798 252 923 289 superati.
1000 249 1056 275 Vid.
1079 247 1154 274 Diod.
1174 245 1250 272 Sicul.
1266 252 1296 277 11,
1318 253 1351 276 3ς.
1451 250 1558 271 ΜΥΟΡ
1570 243 1615 271 AR
1627 250 1647 270 ο
1659 264 1667 276 ,
1688 243 1756 272 onis.
1776 252 1810 269 m.
1829 244 1988 279 [μυοπάρων]
2009 244 2099 271 Genus
2120 244 2237 279 nauigii:
2255 253 2288 272 ex
2309 245 2412 273 duobus
2425 244 2476 272 dis-

300 293 321 334 ᾖ
342 303 358 321 2
379 296 472 321 Nomen
490 294 609 328 veneficae
619 292 730 318 mulieris
743 292 810 327 apud
833 287 915 314 Ouid.
931 286 996 312 Met.
1013 292 1046 324 12,
1059 286 1101 314 263
1123 283 1209 308 Mater
1221 286 1276 307 erat
1297 280 1354 311 My-
1415 279 1544 308 fimilibus
1559 280 1815 320 f01·1natum‚.inquit
1828 279 1926 306 chtuS.
1946 288 2008 306 nam
2021 281 2131 312 mydiou
2145 282 2214 317 (leg.
2229 282 2330 314 Myon)
2350 287 2376 307 et
2389 290 2475 316 paron
2510 296 2515 305 ι

302 330 365 363 cale,
389 338 468 365 quam
483 328 614 356 deduxisse
628 326 746 354 canendo
784 325 862 357 Saepe
878 321 1034 348 reluGtantis
1048 318 1183 345 constabat
1197 324 1294 343 cornua
1305 316 1355 341 Lu·
1417 323 1465 349 per
1477 316 1501 341 se
1515 317 1582 343 suut.
1654 316 1761 342 Nonius
1778 324 1809 347 13,
1823 318 1837 341 6
1858 316 2001 349 Myoparo,
2021 316 2057 342 est
2070 317 2194 344 nauicula
2213 317 2366 352 piratarum.

301 375 359 393 nae,
431 367 501 392 Add,
522 365 580 392 sen,
606 365 685 390 Herc,
707 362 767 387 Oet.
789 367 829 392 525
849 359 909 384 Hoc
931 356 1009 382 dofia
1031 355 1134 395 Mycale
1152 353 1290 381 Theffalas
1311 351 1357 391 do·
1417 351 1496 377 Tull.
1511 351 1542 378 de
1555 353 1619 387 Rep.
1636 362 1646 384 3
1670 351 1742 379 Nam
1759 360 1842 385 quum
1856 357 2029 385 quaereretur
2048 361 2079 378 ex
2100 361 2149 387 eo,
2167 362 2222 388 quo
2238 353 2335 381 scelere
2349 336 2478 387 impulsus

302 402 356 429 cuit
383 410 466 428 „urus
489 401 577 427 Vnam
596 400 665 426 inter
690 404 781 424 omnes
802 395 863 421 luna
882 401 961 427 quam
983 392 1102 425 sequitur
1128 398 1247 425 magam,
1274 387 1358 415 Astris
1376 383 1389 410 5
1418 394 1490 412 mare
1503 386 1612 414 haberet
1625 387 1750 414 infestum
1764 397 1819 414 vno
1831 388 2012 421 myoparone?
2032 386 2140 422 Eodem,
2157 390 2262 423 inquit,
2275 382 2330 423 qiio
2346 388 2477 415 tuorbem

301 437 411 466 reliffis.
1419 428 1515 448 terrae.
1587 423 1686 450 Sallust.
1699 422 1766 449 Hist.
1780 433 1791 455 3
1809 424 1840 450 Et
1853 424 1923 450 sorte
1936 422 1964 449 in
1978 422 2129 457 nauigando
2140 425 2239 452 cohors
2259 433 2312 451 vna
2330 424 2424 460 grandi
2438 423 2477 450 fa-

339 481 364 501 Μ
373 481 392 500 Υ
401 480 417 500 c
430 479 452 500 A
462 479 478 499 L
489 478 535 499 ΑΕ
544 476 604 502 vs,
625 478 649 503 a,
679 476 733 493 um.
759 465 820 492 Adi.
875 463 1013 491 Claudian.
1028 462 1057 489 in
1070 463 1180 499 Eutrop.
1192 470 1214 496 2,
1236 462 1281 492 264
1306 460 1360 486 Ica-
1420 456 1474 483 selo
1487 456 1593 497 veStaa
1606 458 1714 498 caeteris
1734 458 1882 492 acerranis,
1908 457 2030 492 marique
2049 458 2153 493 placido
2167 470 2183 487 a
2196 460 2299 488 duobus
2313 459 2479 495 praedonum

303 510 375 538 rium
389 510 503 544 pelagus,
523 505 710 537 Mycalaeaque
724 501 813 528 litora.
1420 492 1630 533 myoparonibus
1642 502 1831 522 circumuenta.
1902 495 2009 522 Sisenna
2021 494 2123 522 Histor.
2137 506 2152 528 4
2173 497 2311 532 Nauisque
2319 496 2427 530 triginta
2438 495 2479 522 bi.

338 553 364 573 M
373 553 392 572 Y
402 552 419 572 c
430 551 451 571 A
462 551 478 571 L
490 550 506 570 E
518 549 540 569 N
551 547 620 571 s1S,
647 547 669 565 e.
691 537 751 564 Adi.
771 538 848 563 Idem.
865 535 955 563 Valet.
963 536 1034 563 Max.
1053 537 1086 568 6,
1099 541 1187 569 9extr.
1206 529 1360 564 Mycalenfis
1421 537 1513 568 renus,
1531 528 1645 555 totidem
1657 538 1840 565 myoparones.
1913 532 1982 557 Haec
1997 530 2113 557 Nonius.
2150 534 2220 558 Add.
2233 534 2325 560 Sauara
2334 534 2368 558 ad
2387 531 2479 558 Sidon.

302 581 401 609 montis
423 586 523 607 vertex.
1378 566 1408 584 ¹⁰
1422 564 1500 606 prss.
1513 570 1537 599 Β,
1551 567 1575 605 6
1610 564 1701 591 Tum·
1714 575 1734 599 3,
1747 575 1758 593 t
1777 568 1828 594 dici
1845 573 1920 602 putat
1932 577 1948 594 a
1967 568 2079 599 Myunte
2093 567 2153 593 vrbe
2165 575 2190 593 et
2208 568 2275 595 Paro
2290 568 2382 603 insula.
2421 569 2479 593 Sca·

339 625 364 645 M
378 624 396 644 Υ
409 623 426 644 c
440 623 462 643 Α
474 621 490 640 L
501 620 518 640 E
529 618 542 638 S
554 617 568 638 S
577 617 597 636 V
609 615 623 637 S
633 630 641 643 ‚
660 610 677 636 i.
697 618 733 636 m.
752 606 956 643 [Μυκαλησσδς]
974 608 1047 633 Mons
1061 606 1089 631 in
1097 605 1277 631 mediterraneo
1291 604 1361 630 Boeo·
1422 603 1487 636 liger
1494 601 1567 627 maht
1574 601 1658 640 μυᾷνες
1670 601 1800 636 dici‚quoei
1808 604 1911 639 oblonga
1919 604 2038 629 murium
2047 609 2147 638 corpora
2161 603 2295 637 referrem.
2333 604 2389 630 Cic.
2398 604 2478 630 Verr.

303 655 362 685 tiae,
381 653 492 688 oppidum
505 648 595 674 babens
607 645 837 672 eiusdemmminis.
879 644 1011 677 Vtriusque
1028 641 1140 669 meminit
1158 640 1225 667 Plin.
1247 650 1272 673 4,
1285 649 1307 672 7.
1422 647 1446 670 4,
1461 638 1504 667 186
1526 636 1591 662 Eum
1610 635 1661 662 isto
1674 636 1797 663 Praetore
1811 639 1927 666 Cilicum
1943 639 2119 674 myoparoni,
2139 638 2371 673 praedonibusque
2384 639 2480 674 patuis-

337 697 362 716 M
375 696 393 715 γ
403 693 420 713 c
430 692 446 712 E
455 692 479 711 M
492 690 515 710 Α
525 689 547 709 Τ
559 689 570 708 1
584 688 605 709 A
617 688 630 708 S
639 702 647 715 ‚
666 690 705 708 ae.
724 691 759 708 m.
791 681 978 715 [μυκηματίκς]
1005 680 1080 716 [mer.
1092 677 1146 702 tria
1154 685 1252 716 genera
1268 676 1361 716 [serrae
1422 674 1458 700 se.
1510 674 1548 698 De
1558 679 1634 707 portu
1650 671 1810 711 Syracusano.
1866 675 1930 702 Ibid.
1945 683 1968 709 5,
1984 683 2017 711 97
2036 674 2107 702 Proh
2121 675 2160 701 dii
2174 675 2339 701 immortales
2353 675 2480 710 piraticus

302 732 405 752 motuum
418 721 498 755 refert
509 718 641 746 Ammian.
656 725 694 752 17,
704 725 721 751 7
740 716 914 749 Mycematiae
922 716 1007 742 sonitu
1020 711 1166 739 audiuntur
1180 720 1289 744 minaci,
1302 719 1362 737 cum
1423 717 1564 743 myoparQ
1584 715 1628 734 etc.
1687 707 1756 734 Ibld-
1776 716 1800 740 3,
1818 711 1850 738 86
1869 711 1913 737 Illi
1926 711 2011 738 statim
2032 719 2225 746 myoparonem
2243 711 2378 746 egregium
2393 711 2424 737 de
2437 712 2482 737 sua

302 758 427 787 dissolutis
442 756 573 782 elementa
586 753 759 788 compagibus
773 753 846 780 vltro
857 751 989 783 adsiliunt,
1004 749 1045 775 vel
1061 748 1217 775 relabuntur
1228 746 1362 774 conliden-
1380 750 1406 777 15
1423 745 1735 778 classe,ornatum,atque
1749 744 1881 771 armatum
1896 746 2032 774 dederunt.
2107 747 2305 782 Myoparonum
2320 747 2430 782 piratica
2437 755 2481 773 ro-

301 796 371 823 tibus
385 793 472 821 terris.
543 791 621 818 Tum
633 790 706 816 enim
719 790 815 816 necesse
829 787 864 814 est
876 787 949 814 velut
964 784 1076 812 taurinis
1089 784 1202 811 reboare
1214 783 1361 819 mugitibus
1426 781 1476 808 stra
1509 781 1566 807 Val.
1587 781 1697 812 Mam,
1715 784 1745 812 8,
1765 788 1787 811 5.
1871 781 1927 809 Vid.
1953 783 2042 819 Scheffl
2070 784 2156 810 Milit.
2183 785 2252 811 Nau.
2271 791 2305 817 2,
2329 792 2351 810 2.
2407 782 2481 817 Cons.

301 831 419 865 fragores
434 826 610 861 fremitusque
625 832 755 860 terrenos,
775 826 831 851 vid.
853 827 1049 850 MYCETIAS.
1422 816 1529 852 Dempfl.
1556 817 1583 842 in
1608 815 1690 848 Rasin.
1717 825 1741 850 p.
1762 817 1829 849 1164.
1905 850 1911 851 .

336 873 362 892 Μ
372 873 389 891 Υ
400 871 417 891 c
428 866 444 891 1}
456 870 550 897 NAE,
568 872 654 890 arum.
682 869 705 888 et
734 869 759 888 M
772 869 781 887 1
792 866 808 887 C
818 861 836 887 ἑ
847 866 869 886 N
882 865 903 886 Α
913 879 922 892 ,
943 866 981 884 ae.
1000 857 1056 890 siue
1081 863 1134 883 MY
1146 861 1163 882 C
1175 857 1223 882 ΕΝ
1234 861 1268 886 E,
1284 864 1320 881 es·
1341 854 1361 881 f·
1461 858 1487 878 M
1499 859 1518 878 Y
1528 854 1548 878 ὁ
1559 859 1573 878 Ρ
1587 858 1603 877 E
1618 858 1643 885 S,
1662 861 1716 877 um.
1737 861 1772 878 111,
1799 849 1930 887 [uniones]
1955 854 2093 888 Dicuntur,
2110 855 2195 892 inquit
2215 856 2343 889 Budaeus,
2364 855 2420 892 Qi
2431 855 2483 881 iam

300 902 313 937 [
320 903 436 931 Μυκῆναι
444 901 456 935 ]
480 900 540 926 Vrbs
553 897 717 934 peloponmsl,
737 906 810 932 qum„
824 895 935 931 maffeus,
955 894 1057 919 Danaei-
1063 893 1144 927 filius,
1158 891 1296 926 exstruxit,
1322 899 1359 915 re·
1420 889 1480 914 inde
1493 886 1523 912 ab
1536 888 1610 913 initia
1622 895 1688 914 ortus·
1697 887 1742 923 sui
1754 888 1806 921 nist
1815 890 1915 914 admota
1928 889 2003 915 oculis
2024 892 2133 918 contueri
2152 898 2284 926 nequeunt.
2342 890 2484 918 Cuiusmodi

295 938 419 975 gimwula
433 937 460 961 in
475 945 524 970 qua
538 935 654 969 regnam-t
666 937 843 968 Agamemnon·
880 930 924 956 Sil,
938 940 956 963 5,
971 938 999 962 27
1021 930 1090 955 Ante
1112 926 1360 961 Agamemnoniam,
1373 928 1409 957 210
1423 924 1513 949 multos
1535 925 1657 956 videmus,
1668 924 1712 958 qui
1724 933 1764 950 res
1778 925 1911 950 intuendas
1919 924 1993 949 oculis
2007 931 2083 960 prope
2095 927 2254 963 contingunt,
2272 933 2297 952 et
2316 927 2384 953 limis
2398 927 2484 959 etiam,

299 973 438 1009 gratifflma
452 971 529 1001 tedia,
548 971 684 1002 Mycenen.
756 968 829 994 Plur.
846 965 1071 1001 Agamemnoniae
1094 963 1170 998 Virg.
1186 964 1252 989 Aen.
1268 964 1293 994 6,
1308 966 1359 994 838.
1415 959 1601 1000 semicluſssquc
1620 962 1695 985 oculis
1704 960 1854 995 adspiciunt.
1896 961 1951 986 Vizl.
1974 966 2162 988 LVSClOSVS.
2236 964 2341 999 Myops,
2359 962 2428 998 opis.
2453 962 2484 989 in

299 1009 393 1036 Clarae
410 1007 482 1035 Idem
499 1006 600 1035 ibidem
616 1015 634 1039 1,
646 1010 699 1035 288.
773 1003 846 1031 Dites
867 1003 935 1028 Hor.
956 1002 1045 1028 Carm.
1067 1009 1093 1034 1,
1117 1009 1146 1032 7,
1166 1009 1189 1033 9.
1267 999 1362 1025 Fortes
1423 994 1545 1029 singular.
1584 995 1689 1028 leian.
1705 995 1734 1021 in
1749 995 1765 1021 l.
1786 997 1852 1022 Item
1867 994 1984 1022 Offilius.
2005 996 2038 1023 D.
2052 996 2084 1023 de
2098 997 2177 1024 aedil.
2197 998 2275 1025 edidi.

299 1045 376 1079 Virg.
391 1045 490 1078 Georg.
505 1052 527 1076 3,
542 1051 585 1069 121.
663 1042 774 1075 Magnae
795 1038 833 1066 Id.
855 1040 919 1065 Aen.
934 1047 957 1071 2,
968 1047 1014 1070 33¹·
1088 1033 1257 1070 Pelopeiades
1276 1033 1360 1060 Ouid.
1461 1037 1488 1057 M
1501 1037 1519 1056 Y
1530 1037 1549 1057 Ο
1558 1037 1572 1057 ι’
1584 1037 1604 1056 Η
1615 1030 1636 1056 d
1646 1038 1667 1057 N
1677 1038 1696 1058 0
1708 1038 1730 1057 N
1739 1049 1748 1061 ,
1768 1031 1786 1057 i.
1808 1041 1834 1058 n.
1856 1032 2005 1067 [μυόφουαυ]
2026 1034 2110 1059 Herba
2122 1033 2154 1068 est
2167 1035 2277 1060 muribus
2285 1035 2399 1062 exitialis
2410 1045 2417 1058 :
2438 1043 2486 1060 vn-

299 1080 366 1108 Fast.
382 1086 421 1113 83,
442 1080 555 1114 quoniam
569 1078 621 1104 illic
636 1078 720 1112 Pelops
734 1074 869 1108 habitauit,
888 1085 904 1100 a
917 1075 984 1100 cuius
994 1074 1069 1100 etiam
1078 1073 1134 1108 filio
1151 1072 1176 1097 T
1173 1070 1259 1106 byqste,
1284 1070 1361 1104 Thye-
1423 1068 1454 1093 de
1474 1074 1497 1092 et
1519 1076 1603 1106 nornen
1619 1068 1720 1107 'accepit
1733 1085 1742 1098 ,
1773 1069 1856 1094 eadem
1872 1066 2002 1102 firtaffis‚
2034 1078 2096 1104 quae
2117 1069 2294 1101 Myocionon.
2365 1070 2487 1098 Meminit

298 1116 358 1152 fleas
372 1123 445 1142 vocat
456 1116 548 1141 Lucan.
564 1124 583 1147 ι,
597 1122 656 1147 544.
695 1113 791 1139 Saeuae
811 1110 888 1146 Virg.
903 1114 968 1137 Aen.
982 1118 1009 1144 7,
1023 1118 1072 1136 222.
1379 1113 1411 1139 25
1426 1102 1578 1137 Myophom
1598 1103 1664 1129 Piin.
1680 1113 1711 1136 11,
1731 1111 1756 1137 9.

336 1160 362 1179 M
372 1159 390 1178 Y
401 1157 418 1178 c
428 1157 444 1177 E
456 1157 479 1176 N
491 1157 509 1177 E
519 1157 541 1176 N
551 1157 564 1176 s
575 1156 592 1176 E
601 1157 614 1175 s
623 1170 630 1183 ,
651 1149 716 1176 ium.
737 1157 771 1175 m.
791 1147 972 1181 [Μυκη-411111]
999 1145 1175 1178 Habitetores,
1190 1144 1362 1176 Mycenarum.
1462 1146 1487 1165 M
1498 1145 1548 1177 rho
1560 1145 1572 1164 s
1584 1145 1603 1165 0
1614 1146 1635 1165 τ
1646 1146 1666 1165 A
1675 1160 1683 1172 ‚
1702 1148 1740 1166 ae.
1762 1138 1781 1166 f.
1802 1139 1846 1165 vel
1864 1145 1912 1166 MY
1925 1145 1945 1165 0
1956 1145 1969 1166 s
1978 1145 1998 1167 0
2008 1146 2048 1166 Tl
2058 1147 2070 1166 s
2079 1160 2088 1173 ,
2108 1140 2128 1167 f.
2150 1147 2175 1167 M
2185 1148 2203 1167 Y
2215 1147 2234 1168 ο
2243 1147 2257 1168 s
2267 1147 2286 1168 0
2298 1147 2320 1168 'r
2332 1147 2352 1168 o
2364 1150 2385 1168 N
2395 1163 2404 1175 ,
2423 1142 2442 1168 i.
2459 1151 2486 1168 n.

300 1188 359 1216 Cic.
375 1189 407 1214 de
420 1185 507 1214 Finib.
520 1194 547 1220 2,
561 1192 586 1217 18
605 1186 705 1212 Omnes
717 1184 803 1211 Danai
816 1188 861 1210 aut
880 1181 1048 1214 Mycenenfis
1057 1202 1065 1214 ,
1085 1180 1170 1207 Attica
1183 1178 1265 1214 pubes
1275 1199 1282 1211 ,
1303 1177 1364 1204 reli·
1425 1175 1500 1207 [μυὲς
1513 1178 1581 1209 ulra]
1602 1176 1686 1214 Herba
1700 1174 1741 1210 est,
1761 1184 1833 1210 quam
1847 1176 1948 1201 verbum
1958 1184 1989 1201 ex
2002 1177 2076 1202 verbo
2091 1177 2264 1212 exprimentes,
2284 1177 2370 1204 Muris
2385 1172 2488 1204 aurich-

299 1225 400 1261 quique
426 1222 532 1256 Graeci>
555 1229 604 1248 em.
1425 1211 1477 1237 lam
1490 1219 1589 1251 vacant,
1628 1211 1703 1238 Folia
1717 1211 1790 1239 enim
1804 1219 1885 1245 quum
1899 1211 2017 1245 primum
2029 1218 2182 1247 erumpunt,
2203 1213 2326 1240 murinae
2339 1214 2397 1241 auri
2410 1213 2489 1240 habet

339 1267 365 1288 M
377 1267 396 1286 Y
406 1266 422 1286 C
433 1266 449 1285 E
459 1265 482 1285 N
493 1265 514 1284 A
528 1264 545 1285 E
558 1265 579 1284 v
593 1264 606 1284 s
617 1276 625 1289 ,
644 1266 668 1290 a,
686 1265 741 1283 iim.
762 1254 822 1282 Adi.
844 1255 1020 1288 [Μυκηναῖος]
1040 1253 1101 1280 Dux
1110 1253 1279 1284 Mycenaeus,
1294 1252 1363 1286 Aga-
1427 1256 1481 1274 uon
1496 1247 1640 1278 dissimilia.
1707 1247 1806 1274 Alfines
1821 1256 1888 1274 vcro
1901 1256 2000 1274 uouien
2013 1248 2128 1282 accepit,
2150 1249 2221 1282 quod
2234 1249 2328 1284 algidis
2349 1250 2414 1276 locis
2427 1258 2490 1284 gau-

300 1305 409 1324 memmm
427 1294 508 1322 Ouid.
524 1293 610 1321 Trist.
625 1303 647 1327 2,
661 1302 724 1325 400.
1380 1295 1413 1319 30
1429 1283 1497 1316 (leat,
1516 1290 1541 1309 et
1555 1285 1651 1317 opacis.
1725 1283 1834 1309 Gallicis
1847 1283 1973 1310 Muroiiis
1988 1283 2099 1310 nomine
2108 1284 2237 1311 notiffima
2251 1285 2296 1318 est,
2310 1294 2392 1320 eaque
2405 1286 2491 1313 solent

340 1339 366 1359 M
376 1339 394 1358 Y
405 1338 421 1359 c
433 1338 450 1359 Ε
461 1339 482 1358 N
492 1338 501 1357 1
513 1336 527 1357 s
538 1351 546 1364 ,
564 1330 623 1356 ldis.
644 1330 663 1357 f.
681 1336 726 1364 pro
738 1327 871 1362 Iphigenia
885 1328 1023 1360 Mycenaea
1043 1324 1124 1352 Ouid.
1139 1324 1204 1351 Met.
1218 1331 1250 1354 12,
1260 1331 1294 1355 34.
1426 1319 1590 1346 anicularum
1605 1320 1687 1346 el'cam
1701 1318 1892 1346 fastidientium
1907 1320 2053 1354 appetitum
2067 1328 2196 1347 recreare.
2268 1322 2394 1348 Refertur
2416 1328 2441 1348 et
2455 1321 2491 1347 al-

336 1376 362 1395 M
374 1376 391 1394 Y
404 1374 422 1395 c
436 1374 452 1394 Ε
465 1374 487 1394 Τ
499 1372 577 1401 iAs,
599 1375 637 1393 ae.
657 1374 692 1391 111.
725 1364 878 1397 [nunni-lac]
902 1363 1009 1389 Terrae
1022 1368 1126 1394 motus,
1148 1369 1208 1386 cum
1228 1357 1274 1384 sub
1293 1357 1365 1396 pedi·
1425 1362 1512 1382 terum
1526 1355 1691 1387 Myosotoua
1705 1355 1874 1388 Dioscoride,
1889 1355 1962 1390 quod
1975 1356 2158 1389 etMyofiotis‚
2173 1356 2336 1384 diminutiua
2350 1357 2438 1384 forma
2445 1366 2490 1392 ap-

302 1404 350 1432 bus
365 1404 449 1439 mugit
462 1403 547 1430 solum
567 1402 644 1437 Apul.
658 1401 689 1427 de
703 1398 806 1426 Mundo
821 1407 844 1432 p.
859 1407 910 1431 247.
934 1399 990 1424 vid.
1011 1402 1254 1424 MYCEMATIAS.
1428 1393 1550 1427 pellatur,
1573 1391 1661 1426 plures
1682 1390 1714 1417 ab
1727 1399 1778 1417 vna
1798 1390 1885 1418 radice
1900 1392 1984 1418 caules
2005 1393 2130 1425 mittem,
2148 1392 2315 1427 aliquatenus
2329 1393 2361 1421 ab
2374 1394 2432 1420 imo
2446 1402 2491 1420 ru.

341 1447 370 1470 Μ
383 1448 401 1466 Υ
414 1446 431 1467 C
449 1447 457 1467 1
471 1446 493 1466 Τ
506 1445 528 1465 H
539 1445 560 1465 v
572 1445 603 1472 s,
627 1439 682 1463 vid.
705 1440 921 1462 ANAXILAVS.
1428 1429 1528 1462 beares,
1549 1434 1574 1453 et
1596 1435 1742 1453 coucauos:
1773 1426 1839 1452 folia
1853 1434 1940 1453 autem
1953 1427 2074 1462 angusta,
2094 1428 2284 1463 nigrescentia,
2302 1436 2328 1456 et
2340 1430 2369 1456 in
2384 1422 2490 1456 acutum

336 1483 362 1503 M
375 1474 524 1508 chNE,
546 1483 582 1501 es.
603 1474 622 1500 f.
646 1481 669 1499 et
697 1479 722 1498 M
734 1469 839 1498 YCGN
853 1475 872 1497 0
884 1477 914 1504 s,
938 1469 957 1495 i.
982 1477 1019 1508 m.
1048 1467 1195 1502 [Mu'ume]
1214 1465 1301 1500 Insula
1314 1473 1366 1489 vna
1382 1473 1411 1498 35
1429 1464 1582 1505 defluentia,
1603 1463 1725 1489 nost-ulos
1740 1471 1807 1489 vero
1819 1463 1970 1503 caeruleos,
1987 1463 2143 1498 anagallidis
2165 1465 2284 1492 colorem
2304 1465 2491 1500 exprimentes.
2515 1475 2517 1478 ⁴

300 1521 331 1538 m
357 1511 513 1545 Cydam-bus.
550 1510 610 1538 Stat,
626 1508 721 1536 Achil]¹
736 1516 755 1540 1,
768 1516 814 1537 205
835 1505 961 1538 Cyclades
976 1504 1038 1530 hinc
1053 1505 1158 1542 spretae¹
1173 1504 1304 1533 Myconos
1318 1499 1365 1525 hu·
1429 1499 1587 1534 Ptsteriortm
1602 1500 1664 1540 hain·
1672 1498 1777 1534 speciem
1790 1499 1906 1538 dfst'f'bit
1926 1499 1994 1525 l’lin.
2007 1508 2046 1532 27,
2060 1509 2091 1526 12.
2108 1501 2219 1536 priorem
2230 1510 2289 1528 vero
2309 1509 2380 1536 27,4.
2417 1501 2492 1528 Idem

300 1547 426 1581 miliaque
440 1545 574 1580 Seriphos.
613 1545 704 1571 Scribit
718 1543 835 1576 Seruius,
859 1542 926 1568 hanc
947 1541 1059 1568 insulani
1088 1537 1254 1578 (Seriphon)
1281 1542 1367 1562 terrae
1431 1544 1469 1568 ²7⁹
1483 1546 1496 1567 4
1518 1535 1535 1560 s*
1550 1541 1562 1564 Β
1589 1535 1692 1566 Alime,
1714 1542 1793 1568 quam
1813 1534 1923 1568 qu¹d3m
1944 1536 2085 1566 ¹¹¹y⁰s⁰t⁰¹¹
2105 1542 2216 1570 ‘'0⁶³³‘’
2238 1537 2355 1564 ”fistifflf
2372 1537 2402 1563 in
2414 1537 2496 1570 1¹¹Ci⁵5

300 1590 377 1610 motu
391 1582 437 1609 diu
453 1581 588 1614 laborasse,
608 1589 662 1614 quo
676 1580 794 1611 cessante,
808 1587 822 1604 e
835 1579 949 1610 Mycone
959 1578 1104 1611 Gyaroque
1112 1575 1209 1602 vicinis
1222 1572 1367 1606 insulispo-
1431 1570 1502 1597 vnde
1516 1577 1541 1596 et
1554 1570 1640 1596 Alline
1654 1570 1723 1597 dieta
1738 1569 1781 1597 est.
1818 1585 1864 1590 --
1890 1571 2074 1598 Musculorum
2092 1580 2169 1599 aures
2181 1573 2303 1600 imitatur
2311 1573 2404 1600 soliis.
2460 1573 2493 1600 Et

299 1620 377 1655 pulos
391 1618 498 1652 venisse,
513 1617 559 1652 qui
574 1625 631 1644 eam
645 1622 765 1642 tenerent
778 1621 804 1641 et
817 1615 974 1642 incolerent.
1012 1614 1113 1638 Caelius
1131 1620 1164 1643 13,
1171 1619 1202 1642 29
1217 1609 1368 1645 sca-ibinm-
1431 1617 1452 1634 c.
1471 1616 1494 1633 12
1510 1607 1526 1634 s.
1541 1611 1573 1646 So
1594 1606 1716 1638 Myosota
1728 1607 1771 1633 vel
1785 1607 1915 1638 Myosotis
1926 1607 1992 1633 leuis
1999 1607 2082 1634 herba
2089 1608 2209 1636 caulibus
2222 1609 2344 1644 pluribus
2352 1609 2384 1636 ab
2392 1618 2443 1636 vna
2451 1617 2492 1636 ra-

298 1665 353 1682 me„
367 1654 477 1689 eifuff·
489 1654 597 1680 inditum
611 1663 626 1678 a
640 1653 758 1684 Mycono
778 1653 879 1677 Aeneae
891 1660 919 1676 ac
934 1649 1086 1684 Rbyiisfilio.
1122 1647 1197 1675 Celsa
1213 1646 1287 1679 Virg.
1302 1646 1367 1670 Aen.
1385 1652 1422 1677 40
1430 1643 1503 1683 dice,
1523 1643 1688 1677 aliquatenus
1696 1642 1864 1676 iubentibus,
1886 1644 2020 1677 concauis,
2044 1643 2076 1670 ab
2089 1644 2146 1670 imo
2159 1645 2229 1671 folio
2248 1645 2376 1679 angustis,
2397 1645 2492 1672 oblon-

300 1700 321 1724 3,
334 1694 374 1724 76.
413 1689 532 1717 Humilis
553 1688 636 1716 Ouid.
646 1689 710 1715 Met.
726 1697 747 1720 7,
760 1688 818 1719 463.
1327 1716 1332 1720 ¹
1429 1688 1485 1714 818,
1508 1679 1587 1717 dom)
1607 1685 1701 1718 acuto,
1720 1679 1821 1714 nigriS,
1842 1688 1890 1713 per
1909 1679 2051 1707 interualla
2064 1679 2158 1706 affidue
2177 1681 2333 1715 geminatis,
2357 1681 2493 1714 tenuibus,

340 1733 363 1752 M
375 1733 393 1752 Y
404 1732 420 1752 C
431 1733 451 1754 O
464 1732 486 1752 N
498 1732 537 1752 IV
547 1732 576 1759 3²
596 1734 626 1758 a,
653 1734 707 1751 um.
733 1723 794 1750 Adi,
814 1720 965 1756 [Μαχάμης]
987 1731 1003 1746 a
1024 1721 1150 1752 Mycono.
1224 1717 1366 1749 Mycouios
1430 1714 1567 1741 cauliculis
1580 1722 1611 1739 ex
1627 1714 1674 1753 alzs
1688 1715 1898 1748 prodeuntibus,
1919 1716 1986 1742 flore
2005 1716 2136 1744 caeruleo.
2211 1716 2295 1743 Radix
2310 1718 2412 1752 digitali
2426 1718 2492 1743 cras·

301 1762 376 1797 gigni
389 1761 442 1788 fine
457 1761 554 1796 capillo
568 1763 650 1787 tradit
665 1761 734 1788 Plin.
751 1769 782 1792 11,
804 1767 839 1791 37.
860 1759 926 1784 vnde
944 1759 1026 1784 caluos
1046 1765 1126 1782 onmes
1147 1755 1288 1786 Myconios
1302 1752 1366 1779 clici·
1430 1750 1544 1790 fitudiue
1563 1749 1653 1776 multis
1675 1750 1865 1788 capillamentis
1885 1750 2028 1778 fimbriata.
2102 1751 2149 1779 Vis
2161 1752 2187 1779 ei
2207 1752 2304 1788 septica
2323 1760 2349 1780 et
2361 1753 2493 1780 exulcera-

302 1807 371 1830 mus,
392 1798 488 1822 anelare
503 1798 637 1831 Stephano.-
657 1795 769 1822 meminit
781 1801 805 1819 et
824 1795 909 1819 Strab.
934 1795 990 1819 vid.
1011 1793 1109 1819 Donat.
1131 1791 1159 1817 in
1180 1791 1251 1817 Ter.
1265 1790 1330 1817 Hec.
1345 1796 1368 1821 3,
1430 1788 1494 1821 trix,
1519 1787 1580 1813 ideo
1594 1793 1618 1812 et
1626 1785 1761 1821 aegilopas
1781 1785 1861 1812 sanat.

301 1842 330 1868 4,
343 1836 380 1858 26.
400 1840 423 1858 et
438 1830 599 1866 Henfierbus.
614 1832 650 1856 at!
659 1831 763 1857 Lucian.
785 1829 824 1855 T.
839 1838 847 1854 1
868 1838 893 1863 p.
909 1837 959 1860 334.
1244 1842 1247 1845 Δ
1377 1831 1412 1857 43

340 1874 367 1896 M
381 1874 400 1896 Y
409 1874 426 1896 C
435 1874 455 1895 Ο
464 1873 487 1894 N
497 1873 508 1893 1
518 1873 539 1895 V
552 1872 579 1895 Μ
588 1887 597 1900 ,
618 1866 637 1892 i.
655 1875 681 1892 n.
704 1864 914 1892 Transmarinum
926 1864 1023 1890 vinum.
1058 1862 1127 1890 Plin.
1144 1871 1179 1895 14,
1194 1868 1220 1897 7.
1823 1859 1864 1891 M
1938 1860 1965 1891 Y
2040 1860 2070 1893 R

708 1940 748 1972 M
830 1938 857 1971 Y
933 1938 963 1970 D
1465 1937 1549 1959 MYR
1562 1937 1602 1964 A,
1618 1939 1658 1957 ae.
1679 1929 1699 1957 f.
1740 1930 1801 1957 Vrbs
1819 1930 1914 1964 Lyciae.
1959 1930 2026 1957 Plin.
2044 1940 2066 1963 5,
2086 1940 2122 1964 27.

1467 1973 1582 1993 MYRA
1595 1973 1609 1992 Ρ
1622 1973 1715 1999 1νΜ,
1735 1966 1754 1993 i.
1774 1975 1800 1992 n.
1820 1967 1968 2001 [μυράπιαυ]
1990 1968 2147 2001 Pyrigenus.
2185 1966 2254 1994 Plin.
2268 1975 2301 2001 15,
2318 1975 2349 1998 15.
2387 1968 2447 1994 Alii
2459 1968 2494 1995 le-

337 2019 364 2039 Μ
375 2018 395 2038 Y
406 2017 425 2038 D
435 2016 492 2042 IA,
512 2018 550 2036 ae.
565 2009 585 2035 f.
623 2007 717 2042 lnfida,
731 2017 793 2042 quae
804 2008 882 2034 etiam
895 2008 971 2033 Delos
983 2008 1087 2037 dicitur,
1100 2015 1152 2031 vna
1166 2015 1198 2031 ex
1213 2004 1367 2038 Cycladibus.
1382 2011 1414 2036 50
1426 2011 1494 2038 gunt
1507 2002 1705 2037 Myrrhapiutu.
1743 2003 1816 2036 Conf.
1837 2003 1971 2029 Columel.
1993 2011 2027 2035 12,
2043 2012 2078 2030 10.

339 2053 364 2073 M
373 2054 392 2072 Y
403 2052 421 2072 D
430 2052 449 2072 R
460 2042 502 2071 1101
511 2051 523 2070 s
533 2052 542 2070 1
551 2050 564 2069 s
573 2064 582 2076 ,
601 2043 632 2069 is.
655 2043 675 2069 f.
696 2044 839 2076 [μυὸςιασις]
859 2043 977 2067 Vocatur
991 2041 1103 2066 Morbus
1117 2040 1270 2070 oculorum,
1284 2047 1368 2070 quum
1466 2045 1491 2063 M
1501 2045 1520 2062 Y
1529 2045 1548 2062 R
1559 2040 1572 2063 1‘
1583 2044 1599 2063 c
1612 2045 1633 2064 A
1644 2058 1652 2070 ,
1673 2046 1711 2063 ae.
1732 2039 1774 2062 vel
1794 2045 1819 2063 M
1830 2045 1848 2063 Y
1860 2045 1879 2065 R
1890 2039 1901 2064 i
1914 2045 1931 2065 c
1944 2045 1972 2071 E,
1992 2047 2027 2065 es.
2048 2039 2067 2065 f.
2089 2039 2209 2073 [μυρίκη]
2230 2039 2312 2064 Genus
2324 2039 2425 2064 humilis
2438 2035 2493 2065 ‘bir-

321 2082 403 2118 upilla
417 2081 526 2116 quidem
541 2080 594 2115 ipsa
614 2079 733 2105 colorem
754 2086 808 2103 non
828 2082 928 2108 mutat,
948 2074 992 2101 sed
1011 2074 1120 2100 videtur
1133 2074 1202 2099 vltra
1213 2072 1369 2111 ¹naturalem
1427 2072 1506 2104 gulti,
1523 2074 1550 2095 in
1565 2073 1642 2096 Italia
1651 2072 1711 2104 fere
1724 2072 1855 2105 nascentis,
1876 2077 1938 2106 quod
1951 2075 2051 2107 quidam
2060 2082 2185 2109 putarunt
2197 2073 2242 2109 csti-
2253 2075 2416 2108 Tammicem,
2433 2044 2517 2111 quael

301 2092 379 2146 gtum
393 2117 478 2146 multo
492 2116 582 2148 latior,
602 2115 713 2142 interim
728 2120 755 2140 vt
770 2113 857 2141 visum
871 2120 980 2139 omnem
1004 2110 1119 2140 adimat,
1138 2108 1248 2136 interim
1263 2113 1292 2132 vt
1311 2115 1370 2142 par·
1431 2106 1507 2145 vulgo
1523 2105 1682 2139 Tamarifi-us
1694 2106 1788 2130 dicitur
1800 2114 1823 2131 et
1837 2108 1990 2140 Dioscoridi,
2002 2109 2052 2144 sed
2064 2111 2114 2134 eius
2127 2117 2224 2134 tantum
2236 2111 2302 2142 fhlin
2317 2111 2396 2136 habet.
2442 2112 2494 2139 Ge·
2515 2126 2517 2130 .

303 2161 367 2183 tem.
406 2153 508 2187 Latini,
527 2151 645 2187 Pupillae
660 2150 818 2178 dilationem
830 2154 936 2176 vocant.
954 2147 1023 2174 Cels.
1044 2150 1071 2180 6,
1084 2148 1110 2180 6,
1124 2154 1159 2178 37.
1432 2140 1508 2180 nista,
1525 2145 1608 2174 μυρίκη
1628 2141 1686 2182 Vct.
1700 2141 1779 2167 Gloss'.
1853 2142 1930 2176 Virg.
1944 2142 1997 2169 Ecl.
2011 2152 2035 2175 4,
2049 2153 2061 2169 2
2081 2144 2145 2170 Non
2160 2153 2253 2170 omnes
2268 2144 2372 2171 arbusta
2392 2146 2496 2179 iuuant,

1387 2185 1415 2211 55
1433 2176 1600 2217 humilesque
1611 2185 1736 2208 myricae.
1789 2213 1793 2217 η
1807 2177 1874 2205 Pliu.
1889 2187 1922 2211 13,
1943 2187 1969 2205 21
1990 2179 2111 2210 Myriceu
2125 2185 2150 2205 et
2164 2180 2239 2206 Italia
2252 2189 2332 2216 quam
2351 2181 2398 2208 alii
2416 2188 2496 2209 tama-

710 2224 751 2256 M
825 2224 859 2254 Y*
927 2223 956 2254 G
1433 2222 1507 2239 ricen
1521 2219 1625 2238 vocant.
1698 2212 1812 2239 Archaia
1823 2222 1911 2239 autem
1928 2214 2020 2246 bryam
2035 2215 2190 2247 filuestrem3
2210 2216 2311 2251 infigne
2322 2217 2350 2243 in
2364 2226 2401 2248 ea,
2422 2217 2495 2252 quod

1432 2249 1514 2288 satiua
1529 2255 1631 2274 tantum
1646 2248 1713 2275 ferat
1724 2248 1808 2288 gallae
1825 2249 1936 2289 fluxilem
1948 2250 2077 2276 frudium.
2151 2253 2181 2278 In
2197 2253 2272 2283 Syria
2286 2259 2311 2278 et
2326 2254 2355 2278 in
2373 2255 2495 2288 Aegypto

342 2304 370 2325 M
381 2304 401 2325 Y
413 2297 468 2326 GK
477 2303 494 2323 L
506 2301 525 2324 E
536 2316 545 2329 ‚
565 2305 600 2323 es.
621 2295 640 2322 f.
702 2295 758 2321 Vid.
785 2293 847 2320 Mus
867 2301 989 2326 araneus,
1007 2292 1034 2317 in
1053 2298 1079 2317 M
1089 2297 1111 2317 v
1120 2296 1146 2318 s.
1199 2290 1293 2323 Veget.
1308 2297 1330 2321 3,
1342 2295 1370 2321 4.
1433 2286 1538 2319 copiosa
1551 2284 1613 2310 haec
1628 2286 1672 2315 eli,
1688 2293 1762 2311 cuius
1775 2284 1894 2311 infelicia
1908 2285 1979 2319 hgna
1992 2286 2162 2320 appellamus,
2184 2295 2251 2320 quae
2265 2293 2351 2313 tamen
2359 2288 2494 2315 infelicio-

306 2334 413 2369 vulgat⁰
426 2333 513 2359 Leuit.
528 2341 559 2366 1„
578 2341 617 2364 30·
1433 2329 1463 2346 ra
1476 2321 1534 2346 sunt
1549 2321 1683 2346 Graeciae.
1758 2320 1851 2355 Gignit
1865 2321 1937 2347 enim
1950 2321 2075 2348 arborem
2083 2322 2180 2354 oiiryn,
2194 2331 2272 2356 quam
2286 2329 2310 2349 et
2324 2322 2437 2355 ostryam
2447 2332 2493 2350 vo.

342 2376 368 2397 M
385 2377 402 2395 Y
420 2375 440 2395 G
457 2375 476 2395 D
491 2375 510 2395 0
525 2375 548 2395 N
566 2374 576 2394 1
595 2374 617 2394 A
627 2387 635 2400 ,
661 2375 699 2392 ac.
722 2366 741 2392 f.
769 2348 932 2400 [Mu-ranulis]
952 2363 1026 2399 Regio
1039 2362 1150 2388 litoralis
1163 2359 1335 2391 Macedoniae,
1355 2367 1372 2384 a
1386 2361 1421 2386 60
1435 2362 1505 2396 cant,
1519 2356 1665 2395 solitariam
1680 2356 1750 2382 circa
1763 2357 1821 2382 saxa
1834 2358 1940 2390 aquosa,
1955 2356 2066 2383 limilem
2081 2357 2188 2383 fraxino
2202 2358 2300 2384 cortice
2308 2364 2333 2384 et
2348 2360 2438 2391 ramis,
2451 2360 2493 2384 fo-

307 2405 442 2440 Mygdoue
460 2404 562 2440 regefic
582 2403 657 2429 ditia.
696 2402 763 2428 Hinc
1436 2392 1473 2431 lio
1488 2399 1557 2426 pyri,
1582 2392 1672 2425 paullo
1687 2398 1775 2430 tamen
1788 2392 1958 2426 longioribus
1975 2391 2209 2426 crassioribusque,
2231 2402 2259 2418 ac
2277 2393 2377 2427 rugofis
2399 2394 2494 2420 incisu-

345 2448 370 2468 M
383 2449 402 2467 Y
413 2447 435 2469 G
454 2447 473 2467 D
486 2446 506 2467 O
518 2448 539 2466 N
550 2447 559 2466 1
569 2446 590 2465 v
600 2445 627 2471 s,
648 2448 672 2471 a,
692 2446 747 2465 um.
770 2436 828 2463 Adi.
849 2434 1027 2470 [Μυγδόνιος]
1047 2433 1143 2468 Campi
1162 2432 1232 2459 Hor.
1246 2431 1335 2457 Carm.
1350 2439 1372 2462 3,
1435 2436 1482 2461 riS,
1504 2436 1570 2461 quae
1584 2435 1630 2461 per
1644 2433 1697 2452 tota
1711 2426 1871 2453 discurrunt.
1951 2429 2057 2454 Semine
2070 2428 2173 2455 hordeo
2186 2428 2274 2461 simili,
2289 2435 2314 2454 et
2327 2428 2429 2462 colore,
2441 2437 2493 2455 ma—

312 2479 350 2510 16,
365 2486 398 2508 41.
472 2477 593 2503 Marmor
611 2473 790 2509 Mygdonium
807 2471 891 2499 Ouid.
913 2470 992 2506 Epist.
1013 2478 1047 2500 15,
1068 2477 1116 2501 142.
1211 2468 1283 2502 Opes
1304 2467 1372 2493 Hor.
1435 2464 1501 2490 teria
1515 2464 1550 2489 est
1565 2463 1629 2489 dura
1642 2469 1720 2496 atque
1736 2461 1828 2502 firma3
1866 2471 1917 2496 qua
1933 2463 1962 2488 iil
1976 2463 2085 2490 domum
2100 2464 2181 2499 illata,
2198 2463 2319 2491 difficiles
2331 2472 2420 2498 partus
2435 2465 2496 2492 fieri

309 2513 398 2540 carm,
411 2522 434 2545 2,
449 2521 480 2545 12,
492 2521 529 2539 22,
1435 2499 1563 2534 produnt,
1583 2505 1737 2532 mortesque
1752 2499 1869 2525 miseras.
1943 2498 2059 2534 Fragiles
2073 2499 2190 2531 myricae
2211 2500 2294 2526 Ouid.
2315 2499 2347 2526 de
2361 2501 2424 2527 Arte
2437 2502 2508 2529 Anni

346 2556 371 2575 M
384 2556 403 2575 Y
414 2554 435 2575 G
447 2555 465 2575 D
474 2554 493 2574 0
504 2556 525 2574 N
538 2544 552 2574 1⁰
559 2554 578 2574 n
588 2553 604 2574 Ε
613 2553 626 2573 s
635 2567 644 2580 ,
661 2555 699 2574 ae.
725 2555 760 2573 m.
781 2546 933 2576 Patronym.
961 2540 1142 2576 [Μυγδονίδης]
1170 2539 1247 2576 Qud
1256 2545 1300 2573 pro
1309 2546 1372 2572 gen-
1385 2538 1417 2570 6,-
1434 2545 1454 2568 3,
1469 2538 1523 2568 69¹·
1595 2535 1708 2562 Tenues
1722 2534 1797 2561 Idem
1809 2536 1872 2561 Met·
1886 2542 1925 2567 10,
1937 2543 1977 2568 97.
2050 2537 2106 2562 Iam
2119 2535 2177 2562 suut
2190 2535 2299 2566 myricis
2307 2535 2421 2563 Balsama
2437 2537 2498 2564 Pru.

309 2585 354 2611 tili
368 2592 461 2620 ponunt
481 2586 579 2611 Poe'tae.
650 2583 727 2618 Virg.
747 2582 813 2608 Aen.
834 2589 864 2613 2,
885 2588 930 2613 342
956 2577 1119 2612 quenisque
1139 2574 1278 2602 Coroebus
1298 2574 1373 2608 Myg-
1431 2571 1501 2597 dent.
1516 2571 1578 2597 Nat.
1598 2571 1663 2597 Chr.
1677 2580 1702 2598 v.
1718 2573 1757 2603 76.

309 2620 429 2648 donides·
1446 2643 1450 2648 .
1471 2614 1495 2633 Μ
1504 2614 1523 2633 Υ
1531 2613 1550 2633 R
1561 2615 1569 2633 1
1581 2612 1597 2633 C
1611 2614 1628 2634 Ε
1640 2628 1648 2640 ,
1663 2615 1708 2647 ,εἰ
1726 2606 1746 2632 f.
1783 2607 1908 2643 Nympha,
1922 2616 1937 2632 a
1951 2615 2000 2641 qua
2009 2615 2087 2642 genus
2100 2606 2174 2633 duxit
2181 2606 2282 2641 Imilce,
2291 2607 2498 2636 :xxm-Hanniba-

348 2664 399 2684 MY
411 2662 432 2683 G
445 2663 464 2682 D
475 2654 495 2683 ὅ
506 2662 528 2683 Ν
542 2662 586 2688 18,
607 2654 668 2682 idis.
689 2654 708 2681 f.
729 2654 883 2685 Patronytn.
920 2651 1077 2686 [Μυγδονὶς]
1104 2647 1188 2676 Ouid.
1207 2647 1272 2675 Met.
1295 2648 1320 2676 6,
1338 2653 1372 2679 45
1433 2643 1482 2676 115,
1501 2643 1629 2679 *inscribit
1645 2643 1690 2669 Sil.
1703 2652 1724 2676 3,
1740 2650 1790 2675 ¹03·

308 2692 540 2728 Mygdonidesque
559 2700 650 2718 nurus.
1472 2686 1603 2705 MYR1N
1615 2687 1636 2706 A
1647 2700 1656 2712 ‚
1673 2687 1712 2705 ae.
1733 2679 1752 2705 f.
1772 2678 1908 2712 [Magium]
1930 2678 2026 2713 Regina
2034 2677 2095 2712 fuit
2107 2680 2283 2712 Amazonum,
2302 2687 2366 2712 quae
2384 2680 2498 2715 triginta

578 2754 617 2785 NI
667 2753 693 2784 Y
745 2753 758 2783 I
833 2759 844 2783 t
907 2750 947 2783 M
997 2749 1023 2781 Y
1074 2748 1101 2780 L
1383 2726 1421 2754 70
1436 2715 1518 2777 Zia?
1527 2716 1650 2750 peditum,
1668 2720 1693 2742 et
1705 2715 1753 2740 duo
1767 2713 1846 2787 niqiblia
1858 2714 1967 2775 &alitum
1981 2714 2016 2775 ὑλ
2022 2714 2134 2774 exp-,vitu
2150 2713 2259 2754 babuiffi’
2266 2714 2392 2777 disgtugh
2405 2716 2499 2742 Ain‘ior

814 2762 829 2783 e
1464 2760 1486 2776 io
1505 2760 1561 2776 orus
1572 2759 1599 2783 4.
1820 2759 1832 2775 2
1884 2758 1897 2775 1·
1918 2758 1928 2775 s
1947 2758 1975 2775 in
2018 2758 2050 2775 eo
2063 2757 2088 2774 121
2144 2757 2192 2775 uae
2205 2755 2286 2776 cuam
2313 2751 2337 2776 'e
2357 2759 2370 2777 a
2394 2760 2410 2777 o
2431 2751 2467 2777 o'

350 2808 378 2828 M
390 2808 410 2827 Y
421 2807 431 2827 1
443 2807 481 2833 A,
500 2800 557 2827 vid·
581 2806 607 2827 Μ
619 2807 637 2825 Y
648 2806 678 2826 Α,
1436 2787 1562 2826 sevocat,
1578 2793 1608 2811 vt
1621 2785 1728 2821 testatur
1739 2784 1807 2812 Plin.
1822 2793 1844 2820 ς,
1858 2795 1898 2818 30.
1971 2787 2033 2811 Item
2049 2758 2171 2820 Opssidtimz
2185 2785 2280 2820 insulae
2298 2787 2400 2820 Lemni,
2413 2752 2499 2814 gaillia:

346 2842 579 2867 MYiAGRVS,
600 2836 654 2862 vid.
682 2839 899 2862 MYAGRVS.
1268 2861 1273 2866 Π
1434 2821 1618 2862 Plinnestest,
1634 2831 1664 2848 12-
1704 2857 1709 2862 ,

350 2879 378 2899 Μ
390 2879 408 2898 Y
423 2879 431 2899 1
444 2879 462 2899 0
473 2879 491 2899 D
501 2879 517 2899 E
530 2878 556 2905 S,
582 2872 613 2898 is.
635 2881 671 2899 m.
698 2870 844 2906 Muscarium
861 2871 939 2895 Deus.
980 2866 1048 2893 Pliu.
1067 2874 1108 2899 29.
1121 2867 1139 2892 6
1165 2863 1308 2897 Olympiae
1326 2870 1373 2887 nu-
1474 2864 1499 2884 M
1509 2864 1527 2897 Y
1538 2865 1556 2884 R
1567 2866 1576 2884 1
1590 2866 1612 2884 N
1623 2864 1643 2883 V
1654 2864 1683 2890 S,
1702 2866 1720 2897 ¹.·
1742 2867 1778 2885 m.
1799 2857 1937 2891 [Μύςιως]
1957 2857 2017 2882 Mas
2029 2865 2160 2883 muraenae
2172 2855 2213 2893 est.
2293 2857 2362 2885 Plin.
2381 2867 2412 2893 9,
2431 2867 2459 2892 23
2480 2860 2498 2886 s.

311 2908 358 2935 bes
377 2909 539 2943 muscarum,
565 2907 703 2935 immolato
724 2914 801 2934 tauro
823 2906 892 2939 Deo,
912 2912 991 2939 quem
1011 2901 1152 2934 Myiodem
1170 2905 1284 2931 vocant,
1303 2903 1375 2924 extra
1387 2905 1419 2933 75
1437 2903 1465 2927 39
1480 2894 1632 2921 Aristoteles
1646 2902 1782 2924 myruium
1797 2899 1874 2920 vocat
1887 2901 1989 2921 marem
2003 2892 2051 2928 qui
2059 2897 2180 2928 generat.
2219 2894 2290 2920 Vetus
2304 2895 2500 2931 exemplarlcgit

312 2944 483 2972 territorium
495 2944 522 2970 jd
536 2944 618 2970 abire·
1434 2931 1553 2962 Myrum.
1590 2932 1623 2956 Et
1636 2931 1674 2956 ita
1687 2931 1758 2957 dedit
1772 2929 1929 2958 Harauinus.

348 2988 374 3008 M
387 2987 405 3006 Υ
419 2987 436 3007 L
447 2987 468 3007 A
480 2986 498 3007 Ε
511 3000 520 3012 ,
539 2984 623 3006 arum.
644 2979 663 3006 f.
701 2978 799 3014 Insulae
812 2980 880 3005 circa
893 2978 1002 3003 Cretam.
1041 2973 1108 3001 Plin.
1128 2982 1152 3005 4,
1167 2980 1200 2998 12.
1231 2978 1254 2997 et
1274 2969 1373 2996 Vellei.
1470 2973 1498 3007 -M
1509 2973 1527 2992 Y
1540 2973 1584 3007 R}
1596 2972 1615 2993 0
1626 2972 1640 2992 Ρ
1652 2972 1672 2992 H
1683 2974 1701 2992 Y
1710 2972 1726 2992 1.
1736 2972 1752 2992 L
1762 2971 1781 2994 ο
1792 2973 1814 2992 Ν
1824 2985 1832 2998 ,
1852 2965 1871 2991 i.
1891 2973 1917 2992 n.
1937 2965 2135 3000 [μυμόφυλλον]
2159 2965 2243 2992 Herba
2255 2975 2318 3000 quae
2335 2963 2499 3000 Mille-fidium

313 3026 338 3052 2,
351 3025 408 3051 794.
445 3016 548 3042 Siciliae
562 3016 636 3042 etiam
651 3019 772 3050 quondam
780 3022 877 3049 portus,
897 3015 926 3039 de
942 3022 986 3047 quo
1008 3012 1096 3038 Senec.
1116 3009 1178 3036 Nat.
1193 3006 1298 3041 Qiaest.
1315 3016 1335 3038 3,
1344 3007 1373 3032 26
1436 3003 1503 3028 al1as
1518 3003 1618 3028 dicitur.
1661 3003 1715 3029 Vid.
1737 3002 1803 3029 Pliu.
1818 3004 1906 3041 24,*16.
2456 3012 2459 3015 Δ

313 3060 380 3078 extr.
402 3052 480 3079 Circa
494 3052 637 3079 Meffanam
651 3056 676 3077 et
691 3050 775 3082 Mylas
791 3050 855 3077 fimo
871 3049 997 3084 quiddam
1013 3047 1096 3074 simile
1110 3054 1182 3072 mare
1196 3043 1310 3079 profert,
1323 3043 1375 3068 fer·
1474 3045 1500 3065 M
1513 3046 1532 3078 Y
1543 3045 1562 3078 Ρ)
1575 3045 1591 3065 L
1606 3045 1623 3065 Ε
1638 3045 1660 3066 A
1670 3058 1678 3071 ‚
1699 3047 1737 3065 ae.
1759 3039 1777 3065 f.
1823 3038 1890 3065 Plin.
1912 3046 1934 3070 ς,
1958 3047 1983 3070 3²
2010 3036 2146 3073 Oppidum
2165 3035 2320 3068 Bithyniae,
2339 3036 2412 3072 quod
2432 3038 2499 3073 Apa.

313 3095 413 3122 vetque
425 3094 450 3115 et
464 3087 569 3119 aestuat,
588 3096 643 3114 non
658 3086 710 3113 fine
730 3086 821 3113 colore
841 3086 931 3112 foedo.
988 3083 1065 3111 Vnde
1086 3082 1141 3108 illic
1163 3079 1288 3108 stabulari
1307 3079 1374 3105 Solis
1387 3082 1420 3108 80
1437 3083 1494 3101 mea
1508 3074 1621 3105 dicitur3
1657 3083 1671 3100 a
1684 3074 1775 3106 Myrlo
1796 3072 2032 3108 Colophoniorum
2049 3073 2124 3106 duce,
2147 3073 2189 3099 vel
2203 3081 2218 3099 a
2230 3073 2334 3104 Myrlea
2354 3073 2499 3100 Amazone.

312 3124 397 3151 boues
410 3124 499 3151 fabula
514 3124 559 3152 est.
634 3124 722 3149 Eadem
734 3129 812 3157 paene
819 3124 856 3148 ad
866 3123 966 3148 verbum
973 3119 1069 3157 scribit
1091 3118 1158 3146 Plin.
1173 3127 1196 3151 2,
1217 3122 1256 3151 98.
1318 3116 1374 3142 Vin'.
1437 3110 1598 3138 Nicomedes
1614 3117 1702 3137 autem
1716 3110 1875 3146 Epiphanes,
1895 3109 1978 3137 Prulii
1992 3109 2060 3144 regis
2069 3109 2150 3144 filius,
2169 3108 2201 3134 de
2215 3108 2306 3135 matris
2313 3108 2500 3144 nomineApa-

314 3160 359 3188 Sil.
381 3170 420 3194 14,
445 3169 501 3193 402.
1435 3155 1501 3179 mes,
1522 3148 1664 3181 Apameam
1680 3148 1772 3174 vocari
1790 3146 1887 3173 voluit.

351 3203 376 3222 M
390 3204 408 3223 Y
422 3203 438 3222 L
449 3204 471 3223 A
480 3202 493 3222 s
503 3202 524 3222 A
533 3214 542 3227 ‚
567 3204 607 3223 ae.
633 3195 652 3223 f.
679 3192 830 3228 [Μύλασα]
857 3191 974 3218 Liberum
988 3191 1079 3217 Cariae
1090 3190 1212 3225 oppidum,
1233 3188 1270 3214 ita
1283 3187 1375 3213 dimam
1467 3190 1498 3223 *M
1508 3191 1526 3209 Y
1539 3189 1556 3208 R
1572 3190 1597 3209 M
1610 3190 1625 3209 r
1636 3189 1652 3209 c
1663 3191 1672 3209 i
1682 3190 1703 3210 A
1715 3190 1727 3210 s
1737 3204 1746 3217 ‚
1765 3192 1803 3209 ae.
1824 3192 1861 3209 in.
1899 3182 2012 3210 Gemma
2023 3179 2109 3215 nigra,
2130 3187 2196 3214 quae
2210 3178 2289 3206 habet
2301 3179 2458 3207 eminentias
2470 3180 2498 3207 fi.

315 3232 356 3265 (fi
367 3233 486 3267 Stephano
498 3232 635 3263 credimus)
654 3241 671 3257 a
691 3229 794 3262 Mylaso
808 3229 882 3256 Aeoli
894 3227 1019 3262 abnepote.
1065 3226 1184 3252 Meminit
1201 3226 1273 3251 huius
1292 3222 1376 3259 oppidi
1436 3219 1512 3246 miles
1527 3219 1646 3245 verrucis
1667 3219 1732 3245 Plin.
1746 3228 1822 3253 37‚10.

316 3268 384 3294 Plin.
402 3278 414 3299 5
459 3276 500 3302 29.
1393 3264 1422 3292 ες
1475 3262 1501 3282 Μ
1511 3263 1529 3281 Y
1540 3262 1556 3280 R
1570 3261 1594 3281 M
1612 3262 1628 3282 E
1643 3261 1660 3281 C
1674 3253 1715 3281 sD
1726 3262 1742 3281 E
1752 3262 1781 3288 s,
1807 3263 1845 3281 ae.
1869 3263 1904 3280 m.
1931 3252 2114 3286 [Μυρμηκίδης]
2139 3252 2232 3277 Nomen
2247 3251 2304 3277 viri
2318 3252 2455 3286 proprium,
2468 3253 2499 3277 de

352 3311 377 3330 M
388 3311 406 3329 Y
418 3290 434 3330 ι’,
445 3310 467 3329 Α
477 3311 489 3332 s
503 3309 520 3329 Ε
531 3310 571 3336 Α,
591 3310 629 3330 ae.
651 3301 670 3327 f.
708 3300 832 3327 Cannabis
839 3298 931 3335 species
952 3297 1019 3325 Plin.
1043 3305 1078 3329 19,
1091 3304 1116 3329 9.
1439 3300 1484 3327 quo
1503 3291 1559 3317 Cic.
1574 3290 1652 3317 Acad.
1669 3304 1692 3324 4,
1706 3300 1750 3318 120
1771 3292 1806 3317 Vt
1819 3291 1898 3317 etiam
1912 3289 1982 3314 iuter
1995 3288 2064 3324 deos*
2076 3286 2254 3319 Myrmecides
2270 3287 2366 3322 aliquis
2384 3288 2500 3313 minuto.

355 3345 380 3365 M
394 3346 413 3365 Y
428 3347 444 3366 L
458 3346 477 3366 o
490 3346 507 3366 Ε
522 3345 539 3366 c
551 3346 571 3365 o
584 3344 597 3365 s
609 3358 617 3371 ,
638 3337 656 3364 i.
676 3346 711 3364 m.
748 3335 900 3363 Vermiculi
915 3343 997 3370 genus
1010 3341 1041 3360 ex
1050 3332 1148 3365 blattis,
1162 3331 1231 3359 circa
1243 3330 1326 3358 molas
1339 3329 1378 3356 fe-
1439 3336 1499 3354 rum
1513 3327 1701 3361 opusculorum
1715 3327 1860 3353 fabricator
1874 3325 1949 3351 suissi:
1964 3324 2094 3350 videatur.
2169 3323 2235 3350 Plin.
2250 3332 2273 3356 7,
2289 3332 2310 3349 21
2336 3323 2499 3356 Callicrates,

317 3382 347 3402 re
360 3376 474 3409 nascens,
490 3382 520 3402 vt
534 3375 574 3401 ait
594 3374 661 3401 Plin.
677 3382 719 3407 29,
741 3374 764 3398 6.
1440 3372 1472 3390 ex
1485 3362 1565 3389 ebore
1578 3363 1714 3396 formicas,
1736 3369 1761 3389 et
1775 3362 1825 3388 alia
1840 3368 1892 3387 tam
1908 3369 1988 3394 parua
2003 3361 2067 3386 fecit
2080 3358 2223 3392 animalia,
2242 3366 2269 3385 vt
2283 3366 2369 3394 partes
2376 3366 2467 3384 carum
2482 3367 2497 3385 a

1441 3398 1547 3426 caeteris
1561 3399 1634 3424 cerni
1649 3408 1705 3425 non
1720 3399 1826 3433 poss'eut.
1898 3396 2074 3428 Myrmecides
2087 3394 2194 3430 quidam
2209 3395 2237 3421 in
2247 3395 2340 3421 eodem
2351 3402 2446 3428 genere
2457 3395 2497 3420 in-

723 3435 762 3467 M
842 3434 868 3465 Y
947 3434 977 3465 O
1392 3446 1427 3471 90
1441 3434 1544 3468 claruit,
1562 3443 1576 3461 a
1590 3442 1643 3467 quo
1658 3434 1817 3468 quadrigam
1831 3441 1861 3458 ex
1875 3433 1965 3459 eadem
1987 3432 2096 3459 materia
2109 3440 2187 3465 quam
2207 3431 2292 3458 musca
2305 3430 2432 3463 integeret
2449 3430 2497 3457 alis

357 3490 382 3510 M
392 3490 410 3509 Y
420 3489 438 3509 0
449 3488 464 3509 B
477 3489 497 3509 A
508 3489 527 3509 R
539 3488 555 3509 B
565 3489 586 3509 v
598 3489 640 3516 M,
657 3482 676 3510 i.
694 3492 720 3509 n.
764 3480 915 3509 Vocabulum,
928 3488 975 3513 quo
990 3477 1047 3514 rsus
1067 3476 1099 3512 est
1118 3474 1249 3502 Ausonius
1267 3474 1294 3500 in
1316 3475 1378 3500 lem·
1442 3471 1604 3502 fabricatam,
1624 3477 1649 3496 et
1665 3477 1759 3496 nauem
1773 3478 1852 3502 (luam
1865 3469 1966 3503 apicula
1985 3466 2274 3503 pinnisjabscondcret.

321 3526 390 3545 mate
405 3519 600 3553 epigrammatis
614 3528 653 3550 30·
730 3517 855 3544 Turnebus
864 3522 937 3551 putat
950 3515 1053 3540 verbum
1068 3511 1217 3548 compositum
1237 3522 1253 3536 α
1267 3511 1344 3536 Mure
1357 3517 1380 3535 et
1478 3515 1504 3535 Μ
1515 3513 1560 3534 YR
1569 3513 1592 3533 M
1605 3513 1620 3532 Γ,
1632 3512 1648 3531 C
1660 3513 1667 3531 1
1680 3513 1700 3532 O
1713 3512 1733 3532 N
1744 3525 1752 3537 ,
1773 3505 1790 3531 i.
1810 3515 1835 3530 n.
1873 3506 1957 3531 ,iim-31·
1972 3505 2032 3530 sutis
2046 3512 2070 3530 et
2083 3509 2343 3535 verriu-nrumgenuf.
2417 3502 2496 3528 Celso

322 3555 418 3585 Barbo,
437 3548 498 3589 (suae
506 3565 554 3581 vox
561 3555 690 3589 significet
705 3553 833 3589 adisti-um,
846 3552 876 3578 id
887 3550 918 3586 est
930 3549 1066 3585 mensnram
1077 3547 1379 3582 liquidarumsea-unciam
1441 3553 1464 3577 ς,
1478 3550 1516 3577 28,
1529 3551 1557 3576 ¹4
1577 3541 1719 3572 Tliymiou
1735 3542 1898 3575 nominatur,
1917 3541 1988 3575 quod
2003 3541 2079 3575 super
2092 3547 2186 3574 corpus
2201 3537 2268 3570 quali
2283 3537 2423 3563 verrucula
2431 3538 2497 3564 emi-

318 3593 475 3626 pendentum,
497 3591 570 3623 viſst
583 3585 700 3625 tanquam
713 3592 790 3616 muris
803 3588 911 3623 cyathus.
986 3584 1049 3620 lmst
1060 3592 1139 3610 autem
1159 3591 1182 3609 et
1196 3584 1257 3608 latet
1270 3583 1296 3606 in
1311 3591 1379 3607 mure
1442 3587 1497 3614 net,
1517 3578 1548 3606 ad
1562 3584 1647 3605 cutem
1662 3585 1750 3610 tenue,
1770 3578 1845 3612 supra
1858 3578 1945 3612 latius,
1958 3577 2113 3609 subdurum,
2136 3581 2161 3601 ct
2173 3575 2200 3600 in
2208 3573 2310 3612 summo
2318 3574 2496 3608 perasperum,

321 3625 597 3661 ”wsle'7·i¹‘stgn1'ficatie,
618 3633 642 3652 et
657 3626 739 3656 barbis,
760 3634 805 3659 quo
818 3625 845 3650 in
858 3621 977 3658 mysteriis
995 3623 1092 3646 Cereris
1105 3620 1225 3654 legiferae
1238 3618 1378 3643 vti-bantur.
1392 3624 1424 3650 95
1442 3626 1485 3643 etc.
1540 3616 1571 3641 Et
1580 3615 1666 3650 paullo
1678 3614 1736 3648 post,
1757 3614 1901 3645 Myrmecia
1915 3620 2002 3640 autem
2015 3618 2152 3644 vocantur,
2171 3608 2316 3636 huuuhora
2331 3609 2435 3640 thymio
2450 3609 2496 3636 du-

324 3662 375 3686 flac
390 3661 470 3695 igitur
484 3656 569 3687 [eninm
577 3662 707 3697 significat
721 3660 819 3696 niystica
832 3659 918 3686 Liberi
928 3658 1011 3693 patris
1026 3656 1134 3689 nomina,
1151 3662 1174 3680 ct
1188 3654 1312 3689 niystisnm
1328 3660 1379 3687 pct—
1442 3653 1577 3686 rim-aque,
1599 3658 1663 3683 quac
1679 3649 1778 3675 radices
1792 3650 1870 3676 altius
1884 3650 2004 3684 exigunt,
2026 3649 2211 3683 maioremque
2231 3644 2352 3670 dolorem
2371 3652 2496 3672 mouent:

323 3696 429 3732 estatem.
486 3698 534 3722 Sed
546 3698 603 3723 baec
617 3697 724 3729 mystica
732 3697 794 3732 sunt
809 3703 835 3721 et
846 3693 980 3728 μυςηριιᾶδη.
1055 3693 1139 3726 Neque
1159 3692 1234 3716 multo
1253 3690 1379 3725 apertiora
1442 3689 1513 3716 iufra
1527 3689 1590 3722 lata,
1609 3685 1684 3719 super
1697 3692 1784 3712 autem
1798 3686 1887 3713 tenuia
1897 3707 1903 3719 ‚
1923 3686 2012 3711 minus
2031 3680 2163 3717 sauguinis
2176 3687 2299 3706 mittunt:
2336 3681 2497 3715 magnitudi-

324 3741 386 3766 quae
398 3732 519 3766 Scaliger,
540 3733 583 3766 qui
598 3733 790 3765 aſsmilitudine
811 3731 888 3757 muris
906 3737 931 3756 ct
949 3729 1053 3759 barbae,
1066 3736 1127 3762 quae
1142 3727 1168 3751 in
1183 3734 1264 3751 conum
1279 3724 1378 3756 definit,
1442 3734 1475 3752 ne
1492 3724 1538 3751 vix
1552 3729 1666 3756 vnquaiu
1681 3721 1766 3755 lupiui
1779 3722 1889 3748 modum
1903 3721 2040 3748 excedunt.
2110 3715 2260 3743 Nascuntur
2281 3725 2310 3742 ea
2330 3725 2436 3751 quoque
2451 3723 2496 3744 aut

325 3776 383 3793 voce
392 3767 497 3799 hybrida
503 3768 542 3799 sic
554 3769 646 3794 ‹lz‘i‘lum
658 3768 704 3803 este
718 3769 775 3794 vult
782 3767 927 3793 cantharum
939 3765 1078 3800 oblongum,
1092 3759 1283 3797 aiigtqlliffitnim1
1296 3761 1380 3794 infima
1441 3761 1470 3788 in
1485 3759 1592 3795 palmis,
1613 3764 1656 3783 aut
1676 3757 1853 3784 inferioribus
1873 3758 1992 3793 partibus
2009 3754 2113 3790 pedum·
2282 3750 2302 3790 fl
2323 3761 2335 3778 2
2358 3752 2497 3788 Phalangis*

322 3809 405 3839 parte,
425 3811 474 3836 qua
491 3803 608 3837 bafisnae
621 3804 783 3829 committitur
790 3809 836 3828 etc.
854 3809 877 3827 et
890 3801 987 3835 confert
1009 3801 1123 3826 Varrou.
1137 3798 1168 3824 de
1178 3798 1205 3823 L.
1221 3797 1249 3823 L.
1259 3806 1282 3827 4,
1303 3804 1332 3825 25
1355 3805 1526 3832 p-toogenus.
1562 3794 1627 3821 Plin.
1641 3802 1680 3827 29,
1694 3804 1711 3827 4
1731 3794 1898 3825 Myriiiecion
1911 3792 2039 3820 formicae
2051 3787 2142 3815 similis
2155 3787 2248 3822 capite,
2263 3788 2324 3814 aluo
2339 3789 2425 3823 nigra,
2438 3794 2494 3823 gut-

326 3848 368 3874 3ο,
388 3846 416 3870 23
442 3838 485 3877 irbi
504 3838 541 3862 ita
562 3839 638 3874 legit,
667 3839 754 3866 Postea
776 3837 874 3864 accessit
894 3837 987 3863 Nauus
1015 3838 1065 3869 (al.
1079 3837 1190 3867 μάγιιῡς)
1224 3841 1284 3858 cum
1298 3832 1379 3857 Grae·
1442 3833 1475 3859 tis
1490 3831 1556 3858 albis
1575 3829 1804 3863 distinguentibus.
2486 3824 2489 3827 “

327 3883 358 3900 to
381 3881 508 3905 nomme,
537 3879 561 3899 et
577 3883 637 3902 etun
655 3875 751 3901 Latino
774 3874 884 3901 nomine
908 3873 1007 3900 Graeca
1028 3871 1113 3907 figura
1137 3868 1271 3897 Barbatos.
1322 3869 1377 3895 Vid.
1479 3873 1595 3895 MYRM
1608 3871 1624 3891 E
1636 3871 1652 3891 c
1664 3868 1673 3891 i
1686 3873 1708 3892 ‘r
1720 3873 1769 3898 Es,
1791 3875 1829 3892 ae.
1848 3875 1884 3893 m.
1904 3861 2081 3899 [memnii-nc]
2108 3859 2220 3886 Gemma
2240 3859 2358 3886 innatam
2378 3859 2495 3894 repentis

328 3916 380 3936 NA
391 3917 411 3936 N
423 3915 465 3935 vs
485 3918 510 3934 n.
531 3917 551 3934 2.
1441 3903 1572 3931 formicae
1586 3900 1699 3935 effigiem
1715 3901 1823 3929 habens.
1895 3900 1960 3928 Plin.
1973 3906 2010 3930 37.
2026 3903 2046 3922 ιι
2065 3898 2128 3922 Sam
2147 3897 2287 3929 Myrmex,
2306 3895 2457 3928 myrmecis,
2475 3895 2495 3921 f.

361 3952 386 3971 Μ
399 3952 418 3971 Υ
431 3951 449 3971 o
462 3951 479 3972 c
496 3950 518 3971 'r
531 3942 550 3971 ὁ
559 3951 580 3970 N
592 3950 611 3970 o
623 3951 635 3970 s
644 3965 652 3977 ‚
673 3945 691 3971 i.
710 3955 745 3972 m.
767 3945 928 3979 [μυοκτόνος]
949 3944 1034 3970 Radix
1047 3941 1147 3971 aconiti
1167 3940 1234 3969 Plin.
1247 3947 1286 3973 27,
1295 3948 1379 3974 3.qua-
1442 3939 1553 3968 Formica
1564 3939 1652 3964 Latzne
1671 3938 1775 3965 dicitur.

322 3981 349 4015 fi
361 3989 385 4006 su
400 3981 505 4008 ‚narium
517 3980 711 4014 inteefeffricem
725 3982 791 4008 dicas
800 3992 807 4005 .-
827 3988 856 4007 ω
869 3979 1055 4014 Myophonon.
1387 3980 1434 4008 ως
1476 3982 1503 4005 M
1515 3983 1532 4003 Y
1542 3980 1562 4001 R
1572 3981 1595 4001 M
1605 3980 1620 4001 E
1633 3979 1649 4000 c
1662 3980 1682 4002 o
1694 3980 1710 4001 L
1721 3980 1737 4001 Ε
1747 3979 1766 4001 o
1775 3980 1814 4008 N,
1835 3970 1901 4000 anis.
1923 3977 1959 3996 111.
1985 3967 2191 4003 [memnonios]
2218 3967 2342 4003 Exiguum
2361 3967 2496 3993 animalcu-

2433 4003 2494 4039 lum,
