2517 4231
29 176 100 227 565
441 161 648 206 OFF
1551 156 1589 199 O
1651 157 1775 200 FF
2117 171 2195 220 566

67 235 227 289 orl-‘Eun
240 263 279 291 o,
298 255 359 283 inis.
389 254 410 281 f.
447 253 565 281 Offenlio
578 252 672 279 Afran.
691 248 817 286 Vopisco,
826 248 941 283 Quoque
954 255 1024 274 nunc
1037 247 1078 275 of.
1136 256 1158 281 3,
1172 256 1219 282 1,9
1238 255 1261 274 et
1279 248 1345 276 Hec.
1362 257 1384 282 3,
1404 248 1476 283 3,'22
1502 248 1608 276 Vitium
1625 248 1761 282 oblatum,
1787 249 1912 285 Stuprum
1931 253 2065 283 oblatum:
2107 265 2131 283 et
2145 258 2192 285 Ci.

29 296 110 325 fendo
123 296 196 330 saepe
209 292 300 330 procul
314 290 400 318 nostra
414 289 443 316 fit
457 290 539 323 mala,
559 288 666 316 Nonius
677 295 700 319 2,
713 288 772 312 602.
903 319 907 324 ⁵
924 319 929 324 .
1049 316 1052 325 ὁ
1136 293 1199 310 ccro
1219 292 1269 318 pro
1288 285 1383 326 Domo
1396 288 1426 312 62
1448 285 1613 327 'Incendium
1632 286 1765 313 oblatum:
1776 322 1782 328 .
1817 294 1845 328 5¹
1863 295 1913 321 pro
1930 289 1998 317 Sext.
2016 297 2045 324 ⁴8
2074 292 2191 320 Mortem

65 326 280 360 orrenstnf
290 334 367 360 MS,
398 334 422 353 e.
449 326 509 354 Adi.
546 324 663 352 Laetant.
681 332 710 356 4›
725 323 756 348 26
781 319 982 347 Offenfibilibus
997 326 1022 346 ct
1036 327 1076 346 ca.
1135 320 1258 361 9b¹²f¹²¹¹¹¹t
1329 323 1424 357 Qum,
1442 330 1470 348 ,η
1492 322 1550 348 lom
1572 327 1620 349 013
1642 322 1793 358 Praepostno
1813 322 1937 358 infaustae
1954 326 2008 358 rei,
2038 330 2192 364 ”naeniisque

28 367 101 395 ducis
108 365 230 402 greffibus
243 362 372 391 incedere.
1136 359 1276 382 muln-‹nrtx
1294 355 1337 390 est.
1549 394 1554 400 ⁸
1659 394 1665 399 Ι

65 409 108 431 or
119 408 186 429 rm
196 406 215 428 c
225 407 280 433 ιο,
300 398 329 432 fi,
346 404 414 431 mm,
432 399 483 424 fre·
519 394 641 431 [ἰπιβῠω]
677 391 791 428 Jmptm.
826 391 868 418 Ab
880 391 921 417 ¹³⁰⁶
934 391 967 428 est
1098 395 1113 423 ς
1174 398 1193 418 ο
1203 396 1219 417 ε
1232 397 1249 416 L
1261 396 1341 416 111-Λ
1351 410 1360 421 ,
1384 400 1433 432 ες..
1461 392 1482 419 f.
1522 394 1577 422 m,
1588 392 1642 430 past
1654 403 1681 419 m
1699 399 1852 422 onem-10
1865 403 1892 421 η.
1907 402 1933 421 2.

63 442 245 466 OFFERTV
255 442 285 469 s,
301 443 326 467 a,
349 442 403 460 um.
440 433 508 460 Part.
543 429 689 466 [ἐπιβατὸς]
726 428 824 454 Plenus.
860 427 942 455 Plaut.
964 426 1033 454 Afin.
1053 436 1077 458 2,
1173 432 1193 453 0
1203 432 1218 452 E
1228 432 1244 451 L
1255 432 1274 451 Λ
1285 432 1306 451 Τ
1318 431 1338 450 V
1350 431 1375 451 Μ
1387 446 1394 458 ,
1427 437 1443 454 1.
1487 438 1513 454 n.
1558 429 1715 465 Substantiue
1737 430 1841 464 positum
1864 430 2095 472 'Dryossfssmu‘wa
2131 435 2191 463 Liu,

27 481 86 509 2,17
105 472 233 500 Maximas
246 470 416 506 optumitates
425 468 574 503 gaudioque
587 464 759 492 offertiffimas
775 463 867 498 pariet.
938 462 1074 490 Oti'ertiffi-
1134 473 1173 495 44,
1187 464 1218 501 ιζ)
1245 461 1321 500 Tum
1337 461 1473 489 Gallorum
1493 464 1638 492 effusorum
1649 474 1698 500 per
1712 466 1849 498 Illyricum
1862 475 1955 501 ingens
1973 465 2093 494 oblatum
2107 471 2192 497 auari-

27 519 84 537 mus
116 515 163 545 pro
175 504 349 542 Pinguiffima,
385 505 472 532 Plaut.
480 503 554 537 Capt.
566 509 593 534 4,
605 509 626 534 1,
639 505 653 530 8
671 499 734 526 Sine
747 499 823 527 sacris
837 498 1011 527 hereditatem
1018 499 1075 524 sum
1133 499 1170 525 tia
1186 497 1319 522 dmuss'um
1333 496 1378 522 est.
1437 532 1443 536 Ι

27 529 132 580 adepius
147 542 344 571 offertiffimam.
1171 539 1216 560 on
1226 539 1244 558 L
1255 539 1306 559 AT
1318 540 1325 559 1
1336 539 1377 573 0,1
1397 535 1466 573 oms.
1488 533 1507 560 f.
1544 536 1573 560 In
1588 545 1616 561 re
1628 538 1767 564 nummaria
1779 537 1843 573 quid
1844 537 1897 572 fit,
1919 538 1977 566 Vicl.
1992 545 2112 567 οΑΝοΝ
2132 549 2158 568 n.
2170 549 2193 570 2,

62 578 158 609 OFFI}
168 585 187 606 R
200 585 236 612 O,
256 577 353 611 offers,
372 575 474 607 obtfili,
491 572 610 600 oblatum
621 592 629 605 ,
645 571 752 598 offerre.
789 571 943 605 [uqoespigu,
959 569 1074 604 ηροπῖυω,
1088 579 1118 597 10
1133 567 1154 608 fl
1175 577 1190 595 2
1226 570 1305 603 Apud
1317 567 1468 602 christianos
1480 575 1574 609 *oppres
1581 571 1750 603 Oblationffl,
1768 580 1842 601 eram
1856 575 1903 600 Res
1916 583 2005 608 omnes,
2017 584 2079 610 quae
2092 578 2144 602 Deo
2152 577 2193 610 sa-

25 616 168 651 πμβάλλυ]
206 614 341 646 Exhibere,
364 611 435 646 quasi
443 609 537 635 obuiam
546 608 635 643 fem-e,
651 609 719 633 vltro
728 607 838 641 desiste.
889 607 958 632 Ter.
972 607 1037 632 Hec.
1051 615 1073 639 5,
1133 605 1328 638 cJ-ificabantnr,
1348 603 1444 635 etficut
1458 604 1537 638 Mtffa
1547 612 1591 639 pro
1607 605 1733 641 slffiffione,
1750 609 1788 642 fic
1799 615 1843 643 pro
1855 608 2003 637 Oblatione
2017 611 2112 639 Oblata
2125 611 2193 638 dida

23 662 36 687 3
64 661 91 679 10
112 652 269 686 Opportune
283 656 307 675 te
318 647 385 675 mihi
397 645 485 673 offers.
575 643 633 670 Cic.
648 644 701 670 Att.
716 652 737 676 2,
754 651 783 669 22
807 641 887 676 Qiod
901 641 955 668 sors
971 641 1074 668 obtule.
1133 641 1174 677 est.
1216 640 1271 678 Viti.
1287 638 1570 679 FulberuCarnotens.
1585 641 1663 675 Epist.
1676 651 1698 668 2.
1737 643 1886 672 Hildebert.
1901 645 2056 674 Turonens.
2068 646 2148 681 cle'my
2170 658 2194 675 e.

21 673 61 715 'r’it
107 686 134 713 id
151 686 257 713 aeturus
269 684 397 711 videatur.
501 679 702 714 Peropportune
716 679 829 711 offerre,
852 677 906 702 vid.
931 683 947 702 P
958 683 973 703 E
984 684 1002 703 R
1014 683 1034 703 o
1044 684 1072 703 P-
1133 677 1171 703 rso
1184 675 1293 714 Mis—lau,
1330 673 1476 701 offerimus
1491 674 1540 714 11111
1557 676 1656 703 summe
1671 678 1755 705 Deus:
1790 679 1832 706 sed
1845 688 1955 716 propter
1967 683 2075 710 eosdem
2110 683 2137 710 O
2158 684 2192 711 la.

25 708 99 752 PO’R
113 728 137 750 'r
148 729 200 749 VN
213 727 233 748 ν
243 727 267 747 s.
334 716 424 745 Alieni
439 715 548 745 offerre,
561 715 633 749 quod
646 715 699 750 ipse
714 714 761 741 fibi
776 723 793 740 o
812 720 865 740 tare
880 711 989 738 deberet
1013 713 1070 738 Cic.
1134 717 1174 738 tae
1188 716 1287 745 pariter
1297 719 1350 736 non
1366 716 1512 744 operantur
1526 710 1607 738 idem.
1644 713 1717 748 conf.
1739 720 2034 745 OFFERVMENTvm,

25 768 75 794 pro
88 758 191 786 Cluent.
203 765 246 789 ¹¹7·
317 752 423 780 Offerre
438 751 539 787 aliquid
554 751 583 777 in
597 752 682 778 lusum
707 748 781 784 Qiin
811 769 818 776 .
833 757 851 784 1,
867 756 883 773 1.
954 747 1072 774 Access'us
1092 756 1119 783 ις
1171 754 1216 787 011
1227 752 1244 771 L
1257 752 1279 787 ᾼ
1293 752 1315 772 'r
1327 752 1362 772 1c
1373 753 1410 785 tv
1421 754 1476 779 χει,
1491 755 1545 773 um.
1565 747 1625 774 Adi.
1662 750 1739 784 Qod
1750 749 1901 785 offerendum
1913 753 1954 789 est,
1975 754 2123 789 Sidon-7,9
2137 755 2192 783 Ob,

23 794 101 822 tellus
121 792 217 821 obtulit
233 789 321 817 faciles
341 787 471 824 puppibus
500 787 595 814 Lucan.
613 797 633 820 3,
655 796 693 820 4⁴·
799 784 868 811 Ter.
884 782 948 809 Hec.
966 793 987 820 3,
1007 792 1028 816 3,
1044 791 1072 809 10
1132 782 1253 809 lancium
1266 781 1443 821 impendium.
1482 783 1597 809 Aurum:
1635 784 1690 810 via.
1704 786 1754 811 lac.
1770 786 1912 819 Gaehoji-ed.
1924 791 1960 814 ad
1970 790 2000 816 C.
2016 791 2125 819 Themi,
2140 794 2164 825 6,
2176 800 2193 819 2

24 830 97 864 Quia
108 835 161 857 tam
170 824 338 855 incommode
355 823 397 850 illi
415 824 471 850 fors
492 823 624 850 obtulerat
643 823 792 848 Aduentum
812 827 909 845 mcum.
1015 819 1074 845 Cic.
1134 825 1215 853 parat.
1231 825 1256 844 et
1268 820 1305 844 ad
1315 818 1332 845 l.
1349 827 1361 848 5
1374 824 1415 844 tit.
1430 816 1462 843 de
1475 817 1622 846 Senatorib.
1641 821 1687 846 Ad
1695 820 1875 856 praestationes
1885 824 1996 860 principi
2007 828 2103 853 despuas
2112 830 2192 863 pem.-

25 866 102 893 νει-τ,
120 872 138 898 4
159 871 201 896 107
224 860 316 888 Multis
330 861 402 895 saepe
420 860 448 885 in
467 857 630 886 difficillimis
643 857 720 884 rebus
732 855 851 890 praesens
863 854 1003 882 Auxilium
1017 855 1074 881 cius
1134 862 1176 881 net
1186 875 1194 888 ,
1221 862 1244 880 et
1258 854 1348 880 tributi
1355 863 1444 889 genus.
1882 882 1887 887 .

24 886 198 929 oblatum’est.
276 895 436 923 Beneficium
458 895 530 922 Caes.
544 895 608 921 Bell.
622 893 688 920 Gall.
702 895 727 924 6,
742 899 766 923 ⁴¹
781 897 847 931 extr.
926 891 1011 925 Caput
1025 891 1073 918 ob·
1171 897 1190 918 o
1202 896 1218 917 Β
1232 897 1248 916 L
1261 897 1282 917 Α
1296 896 1318 917 Τ
1330 897 1339 917 1
1350 897 1370 914 ν
1382 896 1401 914 ν
1412 896 1435 925 S,
1450 899 1475 922 a,
1488 898 1542 916 um.
1569 890 1629 916 Adi.
1651 891 1728 919 Idem.
1755 890 1891 918 Oblatiuis
1905 893 2099 924 Funetionibus
2109 897 2195 925 obno,

24 937 83 964 vius
93 934 146 970 ipse
158 932 256 960 obtulit
270 931 344 959 letho
363 932 468 958 Lucret.
481 941 502 965 3,
519 940 584 962 ¹05⁴·
655 928 739 966 Caput
752 925 917 953 offerendum
931 926 983 953 fuit
997 927 1071 953 letho
1085 937 1118 956 20
1133 927 1207 953 xium
1221 927 1270 952 esse
1290 926 1437 958 Symmach.
1453 927 1498 966 ξΞγ.
1514 934 1553 960 10,
1566 935 1597 956 50
1610 928 1656 958 (al.
1670 929 1727 962 43).
1801 926 1927 954 Oblatiua
1940 931 2052 959 Munera
2065 942 2078 959 a
2092 934 2195 962 11311111-

22 972 107 998 Senec.
121 968 214 996 Medea
227 978 250 1002 7,
264 977 285 994 2.
379 968 465 1002 Caput
476 965 572 994 vilitati
587 969 613 990 et
625 962 751 997 periculis
781 961 863 989 Plaut.
879 963 952 997 Capt.
966 972 989 995 2,
1004 972 1022 993 1,
1036 973 1070 995 34.
1133 963 1184 989 mis
1198 963 1306 989 feminis
1320 962 1405 988 soiuta
1425 960 1494 988 Ibrd,

20 1006 76 1034 Cic.
87 1014 136 1040 pro
148 1005 210 1032 Sull.
224 1009 253 1037 84
279 1004 364 1038 Caput
381 1011 469 1030 meum
480 998 566 1028 obtuli
579 998 704 1034 periculis
716 997 851 1025 omnibus.
960 998 1072 1025 Crimen
1171 1005 1192 1025 0
1201 1005 1218 1025 Β
1228 1005 1242 1023 ι
1255 999 1276 1024 A
1286 1005 1334 1025 To
1345 1004 1364 1024 R
1373 1020 1382 1032 ‚
1400 998 1466 1024 oris.
1493 1007 1528 1024 m.
1566 997 1685 1024 Tertull.
1697 1005 1784 1024 canera
1795 1000 1882 1026 Marc.
1896 1009 1919 1033 2,
1933 1004 1964 1028 26
1987 1002 2122 1032 Christum
2138 1015 2194 1034 non

18 1040 118 1070 offerre
127 1061 138 1075 ‚
160 1047 206 1076 pro
218 1040 367 1066 Criminaeri.
403 1038 458 1064 Cic.
473 1036 504 1062 de
518 1034 624 1062 Amicit.
637 1036 669 1061 66
690 1033 847 1073 addendum
860 1033 955 1074 codem
970 1035 1007 1075 est.
1014 1056 1023 1069 ‚
1041 1039 1070 1061 vt
1131 1034 1272 1069 agnoscitis
1281 1054 1290 1067 ,
1316 1034 1398 1076 Patris
1413 1033 1624 1068 deprecatorem,
1651 1040 1678 1060 et
1691 1033 1840 1062 oblatorem
1852 1036 1956 1063 animae
1969 1037 2027 1065 suae
2039 1049 2087 1074 pro
2100 1042 2194 1076 populi

19 1085 52 1104 ne
59 1075 228 1104 Criminibus
238 1082 284 1102 aut
296 1072 440 1102 inferendis
453 1070 606 1103 delectetur,
623 1075 668 1097 aut
680 1070 769 1097 credat
782 1069 888 1097 oblatis.
961 1070 1072 1097 Crimen
1132 1071 1222 1097 salute.
1258 1070 1339 1097 Gloss.
1354 1071 1409 1096 Lat.
1426 1070 1472 1096 Gr.
1487 1070 1615 1102 Oblator.
1640 1068 1787 1099 συιτελεςιῖς.

18 1112 113 1140 falsum
139 1112 198 1139 Liu.
213 1121 232 1144 1,
245 1119 278 1145 5¹-
383 1108 439 1134 Cic.
453 1117 503 1143 pro
518 1107 605 1133 Domo
619 1108 652 1132 62
682 1106 784 1133 Domus
798 1105 905 1132 ardebat
919 1106 947 1133 in
962 1106 1070 1141 palatio,
1088 1114 1116 1140 25
1171 1113 1191 1133 o
1202 1113 1219 1132 1³
1228 1112 1244 1132 1³
1254 1111 1270 1132 Ε
1280 1112 1299 1132 R
1310 1112 1332 1132 ‘r
1342 1112 1361 1132 ο
1371 1112 1388 1131 R
1398 1123 1408 1136 ‚
1428 1106 1494 1132 oris.
1529 1116 1566 1133 m.
1604 1105 1795 1133 Commodian.
1808 1107 1930 1135 Instru&
1944 1118 1974 1143 39
1997 1109 2064 1138 Abel
2077 1112 2195 1141 offertor

18 1158 75 1176 non
94 1148 223 1181 fortuito,
257 1144 300 1172 sed
318 1143 408 1172 oblato
421 1143 558 1171 Incendio.
636 1141 768 1170 Iniuriam
789 1142 859 1168 Ter.
874 1142 938 1168 Hec.
956 1151 978 1174 5,
997 1151 1018 1175 1,
1042 1152 1072 1175 ¹3·
1132 1143 1258 1168 maCffltus
1278 1150 1292 1167 a
1314 1142 1406 1168 fratre.

18 1183 206 1213 Iusiurandum
232 1182 300 1209 Suet.
314 1180 347 1207 de
361 1179 446 1207 Claris
459 1179 536 1206 Rhet.
549 1187 570 1210 5.
659 1177 790 1211 Qiintffil.
806 1186 829 1211 5,
841 1179 856 1203 6
882 1178 1070 1205 Iusiurandum
1169 1185 1188 1205 O
1197 1184 1213 1205 F
1222 1184 1238 1204 F
1248 1184 1264 1204 E
1275 1185 1293 1204 R
1304 1184 1324 1203 T
1333 1184 1381 1205 OR
1390 1185 1401 1205 1
1413 1184 1435 1204 v
1447 1184 1493 1212 M,
1529 1177 1548 1206 i.
1584 1187 1612 1204 n.
1649 1178 1725 1204 Locus
1741 1178 1786 1204 vbi
1797 1177 1926 1214 [arrisu-ia
1940 1180 2088 1216 offirmtum
2136 1184 2195 1211 Vid-

19 1220 165 1255 litigatores
177 1218 291 1246 offerunt
304 1216 387 1243 suum.
465 1215 580 1242 Luctum
595 1213 676 1240 alicui
701 1213 787 1241 Catul.
803 1214 903 1248 Argon.
921 1214 938 1240 s.
954 1217 995 1248 62,
1012 1222 1070 1249 247.
1132 1214 1222 1241 Isidor.
1239 1214 1315 1248 Orig.
1332 1215 1358 1246 6,
1375 1223 1410 1247 ¹9·
1957 1213 1960 1215 ’

18 1255 182 1283 Maiestatem
201 1254 271 1281 suam
290 1251 465 1280 contumeliae
497 1251 558 1277 Liu.
576 1260 597 1283 3,
617 1259 646 1277 11.
755 1249 954 1276 Mendicitatem
973 1251 1072 1277 offerre
1170 1257 1190 1277 o
1203 1257 1218 1276 F
1228 1257 1244 1277 F
1253 1256 1269 1277 E
1278 1257 1297 1276 R
1309 1256 1328 1275 V
1340 1257 1366 1277 Μ
1380 1256 1395 1275 Ε
1406 1256 1428 1276 Ν
1438 1255 1460 1276 T
1470 1256 1491 1276 V
1500 1256 1543 1282 M,
1563 1249 1581 1275 i.
1606 1258 1634 1276 11.
1668 1250 1820 1284 [ἀνάθημα]
1857 1250 2027 1281 oblationem
2041 1260 2144 1282 veteres
2157 1254 2196 1283 di-

19 1291 102 1318 Plaut.
120 1287 187 1317 ku'd.
203 1299 226 1323 2,
239 1291 264 1323 6,
277 1298 317 1321 30.
408 1287 465 1314 Cic.
479 1287 552 1314 Fam.
567 1295 603 1320 ις,
618 1295 626 1312 1
654 1286 750 1321 Neque
765 1286 845 1312 multi
860 1286 932 1319 sunt,
953 1292 979 1313 et
993 1286 1071 1313 diffu-
1087 1293 1120 1318 30
1132 1286 1240 1318 cebant,
1260 1295 1327 1321 quae
1340 1285 1390 1311 diis
1403 1284 1581 1318 offerebatur,
1601 1285 1698 1311 auclore
1712 1284 1797 1313 Festo.
1835 1287 1902 1313 Hinc

17 1326 94 1360 giunt
107 1326 155 1360 qui
169 1326 242 1360 sunt,
277 1325 351 1353 Metu
368 1322 467 1350 oblato.
575 1323 731 1349 Moerorem
768 1321 850 1348 Plant.
864 1321 949 1348 Cafin.
962 1332 983 1355 3,
996 1330 1019 1355 ς,
1033 1331 1072 1351 ςο.
1170 1329 1189 1350 0
1198 1328 1214 1349 F
1223 1328 1239 1348 F
1250 1328 1265 1348 r,
1274 1329 1294 1348 R
1302 1329 1323 1348 v
1333 1329 1359 1349 M
1371 1328 1387 1348 r.
1399 1330 1421 1349 N
1430 1328 1451 1348 T
1462 1329 1485 1349 A
1495 1328 1507 1348 s
1515 1341 1524 1354 ‚
1559 1328 1604 1356 per
1616 1323 1742 1356 quandam
1756 1323 1962 1357 translatiuum,
2001 1325 2107 1352 Plautus
2125 1326 2196 1353 d1'xit

18 1362 87 1390 Ter.
101 1363 167 1389 Hec.
182 1371 204 1394 3,
217 1371 237 1394 1,
251 1370 260 1388 ι
290 1359 402 1388 Nemini
424 1368 474 1394 ego
487 1358 563 1393 plura
574 1358 667 1385 acerba
679 1358 730 1384 effe
742 1357 822 1383 credo
835 1366 866 1384 ex
879 1366 971 1385 amore
984 1358 1070 1385 horni-
1134 1360 1244 1393 Plagas,
1266 1356 1441 1397 pet-ctffunes‚
1467 1364 1490 1383 et
1503 1356 1621 1392 flagella,
1654 1359 1719 1391 qnod
1736 1366 1766 1382 ea
1780 1358 1891 1392 scapulis
1911 1366 1937 1384 et
1955 1367 2025 1395 tergo
2044 1361 2198 1397 offeruntur,

17 1398 47 1425 ni
60 1406 174 1432 vnquam
187 1397 282 1424 oblata.
350 1396 456 1423 Moram
469 1394 584 1427 offerre,
610 1393 748 1419 Remorari.
785 1393 867 1420 Plaut.
882 1394 968 1420 Pseud.
977 1403 996 1427 1,
1010 1404 1032 1429 3,
1048 1403 1072 1427 17
1133 1404 1207 1429 qaum
1223 1396 1278 1427 qm's
1289 1394 1357 1428 fuste
1377 1394 1504 1419 caeditur:
1543 1393 1570 1419 in
1589 1391 1658 1419 Rud.
1677 1402 1700 1427 3,
1717 1400 1746 1426 4,
1765 1397 1795 1425 48
1818 1393 1858 1423 Ni
1880 1394 2068 1424 offerumentas
2087 1397 2198 1424 habebis

19 1433 88 1467 Qus
100 1433 152 1466 est,
178 1433 225 1466 qui
240 1432 345 1459 Moram
359 1437 485 1466 occupato
498 1429 634 1457 molestam
647 1428 763 1455 obtulit3
835 1430 920 1456 Morti
933 1439 983 1464 pro
996 1436 1021 1457 te
1034 1436 1072 1456 to·
1134 1431 1221 1463 plures
1241 1429 1268 1454 in
1289 1435 1366 1463 tergo
1384 1434 1448 1462 tuo,
1485 1436 1565 1464 quam
1589 1427 1643 1454 vlla
1662 1428 1737 1455 nauis
1764 1429 1844 1464 longa
1860 1431 1966 1466 clauos,
2001 1439 2058 1459 tum
2076 1442 2128 1468 ego
2148 1441 2198 1462 ero

17 1470 68 1497 ties
81 1478 124 1496 me
135 1467 221 1496 obtuli
241 1468 297 1494 Cic.
310 1477 359 1503 pro
373 1467 468 1494 Milon.
482 1475 520 1500 95.
600 1465 716 1491 Mortem
730 1463 849 1491 hostibus
864 1465 962 1492 offerre
972 1486 980 1498 ,
1017 1466 1070 1491 vid.
1088 1467 1116 1495 35
1132 1464 1352 1493 mendaciffimus.

19 1511 48 1534 Μ
58 1511 138 1532 ons.
232 1504 287 1531 Cic.
301 1512 351 1538 pro
364 1503 434 1537 Lege
447 1501 541 1529 Manil.
554 1509 574 1534 4
587 1509 608 1527 c.
623 1509 635 1527 2
654 1500 823 1527 Occafionem
836 1500 884 1527 fibi
896 1501 927 1527 ad
943 1509 1071 1536 occupan-
1171 1507 1191 1527 o
1205 1506 1221 1527 r
1231 1507 1246 1527 r
1256 1509 1264 1527 1
1276 1506 1293 1528 c
1305 1508 1315 1526 1
1324 1508 1347 1528 N
1358 1507 1380 1527 A
1391 1520 1399 1533 ,
1436 1500 1490 1528 vid.
1514 1508 1534 1529 0
1546 1505 1588 1527 FF
1598 1507 1607 1526 1
1618 1504 1636 1526 c
1647 1507 1657 1527 1
1667 1505 1688 1525 v
1699 1505 1737 1527 M.

19 1541 79 1568 dam
93 1539 133 1567 ΑΓ
190 1539 305 1567 oblatam
320 1539 368 1566 else
381 1539 533 1565 arbitratur.
626 1536 752 1563 Officium
766 1536 845 1562 alicui
873 1538 970 1564 Lucan.
987 1546 1013 1570 9,
1031 1540 1071 1569 64.
1170 1543 1190 1564 0
1203 1542 1219 1562 F
1234 1542 1250 1562 1²
1264 1535 1276 1562 f
1288 1542 1305 1563 c
1318 1543 1373 1569 10,
1397 1535 1470 1567 feci,
1502 1536 1619 1568 fenum,
1646 1538 1699 1563 ere.
1742 1537 1851 1570 [δηλέω,
1879 1539 2010 1572 ἓμποδίξω,
2035 1541 2196 1576 &orere-&tq

20 1574 107 1611 opem
119 1584 137 1603 o
168 1576 218 1602 ulit
229 1575 319 1602 inuito
337 1574 421 1602 Ouid.
434 1573 467 1600 ad
481 1573 541 1600 Liu.
554 1581 614 1605 4²0-
687 1573 804 1607 Operam
816 1573 887 1600 vltro
909 1573 1020 1606 Liu.40‚
1036 1582 1071 1604 23.
1133 1574 1227 1598 Contra
1235 1572 1339 1605 flucre,
1360 1582 1460 1605 nrt-ere,
1486 1572 1598 1601 Obell‘e,
1630 1572 1713 1606 lnquit
1728 1572 1834 1599 Nonius
1849 1583 1870 1606 2,
1887 1576 1941 1602 610.
2034 1576 2090 1602 cic.
2106 1576 2158 1603 Off.
2173 1586 2197 1610 3,

21 1614 147 1647 Optattun
166 1612 234 1638 Ter.
249 1610 358 1645 Adelph.
373 1618 396 1643 ς,
407 1620 432 1643 9,
445 1619 477 1636 21.
558 1609 595 1635 Os
607 1608 682 1635 suum
695 1616 749 1634 non
762 1607 844 1635 modo
858 1609 1009 1642 ostendere,
1028 1607 1072 1635 sed
1134 1610 1167 1634 66
1181 1617 1201 1634 c.
1218 1612 1242 1634 16
1262 1608 1436 1641 Inffissentque
1450 1608 1593 1634 Claudium
1607 1608 1804 1641 Centimalum,
1823 1610 1869 1642 qui
1885 1609 1960 1636 aedes
1977 1612 2003 1637 in
2011 1611 2106 1638 Caelio
2119 1621 2196 1638 mon-

19 1648 102 1675 e‘iam
114 1647 211 1674 offerre
231 1647 288 1674 Cic.
301 1655 350 1681 pro
363 1646 439 1672 Rosc.
453 1646 542 1672 Amer.
556 1650 597 1678 87.
690 1643 785 1669 Oscula
799 1644 879 1670 alicui
899 1644 996 1671 Tibul.
1014 1654 1033 1677 1,
1048 1654 1071 1676 4,
1083 1648 1121 1673 40
1134 1650 1158 1670 te
1171 1643 1300 1674 habebat,
1326 1643 1452 1669 demoliri
1467 1652 1511 1676 ea,
1538 1652 1656 1677 quorum
1675 1643 1788 1670 altitudo
1800 1643 1918 1670 officeret
1931 1646 2069 1680 auspiciis,
2106 1648 2123 1673 i.
2144 1654 2198 1681 pro-

19 1691 58 1717 55.
142 1679 311 1718 Religionem
323 1681 440 1714 offerre,
465 1677 730 1712 Iniicerescrupulum.
767 1679 825 1704 Cic.
838 1679 910 1706 Fam.
927 1689 963 1711 io,
978 1688 1001 1705 12
1023 1680 1072 1705 Re.
1127 1678 1234 1713 speHum
1248 1679 1425 1713 auspicantium
1440 1679 1578 1712 impelii-4.
1676 1678 1749 1704 Idem
1763 1687 1811 1713 pro
1827 1680 1900 1705 Rosc.
1917 1681 2006 1707 Amer.
2022 1684 2040 1708 6
2058 1682 2200 1714 Qloniam

21 1719 107 1747 citatis
118 1718 202 1746 literis
214 1717 301 1745 oblata
314 1717 412 1751 religio
428 1717 549 1742 Cornuto
561 1712 606 1739 est.
690 1711 765 1739 Idem
778 1713 810 1739 de
823 1714 892 1749 Lege
905 1715 994 1748 Agrar.
1008 1724 1030 1748 2,
1050 1723 1072 1740 12
1132 1714 1158 1741 ei
1170 1714 1296 1749 pecuniae
1310 1714 1365 1740 vita
1380 1714 1452 1739 Sexti
1466 1714 1556 1739 Roscii
1569 1712 1673 1740 obstare
1686 1720 1764 1748 atque
1778 1713 1884 1741 officere
1899 1715 2029 1743 videatur.
2085 1718 2198 1750 Quneh

19 1755 115 1782 Finem
129 1754 181 1781 feci
195 1752 326 1780 offerendi
337 1751 404 1778 mei:
439 1758 472 1775 ne
484 1749 556 1775 forte
573 1756 630 1774 mea
642 1747 782 1780 sedulitas,
807 1755 853 1775 aut
866 1749 1002 1782 seditiosa,
1027 1755 1073 1777 aut
1133 1760 1153 1784 1,
1168 1760 1187 1785 1,
1202 1758 1226 1783 14
1252 1749 1354 1776 Neutra
1367 1749 1455 1783 lingua
1469 1749 1547 1775 alteri
1575 1751 1613 1780 (in
1627 1749 1750 1784 aisn-endo)
1771 1748 1879 1777 officiet.
1958 1753 2016 1779 Cic.
2030 1753 2114 1779 Tusc.
2132 1764 2154 1786 5,
2168 1763 2199 1787 92

18 1789 57 1815 im
78 1790 158 1816 udens
171 1788 316 1815 videretur.
387 1785 460 1812 Idem
474 1793 523 1819 pro
538 1783 623 1811 Plane.
637 1792 665 1815 24
680 1793 702 1810 c.
716 1785 744 1810 10
772 1784 852 1811 Vltro
866 1785 1028 1812 mehercules
1042 1786 1074 1813 Se
1134 1796 1156 1813 c.
1172 1794 1200 1818 32
1228 1787 1260 1812 At
1273 1794 1339 1811 vero
1353 1785 1486 1819 Diogenes
1506 1783 1617 1812 liberius
1632 1790 1662 1810 vt
1675 1786 1809 1820 Cynicus,
1844 1787 1995 1815 Alexandro
2010 1790 2133 1823 roganti,
2169 1795 2199 1817 vt

18 1799 87 1851 mliii
101 1825 179 1850 etiam
190 1823 349 1857 offerentes,
368 1821 441 1848 vitro
455 1820 607 1855 pollicentes
619 1819 722 1854 rogaui.
795 1820 869 1848 Idem
883 1822 921 1855 Q
933 1822 1002 1849 Frat.
1016 1832 1034 1855 1,
1050 1831 1073 1855 2,
1084 1826 1119 1854 45
1135 1822 1243 1855 diceret,
1256 1822 1274 1848 fi
1289 1821 1353 1855 quid
1370 1821 1418 1847 sibi
1432 1830 1498 1855 opus
1513 1822 1584 1851 esset,
1603 1820 1684 1847 Nunc
1699 1822 1808 1856 quidem
1821 1823 1983 1857 paullulum,
2004 1824 2109 1858 inquit,
2127 1834 2142 1852 a
2158 1826 2200 1852 so-

16 1868 46 1891 25
71 1858 185 1887 Nostrae
199 1864 287 1885 tamen
299 1857 388 1884 causae
402 1865 458 1882 non
471 1855 596 1882 videntur
609 1854 732 1882 homines
745 1855 874 1884 defuturi.
919 1857 1074 1885 Mirandum
1134 1859 1159 1885 le
1172 1858 1249 1884 absis:
1286 1857 1413 1884 offecerat
1431 1855 1558 1884 videlicet
1570 1855 1717 1892 Apricanti.
1812 1858 1937 1885 Claritati
1955 1860 2096 1887 oculorum
2116 1861 2199 1888 laetu-

17 1895 47 1923 in
61 1894 171 1922 modum
182 1893 357 1929 profitentur,
383 1892 500 1919 offerunt
509 1891 556 1924 Sc,
581 1891 752 1926 pollicentur.
845 1893 1011 1927 Occurrere,
1032 1895 1074 1920 of·
1134 1903 1178 1921 cae
1195 1894 1316 1921 officiunt
1343 1894 1412 1920 Plin.
1426 1902 1468 1927 20,
1483 1903 1504 1926 7.
1614 1892 1773 1920 Commodis
1793 1893 1905 1920 alicuius
1928 1894 2035 1923 officere
2048 1902 2075 1922 et
2093 1896 2199 1925 obstare

17 1931 89 1958 ferre
101 1931 149 1964 Se,
167 1936 193 1956 et
205 1938 260 1956 non
273 1935 397 1956 vocatum
411 1926 571 1963 respondere
592 1927 649 1954 Cic.
667 1927 698 1954 de
711 1928 788 1956 Orat.
800 1938 821 1962 3,
837 1934 886 1963 ¹89·
966 1930 1074 1957 Offerre
1134 1931 1191 1958 Cic.
1205 1939 1254 1965 pro
1267 1930 1335 1957 Sext.
1349 1930 1424 1956 Rosc.
1440 1938 1473 1956 112
1491 1938 1513 1956 c.
1526 1935 1563 1961 38.
1637 1928 1735 1956 Decori
1747 1929 1859 1957 alicuius
1880 1931 1938 1956 Liu.
1958 1940 1976 1964 1,
1993 1942 2024 1964 53-
2104 1933 2199 1967 Frugi-

20 1967 51 1994 Se
63 1967 96 1994 ad
108 1972 223 1993 mortem
236 1974 286 2000 pro
299 1964 383 2000 patria
402 1963 476 1992 Idem
491 1963 573 1990 Tute.
583 1973 602 1994 1,
614 1972 649 1994 32-
722 1964 797 1991 Idem
809 1967 863 1992 Att.
878 1975 900 1996 5,
915 1974 937 1997 13
959 1967 1074 1992 Verum·
1134 1967 1182 1992 bus
1196 1966 1295 1991 herbae
1309 1964 1430 1991 officiunt
1459 1965 1534 1998 Virg.
1551 1965 1650 1997 Georg.
1666 1974 1684 1996 1,
1696 1968 1739 1997 69.
1828 1967 1884 1992 Iter
1897 1966 2101 1994 Excnrfionibus
2125 1969 2199 1996 Hirr.

18 2009 106 2030 tamen
119 2011 201 2036 quum
222 2001 255 2028 de
270 1999 397 2028 Cumanis
410 1999 536 2026 venissem
554 2007 615 2025 cum
634 1998 766 2033 imperio,
783 2000 893 2039 'Graeci
907 1999 976 2033 qnasi
990 2001 1075 2033 Ephe·
1086 2007 1119 2032 50
1134 2001 1164 2026 B.
1180 2000 1261 2039 Afric.
1276 2009 1297 2025 c.
1311 2002 1347 2025 61.
1384 2000 1595 2038 Qodfingulare
1608 1998 1649 2032 cll,
1670 2005 1694 2024 et
1701 1999 1772 2032 fine
1783 1999 1907 2034 nonsatis
1920 2008 2084 2029 emendatum.
2121 2004 2202 2040 Qud

18 2038 56 2066 fio
71 2038 189 2065 Praetori
203 2037 235 2063 Se
245 2037 341 2063 alacres
352 2035 515 2062 obtulerunt.
588 2033 694 2059 Offerre
708 2034 739 2059 Se
754 2033 853 2068 alieni,
877 2040 923 2068 pro
936 2036 967 2059 In
979 2035 1074 2069 conspe.
1129 2035 1259 2072 suppetias
1267 2035 1360 2067 ferunt
1375 2043 1406 2059 ex
1419 2033 1502 2059 Plauti
1517 2033 1705 2066 Truculento,
1723 2035 1789 2060 nihil
1797 2041 1855 2069 puto
1866 2035 1907 2070 est.
1980 2038 2058 2064 Nihil
2070 2039 2121 2072 ibi,
2148 2039 2201 2072 nisi

18 2074 82 2101 (lum
93 2075 145 2099 eius
155 2073 264 2107 prodire.
301 2070 464 2102 IdemAtt.3,
479 2077 506 2094 10
520 2077 545 2102 p.
558 2077 603 2100 304
623 2068 716 2094 Graeu.
734 2068 823 2100 Quem
835 2077 901 2103 ego,
924 2076 969 2095 etc.
990 2069 1075 2095 vitaui
1128 2070 1202 2104 forte
1216 2078 1238 2100 2,
1253 2078 1276 2100 7,
1294 2070 1324 2097 65
1348 2068 1393 2094 vbi
1412 2069 1553 2102 antiquitus
1573 2068 1667 2104 legitur
1681 2090 1690 2102 ,
1732 2070 1787 2104 Ego
1808 2076 1833 2097 te
1853 2070 1897 2098 hic
1917 2071 2019 2100 offatim
2045 2075 2197 2102 conficiam-

18 2118 54 2137 ne
71 2107 207 2141 viderem,
244 2115 277 2132 ne
294 2112 339 2132 aut
358 2104 431 2131 illius
450 2103 552 2130 luctum
571 2103 771 2138 squaloremque
785 2104 940 2138 aspicerem:
977 2111 1022 2131 3111
1042 2114 1075 2131 ne
1134 2104 1265 2131 Libertati
1278 2103 1362 2131 officit
1386 2104 1446 2130 Liu.
1461 2113 1483 2137 2,
1497 2113 1519 2130 2.
1629 2104 1789 2132 Luminibus
1835 2106 1891 2133 Cic.
1906 2117 1955 2141 pro
1971 2108 2063 2136 Rabir.
2075 2111 2142 2137 Post.
2157 2119 2198 2144 43.

20 2153 101 2180 quem
112 2144 158 2170 ille
172 2141 382 2169 florentiffimum
393 2140 539 2174 reliquerat
550 2159 558 2172 ‚
594 2138 729 2173 perditum
746 2138 786 2165 illi
798 2139 979 2175 afflictumque
995 2140 1075 2167 offer-
1135 2140 1249 2166 Lumina
1263 2140 1381 2167 inuicem
1393 2138 1514 2166 officiunt
1534 2139 1644 2173 Qun&
1655 2149 1688 2172 12,
1705 2150 1742 2174 10,
1755 2145 1795 2175 46.
1869 2142 1986 2170 Nomini
1999 2145 2113 2173 alicuius
2133 2147 2197 2174 Lju,

0 2201 1 2208 ἵ
20 2190 87 2208 rem,
123 2180 153 2205 de
171 2177 369 2214 Qae’ntofratre.
445 2173 628 2201 Gratulationi
641 2175 672 2201 Se
691 2173 766 2201 Idem
778 2176 831 2201 Att.
845 2185 870 2207 0,
884 2185 907 2207 4.
995 2177 1073 2210 Igno·
1088 2181 1116 2208 53
1137 2185 1142 2201 1
1159 2175 1241 2210 praef.
1350 2176 1493 2202 Partitioni
1506 2175 1569 2201 huic
1582 2184 1648 2209 quae
1662 2174 1769 2203 officere
1780 2177 1961 2214 videbuntur,
1983 2182 2197 2216 propulsabimus

20 2223 78 2243 mm
92 2216 124 2243 Se
135 2212 304 2242 venientibus
324 2212 398 2247 Virg.
407 2211 472 2237 Aen.
486 2219 509 2249 ²?
521 2219 561 2243 59.
636 2210 742 2236 Offerre
756 2210 788 2236 Se
800 2216 826 2236 et
839 2210 948 2237 salutem
961 2211 1031 2237 suam
1045 2211 1073 2237 in
1135 2211 1191 2237 Cic.
1206 2211 1237 2238 de
1256 2213 1359 2238 Inuent.
1380 2221 1398 2245 1,
1413 2221 1450 2244 75.
1562 2211 1617 2237 Soli
1637 2209 1754 2238 officiens
1773 2219 1859 2239 terrae
1878 2215 1972 2242 vmbra
1998 2217 2071 2243 Idem
2086 2218 2118 2244 de
2133 2219 2196 2245 Nat.

21 2251 162 2278 discrimen
179 2256 228 2283 pro
242 2247 307 2274 statu
320 2246 436 2273 ciuitatis
470 2245 526 2271 Cic.
546 2253 598 2279 pro
615 2245 682 2272 Sext.
702 2248 727 2272 61
746 2254 769 2271 c.
786 2251 824 2275 28.
929 2246 1002 2273 Idem
1022 2256 1073 2281 pro
1134 2247 1216 2273 Deor.
1225 2257 1248 2280 2,
1262 2256 1293 2278 50
1306 2256 1327 2273 c.
1345 2256 1377 2280 ¹9·
1451 2245 1542 2273 officit
1555 2255 1609 2281 quo
1622 2247 1711 2273 minus
1719 2249 1848 2275 Laudatur
1867 2249 1935 2277 Plin.
1945 2251 2023 2286 Epist.
2033 2255 2110 2286 {br-3.
2149 2255 2201 2282 Sed

19 2285 138 2315 Marcell.
152 2292 170 2320 7
190 2283 264 2317 Qun
275 2281 355 2309 etiam
367 2281 414 2308 illa
432 2280 488 2315 ipsa
499 2289 588 2307 rerum
607 2280 783 2308 humanarum
801 2281 909 2308 domina
924 2282 1032 2308 fortuna
1045 2283 1074 2308 in
1135 2283 1200 2308 nihil
1214 2283 1263 2307 tale
1279 2283 1350 2307 habet
1364 2283 1440 2307 index
1455 2284 1634 2308 vocabulorum.

19 2323 96 2350 istius
109 2321 258 2348 societatem
271 2318 371 2353 gloriae
384 2325 438 2344 non
451 2315 544 2343 offert:
581 2316 632 2343 tibi
647 2316 725 2343 cedit.
818 2316 891 2344 Idem
905 2318 957 2344 Att.
973 2329 998 2351 4,
1011 2327 1023 2350 3
1045 2317 1073 2343 Si
1171 2325 1190 2345 o
1201 2324 1217 2344 P
1229 2323 1246 2343 Ρ
1256 2325 1265 2343 1
1276 2323 1293 2344 c
1307 2325 1316 2343 1
1328 2323 1348 2343 ο
1359 2324 1388 2344 R.
1427 2317 1514 2344 Paffiu.
1551 2318 1607 2344 Cic.
1624 2317 1655 2344 de
1670 2319 1744 2346 Orat.
1759 2327 1779 2352 1,
1797 2329 1838 2351 ¹⁷9
1857 2321 1938 2355 Quod
1953 2324 2101 2359 cuicunque
2114 2326 2198 2360 parti-

21 2359 56 2384 8,
68 2358 139 2384 imel-
153 2355 224 2382 viam
235 2353 373 2382 obtulerit,
391 2353 504 2380 occisum
518 2351 553 2378 iri
566 2352 599 2378 ab
613 2352 670 2388 ipso
682 2352 787 2379 Milone
801 2352 891 2380 video.
999 2354 1072 2381 Inui·
1085 2353 1121 2379 60
1133 2353 1206 2380 culae
1220 2354 1285 2380 caeli
1298 2352 1466 2386 office-retur,
1498 2353 1534 2379 ita
1547 2354 1669 2388 quamuis
1683 2356 1743 2381 esset
1756 2357 1865 2391 procul,
1896 2364 1994 2386 mutata
2008 2361 2108 2387 lumina
2122 2369 2198 2396 puta-

25 2392 84 2419 diae
95 2390 270 2427 periculisque
283 2389 407 2429 omnibus
421 2397 471 2423 pro
485 2387 565 2414 salute
582 2388 735 2422 aliquorum
743 2389 775 2415 Se
791 2388 866 2416 Idem
879 2389 908 2415 in
916 2389 996 2416 Catil.
1007 2395 1073 2422 ;,23.
1132 2389 1186 2417 bat.
1260 2390 1364 2429 Lucret.
1379 2397 1403 2423 2,
1419 2398 1471 2429 ¹55.
1495 2389 1666 2424 Qiapropter
1682 2390 1755 2418 simul
1770 2392 1839 2419 inter
1853 2394 1878 2419 se
1891 2395 2078 2430 retrahuntur,
2108 2404 2133 2424 ct
2153 2407 2198 2424 ex-

0 2446 2 2464 ,¹
25 2426 184 2455 Melioribus
199 2426 229 2452 Se
249 2426 317 2453 Hor.
330 2424 407 2465 Epist.
422 2434 441 2457 1,
453 2433 474 2457 2,
487 2425 519 2453 68
547 2425 662 2457 praebere
673 2424 702 2458 se
717 2426 865 2464 docendum,
886 2428 1072 2466 emendanflum.
1132 2432 1171 2453 tra
1216 2423 1379 2453 officiuntur
1391 2445 1401 2458 ‚
1433 2431 1474 2451 vti
1495 2432 1623 2459 cogantur
1642 2426 1741 2453 tardius
1761 2427 1823 2457 ire:
1870 2429 1888 2457 i·
1925 2431 2095 2466 mpediumur
2108 2453 2116 2463 ³
2147 2433 2198 2460 iuis

0 2489 1 2494 ,
26 2463 130 2490 Offerre
142 2462 172 2489 Se
186 2462 257 2489 vltro
270 2466 351 2487 morti
374 2461 445 2487 Caes.
461 2459 524 2486 Bell.
540 2459 608 2486 Gall.
622 2469 645 2493 7,
658 2469 695 2493 77.
769 2462 871 2487 Acriter
884 2461 914 2488 Se
929 2467 1011 2487 morti
1030 2461 1072 2488 of-
1132 2461 1265 2497 obsistitur.

23 2499 76 2525 sert
89 2498 132 2524 vir
143 2497 220 2524 fortis
240 2497 295 2523 Cic.
307 2505 356 2531 pro
370 2496 428 2523 Mil.
453 2497 521 2522 Add.
533 2495 608 2523 Idem
619 2504 668 2530 pro
681 2495 779 2523 Milon.
794 2505 821 2530 93
835 2507 857 2524 1.
875 2506 909 2529 34.
982 2498 1074 2531 Nego-
1170 2504 1190 2524 o
1205 2503 1221 2523 F
1236 2502 1253 2524 F
1264 2505 1274 2524 1
1284 2504 1300 2524 c
1309 2504 1319 2523 1
1328 2503 1345 2523 Ε
1360 2503 1382 2523 N
1393 2503 1422 2530 s,
1442 2496 1520 2523 entiS.
1558 2496 1625 2524 Part.
1664 2497 1768 2533 Corpus
1782 2500 1919 2527 occursans
1939 2500 2111 2538 efficiensque
2144 2504 2197 2531 Lu-

22 2534 67 2560 tiis
79 2533 224 2565 alienisSe,
240 2532 293 2558 vid.
307 2538 414 2560 NEGO
426 2538 450 2559 Τ
463 2539 472 2558 1
483 2537 550 2558 VM.
620 2531 647 2558 Si
659 2531 768 2559 nihilSe
779 2532 868 2565 offert,
883 2533 955 2566 quod
970 2533 1000 2559 iit
1014 2541 1075 2566 pro.
1089 2531 1122 2563 65
1132 2539 1195 2560 eret.
1209 2542 1230 2565 ς,
1245 2542 1293 2566 7¹7-
1329 2535 1399 2559 ΑΜ.
1414 2533 1472 2559 Cic.
1486 2532 1522 2559 N.
1536 2532 1568 2558 D.
1586 2542 1607 2566 2,
1621 2543 1651 2560 <o
1664 2543 1686 2560 c.
1704 2546 1736 2567 ¹¹⁴)-
1753 2543 1777 2560 et
1789 2536 1816 2560 1'n
1833 2538 1934 2564 Arateis
1948 2548 1972 2565 v·
1986 2549 2037 2571 344-

21 2569 153 2597 babilitati
166 2568 206 2595 illi
220 2568 396 2602 contrarium,
416 2575 460 2594 etc.
492 2567 549 2594 Cic.
564 2567 642 2594 Acad.
657 2578 671 2599 4
695 2577 736 2601 99.
826 2568 857 2594 Se
871 2568 981 2594 obuiam
993 2568 1074 2595 alicui
1168 2575 1188 2595 o
1202 2575 1219 2595 F
1232 2574 1249 2595 Ρ
1261 2575 1277 2595 E
1288 2574 1306 2595 e
1317 2575 1407 2601 TVS,
1428 2577 1458 2602 a,
1478 2577 1533 2595 um.
1553 2569 1621 2596 Part.
1656 2570 1762 2597 Lucret.
1776 2581 1798 2603 ς,
1809 2579 1860 2607 774
1886 2574 1984 2607 Qioue
1998 2576 2080 2602 modo
2095 2575 2199 2604 soleant

22 2605 89 2633 Ter.
101 2603 209 2639 Adelph⁴
223 2613 245 2637 3,
257 2613 280 2638 2,
294 2613 330 2636 24.
409 2603 516 2630 Offerre
529 2604 560 2630 Se
574 2591 700 2638 periculis
714 2603 766 2630 fine
783 2603 855 2630 causa
877 2604 932 2630 Cic.
946 2604 999 2631 Off.
1016 2614 1035 2637 1,
1047 2609 1074 2637 83
1133 2605 1232 2633 effeeto
1247 2605 1349 2631 lumine
1362 2605 1456 2638 obire,
1492 2606 1510 2630 i.
1532 2605 1665 2640 impedito,
1693 2607 1821 2642 inte-rapt«
1846 2616 1893 2643 pm.
1909 2620 1924 2634 a
1926 2612 1966 2634 lt.»
1977 2612 2011 2635 im
2033 2614 2140 2646 mposis-
2158 2613 2198 2638 in-

22 2651 44 2668 e.
57 2650 97 2674 ²4·
128 2640 200 2675 Conf-
213 2641 272 2667 Sen.
284 2640 363 2668 Herc.
375 2640 429 2668 fur.
442 2649 468 2666 v.
482 2641 533 2672 326.
640 2639 746 2666 Offerre
760 2640 791 2666 Se
802 2639 904 2674 praelio
924 2640 996 2666 Caes.
1009 2640 1075 2667 Bell.
1133 2641 1320 2676 terprfitimem.
1371 2641 1412 2667 Sic
1424 2639 1530 2676 restituit
1544 2640 1657 2669 Lambin.
1670 2651 1742 2677 quum
1753 2651 1828 2669 antea
1842 2644 1933 2672 Offeto
1946 2653 1970 2671 et
1983 2646 2089 2674 Effoeto
2102 2648 2197 2683 legere-

22 2677 104 2705 Ciuil.
118 2686 139 2709 3,
152 2685 188 2709 73.
256 2676 307 2703 Pro
320 2676 442 2703 omnium
455 2675 536 2703 salute
545 2675 577 2702 Se
595 2675 651 2703 Cic.
665 2675 695 2702 in
709 2675 797 2702 Pison.
810 2684 845 2703 21.
918 2676 1024 2703 Offerre
1038 2677 1075 2709 se,
1134 2685 1185 2704 tur.
1222 2676 1296 2703 Idem
1309 2685 1338 2710 4,
1351 2678 1401 2710 76⁴⁴
1422 2675 1522 2703 Offee'ti
1537 2676 1623 2702 sensus
1632 2697 1640 2710 ,
1660 2677 1772 2712 obstr-ulli
1779 2698 1788 2712 ,
1808 2680 1932 2715 impediti.

18 2720 65 2750 pro
79 2715 210 2747 opponere.
265 2711 337 2739 Idem
353 2712 383 2738 ad
398 2713 471 2739 Brut.
488 2720 511 2744 ¹5
547 2711 661 2738 Romam
674 2718 703 2737 vt
714 2711 794 2745 veni,
823 2711 909 2738 statim
926 2721 970 2738 me
984 2711 1073 2739 obtuli
1085 2718 1122 2747 70
1171 2719 1191 2739 o
1200 2719 1218 2739 F
1229 2719 1246 2739 F
1259 2719 1275 2739 Ε
1287 2718 1333 2740 CT
1347 2719 1357 2738 1
1368 2718 1404 2746 ο,
1438 2712 1504 2738 onis.
1542 2711 1561 2737 f.
1600 2713 1702 2740 Arnob.
1717 2723 1731 2745 5
1744 2723 1769 2748 p.
1790 2717 1836 2748 164
1862 2716 1919 2743 Illis
1929 2716 2008 2744 color
2018 2718 2056 2744 est
2067 2719 2200 2754 purpurei

20 2747 132 2776 Antonii
145 2746 233 2774 sceleri
246 2754 322 2782 atque
335 2747 492 2775 dementiae.
571 2747 786 2774 Temeritatibus
799 2747 830 2774 Se
851 2747 924 2775 Idem
937 2757 987 2783 pro
1003 2749 1072 2776 Sext.
1132 2749 1242 2776 luminis
1255 2747 1401 2775 offeffione
1414 2747 1555 2774 subluteus.

21 2787 55 2812 61:
125 2783 200 2817 Spem
212 2783 326 2817 offerre,
347 2791 394 2819 pro
411 2786 481 2811 Dare
488 2783 557 2819 spem
581 2783 654 2810 Caes.
668 2783 732 2810 Bell.
746 2783 815 2810 Gall.
828 2786 855 2816 6,
869 2794 904 2816 34·
1015 2786 1073 2811 8111-
1172 2790 1193 2812 o
1204 2791 1221 2811 F
1233 2790 1249 2811 F
1261 2791 1277 2811 E
1288 2789 1306 2811 C
1318 2790 1339 2810 T
1349 2791 1368 2811 Ο
1377 2791 1396 2810 R
1405 2804 1413 2816 ‚
1439 2784 1505 2811 oris.
1542 2793 1579 2810 111.
1617 2784 1720 2811 Fronto
1734 2786 1792 2812 Vct.
1807 2787 1898 2814 Gram.
1913 2785 2036 2816 Offetstor
2048 2789 2140 2817 officio
2149 2791 2197 2818 ob-

21 2828 97 2855 prum
110 2818 221 2852 offerre,
257 2820 386 2855 Stuprare.
438 2819 494 2846 Cic.
514 2819 569 2846 Off.
586 2829 609 2853 3,
624 2825 651 2850 38
689 2818 805 2853 Reginae
818 2818 942 2854 Stuprum
964 2819 1073 2847 obtulit.
1135 2821 1180 2848 est.
1217 2822 1298 2853 Item,
1324 2820 1491 2855 Offed‘rores,
1516 2821 1646 2847 Colorum
1664 2821 1828 2856 infectores,
1853 2824 1901 2857 qui
1919 2825 2006 2852 colori
2018 2826 2132 2861 proprio
2147 2836 2197 2853 no.

20 2856 173 2883 Cor-remon
185 2856 335 2890 exemplaria
347 2856 433 2891 legunt
446 2855 549 2882 Intulit.
621 2854 695 2882 Idem
710 2854 821 2890 Philipp.
833 2864 856 2888 2,
871 2865 904 2891 99
933 2856 1008 2883 Hanc
1021 2855 1073 2883 tibi
1133 2866 1198 2884 vum
1212 2854 1339 2883 efficiunt.
1394 2856 1414 2882 F
1416 2856 1460 2882 est.
1476 2857 1504 2882 in
1518 2856 1647 2884 Infeetor.
1689 2857 1734 2883 Vbi
1747 2864 1829 2884 tamen
1842 2858 1963 2887 officiunt
1975 2863 2116 2897 legendum,
2136 2863 2197 2889 olim

20 2891 68 2918 ess'e
81 2900 140 2918 cum
153 2890 290 2918 Dolabella
303 2890 361 2917 odii
375 2891 475 2918 causam
488 2891 563 2917 ausus
575 2899 602 2916 es
615 2890 718 2923 dicere,
745 2890 817 2925 quod
837 2891 870 2919 ab
888 2901 921 2919 eo
944 2892 1033 2919 sorori
1046 2898 1072 2919 et
1084 2895 1118 2925 ’ῖς
1132 2902 1150 2919 a
1163 2892 1230 2918 viris
1242 2893 1319 2919 dollis
1330 2891 1482 2927 obseruatum
1495 2892 1534 2926 est.

19 2927 98 2954 vxori
111 2927 235 2961 Stuprum
249 2926 367 2953 oblatum
381 2927 430 2954 effe
442 2926 616 2960 comperisses.
694 2926 785 2952 Vitam
800 2927 873 2954 suam
886 2927 916 2954 in
930 2927 1072 2955 discrimen
1172 2934 1193 2955 ο
1203 2934 1245 2955 FF
1256 2935 1273 2955 Ε
1283 2935 1319 2959 x,
1336 2927 1394 2954 teis.
1414 2937 1450 2954 m.
1487 2928 1568 2955 Gloss.
1583 2926 1674 2954 Ifidor.
1688 2928 1851 2963 Impedkor,
1870 2931 1916 2966 qui
1930 2929 2023 2959 officit.

20 2962 95 2991 Idem
107 2972 157 2999 pro
170 2963 240 2989 Sext.
255 2965 280 2989 61
296 2972 318 2989 c.
332 2968 369 2992 28.
471 2962 561 2988 Vitam
572 2963 644 2988 suam
656 2971 756 2997 poenae
775 2962 848 2990 Idem
860 2972 910 2998 pro
924 2963 990 2991 Rab.
1004 2964 1071 2991 Post.
1171 2971 1191 2991 0
1204 2970 1221 2990 F
1234 2970 1251 2991 F
1262 2971 1297 2992 lc
1306 2971 1315 2989 1
1326 2970 1346 2989 v
1356 2971 1397 2997 M,
1433 2964 1452 2990 i.
1491 2973 1516 2989 n.
1552 2963 1690 2997 [καθῆκον.
1717 2963 1801 3000 ἔργον,
1828 2973 1959 2999 mmmmm.
1966 2970 1980 3003 J
2016 2970 2093 3005 Qod
2107 2968 2195 3004 versur

21 3006 58 3026 22.
128 2998 230 3026 Vitium
243 2998 345 3032 virgini
359 2997 474 3032 offerre,
492 3004 538 3033 pro
555 2998 669 3031 Violare,
693 3005 718 3024 et
730 2998 783 3025 vim
795 2999 893 3034 inferre
913 2999 983 3027 Ter.
997 3000 1073 3028 Adel.
1133 3001 1210 3034 alios,
1231 2999 1268 3027 ob
1283 3000 1345 3025 alios
1360 2998 1511 3025 faciendum
1528 3001 1575 3034 est,
1602 3006 1631 3024 vt
1645 2999 1745 3027 offerre
1756 3001 1788 3028 esi
1800 3004 1836 3028 ad
1846 3004 1908 3029 alios
1916 3004 2008 3037 ferre,
2031 3012 2061 3029 vt
2073 3004 2194 3031 obiicere

21 3043 43 3067 3,
55 3042 74 3067 1,
86 3043 112 3068 9.
182 3034 278 3061 Vultus
290 3033 401 3061 blandos
412 3033 494 3061 alicui
511 3033 608 3061 Tibul.
620 3044 638 3068 1,
652 3037 677 3064 6,
692 3043 710 3060 1.
910 3033 931 3073 q
949 3045 961 3062 2
998 3037 1076 3072 Apud
1132 3043 1179 3063 etc.
1236 3038 1303 3062 Haec
1319 3042 1382 3061 certe
1394 3038 1473 3070 magis
1483 3036 1597 3070 placent,
1625 3044 1696 3069 quum
1709 3029 1775 3070 quot?
1783 3037 1892 3073 affima-
1905 3049 1936 3064 ex
1950 3039 2072 3071 Donato,
2101 3038 2194 3066 Offici-

21 3068 117 3095 iveteres
129 3069 283 3106 Christianos
295 3070 402 3097 Offerre
415 3070 579 3103 dicebantur,
601 3070 645 3104 qui
656 3072 709 3096 Deo
726 3070 865 3103 ecclest‘aeue
882 3072 985 3107 aliquid
999 3074 1074 3098 dona-
1088 3075 1120 3101 80
1134 3081 1179 3098 um
1188 3092 1198 3105 ,
1234 3071 1266 3098 ab
1284 3069 1422 3097 efficiendo
1431 3091 1439 3104 ‚
1459 3070 1491 3097 ab
1505 3079 1538 3096 eo
1555 3070 1627 3105 quod
1643 3072 1798 3106 quaeriturs
1812 3073 1876 3107 quid
1890 3073 1994 3100 efficere
2007 3075 2035 3100 in
2050 3084 2084 3101 eo
2097 3084 2194 3102 vnum-

23 3110 96 3137 rem,
108 3104 152 3139 feu
161 3105 335 3140 consecrarent.
373 3105 496 3133 Prudent.
509 3106 609 3137 Hymn.
623 3105 700 3133 Cath.
713 3112 737 3139 ς,
751 3115 792 3140 149
804 3114 828 3133 ee
841 3115 888 3138 155.
914 3115 938 3134 et
950 3106 1001 3140 περὶ
1019 3113 1072 3140 rav.
1134 3116 1267 3142 quemque
1280 3106 1422 3133 conueniat
1434 3116 1484 3141 pro
1497 3106 1652 3133 conditione
1667 3108 1799 3142 personae.
1823 3110 1893 3141 Cous.
1903 3110 2024 3136 Ambros.
2033 3110 2065 3136 de
2073 3110 2126 3138 Off.
2136 3121 2157 3138 c.
2167 3117 2191 3141 8.

23 3147 47 3170 2,
59 3145 91 3173 73
108 3139 140 3166 de
156 3141 265 3174 paffione
284 3141 432 3169 Laurentii.
519 3177 524 3182 -
539 3142 652 3182 Offerre·
667 3141 699 3176 est
718 3142 794 3168 etiam
812 3143 916 3179 Mrffam
941 3144 1074 3176 celebrare,
1134 3144 1190 3170 Cic.
1206 3143 1238 3169 de
1250 3142 1338 3169 Finib.
1352 3152 1371 3175 3,
1387 3148 1414 3172 58
1439 3142 1520 3175 Qnod
1531 3148 1620 3169 autem
1633 3143 1737 3170 ratione
1752 3144 1839 3170 ac‘tum
1854 3144 1906 3177 est,
1933 3144 1961 3171 id
1973 3145 2092 3172 officium
2105 3147 2193 3182 appel·

16 3173 73 3208 stue
91 3182 162 3214 orare
181 3178 215 3201 ad
230 3178 333 3205 altana
367 3179 438 3214 apud
454 3177 600 3214 Sulpicium
619 3177 726 3212 Dialog.
747 3186 776 3211 2,
790 3186 816 3206 a.
859 3179 933 3214 Conf.
951 3179 1073 3207 Tertull.
1134 3180 1226 3206 lamus.
1306 3179 1392 3204 Viu‘eri
1402 3178 1477 3214 potest
1489 3178 1564 3204 etiam
1576 3178 1711 3214 disputatio
1728 3179 1868 3206 Ciceronis
1882 3181 1908 3204 in
1919 3182 2043 3216 principfo
2057 3181 2194 3211 librorum

23 3208 56 3236 de
76 3210 160 3236 Ieiun.
178 3219 200 3236 c.
219 3220 252 3242 ις.
1134 3215 1166 3241 de
1182 3212 1299 3248 Officiis,
1320 3215 1387 3240 vnde
1399 3215 1458 3240 haec
1469 3221 1566 3240 tantum
1578 3221 1704 3249 ponemus,
1733 3225 1809 3250 quae,
1834 3225 1904 3250 qnam
1924 3217 1974 3242 late
1995 3219 2035 3243 hoc
2053 3227 2136 3244 nomen
2146 3226 2194 3254 pa-

62 3251 82 3271 0
92 3251 109 3271 F
118 3250 187 3272 FER
196 3251 214 3272 Ε
223 3252 247 3272 N
256 3253 286 3278 s,
304 3249 382 3276 entis.
409 3250 478 3277 Part.
513 3249 574 3276 Liu.
588 3259 627 3282 44,
640 3255 654 3280 8
672 3248 854 3277 offerentibus
867 3251 917 3278 sese
932 3251 1019 3278 rebus.
1083 3253 1114 3282 83
1133 3257 1201 3282 teat,
1223 3250 1356 3285 «flendum.
1414 3251 1506 3284 Nempe
1519 3258 1539 3281 1,
1552 3261 1565 3282 4
1580 3259 1602 3276 c.
1616 3259 1628 3276 2
1645 3251 1682 3275 ita
1694 3250 1746 3283 nit,
1768 3251 1849 3278 Nulla
1864 3251 1935 3278 enim
1949 3253 2021 3279 vitae
2034 3262 2092 3288 pars
2106 3262 2194 3289 neque

59 3287 80 3308 Ο
89 3287 106 3306 F
115 3286 156 3307 FE
167 3286 186 3306 R
197 3286 213 3306 E
222 3287 244 3306 N
255 3287 276 3308 Τ
286 3289 343 3322 iA,
372 3293 411 3312 ae.
447 3286 467 3312 f.
504 3285 623 3313 Tertull.
643 3287 701 3313 adu.
723 3286 804 3313 Marc.
825 3295 855 3321 4,
872 3295 903 3320 24
929 3287 1073 3315 Considera
1134 3286 1248 3322 publicis
1261 3295 1347 3320 neque
1360 3285 1470 3320 priuatis
1479 3306 1487 3318 ‚
1508 3294 1593 3320 neque
1614 3285 1771 3320 forensibus,
1786 3296 1872 3322 neque
1886 3287 2035 3314 domesticis
2048 3289 2077 3315 in
2096 3290 2194 3321 rebns3

23 3315 354 3357 causarum-offerentiam,
378 3321 395 3346 i.
415 3320 517 3356 causas,
532 3321 629 3357 quaese
643 3321 770 3350 offerunt.
1133 3331 1219 3356 neque
1233 3322 1249 3348 fi
1264 3328 1350 3348 tecum
1365 3330 1424 3355 agas
1438 3321 1519 3356 quid,
1546 3330 1629 3354 neque
1645 3320 1662 3346 fi
1676 3331 1736 3348 cum
1749 3324 1832 3349 altero
1845 3323 1999 3358 contrahas,
2028 3334 2121 3352 vacare
2133 3324 2194 3353 offi-

44 3377 46 3379 >
61 3359 82 3379 0
92 3357 109 3392 ,Β
120 3360 137 3379 1-
147 3359 167 3378 A
178 3358 200 3378 T
212 3357 233 3376 V
245 3357 275 3384 S,
299 3361 328 3386 ὃ,
346 3362 399 3382 um.
435 3356 502 3382 Part.
536 3358 755 3392 [προβεβλημένος]
793 3357 865 3384 Caes.
878 3349 941 3386 1381.
955 3358 1037 3385 Ciuil.
1052 3366 1073 3390 1,
1133 3359 1176 3385 110
1189 3358 1287 3393 potest;
1324 3358 1353 3384 in
1365 3366 1450 3392 eoque
1463 3357 1575 3384 colendo
1590 3357 1632 3383 fita
1653 3358 1722 3384 vitae
1738 3359 1775 3385 est
1789 3358 1908 3385 honestas
1927 3361 2030 3395 omnis,
2069 3368 2094 3388 et
2105 3362 2133 3388 in
2148 3371 2192 3389 ne-

25 3390 58 3423 76
67 3388 118 3428 ⁴Sic
130 3387 233 3415 oblatus
248 3392 336 3414 terror
347 3397 363 3415 a
381 3389 512 3424 ducibus,
531 3393 669 3420 crudelitas
681 3393 711 3419 in
724 3393 853 3428 supplicio
862 3414 871 3426 ,
896 3403 963 3420 vana
977 3393 1073 3428 religio
1133 3395 1257 3429 gligendo
1270 3393 1419 3428 turpitudo.
1475 3392 1602 3419 Officium
1615 3393 1698 3427 igitur
1705 3394 1805 3429 fuerit,
1826 3396 1950 3429 quidquid
1953 3396 2100 3429 faciendum
2114 3398 2147 3433 est
2160 3407 2192 3424 ex

24 3423 171 3451 iusiurandi
180 3444 188 3456 ‚
215 3423 286 3457 spem
298 3424 438 3458 praesentis
450 3425 590 3455 deditionis
603 3429 713 3455 sustulit.
821 3429 922 3456 Acerba
936 3438 968 3456 ex
980 3437 1072 3456 amore
1084 3439 1120 3464 90
1132 3432 1200 3464 lege,
1222 3432 1262 3456 >de
1275 3431 1402 3456 voluntate
1410 3430 1511 3464 populi,
1542 3429 1684 3461 amicitiae,
1714 3430 1812 3455 honoris
1829 3431 1934 3456 alterius
1955 3432 2026 3467 causa
2035 3451 2042 3463 ,
2080 3434 2111 3459 id
2124 3442 2193 3461 omne

24 3458 112 3500 Θῆἶδίὸ
138 3460 207 3486 Tes-
220 3460 285 3486 Hec·
297 3468 320 3492 3,
335 3469 356 3492 ¹,
369 3469 387 3492 ¹,
458 3461 564 3489 Causam
578 3463 693 3491 oblatam
706 3464 776 3492 mihi
789 3464 903 3500 gaudeo,
917 3465 944 3491 in
959 3472 1070 3499 qua,etc.
1132 3465 1250 3492 officium
1263 3473 1383 3492 vocatum
1419 3465 1589 3500 tribuiturque
1603 3465 1750 3490 inanimatis
1764 3466 1853 3498 etiam,
1872 3474 1901 3492 vt
1914 3466 2028 3502 Munus,
2049 3478 2104 3494 cum
2118 3470 2191 3495 aflio-

26 3495 82 3521 Cic.
96 3495 148 3522 Ate.
161 3497 198 3528 16,
209 3504 244 3535 111.
332 3495 447 3522 Facultas
457 3496 545 3524 oblata
561 3499 635 3535 Virg.
650 3500 748 3535 Georg.
762 3511 785 3533 4,
801 3506 849 3534 438.
938 3500 1072 3528 Facultate
1131 3511 1202 3535 nem,
1235 3501 1275 3527 cui
1285 3509 1330 3536 per
1342 3508 1457 3526 natm-am
1464 3499 1537 3535 suam
1549 3500 1671 3535 destinata
1679 3499 1755 3534 stmt,
1779 3508 1913 3537 peragunt.
1985 3505 2056 3539 ,Quin
2071 3503 2193 3532 officium

27 3529 129 3566 oblata,
163 3531 189 3557 se
206 3538 235 3557 m
253 3530 331 3557 castra
352 3537 508 3571 receperunt
541 3534 613 3562 caes.
630 3536 693 3564 Bell.
708 3537 791 3563 Ciuil.
806 3547 824 3570 1,
836 3546 872 3569 72.
944 3537 1002 3563 Cic.
1021 3544 1071 3570 pro
1132 3547 1306 3571 nonnunquam
1318 3537 1416 3562 habitus
1427 3535 1476 3566 ille,
1496 3536 1539 3562 illa
1552 3537 1634 3561 virtus
1647 3534 1688 3569 cst,
1707 3538 1773 3562 vnde
1786 3536 1862 3568 officia
1874 3533 2080 3574 proficisi-uitur:
2097 3541 2191 3576 ipsique

28 3566 129 3593 Cluent.
137 3576 164 3600 77
185 3565 308 3593 Oblatam
323 3566 536 3607 [ibit-*acuitatem
548 3571 660 3606 putauit,
683 3577 723 3605 vt,
742 3579 787 3598 etc.
826 3572 920 3599 Oblata
928 3572 1017 3599 omnia
1026 3572 1072 3598 Fa·
1131 3575 1206 3606 adeo,
1233 3574 1260 3598 in
1281 3578 1399 3607 quantum
1411 3569 1501 3597 officio
1514 3572 1661 3605 funguntur
1679 3571 1800 3599 homines:
1837 3582 1899 3607 quae
1912 3569 1963 3600 iam
1977 3585 2045 3601 exem
2063 3577 2095 3601 lis
2108 3576 2190 3601 omnia

30 3601 118 3636 cultas,
136 3601 263 3637 Fortuna,
276 3608 323 3629 etc.
343 3602 381 3628 Id.
394 3602 472 3629 canl.
487 3611 500 3634 3
514 3612 536 3629 c.
548 3613 570 3631 2.
615 3606 718 3634 Foedus
730 3606 849 3634 oblatum
871 3608 945 3643 Virg.
960 3609 1023 3634 Aen.
1038 3616 1073 3640 12,
1088 3616 1121 3643 95
1133 3609 1334 3635 declarabuntur.
1409 3608 1497 3633 Genus
1512 3605 1593 3633 officii
1606 3604 1681 3632 dulce
1703 3607 1783 3634 Ouid.
1797 3608 1876 3644 Epist.
1890 3619 1922 3643 13,
1936 3620 1983 3641 1⁴2.
2068 3612 2103 3638 iu.
2127 3632 2134 3638 .
2155 3632 2160 3637 .
2181 3629 2189 3637 .

9 3645 11 3663 1
33 3644 87 3669 109.
189 3638 307 3665 Fortuna
321 3646 491 3674 quaecunque
508 3637 595 3665 oblata
605 3641 672 3674 erit,
694 3652 742 3670 vos
755 3643 917 3679 complee'tar
955 3643 1010 3670 Cic.
1024 3652 1073 3677 pro
1134 3645 1209 3678 Quae
1228 3642 1311 3670 officii
1324 3643 1398 3669 causa
1415 3642 1448 3668 ab
1460 3642 1540 3669 domo
1555 3642 1706 3676 prosecutae
1722 3643 1836 3671 fuerant.
1929 3645 2087 3674 Inter-millio
2106 3642 2190 3674 officii

9 3670 11 3695 Ι
29 3671 99 3698 Sext.
113 3674 162 3704 ¹46.
249 3674 365 3715 Fortuna
378 3673 464 3714 oblata
479 3674 584 3700 delendi
596 3677 722 3715 enercitus
740 3680 799 3706 Liu.
813 3689 849 3714 35,
864 3683 889 3707 6.
979 3679 1074 3705 Hono·
1134 3681 1190 3707 Cic.
1205 3679 1236 3706 de
1249 3679 1334 3706 Amic.
1349 3685 1370 3709 8.
1445 3678 1540 3704 Militis
1555 3675 1673 3704 officium
1688 3678 1765 3714 longa
1779 3681 1815 3707 est
1828 3681 1873 3708 via
1896 3682 1977 3708 Ouid.
1993 3684 2084 3708 Amor.
2099 3693 2116 3713 ι,
2129 3692 2154 3715 9,
2164 3691 2189 3715 9.

9 3703 12 3769 1
30 3715 87 3733 rem
100 3706 214 3747 111-1113111111
226 3710 323 3744 respuis
345 3710 437 3751 Claud.
454 3718 481 3735 111
497 3710 575 3736 cons.
589 3710 644 3737 Stil.
656 3721 675 3746 1,
689 3722 713 3746 2,
725 3722 763 3745 28-
844 3715 874 3743 Id
889 3725 942 3742 non
955 3714 1072 3741 humano
1134 3714 1337 3742 Necessitudinis
1352 3712 1469 3740 officium
1494 3714 1550 3739 Cic.
1563 3721 1612 3747 pro
1624 3713 1744 3742 Muraen.
1759 3725 1792 3748 73.
1900 3718 2048 3744 Oculorum
2067 3717 2189 3744 officium

31 3741 155 3775 consilio,
177 3743 219 3770 sed
236 3754 319 3780 prope
334 3745 464 3772 diuinitus
478 3744 567 3772 datum
580 3752 657 3780 atque
669 3747 785 3777 oblatum
801 3750 879 3783 vobis
892 3750 997 3777 videtur
1017 3750 1073 3778 Cic.
1134 3759 1159 3778 et
1173 3760 1268 3778 munus
1281 3750 1332 3776 fine
1346 3749 1431 3775 oculis
1444 3755 1533 3775 extare
1551 3757 1606 3775 non
1618 3749 1718 3784 potest,
1740 3752 1843 3785 pofl'unt
1856 3758 1942 3780 tamen
1960 3754 2031 3780 oculi
2046 3754 2119 3783 fungi
2142 3753 2187 3778 suo

9 3773 11 3810 l
32 3778 108 3818 Verr.
121 3787 133 3818 2
146 3779 213 3818 (Αᾶ.
227 3782 250 3815 1)
269 3790 292 3808 c.
307 3791 324 3809 1.
398 3783 496 3808 Munus
510 3781 630 3808 oblatum
648 3782 728 3810 Ouid.
742 3787 835 3813 Amor.
849 3797 870 3820 3,
881 3796 909 3821 7,
920 3789 960 3818 46·
998 3787 1071 3813 Prae·
1082 3797 1128 3815 100
1135 3796 1244 3813 munere
1272 3786 1344 3812 Idem
1358 3784 1390 3811 de
1404 3785 1496 3811 Diuin.
1513 3794 1532 3816 1,
1546 3793 1598 3816 107.
1709 3787 1831 3814 Oratoris
1845 3787 1963 3815 officium
1977 3789 2029 3822 est,
2058 3784 2143 3814 dicere
2155 3785 2186 3811 ad

10 3815 11 3838 l
32 3814 112 3840 senna
124 3813 195 3840 ultus
207 3814 294 3842 oblata
307 3816 342 3858 est
361 3818 442 3858 Ouid.
452 3817 544 3858 *Trist-
558 3827 578 3849 3,
592 3826 617 3851 9,
630 3826 664 3848 23·
713 3853 720 3858 ⁵
745 3821 794 3847 Res
807 3831 875 3849 noua
888 3822 976 3850 oblata
995 3822 1072 3857 Virg.
1134 3822 1341 3859 persuadendum
1357 3819 1552 3846 accommodate
1573 3820 1645 3848 Idem
1659 3820 1692 3847 de
1705 3823 1778 3849 Orat.
1796 3834 1812 3856 1,
1826 3829 1872 3855 138·
1981 3823 2114 3858 Peregrini
2129 3818 2185 3847 offi-

10 3856 11 3862 ¹
31 3850 96 3890 Aen.
110 3859 129 3880 ¹,
144 3857 197 3882 454.
283 3852 340 3880 Cic.
354 3853 386 3880 de
399 3853 526 3893 F1n1b35,
540 3855 576 3886 64
602 3852 700 3880 Nostra
712 3862 739 3880 m
752 3855 896 3890 Republica
908 3866 933 3885 et
947 3867 1013 3893 quae
1027 3867 1073 3893 per
1135 3859 1221 3891 cium,
1258 3857 1311 3882 vid.
1333 3862 1348 3881 Ρ
1358 3862 1374 3881 Ε
1385 3861 1405 3881 R
1419 3862 1435 3881 E
1446 3861 1466 3881 G
1476 3861 1495 3882 R
1507 3863 1517 3881 1
1533 3862 1554 3881 Ν
1567 3862 1588 3881 V
1599 3863 1622 3884 S.
1707 3859 1812 3885 Pietatis
1826 3859 1944 3886 officium
1964 3860 2082 3886 Scribon.
2092 3858 2135 3890 Ep.
2150 3865 2185 3881 m.

30 3894 86 3926 111111
100 3884 218 3912 oblatum
231 3885 352 3922 Stuprum
364 3889 516 3916 voluntaria
528 3895 615 3915 morte
629 3889 728 3922 lueret,
749 3890 857 3920 inuenta
871 3894 915 3920 est.
957 3895 1011 3920 Vid.
1019 3903 1073 3920 mox
1134 3894 1283 3929 Sapientiae
1295 3889 1412 3918 officium
1428 3900 1574 3926 munusque
1587 3892 1614 3918 in
1627 3892 1744 3920 hominis
1759 3895 1830 3921 cultu
1845 3896 1880 3922 est
1896 3903 2051 3930 occupatum
2084 3892 2137 3917 C1c.
2153 3891 2185 3918 de

31 3921 136 3947 Vltlum
147 3920 274 3949 oblatum.
346 3924 468 3952 Oblatam
489 3925 549 3952 vani
563 3925 629 3951 furti
643 3924 775 3951 inuidiam
802 3928 861 3955 Liu.
876 3933 902 3962 6,
917 3933 951 3956 16.
1004 3929 1074 3956 Ibid.
1135 3930 1224 3956 Finib.
1238 3941 1261 3962 4,
1275 3931 1311 3960 36.
1384 3926 1529 3960 Tegminis
1542 3923 1661 3954 officium
1692 3930 1774 3957 Ouid.
1787 3932 1851 3957 Met.
1866 3941 1898 3961 12,
1912 3938 1948 3960 32.
2020 3927 2125 3953 Ventris
2139 3936 2184 3961 per

33 3964 64 4006 20
77 3964 143 3984 extr.
184 3957 298 3986 Poenam
316 3959 437 3988 oblatam
450 3961 534 3989 oculis
552 3961 666 3988 deorum
678 3980 688 3994 ‚
711 3960 796 3987 dixit:
830 3963 976 3994 Terentius
1001 3965 1077 3994 Adel.
1085 3963 1252 4003 105offieium
1271 3961 1411 4027 [ᾶὲςὲἰὲἰί
1428 3962 1556 3997 particula
1576 3963 1726 3993 excluditur
1764 3966 1835 3994 Cael.
1853 3966 1978 3994 Chronic.
1997 3971 2062 3996 2,13¹
2095 3972 2112 3989 ¹·
2133 3973 2184 4002 ⁶1⁴3¹¹

1433 4006 1446 4025 2
2017 4005 2183 4022 excrementes.
