2517 4231
64 220 117 260 ¹81
455 208 693 254 MAG

99 299 339 336 MAGNtDi'cvs‚
356 310 380 335 a,
401 309 454 329 nm.
475 303 535 329 Adi.
556 302 637 331 Plant.
657 301 725 329 Rud.
745 310 773 334 2,
788 302 803 327 6
833 308 856 332 3¹
868 301 937 327 Dum
948 301 1001 327 tuis
1014 300 1113 327 anscul-

63 344 89 365 to
100 337 414 373 magnidicismcndaciis.
451 338 487 366 Id.
504 338 676 370 Mil.(3101·.3,
688 343 754 371 3,48.
769 321 1006 371 ctAiuinian.23,6.
1027 338 1115 365 Persis.

99 381 123 400 M
136 381 158 401 Α
169 381 189 400 c?
202 381 224 400 N
239 382 245 399 1
259 380 275 401 F
285 371 330 401 AC
343 379 383 400 10
394 396 401 408 ‚
418 376 470 401 bre.
509 373 636 400 Extollere.
709 373 778 399 Ter.
792 373 857 399 Hcc.
873 382 895 406 2,
909 382 930 403 2,
945 380 969 402 13
992 374 1113 407 Aliquem

62 409 131 437 haud
146 410 232 436 minus
246 418 324 443 quam
338 410 450 444 scipsum
465 409 648 445 magnifacere.
686 409 717 434 Et
730 407 786 434 Cic.
805 408 877 434 Fam.
900 418 936 441 13,
957 411 980 434 ¹6
1010 410 1069 435 Eius
1085 409 1116 435 li-

61 445 165 472 bertum
178 445 412 480 Apolloniumiam
427 452 481 472 tum
490 444 623 479 equidem,
637 453 696 470 cum
712 444 759 470 ille
774 444 890 478 viueret,
910 450 935 471 et
948 446 1116 479 magnifacie-
1132 449 1147 474 5

62 481 120 509 bam
135 488 159 508 et
173 480 326 515 probabam.
366 483 415 507 Sccl
424 481 557 514 haecfortc
570 479 706 505 diuidetm
717 479 787 514 sunt.

99 524 125 543 M
135 523 156 543 Α
169 522 189 543 G
205 523 226 542 N
240 524 249 543 1
265 523 281 543 F
296 524 304 543 1
317 524 333 544 c
349 524 370 544 Α
384 523 406 544 Τ
419 523 458 546 10
469 536 478 550 ‚
497 515 565 544 anis.
587 514 606 541 f.
643 515 761 542 Macrob.
775 515 878 542 Saturn.
899 525 921 548 5,
937 525 958 547 13
990 516 1112 543 Persona-

59 562 118 580 rum
133 553 203 579 varia
217 553 406 587 magnificatio.
1094 556 1102 560 “

98 595 121 615 Μ
134 595 156 616 A
170 594 189 615 G
204 595 224 613 N
237 596 244 614 1
259 595 274 615 F
287 587 297 615 f
308 595 324 615 G
335 595 354 615 V
367 595 381 615 S
391 608 400 623 ,
421 595 445 620 a,
470 595 525 613 um.
539 584 610 620 *Adi.
644 585 857 620 [myflsswefwis’
880 588 1019 619 μεγαλεῖοο,
1038 595 1112 616 μεγα-

61 625 166 659 λέργες]
192 625 246 660 Q?
266 626 292 650 in
305 626 401 656 maqm'r
412 630 456 658 pro
470 621 597 656 dignitate
605 621 714 656 sumtum
730 623 816 656 fierit,
845 624 933 657 quique
952 622 1019 646 circa
1031 620 1150 654 publi-10

60 669 113 686 cam
125 661 301 686 [ism-..litatem
314 653 512 693 inipcnsasfacit
525 658 683 693 honorificas,
703 659 782 683 veluti
795 659 822 683 in
835 658 915 686 ludit,
934 657 962 680 in
976 655 1046 680 rebus
1060 655 1111 680 diis

55 695 127 731 sacri
130 697 221 729 sicaris,
230 698 257 720 in
264 694 391 727 aedificiis,
405 694 431 718 in
439 694 506 728 epulo
512 694 608 727 pnffllico
617 702 622 717 :
644 703 689 719 non
698 701 778 719 autem
787 694 831 728 qui
838 689 1112 725 inst'I'Pfidmsumt-wsus

60 731 99 765 est.
111 727 176 757 Haec
185 724 322 766 proprietni
330 739 336 757 :
344 740 358 754 a
365 739 414 763 qua
421 735 501 754 tamen
501 728 609 764 subinde
618 729 705 762 recedi,
713 737 741 755 vt
748 732 823 755 etiam
829 729 865 752 ad
866 728 997 765 priuatam
1005 726 1112 751 diuitia-

60 762 113 793 rum
125 773 168 792 aut
180 767 287 792 aliarum
299 774 380 790 rerum
393 765 510 790 bonarum
531 764 711 797 (sientationem
733 764 873 797 refirmar:
899 763 954 793 flue
969 771 996 786 ca
1011 761 1037 786 in
1057 771 1109 787 ncu-

60 802 126 837 loss.
139 797 166 826 1²11
179 810 250 827 aures
263 801 386 832 incurrat,
403 800 514 834 exempla
527 794 652 826 docebunt.
722 800 792 834 Qin
814 803 866 821 eam
884 798 1013 831 propriam
1033 798 1110 822 notit.
1130 800 1154 826 ¹5

57 846 111 862 nem
122 843 195 871 putat
214 837 247 862 lo.
261 836 306 862 Ba.
331 835 392 861 Pius
406 837 500 861 Annot.
515 834 574 870 ῥιψὶ.
586 844 607 862 c.
621 842 635 865 8
660 843 709 870 qua
715 831 864 868 supz‘tfluum
881 833 944 866 quid
966 842 995 858 ac
1006 832 1111 867 proinde

60 871 371 907 vhiffimfimulindicet.
409 871 479 897 Ter.
499 871 596 898 Heant.
616 880 639 903 2,
660 879 683 901 1,
703 877 727 898 15
749 868 809 893 Mea
821 867 857 893 cst
873 874 980 908 potens,
1001 877 1110 903 procax,

56 906 203 941 magnifica,
222 906 364 939 sumtuosa,
386 906 493 933 nobilis.
564 906 623 932 Liu.
639 912 699 937 1,10
719 902 784 930 Inde
804 904 923 930 exercitu
944 904 1048 931 Victore
1070 913 1111 930 re-

54 942 144 975 ducto,
165 943 219 977 ipse
232 951 291 969 cum
306 942 383 968 satus
399 943 442 968 vir
461 940 630 975 magnificus,
648 945 705 965 tum
723 938 858 965 factorum
878 939 1022 967 ostentator
1040 939 1110 966 haud

54 978 143 1005 minor
156 985 200 1005 etc.
275 979 358 1006 Aedes
372 977 510 1012 magnifica
536 974 619 1002 Ouid.
639 974 705 1001 Fan.
719 977 744 1009 6,
758 977 810 1007 637.
882 977 1028 1011 Apparatus
1052 979 1076 1003 h.
1090 986 1109 1002 c.
1119 988 1151 1006 20

53 1013 189 1049 Summo-fur
208 1020 233 1040 et
247 1015 339 1047 lamus,
357 1014 400 1039 vel
411 1013 490 1047 potius
509 1010 649 1036 immodicus
669 1011 725 1038 Cic.
739 1009 817 1038 Offic.
839 1020 857 1044 1,
879 1020 905 1042 25
929 1022 950 1038 c.
963 1017 986 1041 8.
1043 1013 1111 1039 Coe-

53 1059 84 1077 na
104 1049 143 1077 Id.
155 1050 227 1077 Fam.
247 1059 274 1085 9,
295 1052 330 1077 16.
401 1046 524 1074 Defensio
545 1046 583 1073 Id.
606 1047 684 1073 Verr.
702 1056 724 1080 5,
746 1057 764 1074 1.
839 1047 941 1074 Domus
961 1047 1027 1074 Plin.
1046 1058 1076 1081 17,
1092 1057 1109 1074 1.

53 1086 143 1113 Genus
160 1085 266 1112 dicendi
287 1085 343 1112 Cic.
357 1083 388 1110 de
402 1082 477 1109 Orat.
491 1091 514 1117 2,
528 1088 567 1115 89.
605 1081 674 1109 Ludi
694 1083 780 1117 1d.Q
792 1083 874 1110 Fratr.
890 1093 912 1115 3,
925 1089 948 1112 3.
1023 1084 1109 1110 Orna.

53 1128 94 1149 tus
114 1121 152 1148 Id.
174 1123 252 1148 Verr.
275 1130 302 1153 1,‘
313 1125 351 1150 58.
425 1117 556 1153 Splendor
586 1118 691 1145 Lucret.
713 1130 744 1152 4,
764 1129 827 1151 1023.
900 1120 995 1146 Succns
1009 1119 1037 1146 in
1051 1120 1108 1152 vsu,

52 1157 303 1190 medicamentisque
329 1153 394 1181 Plin.
421 1163 457 1189 19,
477 1163 497 1186 3.
571 1154 724 1189 Triumphi
758 1154 839 1181 Ouid.
863 1155 955 1182 Amor.
983 1164 1008 1190 1,
1028 1165 1057 1192 2,
1071 1161 1109 1186 28.
1128 1164 1155 1187 25

53 1194 123 1224 Ter.
140 1195 204 1220 Eun.
219 1203 242 1225 4,
257 1193 281 1224 6,·
296 1199 306 1222 3
325 1190 413 1224 Vsque
427 1190 493 1217 adeo
506 1198 555 1224 ego
570 1189 643 1217 illius
656 1191 726 1217 serre
743 1191 845 1226 posshm
860 1191 987 1225 ineptias,
1010 1197 1036 1217 et
1055 1200 1109 1218 ma-

50 1229 146 1264 gnifica
168 1228 265 1260 verba,
286 1227 304 1252 ι’.
325 1226 461 1252 sufflamine
480 1234 504 1251 et
524 1226 692 1261 qllentatiunis
709 1228 792 1262 plena.
866 1227 951 1254 Vrbes
972 1227 1055 1254 Ouid.
1077 1236 1109 1254 cx

52 1266 126 1292 Pom,
140 1273 163 1297 2,
179 1273 214 1297 ιο,
231 1273 263 1290 21.
335 1261 508 1296 Magnificum
522 1262 626 1289 abunde
640 1262 675 1288 est
690 1263 800 1290 voluiss'e
814 1262 880 1290 Plin.
895 1263 924 1289 in
939 1264 1023 1290 Praef.
1061 1264 1109 1290 Di-

52 1309 112 1328 cere
133 1299 235 1334 aliquid
254 1298 427 1333 magnificum
454 1297 553 1324 Tibul.
571 1308 588 1332 ›,
604 1307 624 1331 ς,
637 1300 651 1324 6
681 1298 799 1325 Horrida
822 1299 902 1325 verba
921 1309 976 1325 mox
994 1299 1108 1335 ηιμ-[ἰαί.

52 1337 122 1370 Nep.
132 1336 162 1362 dc
172 1335 311 1368 Attic.13‚5
334 1333 453 1369 elegans,
469 1343 522 1360 non
536 1332 701 1368 magnificus,
722 1334 882 1369 splendidus,
892 1344 946 1361 non
954 1336 1146 1368 sumtuosns.30

54 1373 145 1407 Nempe
157 1372 184 1397 in
195 1372 294 1406 priuato
309 1371 375 1396 cultu
390 1370 543 1405 magnificus
559 1370 653 1404 anquis
673 1380 721 1396 mn
735 1370 766 1405 .st
778 1371 834 1402 fine
852 1371 924 1397 vitio.
996 1374 1109 1406 Compar.

51 1407 265 1441 Magnificentius
280 1406 316 1432 est
328 1405 432 1438 dicere,
453 1405 676 1440 quemadmodum
696 1406 847 1440 gesserimus
868 1406 1033 1434 consulatum
1054 1407 1110 1434 Cic.

53 1443 83 1470 in
102 1443 149 1470 Pis.
163 1452 184 1469 c.
200 1452 221 1470 2.
295 1442 373 1468 Ninil
388 1441 433 1467 illa
448 1442 563 1468 viGtoria
583 1441 794 1475 magnificentius
808 1442 877 1469 Vell.
895 1452 914 1473 ν,
929 1451 966 1477 52,
981 1454 1003 1474 4.
1074 1449 1111 1468 111-

48 1479 114 1515 pet-l.
132 1477 339 1514 Magnificissima
354 1478 475 1504 dicebant
488 1477 591 1512 antiqui
607 1486 656 1511 pro
671 1477 923 1512 Magnificentissima
933 1499 939 1505 .
984 1480 1023 1506 Re
1038 1479 1111 1506 enim

52 1523 115 1542 vera
132 1509 303 1550 Magnificens
318 1514 371 1540 dici
387 1523 439 1540 non
454 1513 547 1548 potest,
569 1513 638 1539 vnde
662 1514 916 1548 Magnificentissima
939 1514 1047 1541 videtur
1067 1514 1109 1542 de·
1129 1521 1156 1545 35

53 1550 122 1579 duci.
142 1551 206 1577 Fest.
244 1550 366 1577 Priscian.
381 1559 391 1582 3
411 1558 435 1584 p.
449 1553 505 1582 603.
579 1549 636 1575 Cic.
651 1549 683 1576 de
697 1549 756 1576 Fin.
773 1559 796 1583 2,
819 1560 851 1583 113
871 1550 910 1576 Ad
925 1550 1020 1578 altiora
1035 1559 1112 1584 qnae-

55 1586 114 1613 dam
127 1596 151 1614 ct
166 1586 393 1621 magnificentiora
412 1585 478 1612 mihi
493 1586 570 1612 crede
582 1586 726 1621 Torquate
747 1586 802 1612 nati
816 1586 914 1613 sumus.
988 1587 1111 1619 Magnifi-

56 1623 226 1649 centiffimnm
242 1621 511 1654 Senatusconsultum,
531 1623 554 1648 h.
570 1631 590 1647 e.
609 1619 790 1657 Ampliffimum
809 1629 834 1648 ee
852 1620 1112 1657 honorificentiffimum

56 1658 113 1685 Cic.
127 1658 158 1685 de
167 1659 259 1686 Diuin.
275 1668 292 1688 1,
307 1668 344 1691 59.
417 1656 529 1684 Faciunt
541 1657 611 1691 Nep.
625 1663 646 1688 8,
662 1667 678 1688 1,
693 1666 719 1690 4.
800 1657 983 1691 5ρο6111011111111
1003 1658 1072 1684 Vell.
1088 1667 1112 1689 2,

53 1696 99 1727 56,
124 1705 141 1721 1.
218 1693 388 1728 Triumphus
412 1692 485 1720 Idem
503 1702 533 1726 2,
552 1702 600 1725 40,
620 1702 640 1724 3.
718 1692 1153 1727 Magnificentissima»aedilitasqo

51 1729 108 1756 Cic.
123 1731 177 1757 Off.
196 1739 219 1762 2,
233 1739 268 1762 57.

90 1771 114 1790 M
127 1772 149 1791 A
159 1771 180 1791 G
193 1771 215 1790 N
229 1771 238 1790 Ι
250 1771 266 1790 F
277 1771 286 1790 1
299 1770 315 1790 C
325 1771 343 1790 E
353 1770 375 1789 N
386 1770 407 1790 T
418 1770 429 1789 1
440 1770 461 1789 A
470 1783 479 1796 ,
504 1771 542 1789 ae.
561 1762 580 1789 f.
606 1763 817 1797 [μεγαλοπρέπεια
825 1783 833 1796 ,
851 1769 1019 1798 [taranah-rna,
1037 1776 1112 1798 μεγα-

50 1803 157 1833 Λυργῐκ]
179 1800 220 1826 Est
240 1799 339 1833 (inquit
352 1799 408 1825 Cic.
422 1798 453 1825 de
466 1799 570 1825 Inuent.
584 1807 607 1831 2,
623 1801 680 1831 167)
699 1799 798 1825 Rerum
811 1808 967 1834 magnarum
983 1807 1008 1827 et
1027 1802 1112 1828 excel-

52 1836 138 1862 sarum
153 1844 213 1862 cum
226 1835 310 1861 animi
323 1835 410 1870 ampla
426 1834 538 1873 quadam
553 1840 578 1861 et
594 1834 728 1869 splendida
748 1836 933 1870 propositione
950 1837 1060 1871 agitatio
1075 1845 1112 1864 at-

52 1880 104 1906 que
118 1871 321 1904 administratio.
359 1871 547 1906 OditPopulus
561 1870 638 1897 Rom.
653 1871 786 1905 priuatam
805 1871 955 1905 luxuriam,
978 1873 1111 1908 publicam
1130 1877 1159 1907 ⁴3

51 1907 276 1942 magnificentiam
292 1906 379 1942 diligit
397 1907 453 1934 Cic.
468 1915 518 1941 pro
532 1907 602 1934 Mur.
618 1916 640 1933 c.
656 1916 693 1941 39.
765 1907 909 1942 Epularum
923 1910 978 1936 Cic.
994 1909 1022 1935 in
1037 1910 1112 1937 Orat.

51 1953 74 1971 c.
89 1953 124 1974 25.
197 1943 334 1971 Ludorum
353 1942 549 1978 magnificentia
568 1943 668 1978 populo
689 1943 820 1978 voluptati
841 1944 877 1970 est
902 1945 960 1972 Cic.
982 1954 1031 1979 pro
1050 1947 1111 1972 Mu-

53 1988 124 2006 raen.
136 1986 171 2012 38.
208 1979 276 2006 Ter.
291 1978 397 2007 Phorm.
410 1990 433 2013 5,
446 1988 470 2012 7,
490 1988 516 2012 37
542 1980 555 2006 I
581 1978 644 2005 hinc
664 1979 694 2005 in
706 1979 804 2006 malam
817 1989 891 2013 rem,
904 1989 964 2008 cum
978 1981 1040 2008 istac
1058 1991 1111 2009 ma-

50 2015 203 2050 gnificentia
219 2015 344 2050 fugitiue,
371 2015 388 2042 i.
408 2015 540 2041 iat‘latione
558 2015 779 2050 magniloquentia.
850 2016 905 2042 Cic.
924 2026 974 2051 pro
988 2018 1111 2044 Muraen.

52 2058 80 2084 38
101 2061 123 2078 c.
137 2060 165 2086 19
185 2051 254 2079 Noli
267 2051 394 2078 ludorum
407 2050 485 2077 huius
500 2050 666 2084 elegantiam,
685 2058 710 2077 et
724 2051 813 2077 scenae
824 2052 1050 2084 magnificentiam
1057 2052 1112 2078 val-

52 2087 85 2112 de
97 2094 276 2114 contemnere.
349 2085 484 2113 Adhibere
497 2085 731 2119 magnificentiam,
749 2085 804 2112 vid.
825 2092 847 2111 A
857 2091 943 2122 puin
953 2091 1007 2110 EO.
1061 2085 1112 2110 Ab·

27 2147 29 2153 .
52 2121 155 2148 struere
167 2121 269 2155 aliquid
289 2121 496 2155 magnificentia,
512 2120 567 2144 vid.
589 2122 760 2145 Ans'rRVO.
835 2119 889 2144 Cic.
905 2118 937 2144 de
960 2118 1066 2145 Amicit.
1088 2128 1112 2146 21

52 2166 73 2185 c.
94 2159 109 2184 6
138 2157 181 2183 Ne
201 2157 344 2183 metiamur
362 2164 436 2187 eam,
455 2160 483 2181 vt
503 2153 611 2188 quidam
631 2153 720 2186 (10611,
738 2150 887 2179 verborum
908 2154 1114 2187 magnificentia.

25 2221 29 2223 ,
53 2192 128 2220 Idem
142 2192 219 2220 Offic.
238 2203 254 2225 ·‚
271 2201 298 2224 72
316 2201 338 2218 c.
353 2202 374 2218 21
402 2189 598 2225 Capessentibus
617 2195 702 2214 autem
722 2189 813 2221 Remp.
834 2187 1011 2214 nihilominus
1033 2198 1112 2223 quam

52 2227 220 2263 philosophis
234 2227 302 2258 haud
323 2226 376 2252 scio
390 2235 422 2252 an
442 2224 524 2258 magis
544 2224 624 2249 etiam
637 2229 664 2249 et
683 2222 882 2257 magnificentia
893 2229 920 2250 et
940 2223 1112 2259 despicientia
1120 2236 1149 2260 55

53 2263 202 2291 adhibenda
221 2263 251 2289 fit
266 2271 356 2289 rerum
369 2261 555 2288 humanarum.

90 2307 115 2326 M
126 2306 147 2327 Α
159 2306 180 2327 G
193 2306 216 2326 N
228 2306 239 2326 1
253 2304 269 2326 F
281 2296 294 2324 f
303 2304 320 2324 C
333 2304 361 2324 E.
381 2296 449 2324 Adu.
469 2295 682 2329 [μεγαλοπρεπῶς,
702 2297 852 2328 μεγαλείως,
871 2297 1005 2330 ursanensi]
1025 2296 1114 2327 Lame,

53 2336 196 2368 honnrtfice:
221 2342 245 2360 et
260 2333 401 2369 generatim
421 2331 570 2358 intendendi
589 2331 642 2356 vim
662 2331 740 2357 habet.
814 2331 885 2357 Ter.
901 2331 998 2358 Heaut.
1014 2340 1034 2364 3,
1047 2340 1070 2364 2,
1083 2340 1112 2363 45

52 2372 84 2399 Et
93 2381 124 2397 ne
133 2380 181 2403 cao
187 2379 212 2398 te
222 2370 251 2403 (si
260 2371 320 2396 vsus
329 2369 430 2401 veniat)
451 2366 600 2402 magnifice,
607 2365 722 2392 Chreme
730 2366 842 2393 traetare
851 2366 951 2401 poffim,
972 2367 989 2394 i.
998 2377 1050 2394 cum
1061 2377 1112 2393 ma.

49 2417 103 2442 gna
113 2400 187 2436 fne‘cie
195 2414 292 2433 tuarum
299 2413 322 2432 te
324 2404 504 2439 sententiarum
510 2410 532 2428 et
540 2401 693 2435 consiliorum
699 2404 835 2431 admonere.
843 2402 987 2436 Magnifice
994 2403 1112 2438 aliquem
1121 2406 1156 2431 60

55 2434 184 2477 accipere,
204 2443 221 2469 i.
231 2441 370 2475 Honorrjfice
391 2439 472 2466 Plaut.
485 2437 575 2464 Pseud.
591 2448 610 2470 1,
626 2447 678 2471 2,4.
717 2438 774 2464 Cic.
787 2447 838 2473 pro
851 2439 927 2465 Rosc.
935 2439 1013 2466 Com.
1029 2448 1041 2470 5
1064 2449 1085 2466 c.
1099 2449 1112 2467 2

54 2479 143 2511 Vsque
155 2486 222 2504 eone
234 2484 260 2505 te
274 2475 373 2510 diligis,
396 2482 422 2502 et
433 2474 572 2509 magnifice
586 2474 781 2508 circumspicis?
801 2475 819 2501 i.
832 2475 881 2501 tibi
882 2477 975 2511 places,
988 2476 1050 2501 alios
1057 2485 1112 2502 con-

51 2515 148 2540 temmis.
221 2511 390 2546 Compellare
404 2511 521 2545 aliquem
536 2509 618 2537 Plaut.
633 2509 723 2537 Pseud.
739 2519 762 2544 2,
775 2521 799 2544 4,
814 2520 844 2538 11.
917 2511 1029 2544 Dicere,
1049 2512 1114 2538 Lau.

52 2549 180 2582 dab-'litem
200 2558 253 2575 curn
266 2547 407 2574 excellentia
420 2549 530 2582 quadam
549 2546 617 2573 Ter.
638 2545 749 2582 Adelph.
766 2556 797 2578 2,
816 2556 843 2579 3,
864 2556 887 2578 4.
961 2547 1063 2574 Efferre
1078 2548 1114 2580 se,

52 2585 173 2618 Multum,
202 2585 292 2611 mirum
305 2585 332 2609 in
350 2586 445 2609 modum
465 2582 505 2610 Id.
519 2583 616 2609 Heaut.
631 2591 659 2615 4,
678 2592 700 2616 3,
723 2592 754 2615 31.
827 2582 958 2610 Habitare
986 2583 1042 2611 Cic.
1062 2592 1113 2618 pro
1122 2584 1152 2615 65

51 2621 141 2648 Domo
155 2630 198 2651 Ἲς.
270 2619 395 2648 Incedere
415 2619 475 2646 Liu.
492 2629 514 2652 2,
529 2622 554 2647 6.
594 2631 597 2633 ·
629 2619 671 2645 Ire
683 2618 826 2645 aduorsum
848 2619 930 2645 Plaut.
944 2620 1000 2646 Cas.
1014 2629 1036 2652 3,
1050 2621 1075 2652 6,
1090 2630 1114 2651 4.

53 2657 102 2684 Cic
117 2658 152 2682 ad
165 2657 238 2684 Brut.
253 2658 277 2682 16
299 2658 376 2683 quat
393 2655 534 2690 magnifice
544 2654 641 2690 Loqui,
664 2660 690 2681 et
704 2661 774 2682 certe
781 2655 855 2681 decet
870 2656 938 2690 apud
953 2656 1115 2690 ignorantes,

53 2692 143 2727 Loqui
158 2700 251 2727 magna
264 2692 402 2726 magnifice
423 2691 522 2719 Tibul.
535 2701 558 2726 2,
573 2694 589 2718 6
602 2694 651 2724 (7)
675 2701 703 2718 11.
775 2692 894 2718 Ornatus
922 2692 992 2726 Nep.
1006 2701 1046 2725 14,
1058 2702 1079 2725 3,
1093 2701 1116 2723 ς.

53 2728 163 2755 Prodest
175 2728 316 2763 magnifice
336 2727 456 2757 Scribon.
476 2734 511 2760 83.
584 2727 640 2754 Cic.
667 2727 744 2754 offic.
765 2736 790 2761 1,
813 2736 842 2761 92
863 2728 936 2755 Haec
956 2729 1117 2762 praescripta

53 2764 202 2791 seruantem
216 2764 278 2791 licet
297 2763 429 2799 grauiter,
448 2764 606 2799 magnifice,
627 2763 798 2797 animoseque
816 2763 922 2797 viuere,
942 2770 1022 2798 atque
1035 2764 1117 2791 etiam
1125 2772 1157 2796 70

52 2800 217 2835 simpliciter,
237 2800 361 2835 fideliter,
382 2805 407 2826 et
422 2800 493 2827 vitae
508 2799 650 2827 hominum
664 2799 753 2827 amice.
791 2800 934 2834 Magnifice
949 2800 1022 2827 Vtilis
1049 2800 1117 2828 Plin.

53 2845 89 2869 23,
104 2847 124 2869 7.
197 2836 382 2871 Magnificins,
403 2836 469 2862 Cato
488 2845 538 2871 pro
557 2835 773 2870 Magnificentius
788 2835 871 2863 dixit:
890 2842 922 2871 et
936 2845 991 2863 non
1010 2836 1117 2863 frustra.

54 2872 126 2899 Nam
140 2873 267 2907 positiuus
276 2873 333 2899 eins
348 2871 487 2906 Magnifice
501 2872 546 2898 est.
562 2905 567 2906 .
583 2872 682 2899 Festus.
757 2871 857 2899 Omnia
872 2872 997 2899 excelsius
1012 2872 1117 2906 Magni-

54 2908 229 2944 licentiusque
241 2915 267 2935 et
282 2908 351 2934 dicet
365 2914 390 2934 et
404 2907 498 2934 sentiet
512 2908 569 2934 Cic.
585 2907 612 2933 111
633 2908 707 2934 Orat.
728 2917 750 2934 c.
771 2918 807 2943 374.
881 2908 1031 2936 Necessaria
1050 2908 1118 2935 fiunt

56 2945 273 2979 Magnificentius
287 2953 366 2978 qnam
381 2943 509 2970 docentur
521 2944 558 2970 Id.
572 2942 640 2971 ibid.
659 2953 680 2972 c.
697 2953 730 2976 43.
803 2944 872 2971 Cum
884 2945 1049 2972 consulatum
1063 2945 1155 2978 Ma-75

55 2981 265 3015 gnificentiffime
279 2980 384 3015 gesseris
407 2979 443 3006 Id.
458 2980 529 3007 Fam.
543 2990 568 3014 4,
581 2989 602 3012 7.
639 2981 711 3014 Conf.
726 2980 801 3008 Curt.
823 2989 860 3014 10,
880 2991 905 3014 4,
925 2990 948 3014 7.

93 3024 117 3043 M
129 3023 151 3045 A
163 3023 185 3045 G
199 3024 221 3043 N
236 3024 245 3043 1
258 3023 274 3043 F
286 3024 294 3042 1
307 3022 324 3043 C
338 3022 353 3042 E
365 3023 386 3041 N
400 3021 447 3042 TE
459 3022 486 3043 R.
509 3015 576 3042 Adu.
618 3016 725 3043 Vitruu.
740 3020 764 3049 6,
788 3026 806 3043 11
831 3017 900 3043 Cum
918 3017 1120 3052 magnificenter

56 3061 121 3088 opus
130 3053 281 3088 perfeetum
290 3051 457 3087 adspicietur.
495 3053 527 3078 Et
536 3061 554 3085 1,
563 3054 577 3079 6
586 3052 722 3087 Oppidum
731 3052 932 3087 magnificenter
940 3053 1118 3080 aedificatum.

93 3096 117 3115 M
129 3096 152 3117 A
162 3097 183 3118 G
196 3097 219 3117 N
231 3096 241 3116 ῐ
254 3095 272 3116 F
286 3086 298 3116 ἶ
309 3094 325 3115 C
335 3094 354 3115 O
364 3109 371 3122 ‚
391 3093 444 3115 are.
506 3087 601 3123 Magni
608 3089 698 3121 facere
711 3088 735 3123 s.
750 3088 887 3124 aestimare,
906 3089 1033 3123 extollere,
1050 3090 1120 3116 exal-

62 3129 123 3150 tare.
157 3126 293 3158 Μεγαλύμω
318 3123 428 3159 amplio,
449 3123 585 3159 amplifico
603 3123 684 3150 Gloff.
705 3125 751 3151 Gr.
768 3126 825 3152 Lat.
898 3125 964 3153 Plin.
985 3134 1017 3158 17,
1039 3135 1054 3160 9
1079 3126 1118 3152 M.
1128 3129 1161 3153 80

63 3157 147 3186 Varro
162 3162 339 3197 principatum
352 3160 396 3188 dat
412 3160 554 3187 turdorum
569 3159 633 3186 fimo
647 3169 677 3186 ex
691 3160 809 3188 auiariis.
882 3161 964 3194 ond
980 3161 1059 3187 etiam
1077 3170 1120 3196 pa-

63 3191 128 3219 bulo
142 3195 222 3224 boum
237 3200 365 3233 suumque
379 3197 545 3232 magnificat:
573 3204 660 3229 neque
673 3197 726 3223 alio
744 3195 806 3223 cibo
821 3196 933 3223 celerius
949 3197 1120 3232 pinguescere

62 3229 192 3258 affcnerat.
263 3234 334 3268 Qua
349 3243 391 3261 me
406 3233 496 3262 colitis
511 3238 537 3259 et
550 3231 725 3266 magnificatis
738 3233 819 3259 Plant.
834 3233 898 3260 Cin.
914 3243 960 3267 1,1,
974 3242 1008 3265 23.
1046 3232 1121 3260 Idem

63 3266 135 3291 Men.
151 3274 175 3298 2,
189 3276 210 3300 3,
226 3278 251 3302 19
275 3271 321 3297 Te
339 3279 422 3297 vnum
435 3279 467 3297 ex
480 3268 608 3297 omnibus
622 3269 712 3294 Venus
726 3267 813 3294 voluit
825 3278 867 3295 1110
874 3268 1052 3304 magnificare.
1090 3270 1121 3296 Et

64 3301 141 3327 tec'tis
157 3302 276 3331 crucibus
289 3306 473 3341 magnificatur
481 3314 548 3341 opus
569 3305 682 3331 Venant.
694 3305 831 3331 Fortunat.
841 3313 861 3337 2,
869 3314 889 3337 3.
962 3305 1036 3338 Cous.
1044 3305 1090 3331 Te
1097 3313 1118 3330 r.
1128 3309 1156 3335 85

61 3336 129 3363 HOC·
144 3347 179 3377 ,2,
199 3346 227 3372 2,
251 3345 275 3369 ¹8
295 3343 381 3375 Quem
399 3351 449 3378 ego
469 3340 592 3369 intellexi
611 3340 685 3367 illam
707 3339 777 3367 haud
791 3341 879 3367 minus
897 3350 976 3375 quam
990 3341 1015 3367 se
1034 3341 1119 3375 ipsum

62 3372 242 3407 magnificare.
270 3375 309 3400 Sic
335 3378 406 3405 MSS,

63 3417 122 3435 cere
137 3409 260 3444 pmnflrt.
376 3423 379 3427 ‹

99 3451 124 3470 M
135 3451 158 3472 A
169 3451 190 3472 G
201 3452 222 3471 N
234 3452 243 3471 Ι
255 3450 273 3471 F
285 3450 323 3484 ¹9
335 3453 417 3482 IVM,
436 3450 455 3477 i.
474 3459 501 3477 n.
520 3452 680 3484 μεγαλοεργίκ
692 3449 773 3476 Gloffi
789 3449 836 3477 Gr.
850 3449 908 3479 Lat.

101 3487 126 3506 Μ
135 3487 158 3507 Α
169 3487 190 3507 G
202 3487 225 3507 N
239 3487 249 3507 1
264 3488 279 3507 L
292 3488 311 3508 O
322 3487 370 3517 Qy
379 3489 399 3508 V
409 3490 439 3518 S,
461 3494 554 3519 a,·um.
575 3486 635 3512 Adi.
662 3484 866 3519 [μεγαλορῥῆμωη
890 3485 1047 3519 ςομφιςικᾶε]
1066 3483 1121 3520 Ql‘
1129 3494 1163 3521 90

67 3525 158 3555 ”3⁰3⁸‘'
171 3517 290 3551 'Oqffl'tur-
328 3517 441 3544 Martial.
455 3530 477 3551 2,
491 3530 520 3554 43
541 3521 662 3548 Candide
683 3525 744 3548 κοινὰ
758 3521 901 3552 vixwrhaec
914 3521 974 3547 sunt
995 3526 1039 3545 tna
1052 3520 1120 3546 Can-

65 3550 126 3578 dide
147 3555 235 3587 nam-«r,
274 3553 349 3586 Qiae
365 3559 392 3579 tu
405 3556 587 3591 magniloquus
608 3557 688 3584 nocte
711 3556 807 3591 dicque
827 3558 910 3585 sonas.
985 3556 1121 3581 Homerus

65 3588 250 3623 magniloquus
266 3588 328 3615 Stat·
347 3588 411 3615 Situ.
432 3598 453 3622 ς,
472 3599 493 3624 3,
507 3594 543 3620 62.
615 3593 703 3620 Flatus
724 3592 893 3628 magniloqui
911 3593 972 3620 Stat.
992 3590 1085 3618 Theb.
1099 3600 1121 3624 3,

66 3631 116 3657 192.
153 3624 208 3651 Ore
220 3624 393 3659 magniloquo
408 3623 523 3650 tumidus
543 3628 623 3655 Ouid.
639 3630 703 3657 Met.
718 3635 741 3661 8,
757 3631 810 3661 396.

74 3679 77 3681 .
104 3665 128 3685 M
137 3666 158 3686 Α
169 3666 191 3686 G
201 3667 224 3686 N
236 3667 246 3686 1
258 3667 275 3687 L
287 3666 306 3686 0
317 3667 365 3697 Qv
383 3666 405 3686 A
416 3667 433 3686 x
443 3681 451 3693 ‚
473 3660 531 3686 :cia
550 3667 719 3694 μεναλολὰλος
741 3664 822 3691 Gloss.
843 3665 890 3691 Gr.
904 3665 959 3691 Lat.

105 3700 130 3720 M
141 3701 163 3722 Α
173 3701 194 3722 G
204 3702 226 3720 N
236 3703 246 3722 1
260 3702 277 3722 L
289 3703 307 3723 o
318 3702 370 3735 QV
383 3703 399 3722 E
414 3702 434 3720 Ν
446 3702 469 3722 Ἰ·
483 3703 489 3720 ι
503 3702 522 3721 Α
531 3715 540 3728 ,
559 3699 598 3724 ae:
617 3699 637 3726 f.
655 3699 906 3734 [μεγαλορῥημοσόγη]
928 3700 985 3726 Cic.
1005 3698 1035 3725 in
1048 3699 1122 3727 Orat.

69 3737 105 3763 191
127 3730 208 3764 Qiod
225 3730 271 3758 ille
285 3732 429 3765 daetylicns
451 3740 575 3757 numerus
598 3732 811 3763 hexametrorum
832 3735 1075 3770 magniloquentiae
1092 3734 1122 3762 sit

70 3767 302 3794 accommodatior.
383 3767 497 3794 Homeri
511 3767 734 3802 magniloquentia
747 3772 803 3798 Cic.
815 3772 887 3798 Fam.
898 3780 932 3805 13,
946 3780 977 3801 1ς.
1049 3770 1121 3798 Rho-

53 3832 55 3834 ·
70 3799 177 3841 diorum
191 3802 272 3837 legati
286 3803 543 3839 magniloquentiam
557 3803 601 3829 vix
616 3803 697 3832 Curia
710 3813 768 3834 ante
781 3813 885 3843 ceperat
905 3807 966 3834 Liu.
983 3817 1023 3840 44,
1038 3815 1062 3838 15
1078 3813 1121 3843 pr.

70 3845 89 3862 1.
97 3837 225 3872 superbum
239 3838 393 3866 imantiam.

1130 2061 1164 2082 50

480 3379 530 3405 Sed
548 3378 629 3404 Bentl.
642 3377 684 3403 hic
702 3377 766 3404 etin
791 3377 881 3404 Plauti
905 3378 965 3404 locis
994 3376 1121 3411 magnifa-

112 3878 167 3898 MA
180 3878 202 3900 G
215 3879 237 3900 N
251 3881 260 3900 1
273 3882 288 3901 P
301 3882 318 3902 Β
331 3881 353 3901 N
368 3882 388 3903 D
404 3882 442 3911 Γ),
465 3877 519 3903 ere.
545 3875 613 3909 [περὶ
626 3876 703 3901 mabit*
721 3880 836 3914 πσιέμαι]
855 3879 885 3905 In
904 3888 995 3913 magna
1013 3877 1123 3914 aestima-

70 3910 136 3938 tione
148 3910 241 3935 habere.
292 3911 373 3939 Plaut.
391 3911 481 3938 Pseud.
499 3922 515 3944 1,
530 3920 553 3944 2,
577 3918 604 3942 85
627 3910 685 3944 Sed,
705 3910 772 3940 scio,
789 3920 818 3940 tu
833 3914 903 3941 haud
918 3915 1007 3941 oleum
1023 3913 1122 3948 magni-

70 3945 173 3982 pendis,
191 3944 257 3971 vino
271 3951 296 3972 te
309 3947 436 3973 deuincis.
473 3948 544 3974 Ter.
559 3946 631 3973 Adel.
647 3956 674 3980 ς,
690 3957 713 3979 4,
727 3955 753 3977 25
774 3948 827 3982 Ego
841 3959 948 3985 quoqne
971 3959 984 3976 a
999 3949 1066 3976 meis
1080 3957 1123 3975 me

70 3981 165 4014 amari,
178 3986 204 4007 ct
217 3981 382 4021 magnipendi
393 3983 506 4017 postulo.
545 3983 686 4009 Sedmelius
695 3981 773 4017 dimy'e
781 3983 913 4020 scribitur,
930 3985 1018 4021 pendo
1025 3984 1123 4018 magni.

107 4024 134 4045 M
143 4023 167 4046 A
176 4023 198 4045 G
209 4022 232 4044 N
243 4022 254 4044 1
267 4023 288 4044 T
297 4025 320 4048 A
331 4024 344 4047 s
353 4039 362 4054 2
381 4019 439 4046 atis.
452 4019 471 4046 f.
487 4019 654 4054 [μεγαλότης]
675 4020 723 4046 Pro
741 4018 911 4055 magnitudine
924 4022 991 4058 apud
1000 4020 1123 4057 antiquos.
1135 4034 1179 4058 105
1184 4020 1268 4057 giom's
1302 4033 1355 4051 ---μ
1365 4024 1444 4054 atque
1463 4032 1510 4061 J·—
1528 4018 1658 4047 miscuiss'e
1671 4023 1739 4045 artes
1759 4015 1945 4045 mathematicas

1133 3850 1180 3868 100
1189 3841 1292 3876 misque
1306 3840 1413 3867 saeculis
1429 3838 1522 3865 valuit.

1569 212 1808 255 MAG

1176 299 1270 340 Accius
1304 304 1371 335 opud
1401 303 1475 330 Non.
1495 312 1524 337 2,
1545 312 1583 336 523
1603 300 1699 338 Neque
1721 305 1755 331 sat
1777 304 1858 340 fingi,
1896 311 1982 341 neque
2000 308 2053 335 dici
2081 308 2164 344 potest
2183 317 2234 345 pro

1176 341 1325 370 magnitate.

1212 377 1237 396 M
1248 377 1269 396 Α
1283 376 1302 397 G
1317 379 1335 397 Ν
1349 379 1357 398 ι
1372 380 1394 399 Τ
1410 382 1416 400 1
1430 381 1445 400 n
1460 381 1472 401 s
1484 395 1492 408 ,
1513 375 1548 402 ei.
1564 371 1587 402 s.
1606 375 1709 402 [1116101-
1723 376 1856 402 Carminis
1871 370 1902 402 dc
1917 375 2046 404 Phoenice
2060 379 2105 413 sub
2119 382 2160 412 fin.

1214 412 1236 431 M
1249 412 1269 431 A
1281 412 1301 431 G
1314 413 1337 432 Ν
1349 415 1354 432 ι
1367 415 1388 433 Τ
1400 411 1419 434 Χῖ
1432 417 1449 435 D
1462 417 1481 436 0
1491 432 1499 443 ‚
1520 411 1580 437 i'nis.
1601 411 1621 438 f.
1644 413 1777 444 [tund-vc.
1795 411 1883 445 ἕγκσε]
1904 414 2031 439 Interdum
2048 412 2117 440 nihil
2125 418 2176 448 71:st
2186 427 2231 443 mo.

1175 442 1233 482 dnm
1247 448 1290 466 aut
1304 443 1530 482 tuolrmflgrfztsfJ‘rat,
1544 455 1571 472 τι
1586 447 1669 473 Nucis
1684 447 1839 481 magnitudo
1855 446 1975 474 Scribon.
1995 459 2037 479 135.
2065 451 2082 475 i.
2097 453 2231 483 quantitas.

1177 477 1210 501 Iit
1226 485 1271 517 2ος
1293 478 1322 504 111
1337 477 1456 518 vulneris
1470 483 1679 514 magnitudinem
1695 483 1832 510 dilatatum
1854 483 2031 518 emplastrum.
2107 489 2154 510 Sal
2166 489 2231 512 mcli-

1177 520 1248 536 name
1260 511 1453 547 qllxlmplttmlo,
1462 514 1610 546 s'tm‘mrims.
1646 519 1704 545 Sen.
1714 518 1745 545 de
1759 519 1800 546 Ira
1813 530 1820 546 1
1838 527 1903 546 extr.
1941 519 2133 554 Magnitudinis
2146 522 2231 547 sirma-

1175 552 1294 573 mentnm
1310 547 1445 588 roburque
1460 549 1564 576 bonitas
1577 553 1620 578 est.
1659 555 1814 588 Magnitudo
1826 564 1880 582 11011
1897 553 1975 582 habet
1989 563 2089 582 eertum
2105 557 2231 586 modinum

1176 590 1339 617 comparatio
1357 584 1429 610 illam
1444 591 1487 611 aut
1503 586 1573 611 tollit
1588 593 1631 612 aut
1644 589 1770 622 deprimit
1790 592 1848 617 Sen.
1862 591 1907 626 Ep.
1923 601 1957 621 ,11.
2031 592 2123 626 Ampla
2134 593 2232 623 maeni-

1175 619 1250 659 tudo,
1272 619 1401 654 inaudita,
1428 619 1558 647 Inhabilis
1573 624 1762 656 magnitudinis
1778 627 1861 660 nauis,
1887 627 1963 661 Iusta,
1989 627 2090 662 capere
2104 621 2232 661 magnitu-

1176 654 1277 684 dinem.
1298 655 1402 688 Cogere
1418 656 1454 689 in,
1474 657 1528 682 vid.
1544 658 1568 680 in
1586 658 1622 682 bix·
1636 660 1724 684 111-κων.
1799 662 1941 696 complere
1956 663 2167 692 nmanitudincm
2185 662 2232 689 ali·

1175 690 1249 716 cuius
1265 690 1305 716 rei
1326 691 1393 717 l'lin.
1411 695 1444 723 ns»,
1459 701 1480 723 7.
1552 692 1683 719 Excedcrc
1699 694 1726 719 111
1742 696 1850 723 nimiam
1865 695 2072 733 magnitudinem
2095 699 2161 725 Cels·
2172 707 2233 731 &2¹-

1175 727 1289 760 Implere
1305 727 1517 757 magnitudinem
1533 728 1691 762 stiamanno,
1712 731 1766 756 vid.
1790 739 1833 757 ιΜ
1847 739 1862 757 Ρ
1874 741 1888 758 14
1902 741 1918 760 h*
1934 741 1963 760 (1.
2036 735 2193 761 Acci-bnans
2207 740 2233 761 et

1176 761 1234 788 odii
1250 761 1406 796 magnitudo
1428 763 1483 789 Cic.
1504 772 1553 797 pro
1572 764 1660 790 Deiot.
1684 774 1720 796 30.
1794 768 1869 792 Acris
1889 769 1966 795 alieni
1994 768 2066 797 Idem
2087 779 2136 806 pro
2157 771 2232 797 Rosc.

1178 800 1266 823 Amer.
1281 806 1324 833 39.ι
1393 798 1500 824 Amoris
1520 798 1590 824 Idem
1607 800 1676 827 Fani.
1694 810 1715 833 ε,
1730 810 1752 832 7.
1829 802 1901 828 Idem
1917 804 1942 829 in
1965 806 2053 832 Pax-tit.
2073 812 2096 836 81
2126 807 2233 841 Magni-

1177 832 1297 860 tudinem
1316 833 1406 859 Animi
1417 834 1536 869 supcrbia
1550 835 1672 861 imitatur
1692 835 1719 861 in
1735 836 1830 862 animis
1844 838 2009 866 extollendis.
2083 843 2113 868 Et
2125 843 2197 869 Fam.
2213 852 2234 875 1,

1176 879 1189 902 7
1211 869 1423 904 Magnitudinem
1432 870 1522 896 Animi
1539 870 1579 896 his
1594 880 1627 896 ne
1645 871 1763 898 infled’tas
1784 873 1939 906 cuiusquam
1959 876 2065 903 iniuria.
2135 879 2233 915 Qibus

1176 906 1203 930 in
1217 908 1284 931 rebus
1299 905 1420 941 [ρπβ-1111,
1441 908 1511 933 ducet
1523 906 1579 933 Cic.
1596 907 1648 934 Off.
1664 917 1669 932 1
1686 916 1707 934 c.
1730 917 1770 935 20.
1809 909 1952 935 Causarum
1973 913 2125 945 magnitudo
2144 919 2168 940 ct
2189 919 2234 940 va·

1175 941 1255 967 rictas
1277 941 1348 968 Idem
1363 942 1394 968 de
1405 942 1479 969 Orat.
1496 952 1513 975 1,
1531 952 1561 973 ¹5·
1635 943 1777 978 Frigorum
1798 943 1871 970 Idem
1882 946 1956 972 Verr.
1973 956 1995 978 5,
2011 956 2044 978 23·
2088 948 2234 975 Fruehnnn
2249 945 2251 950 ’

1175 977 1248 1003 Idem
1263 983 1354 1003 contra
1367 977 1466 1011 Runa,
1481 988 1520 1012 94.
1594 979 1676 1005 Maris
1694 980 1786 1014 Aegaei
1810 980 1882 1006 Idem
1905 980 1935 1007 de
1950 981 2007 1007 Fin.
2032 992 2090 1017 ;,4f
2156 986 2233 1010 Mun-

1175 1012 1202 1038 di
1219 1012 1256 1039 Id.
1271 1012 1325 1039 Off.
1339 1022 1359 1045 1,
1375 1022 1422 1045 154.
1496 1013 1624 1046 Quaestus
1637 1015 1692 1041 Cic.
1708 1017 1784 1042 Verr.
1806 1025 1827 1049 5,
1849 1025 1882 1048 23.
1958 1017 2069 1043 Pericnli
2095 1018 2164 1044 Ideni
2185 1029 2234 1053 pro

1175 1049 1271 1081 Qunt.
1295 1050 1319 1074 6.
1398 1049 1567 1075 Professionis
1589 1051 1744 1084 magnitudo
1763 1052 1883 1078 Scribon.
1904 1052 1948 1087 Ep.
1964 1055 2011 1088 fin.
2084 1054 2235 1088 Reg=0num

2167 228 2231 268 182.

1174 1084 1231 1111 Cic.
1246 1083 1359 1145 Phili‘pp.
1376 1093 1406 1117 13,
1427 1094 1448 1116 5.
1520 1086 1685 1120 Conspicuus
1705 1087 1895 1121 magnitudine,
1916 1089 1968 1114 vicl.
1992 1095 2008 1115 C
2020 1096 2039 1115 O
2051 1096 2116 1116 NSP
2130 1097 2136 1115 1
2150 1096 2166 1115 C
2181 1098 2186 1115 1
2203 1098 2234 1117 O.

1173 1121 1215 1146 Pl.
1231 1120 1288 1160 Cic.
1316 1128 1342 1159 ‘e
1355 1120 1430 1148 Orat.
1453 1131 1477 1154 1,
1501 1126 1539 1153 187
1562 1122 1592 1147 In
1614 1124 1761 1156 geometria
1775 1123 1949 1159 lineamenta,
1965 1124 2060 1158 forma,
2085 1126 2235 1162 interualla,

1174 1155 1378 1190 magnitudines.
1622 1167 1633 1183 2
1653 1160 1722 1183 Inter
1736 1160 1821 1184 titulos
1841 1160 1937 1185 honoris
1951 1161 2070 1193 infimiori
2084 1168 2166 1186 aetate
2180 1170 2235 1187 erat

1173 1191 1342 1226 Magnitudo.
1423 1192 1533 1219 Caffiod.
1559 1194 1620 1219 Var.
1640 1202 1670 1226 9,
1692 1203 1710 1226 13
1737 1193 1775 1220 Ad
1797 1194 1931 1221 Comitem
1963 1196 2118 1230 patrimonii
2143 1196 2235 1223 scribit

1174 1227 1335 1259 Athalricus‚
1352 1228 1546 1262 Magnitudinis
1559 1233 1620 1254 tuae
1634 1228 1797 1268 suggestione
1812 1231 2000 1266 comperimus,
2022 1232 2053 1258 dc
2068 1232 2233 1258 Domestico-

1174 1272 1233 1290 rum
1254 1263 1394 1290 exceffibus
1415 1271 1459 1291 etc.

1212 1306 1236 1325 M
1244 1306 1264 1325 Λ
1274 1306 1294 1326 G
1309 1306 1330 1325 N
1345 1306 1365 1326 O
1377 1306 1391 1325 P
1403 1296 1449 1326 1:31<
1462 1306 1490 1326 E.
1511 1299 1576 1327 Adn.
1599 1301 1679 1334 [asam
1698 1302 1814 1337 μεγάλα]
1847 1302 1937 1335 Valde,
1957 1304 2120 1330 vehementer.
2166 1303 2235 1331 Ter.

1175 1336 1272 1363 Heaut.
1286 1345 1309 1369 4,
1324 1345 1343 1369 1,
1358 1345 1379 1368 ¹3
1401 1335 1581 1362 Meministine
1597 1345 1638 1362 me
1653 1337 1701 1363 esse
1715 1337 1863 1372 grauidam,
1876 1343 1901 1364 et
1914 1338 2015 1365 mihite
2029 1348 2188 1373 magnopere
2196 1339 2235 1365 in-

1175 1372 1359 1405 terminatum,
1379 1371 1396 1398 fi
1420 1371 1535 1406 puellam
1554 1381 1691 1406 parerem,
1710 1373 1783 1399 nolle
1802 1373 1880 1400 tolli?
1951 1374 2055 1401 Lucret.
2071 1384 2093 1405 2,
2109 1380 2149 1407 171)
2187 1374 2237 1401 Sed

1178 1407 1206 1433 in
1226 1407 1351 1434 omnibns
1365 1406 1443 1434 rebus
1457 1409 1628 1443 Magmperc,
1641 1417 1655 1434 a
1672 1416 1734 1435 vera
1743 1408 1803 1443 lapsi
1811 1409 1915 1436 ratione
1929 1409 2065 1436 videntur.
2138 1412 2238 1445 Magno

1175 1452 1266 1478 opere,
1281 1443 1420 1478 separatim
1434 1443 1509 1468 etiam
1525 1444 1660 1478 aliquando
1678 1446 1753 1479 hgas.
1790 1445 1846 1472 Cic.
1860 1445 1893 1471 de
1904 1447 1961 1472 Inu.
1976 1455 1997 1478 2,
2013 1455 2025 1471 2
2052 1446 2123 1472 Cum
2140 1454 2237 1481 pucro-

1176 1488 1236 1505 rum
1253 1479 1336 1513 igitur
1349 1479 1449 1505 formas
1461 1484 1487 1505 et
1501 1488 1616 1514 corpora
1628 1489 1725 1515 magno
1745 1479 1789 1507 hic
1802 1490 1883 1516 opere
1903 1481 2088 1508 admiraretur.
2161 1482 2237 1509 Idem

1176 1515 1249 1541 Fam.
1265 1524 1295 1548 13,
1312 1525 1337 1547 34
1356 1515 1508 1549 Magnoque
1521 1524 1602 1549 opere
1611 1515 1655 1542 abs
1669 1523 1693 1543 te
1708 1522 1777 1551 peto.
1814 1518 1855 1542 vti
1871 1517 1941 1544 Ter.
1950 1518 2015 1543 Eun.
2029 1527 2049 1550 3,
2063 1527 2086 1550 4,
2095 1519 2125 1544 26
2145 1517 2236 1545 Thais

1176 1551 1295 1577 maximo
1309 1558 1333 1577 te
1342 1550 1432 1577 orabat
1445 1560 1536 1585 opere,
1550 1558 1578 1577 vt
1592 1551 1765 1579 crasredires.
1837 1552 1893 1579 Cic.
1906 1554 2025 1585 Fam.)5,
2039 1563 2063 1585 14
2082 1554 2138 1588 Ego
2152 1559 2236 1581 caete-

1176 1593 1266 1612 rarum
1282 1593 1372 1613 rerum
1387 1587 1460 1613 causa
1474 1586 1522 1613 tibi
1537 1588 1649 1614 Romam
1659 1597 1820 1623 magnopere
1832 1589 2030 1623 properandum
2044 1590 2145 1615 censeo.
2181 1590 2235 1616 Ne-

1179 1631 1224 1648 mo
1238 1631 1397 1657 magnopere
1417 1623 1552 1649 eminebat
1576 1624 1635 1650 Liu.
1658 1634 1682 1656 1,
1703 1633 1725 1656 ¹7
1741 1631 1783 1659 pr.
1857 1626 2018 1659 Magnopcre
2037 1624 2238 1659 prouidendum

1178 1658 1234 1685 Cic.
1250 1668 1298 1693 pro
1312 1659 1388 1686 Font.
1430 1660 1460 1684 Et
1474 1659 1552 1685 Verr.
1573 1669 1595 1692 a,
1615 1666 1643 1689 28
1661 1661 1720 1693 Qta
1734 1661 1766 1685 de
1780 1668 1824 1692 re,
1844 1660 1963 1693 Iudices,
1983 1660 2062 1686 vobis
2076 1669 2238 1695 magnopere

1176 1694 1373 1729 prouidendum
1390 1694 1435 1721 est.
1510 1694 1584 1721 Idem
1600 1696 1677 1721 Verr.
1690 1705 1712 1726 ς,
1725 1704 1767 1726 107
1789 1704 1811 1721 c.
1825 1705 1848 1727 4·
1871 1695 1962 1728 Quid,
1981 1696 2105 1729 inquam,
2130 1704 2239 1730 magno-

1176 1739 1238 1765 pere
1251 1730 1338 1765 potuit
1352 1730 1512 1757 Cleomenes
1526 1730 1623 1764 facere,
1647 1730 1719 1756 istius
1732 1731 1846 1757 auaritia
1859 1730 1971 1757 nauibus
1994 1731 2154 1757 exinanitis?
2199 1730 2237 1757 Id.

1176 1775 1227 1801 pro
1242 1767 1316 1793 Rosc.
1330 1766 1409 1792 Com.
1423 1775 1451 1799 43
1471 1776 1493 1793 c.
1510 1776 1530 1796 ις
1552 1767 1582 1792 Et
1595 1767 1724 1800 quorsum
1737 1765 1837 1793 recidat
1850 1767 2002 1801 responsum
2020 1772 2096 1792 tuum
2115 1776 2170 1793 non
2183 1775 2238 1793 ma-

1177 1810 1295 1837 gnopere
1310 1802 1412 1828 laboro.
1485 1802 1550 1828 Non
1564 1811 1724 1836 magnopere
1737 1803 1824 1829 miror
1844 1803 1900 1829 Cic.
1913 1802 1991 1828 Acad.
2006 1811 2030 1837 4.
2106 1802 2143 1830 Id.
2159 1804 2238 1831 Verr.

1177 1848 1201 1872 4,
1218 1848 1224 1864 1
1246 1839 1335 1864 Genus
1350 1839 1435 1873 ipsum
1448 1838 1521 1873 prius
1538 1838 1680 1872 agnoscite,
1701 1837 1811 1872 iudices,
1830 1838 1926 1865 deinde
1939 1839 2046 1864 fortasse
2058 1843 2113 1865 non
2132 1844 2239 1873 'magno-¹

1179 1883 1241 1909 pere
1256 1875 1400 1908 quaeretis,
1420 1883 1473 1908 quo
1488 1875 1598 1900 nomine
1611 1873 1798 1909 appellandum
1819 1875 1925 1909 putetis.
1999 1874 2073 1901 Idem
2092 1883 2143 1910 pro
2162 1875 2238 1902 Rosc.

1177 1911 1267 1936 Amer.
1284 1920 1321 1942 124
1341 1909 1463 1937 Tametsi
1479 1909 1515 1936 ita
1529 1919 1570 1936 res
1584 1911 1609 1936 se
1625 1910 1714 1944 habet,
1732 1917 1760 1936 vt
1773 1909 1842 1936 mihi
1857 1911 1885 1937 in
1898 1919 2068 1938 communem
2088 1911 2189 1937 causam
2204 1911 2241 1937 se-

1178 1946 1285 1972 &orum
1298 1945 1443 1974 dicendum
1461 1945 1532 1972 nihil
1552 1955 1712 1981 magnopere
1734 1946 1864 1973 videatur.
1939 1947 2003 1973 Non
2023 1955 2184 1981 magnopere
2201 1946 2241 1973 vi-

1178 1983 1219 2008 sus
1236 1982 1357 2009 Phoenix
1374 1982 1402 2008 in
1417 1988 1475 2009 toto
1490 1982 1556 2009 orbe
1573 1983 1639 2009 Plin.
1659 1990 1697 2015 to,
1714 1991 1735 2008 2.
1870 2013 1872 2015 Ι
1935 2011 1937 2014 ,

1216 2024 1240 2043 Μ
1250 2024 1273 2043 A
1283 2025 1303 2044 X
1316 2026 1326 2044 1
1340 2024 1363 2042 M
1376 2024 1395 2043 O
1407 2024 1423 2042 P
1436 2015 1453 2042 ἔ
1462 2024 1479 2042 R
1494 2023 1523 2042 E.
1561 2017 1751 2049 [σφοδρότατα]
1786 2016 1939 2050 Superlatt'ui
1961 2017 2056 2049 gradiar
2083 2017 2237 2044 mluerbium.

1180 2053 1246 2075 Idem
1278 2053 1326 2075 uad
1342 2048 1553 2081 Vehementiffime.
1626 2050 1683 2076 Cic.
1696 2051 1768 2076 Fam.
1783 2060 1803 2083 3,
1819 2060 1831 2076 2
1851 2051 1873 2076 A
1886 2056 1911 2077 te
1925 2050 2107 2085 maximopere
2121 2058 2171 2086 pro
2191 2060 2239 2078 no-

1179 2084 1230 2109 stra
1250 2061 1349 2110 siqnnma
1369 2083 1579 2117 coniunctione,
1596 2091 1709 2119 ,tuaque
1732 2086 1856 2120 singulari
1876 2086 2042 2113 humanitate
2061 2088 2140 2113 ctiam
2159 2094 2238 2121 atque

1177 2118 1257 2145 etiam
1271 2120 1367 2153 quaeso
1379 2126 1405 2145 et
1419 2126 1491 2154 peto,
1510 2126 1538 2146 vt
1556 2120 1770 2155 quibuscunque,
1790 2130 1833 2148 etz.
1877 2123 1926 2148 Sed
1938 2123 2010 2148 ctiam
2029 2124 2071 2148 hoc
2086 2123 2112 2147 in
2125 2124 2192 2149 bonis
2205 2123 2238 2148 li-

1180 2155 1233 2182 bris
1245 2155 1381 2188 diuiditur,
1400 2157 1430 2181 de
1444 2165 1492 2190 qua
1511 2157 1609 2182 ratione
1625 2158 1805 2183 dubitationem
1824 2158 1910 2183 eximit
1930 2155 1994 2183 illud
2017 2157 2105 2185 Thais
2118 2159 2238 2185 maximo

1177 2195 1204 2216 te
1217 2190 1310 2217 orabat
1325 2199 1415 2225 opere,
1434 2198 1464 2217 vt
1477 2199 1532 2217 cras
1546 2191 1647 2217 redires
1667 2192 1738 2218 Ter.
1753 2193 1820 2218 Eun.
1835 2203 1856 2224 3,
1872 2202 1892 2224 3,
1905 2193 1945 2218 26.

1215 2232 1333 2252 MAGv
1345 2232 1365 2252 n
1377 2224 1400 2252 Α“
1411 2232 1431 2251 R
1444 2232 1453 2251 1
1466 2233 1495 2257 s,
1514 2226 1570 2258 siue
1588 2232 1643 2251 MA
1656 2232 1677 2252 G
1690 2233 1709 2252 Y
1722 2225 1772 2253 oft
1784 2233 1804 2253 R
1817 2234 1826 2252 1
1840 2234 1862 2254 s,
1889 2226 2057 2262 [aaydaaqoe]
2083 2228 2208 2256 Priscian.
2225 2237 2239 2261 7

1178 2270 1201 2287 c.
1219 2261 1251 2287 de
1262 2261 1428 2293 accusatiuo,
1448 2257 1617 2294 Magudaris,
1643 2261 1741 2296 inquit,
1767 2262 1893 2297 fignificat
1902 2262 2005 2297 frugis,
2023 2263 2052 2290 id
2064 2263 2100 2290 est
2113 2265 2183 2291 cauli
2196 2273 2240 2298 ge-

1179 2305 1239 2330 nus,
1259 2296 1306 2330 qui
1319 2296 1435 2322 nascitur
1447 2304 1479 2322 ex
1487 2304 1516 2322 ea
1524 2303 1606 2331 parte,
1619 2297 1694 2323 cuius
1710 2297 1785 2324 radix
1800 2298 1888 2332 silphii
1907 2298 2042 2326 auellitur.
2067 2300 2128 2335 vel,
2152 2306 2179 2326 vt
2193 2299 2241 2326 alii

1179 2332 1285 2365 volunt,
1308 2331 1533 2367 siliginemdianc,
1553 2333 1647 2358 caulem
1666 2333 1792 2369 laserpitii
1809 2336 1910 2368 quisla‹¹1¹
1931 2335 2084 2368 existumant.
2112 2364 2115 2366 ⁴
2158 2336 2240 2363 Plaut.

1180 2368 1249 2395 Rud.
1266 2378 1286 2403 3,
1302 2377 1324 2404 2,
1339 2377 1364 2401 ¹9
1384 2368 1433 2394 Seu
1456 2367 1506 2394 tibi
1531 2367 1644 2395 confidis
1671 2369 1731 2397 fore
1750 2370 1861 2397 multam
1882 2371 2047 2404 magudarim
2067 2371 2200 2398 Columel.
2214 2373 2242 2405 6,

1180 2413 1213 2436 17.
1232 2405 1286 2430 via.
1301 2410 1418 2430 LASER.
1456 2403 1524 2430 Plin.
1538 2412 1574 2438 19,
1588 2405 1631 2437 31‘.
1656 2414 1683 2436 ις
1703 2406 1814 2432 Caulem
1829 2406 1955 2441 laserpitii
1968 2415 2055 2435 vocam
2075 2415 2099 2434 et
2111 2408 2128 2434 s.
2151 2410 2176 2434 16
2198 2407 2242 2434 Al.

1178 2447 1266 2467 terum
1280 2449 1361 2474 genus
1377 2439 1514 2474 laserpitii.
1569 2442 1638 2468 Add.
1653 2441 1756 2477 Salmas.
1771 2445 1806 2467 ad
1816 2445 1859 2468 loc.
1877 2442 1958 2469 Plaut.
2101 2474 2103 2476 Ι

1215 2483 1240 2502 Μ
1249 2474 1272 2502 A
1282 2482 1303 2502 G
1314 2482 1334 2501 v
1346 2483 1359 2503 s
1369 2499 1377 2512 ‚
1398 2475 1417 2502 i.
1438 2485 1473 2502 m.
1491 2476 1604 2510 [μάγος]
1625 2477 1709 2503 Dillio
1726 2477 1835 2511 Pasira,
1848 2487 1898 2512 qua
1912 2480 1979 2512 apud
1993 2487 2030 2504 eos
2043 2479 2146 2514 Sapiens
2158 2479 2241 2514 figni-

1174 2512 1285 2548 ficatur‚
1306 2521 1342 2538 eos
1354 2512 1418 2537 enim
1433 2512 1523 2547 Persae
1544 2513 1635 2547 Magos
1647 2521 1747 2546 vorant,
1767 2523 1825 2548 quos
1840 2515 1931 2540 Graeci
1959 2514 2131 2549 Philcsophes,
2153 2515 2242 2542 Latini

1181 2548 1313 2583 Sapientes,
1336 2547 1403 2574 Galli
1415 2549 1545 2582 Druydas,
1559 2549 1682 2584 Aegyptii
1693 2550 1839 2585 Prophetas,
1857 2550 1911 2583 fiue
1935 2552 2084 2578 Sacerdotes.
2158 2551 2244 2577 Persa-

1181 2592 1241 2610 rum
1255 2584 1345 2618 lingna
1363 2592 1453 2618 magus
1473 2583 1519 2618 est,
1540 2583 1586 2618 qui
1602 2584 1690 2611 nostra
1710 2584 1830 2612 sacerdos
1859 2585 1937 2621 Apul.
1965 2585 2056 2620 Apol.>
2130 2586 2187 2613 Cic.
2210 2587 2243 2613 de

1181 2619 1275 2654 Legib.
1289 2629 1311 2653 2,
1326 2622 1357 2646 26
1376 2620 1481 2646 Patrum
1496 2619 1606 2646 delubra
1618 2621 1668 2646 esse
1682 2620 1710 2647 in
1724 2621 1835 2648 vrbibus
1850 2622 1956 2651 censeo3
1976 2631 2023 2647 nec
2043 2622 2139 2656 sequor
2152 2631 2243 2657 magos

1183 2656 1330 2690 Persarum,
1348 2655 1446 2690 quibus
1459 2655 1615 2682 auctoribus
1627 2656 1727 2683 Xerxes
1743 2658 1914 2684 inflammasse
1927 2657 2025 2692 templa
2036 2658 2163 2685 Graeciae
2177 2658 2244 2685 dici-

1181 2697 1233 2720 tur.
1306 2689 1427 2718 Catullus
1436 2697 1465 2723 87
1483 2691 1554 2718 Nam
1568 2701 1659 2727 magus
1673 2702 1704 2719 ex
1721 2700 1804 2720 matre
1817 2700 1843 2720 et
1855 2700 1935 2728 gnato
1957 2693 2075 2720 nascatur
2093 2694 2209 2729 oportet,
2223 2694 2242 2721 fi

1183 2737 1248 2755 vera
1270 2727 1307 2754 est
1329 2728 1465 2759 Persarum
1486 2727 1570 2762 impia
1590 2728 1707 2763 relligio.
1779 2728 1856 2757 Artes
1875 2738 2015 2765 magorum
2035 2729 2117 2757 Ouid.
2140 2731 2203 2757 Met.
2220 2740 2244 2763 7,

1184 2773 1233 2798 ¹95-
1307 2764 1430 2790 Portenta
1442 2772 1581 2798 magorum
1601 2764 1656 2791 Cic.
1671 2764 1702 2791 de
1718 2764 1780 2792 Nat.
1801 2766 1881 2792 Deor.
1902 2776 1921 2799 1,
1935 2775 1962 2797 43
1983 2775 2005 2791 c.
2025 2768 2062 2792 16.
2136 2767 2244 2801 Sapien-

1183 2806 1240 2827 tum
1253 2805 1278 2826 et
1292 2799 1435 2826 dodiorum
1450 2807 1532 2834 genus
1545 2809 1684 2834 magorum
1702 2801 1851 2828 habebatur
1869 2802 1896 2827 in
1919 2801 1998 2828 Perfis
2022 2801 2080 2828 Cic.
2101 2802 2133 2829 de
2149 2802 2243 2829 Dmin.

1184 2846 1204 2868 1,
1218 2839 1249 2869 46
1269 2845 1290 2862 c.
1306 2845 1341 2869 23.
1400 2837 1449 2862 Sed
1460 2836 1539 2862 More
1553 2836 1674 2871 vulgari,
1695 2837 1734 2862 ait
1755 2838 1831 2872 Apul.
1845 2837 1961 2899 ApoLCp.
1980 2846 2019 2869 29¹
2036 2844 2078 2873 pr.
2100 2847 2161 2865 eum
2181 2846 2244 2873 pro-

1184 2873 1242 2907 prie
1256 2873 1363 2906 Magum
1378 2872 1540 2905 existimant,
1560 2873 1606 2907 qui
1623 2873 1813 2900 communione
1828 2873 1926 2907 loqnen
1948 2873 1956 2899 i
1971 2881 2030 2908 cum
2046 2872 2092 2899 Dis
2107 2874 2244 2900 immorta-

1185 2908 1256 2935 libus
1271 2907 1303 2935 ad
1316 2908 1408 2934 omnia
1423 2916 1490 2942 quae
1502 2908 1578 2943 velit,
1599 2906 1752 2935 incredibili
1772 2909 1882 2943 quadam
1906 2909 1934 2935 vi
1948 2910 2128 2936 cantaminum
2148 2909 2243 2945 polleat

1183 2960 1230 2965 —
1251 2944 1307 2977 Qui
1320 2953 1425 2979 magum
1440 2944 1545 2978 qualem
1560 2944 1602 2970 isti
1617 2944 1709 2970 dicunt
1722 2944 1750 2970 in
1759 2943 1900 2971 discrimen
1912 2944 2005 2979 capitis
2017 2944 2133 2978 deducit,
2147 2945 2244 2979 quibus

1185 2980 1339 3014 comitibus,
1360 2980 1457 3015 quibus
1472 2978 1608 3014 scrupulis,
1626 2980 1723 3014 quibus
1735 2980 1885 3007 custodibus
1899 2980 2045 3016 pernicicm
2061 2990 2160 3007 caecam
2170 2980 2243 3006 etin-

1185 3016 1341 3043 euitabilem
1354 3015 1512 3051 prohibeat?
1618 3017 1672 3049 Qui
1686 3017 1885 3051 prouidentiam
1906 3017 2001 3043 mundi
2020 3016 2146 3042 curiosius
2167 3015 2244 3048 vesti-

1184 3059 1256 3087 gant,
1276 3058 1301 3078 et
1316 3052 1456 3086 impensius
1470 3051 1532 3078 deos
1550 3051 1693 3085 celebrant,
1715 3062 1760 3079 eos
1775 3053 1857 3087 vulgo
1883 3054 1975 3087 Magos
1990 3052 2144 3080 nominant;
2171 3049 2242 3085 quasi

1186 3088 1272 3115 facere
1285 3088 1364 3114 etiam
1378 3087 1467 3120 sciant,
1486 3096 1553 3122 quae
1570 3088 1648 3114 sciant
1666 3088 1738 3115 lieri:
1760 3094 1788 3115 vt
1801 3089 1867 3116 olim
1881 3089 1957 3115 fuere
1965 3085 2142 3121 Epimenides,
2157 3093 2183 3113 et
2192 3087 2244 3114 Or-

1186 3124 1279 3159 pheus,
1294 3130 1319 3150 et
1332 3123 1500 3158 Pythagoras,
1521 3129 1547 3150 et
1561 3123 1678 3150 Ostanes.
2094 3152 2098 3153 ⁷

1223 3167 1247 3186 M
1258 3166 1278 3185 Α
1290 3165 1311 3186 G
1323 3165 1355 3192 Α,
1374 3168 1412 3186 ae.
1432 3159 1453 3186 f.
1475 3159 1612 3194 Augustin.
1627 3160 1659 3187 de
1667 3160 1785 3187 Ciu.Dei
1803 3166 1836 3190 18,
1850 3169 1874 3192 ¹7
1895 3160 1972 3192 Maga
1980 3157 2144 3184 famosissima
2153 3158 2241 3185 Circe.

1222 3202 1247 3221 M
1257 3201 1336 3221 AGV
1347 3202 1360 3222 S
1370 3218 1378 3230 ‚
1397 3204 1420 3229 a,
1442 3205 1496 3222 um.
1519 3198 1552 3222 Re
1567 3205 1627 3222 veru
1639 3197 1784 3223 adieffiuum
1798 3196 1852 3230 effi,
1874 3194 1949 3221 docet
1957 3195 2015 3221 Sen.
2030 3195 2111 3221 Herc.
2126 3194 2186 3221 Oet.
2196 3196 2244 3227 467

1185 3231 1312 3258 Carmine
1324 3231 1352 3258 in
1366 3238 1447 3258 terras
1459 3240 1536 3265 mago
1551 3231 1687 3258 descendat
1699 3232 1770 3258 astris
1787 3231 1848 3256 luna
1860 3230 1967 3256 desertis
1989 3229 2060 3256 licet.
2136 3232 2245 3265 Itemque

1186 3267 1268 3294 Ouid.
1284 3269 1376 3295 Amor.
1392 3278 1410 3300 1,
1426 3274 1450 3301 8,
1464 3277 1476 3299 ς
1498 3267 1545 3295 Illa
1560 3276 1646 3302 magas
1659 3274 1727 3293 artes
1742 3268 1880 3301 Aeaeaque
1895 3266 2011 3292 carmina
2031 3265 2116 3292 nouit.

1223 3304 1380 3337 MAGfA‚
1399 3313 1438 3331 ae.
1459 3303 1478 3330 f.
1500 3303 1628 3337 [μαγείκ]
1653 3302 1796 3328 Vocabulum
1811 3304 1921 3328 medimn.
1959 3302 2043 3327 Primo
2056 3300 2137 3333 enim,
2157 3304 2243 3327 damus

1186 3339 1293 3374 Apuleii
1309 3342 1386 3365 verbu
1399 3339 1477 3374 Apol.
1491 3349 1515 3374 p.
1530 3348 1593 3372 290,
1611 3348 1635 3371 23
1658 3339 1688 3365 Id
1710 3338 1761 3374 est,
1784 3337 1855 3372 quod
1877 3337 1949 3363 Plato
1969 3336 2159 3372 interpretatur
2185 3338 2245 3363 θεῶν

1185 3377 1299 3408 Θεραπεία
1318 3391 1365 3395 —
1383 3375 1523 3402 Auditisne
1538 3374 1653 3409 Magiam
1665 3380 1750 3401 artem
1762 3375 1810 3400 ess'e
1825 3370 1871 3399 Dis
1885 3371 2082 3399 immortalibus
2101 3378 2245 3407 acceptam,

1185 3411 1292 3438 colendi
1306 3420 1352 3437 eos
1365 3420 1394 3438 ac
1407 3410 1552 3438 venerandi
1569 3420 1735 3446 pergmram,
1754 3410 1823 3444 piam
1843 3408 1941 3441 scilicet
1960 3414 1987 3434 et
2006 3408 2094 3435 diuini
2107 3408 2244 3441 scientem,

1185 3447 1240 3474 iam
1254 3446 1317 3473 inde
1333 3456 1348 3473 a
1361 3447 1500 3474 Zoroastre
1519 3453 1545 3473 et
1566 3448 1702 3473 Oromazo
1718 3443 1871 3471 auctoribus
1889 3443 1941 3471 suis
1960 3442 2079 3471 nobilem
2092 3463 2099 3477 ,
2118 3444 2243 3471 caelitum

1187 3483 1347 3510 antistiam?
1375 3490 1419 3509 etc.
1465 3484 1538 3510 Hanc
1556 3484 1645 3508 deinde
1657 3484 1787 3516 [Magorum
1802 3479 1934 3515 Persarum
1957 3487 2036 3506 artem
2050 3480 2094 3515 ff
2110 3479 2245 3506 contendit.

1188 3519 1284 3546 Deinde
1296 3518 1329 3554 est
1347 3528 1390 3545 ars
1402 3522 1524 3554 quaedam
1543 3520 1632 3544 occulte
1651 3525 1691 3552 op.t
1703 3518 1843 3555 daegnonum
1862 3517 1972 3542 nocendi.
2048 3517 2087 3541 De
2100 3515 2144 3541 hac
2166 3513 2243 3550 Apul.

1187 3555 1266 3589 Apol.
1279 3564 1303 3590 p.
1317 3564 1372 3587 304,
1388 3564 1417 3587 24
1437 3553 1526 3589 Magia
1538 3554 1584 3580 ista
1599 3563 1639 3580 res
1653 3552 1689 3578 est
1703 3549 1805 3585 legibus
1817 3550 1950 3586 delegata,
1975 3551 2028 3577 iam
2047 3550 2109 3577 inde
2128 3550 2244 3585 antiqui-

1187 3596 1228 3618 tus
1244 3590 1382 3618 duodecim
1397 3590 1492 3617 tabulis
1507 3596 1616 3624 propter
1628 3585 1799 3613 incredundas
1811 3585 1920 3622 frugum
1934 3585 2071 3613 illecebras
2093 3585 2244 3613 interdic-ia.

1187 3627 1274 3662 Igitur
1288 3633 1313 3653 et
1327 3626 1431 3653 occulta
1444 3635 1499 3653 non
1515 3626 1601 3652 minus
1617 3631 1695 3657 quam
1708 3628 1773 3649 tetra
1786 3628 1813 3649 et
1826 3622 1976 3656 horribilis,
1990 3623 2145 3657 plerumque
2160 3621 2245 3648 nOSti-

1140 3673 1171 3700 95
1186 3663 1236 3689 bus
1250 3662 1370 3697 vigilata,
1391 3668 1416 3689 et
1430 3661 1546 3689 tenebris
1566 3660 1693 3692 abstrusa,
1714 3665 1740 3686 et
1761 3657 1869 3685 arbitris
1884 3658 2018 3691 solitaria,
2038 3663 2063 3685 et
2083 3657 2244 3684 carminibus

1396 3700 1435 3724 De
1447 3700 1491 3723 lm.-
1504 3694 1589 3728 Magia
1604 3701 1651 3720 tuto
1670 3695 1712 3721 hec
1725 3701 1793 3729 opere
1802 3696 1880 3729 plura
1900 3696 2029 3729 Apuleius,
2048 3694 2136 3728 quippe
2156 3694 2182 3717 in
2199 3699 2243 3729 quq

1188 3733 1294 3768 Magiae
1307 3735 1400 3759 crimen
1414 3732 1523 3768 depellat.
1562 3731 1648 3756 Multa
1666 3731 1742 3756 etiam
1756 3733 1782 3755 in
1805 3731 1878 3756 libris
1891 3729 2110 3765 slsletamospbofiws
2116 3729 2186 3764 sime,
2198 3733 2245 3751 tr1-

1189 3770 1230 3795 bus
1244 3769 1393 3804 praesertim
1404 3768 1532 3805 prioribus.
1603 3768 1679 3792 Alter
1698 3766 1762 3791 lotus
1783 3764 1890 3799 classicus
1910 3765 1942 3801 (β
1959 3765 2024 3792 Plin⁴
2039 3774 2078 3797 32,
2093 3773 2100 3790 t
2123 3763 2165 3788 vbi
2180 3763 2243 3799 intes

1189 3805 1242 3831 alia
1269 3803 1510 3832 Fraudulentiss'ima
1529 3801 1625 3829 artium
1647 3799 1795 3837 plurimum
1817 3802 1846 3827 111
1862 3806 1920 3828 toto
1941 3804 2071 3827 terrarum
2085 3799 2148 3825 orbe
2161 3794 2242 3834 pluri-

1596 3837 1789 3864 Aut‘toritatem
1803 3837 1827 3862 ei
1841 3837 1983 3862 maximam
1997 3836 2081 3868 fuiss'e>
2100 3840 2177 3858 nemo
2194 3835 2243 3856 ’1111-

1189 3883 1281 3910 retur‚
1308 3873 1523 3910 quandoquidem
1538 3873 1591 3901 sola
1609 3874 1705 3900 artium
1724 3880 1776 3899 tres
1798 3873 1862 3899 alias
1882 3871 2105 3908 imperiosissimas
2115 3866 2244 3892 humanae

1188 3913 1285 3939 mentis
1298 3910 1433 3944 complexa
1440 3910 1468 3936 in
1480 3919 1557 3937 vnam
1568 3911 1593 3936 se
1610 3908 1719 3944 redegit.
1756 3909 1852 3935 Natam
1861 3908 1977 3943 primum
1990 3916 2003 3932 e
2018 3906 2146 3944 sammua,
2164 3910 2244 3942 nemo

1188 3948 1301 3980 dubitat,
1315 3955 1342 3972 ac
1357 3946 1442 3980 specie
1457 3946 1563 3973 salutari
1578 3945 1705 3980 irrepsisse
1721 3945 1795 3971 velut
1808 3944 1933 3970 altiorem
1945 3937 2246 3972 sanffloremqnemedi.

1189 3985 1287 4011 cinam:
1307 3982 1342 4008 ita
1357 3980 1527 4009 blandissimis
1536 3980 1804 4014 desideratissimisque
1818 3978 1946 4014 promissis
1959 3973 2082 4002 addidisse
2098 3973 2170 4013 vires
2184 3975 2245 3998 reli.

1958 4009 2032 4038 nullo
2045 4018 2101 4038 non
2115 4008 2195 4036 auido
2205 4008 2246 4034 fu.

2181 4044 2242 4071 tura

1187 3705 1359 3725 murmurare.

1339 4053 1393 4083 Za
