2517 4231
207 85 260 126 ,9
674 62 902 106 LEN
1749 42 2136 102 LEN⁴
2342 59 2397 98 60

206 167 304 197 pueros,
323 158 486 186 delicatiores.
540 154 696 191 Plin.Epist.
710 164 732 190 2,
748 163 783 188 19,
803 162 817 187 7
839 152 926 181 Potest
937 156 1024 179 tamen
1037 152 1108 186 fieri,
1136 155 1166 178 vt
1179 158 1271 187 quam·
1332 148 1485 182 verberare,
1493 149 1522 175 de
1534 146 1603 176 fafce
1618 149 1719 177 vrticae
1731 150 1839 186 viridis,
1859 160 1922 185 quae
1934 157 2004 178 tanto
2023 151 2104 186 magis
2114 148 2179 183 vrit,
2203 149 2291 182 finon
2312 148 2341 174 vi
2353 147 2398 174 lm-

209 205 288 231 quam
302 196 331 223 in
344 194 386 221 his
402 191 612 226 difficultatibus,
631 191 704 219 libro
717 191 760 217 isti
774 189 878 216 nouitas
893 186 1071 215 lenocinetur.
1330 187 1463 220 pingatur,
1475 184 1525 220 sed
1533 187 1661 212 moderata
1674 194 1699 212 et
1711 187 1781 212 velut
1789 186 1910 222 suspensa
1925 196 2008 215 manu.
2046 186 2131 214 Radix
2145 186 2223 217 lenta,
2237 185 2319 211 Ouid.
2332 184 2399 211 Met.

247 238 264 258 L
274 238 291 257 E
300 238 322 258 N
335 236 354 256 O
367 236 384 257 C
398 236 408 257 1
422 235 444 256 N
457 236 480 256 A
490 235 515 257 N
528 235 542 257 s
551 250 559 263 ,
578 228 656 256 antis.
692 225 782 254 Verba
796 223 983 251 lenocinantia.
1025 221 1175 254 symmach.
1193 222 1272 258 Epist.
1335 228 1366 252 1¹,
1379 227 1418 253 78.
1474 221 1552 248 Rami
1565 220 1632 247 lenti
1653 221 1729 256 Virg.
1743 222 1844 258 Georg.
1857 233 1882 258 4,
1902 228 1955 253 558·
2026 223 2105 250 Remi
2131 223 2189 250 Sen.
2209 220 2320 255 Hippol.
2341 221 2398 259 306.

210 276 236 301 9,
250 273 279 300 87
307 266 377 301 Ergo
396 274 473 301 parce
491 264 582 293 verbis
606 260 835 294 lenocinantibus,
846 264 887 287 ‘et
904 259 969 286 fuco
989 258 1100 296 oblitis,
1123 265 1148 287 et
1166 259 1198 286 ad
1217 268 1275 295 gra·
1335 254 1431 283 Catull.
1448 258 1486 290 63,
1502 264 1547 290 183·
1561 256 1616 283 vid·
1630 256 1694 292 Vqffl
1706 266 1787 292 pare.
1833 259 1902 285 Add.
1918 264 1934 283 L
1945 263 1963 284 Ε
1975 263 1999 284 Ν
2013 265 2036 286 T
2049 264 2081 286 o.
2154 258 2246 290 Styrax
2262 256 2400 291 pinguiter

206 304 272 330 tiam
291 308 458 337 comparatis,
1293 296 1307 324 ς
1334 290 1421 316 lentus
1439 293 1507 319 Plin.
1520 302 1554 324 12,
1564 299 1595 325 25
1607 292 1625 319 s.
1641 299 1679 325 55.
1697 300 1727 318 vt
1740 300 1824 329 nempe
1837 294 1885 329 pix
1899 301 1923 320 et
1936 301 2005 320 cera.
2041 293 2139 321 Tellus
2153 294 2224 320 lenta
2237 292 2298 327 gelu
2320 292 2402 325 Prop.

245 345 262 364 L
272 344 289 364 E
301 344 325 365 N
337 341 358 365 0
370 344 388 366 C
399 339 534 366 ΙΝᾹΤΟ
544 342 581 370 R,
601 334 668 363 5¹3⁵·
688 342 724 360 ¹¹²·
760 330 880 360 Tertull.
898 330 958 357 adu·
971 330 1056 360 Marc.
1071 340 1091 366 1,
1104 339 1132 359 22
1163 329 1273 358 Gratiae
1337 337 1362 360 4,
1377 335 1399 360 3,
1416 334 1453 360 39·
1507 328 1607 356 Vimcu
1626 328 1784 363 Virg.·Aen.
1796 338 1818 361 3,
1831 339 1862 362 31·
1917 328 2033 356 Vincula
2047 329 2116 357 lenta
2128 329 2235 361 escaria,
2255 328 2273 354 i.
2290 326 2399 354 Tenacia

207 374 384 401 lenocinator.
406 373 555 407 ηορνοξᾰσκος
585 367 735 399 naamam-acic
749 368 830 394 Gloff.
851 367 907 394 Lat.
921 366 970 393 Gr.
1336 362 1420 389 Plaut.
1441 362 1514 402 Men.
1528 375 1546 399 ι,
1562 373 1580 398 ι,
1595 371 1629 394 18.
1704 365 1818 392 Lentior
1837 372 1864 393 et
1884 366 1970 393 salicis
1990 365 2082 399 Vir-gis
2097 366 2261 393 Ouid-Met.
2278 372 2314 397 13,
2337 368 2400 392 800.

247 416 265 437 L
277 416 355 437 ENo
366 416 384 437 c
397 416 407 436 1
421 416 444 436 N
458 417 481 437 A
494 416 518 435 M
528 415 544 434 E
555 393 578 434 N
590 413 611 432 Τ
621 411 643 432 ν
654 412 697 435 Μ,
711 404 731 430 i.
749 413 776 429 n.
830 402 920 430 Sidon.
940 402 1021 438 Epist.
1038 410 1073 440 7,
1092 412 1108 437 9
1127 403 1180 429 Pro
1195 401 1272 428 omni
1336 399 1434 425 Lentus
1447 406 1477 424 111
1489 398 1637 434 frangendo
1650 400 1765 427 calamus
1785 401 1853 428 Plin.
1867 410 1900 436 12,
1920 410 1955 429 22.
2156 400 2178 440 ί]
2200 411 2211 427 2
2231 402 2277 427 Ad
2290 398 2400 425 animum

207 446 356 481 gratiarum
367 445 521 480 priuilegio,
541 443 747 472 decoramento,
769 438 993 467 lenocinamento.
1335 434 1505 468 transfhrtur,
1523 434 1551 459 in
1563 444 1690 470 quantum,
1709 437 1784 471 cedit,
1798 437 1904 473 fleHise
1916 438 1989 471 quast
1994 440 2105 473 patitur,
2123 438 2287 463 accommodat
2302 433 2341 471 se,
2354 432 2402 469 sed

243 488 291 510 LE
302 488 354 509 No
393 485 446 508 are.
482 477 638 507 Lenocinari.
654 478 748 502 Parcus
759 475 820 501 Lex.
833 474 900 502 Crt't·
922 483 947 509 P·
959 483 1012 506 243·
1039 482 1098 499 '¹²0⁶‘
1116 472 1272 500 consiliare
1293 470 1391 505 lofer‘
1403 479 1456 495 ‘'⁰''
1470 469 1576 504 ‘’aff‘’
1593 473 1667 504 mſs?
1687 474 1785 500 Lentus
1810 472 1934 508 [spoewe]
1957 475 2065 500 Tardus.
2121 472 2180 499 Cic·
2198 472 2230 499 de
2244 472 2310 506 ΒΨ·
2325 479 2337 500 5
2358 474 2400 504 ap.

208 518 300 544 laudat
319 501 401 544 Vet’us
424 515 513 551 Epigr.
538 510 659 542 Lenandi
678 509 788 537 callidus
813 516 883 537 arte:
914 517 940 535 et
960 510 1034 535 aliud
1048 509 1138 543 Epigr.
1151 509 1273 536 ineditum
1335 505 1411 532 Non.
1426 514 1455 539 4,
1469 511 1506 535 281
1528 505 1669 533 Marcellus
1683 515 1713 536 vt
1727 518 1787 536 acer
1799 516 1825 536 ct
1837 517 1958 544 pugnax:
1977 508 2124 543 Maximus,
2144 513 2170 535 et
2184 507 2360 534 consideratus
2374 509 2400 530 et

208 553 291 587 Qiod
305 553 323 580 fi
351 552 481 579 formosas
506 550 596 578 redeas
611 547 702 574 lenare
713 546 830 582 puellas,
861 544 1017 579 Etvdedcrit
1043 544 1165 579 quaestus
1197 544 1277 571 cotti.
1335 540 1431 581 ¹².'¹‘.¹¹⁵·
1468 540 1558 568 Valer.
1576 541 1649 568 Max.
1673 551 1697 575 1,
1708 555 1721 571 2
1749 546 1837 572 Lento
1850 545 1933 579 gradu
1947 545 1979 571 ad
1993 543 2190 571 vindictamsui
2202 543 2295 569 diuina
2307 549 2400 577 proce-

206 588 286 617 ,ῡᾶῃᾶ
311 589 412 615 Venus,
1337 576 1377 603 dit
1390 585 1441 609 ira,
1461 577 1667 612 tarditatemque
1680 578 1803 613 supplicii
1816 581 1947 617 grauitate
1960 581 2119 614 compensat.
2193 578 2326 612 Quinem.
2339 585 2372 611 9,
2387 585 2401 608 4

244 631 263 652 1.
273 631 292 653 Ε
303 631 327 651 Ν
339 630 359 651 0
371 629 385 650 s
401 629 423 650 T
436 627 456 648 R
470 627 481 647 1
493 626 517 655 S,
543 619 575 646 is.
589 628 625 646 m.
646 619 714 645 Idem
721 617 862 652 quodLeno.
883 616 966 643 Plaut.
975 615 1055 643 Poen.
1069 617 1172 652 suppos.
1185 625 1213 643 v.
1232 625 1274 643 20.
1338 611 1485 639 Particulae
1498 622 1602 648 greum,
1621 622 1703 646 acreS,
1723 614 1818 650 lentae,
1838 617 1947 652 celeres,
1965 617 2096 644 remissae.
2132 615 2213 643 Nihil
2227 623 2278 649 ego
2292 613 2338 639 illa
2352 613 2402 639 im-

245 667 264 688 L
275 667 326 688 ΕΝ
337 666 361 694 ε,
394 656 485 685 lendis.
505 656 525 683 f.
545 654 642 691 [κᾶνις]
662 653 759 690 Capitis
770 652 962 685 animalculam,
980 654 1046 686 quod
1058 654 1148 679 deinde
1162 653 1192 679 in
1202 653 1273 687 pedi.
1291 654 1317 681 ις
1336 647 1490 688 pudendm,
1508 649 1627 683 3111111115,
1646 649 1743 677 leutius
1763 651 1822 677 vidi
1835 654 1891 680 Cic.
1912 654 1965 680 Att.
1982 662 2001 685 1,
2015 661 2047 679 12.
2103 653 2201 679 Lentus
2222 649 2311 685 coepti
2330 654 2403 689 terra

208 698 289 724 culum
300 681 460 722 conuirtitur.
480 693 560 718 Ouum
563 690 681 727 pediculi.
718 687 786 716 Plin.
799 693 845 721 28,
865 697 884 714 11
904 688 1037 722 Qucum
1049 694 1124 715 aceto
1142 688 1272 716 calefacto
1334 684 1469 724 (1111613115
1483 683 1560 712 lbera
1579 686 1626 714 Sil.
1638 695 1659 719 3,
1674 688 1724 718 176·
1761 686 1862 714 Lentus
1875 688 1964 716 abesto
1979 688 2061 716 Ouid.
2073 688 2151 715 Rem.
2170 689 2231 715 Am.
2246 695 2298 720 243.
2320 685 2338 711 J.
2351 685 2404 709 dtu.

207 738 234 760 et
248 731 336 759 lendes
349 729 490 756 tolluntur.
543 728 613 754 Add.
625 735 665 760 29,
677 726 693 752 6
718 723 797 750 Vnda
804 723 885 750 maris
904 723 995 751 lendes
1009 725 1089 760 capiti
1098 724 1206 751 deducit
1218 723 1272 751 ini·
1335 721 1366 747 In
1380 728 1421 746 lra
1434 720 1522 746 lentus
1542 721 1625 748 Ouid.
1640 722 1719 756 Epist.
1739 730 1775 756 17,
1788 731 1842 757 249.
1881 725 2058 752 Amorlentus
2068 733 2111 750 me
2123 729 2210 751 torret
2226 724 2300 750 Hor.
2310 722 2404 749 Carm.

206 776 269 804 quas
289 764 419 794 §amonim
439 773 478 797 72,
851 780 854 783 ⁴
1336 765 1408 796 3,·19,
1422 762 1458 786 28.
1496 756 1666 784 carbonibus
1680 758 1760 785 lentis
1774 768 1853 786 vrere
1861 759 1978 793 aliquem
1998 759 2080 789 Ouid⁴
2093 759 2180 787 Trist.
2194 769 2215 796 3,
2236 767 2312 792 ¹¹·47.
2350 756 2404 782 Cu-

244 810 263 830 L
276 809 293 829 Ε
303 808 327 829 Ν
338 807 369 835 S,
383 800 472 827 lentis.
486 798 508 826 f.
536 795 637 833 [Φικῆ]
665 795 749 822 Genus
770 796 911 831 leguminis.
931 795 1015 830 φικῆ,
1034 796 1107 830 lem,
1131 795 1274 826 lenticula:
1336 792 1402 828 pido
1414 792 1502 819 lentus
1521 792 1591 832 ljlor.
1605 793 1695 820 Carm.
1709 803 1738 827 4,
1754 804 1785 827 13,
1797 797 1823 822 6.
1858 794 1969 830 Ignibus
1983 796 2062 823 lentis
2069 795 2199 823 macerari
2218 792 2404 822 Idemibidem

205 842 290 871 φακὸς,
311 836 389 864 lentis
398 836 480 863 Glofl‘.
489 835 536 862 Gr.
550 834 606 860 Lat.
626 834 705 867 Lens,
716 834 792 864 φακὸς
800 831 881 858 Glols.
896 832 951 859 Lat.
959 833 1009 860 Gr.
1046 833 1116 860 Plin.
1131 842 1169 864 ις,
1188 833 1238 859 12s.
1249 842 1271 864 3¹
1287 834 1322 852 20
1338 839 1357 861 1,
1371 837 1402 868 13,
1417 834 1439 858 8·
1478 829 1550 862 Ignls
1565 828 1652 856 lentus
1666 839 1680 856 e
1694 831 1799 864 palmiS‚
1824 832 1848 859 b.
1861 842 1880 858 e.
1895 832 1949 858 Diu
1962 831 2054 864 duram
2075 832 2144 860 min.
2160 842 2198 866 ¹3,
2212 842 2234 864 4.
2271 831 2314 857 Ira
2332 829 2404 855 lenta

206 873 321 902 Inuenio
336 872 410 908 'apud
429 877 533 899 veteres
555 868 679 896 1111ἂο165
697 866 934 902 aequanimitatem
947 867 1007 895 fieri
1015 868 1186 896 vescentibus
1194 869 1272 895 lente.
1337 864 1421 891 Ould-
1437 864 1518 899 Epist·
1538 874 1560 898 3,
1574 873 1612 892 22·
1683 869 1753 894 Add.
1766 867 1928 900 quenal.13‚
1944 876 1998 894 100.
2071 868 2166 895 Let'ftio
2181 865 2292 901 Qun&
2306 875 2325 895 1,
2338 874 2357 897 1,
2370 873 2405 896 33·

206 911 302 937 Lentes
315 909 437 937 Scribon.
451 916 495 939 114.
551 903 636 931 Cotta
649 903 706 930 lens
719 912 773 936 234.
828 903 946 931 Decodb
967 913 1027 938 230.
1082 904 1158 940 Virg.
1173 905 1274 939 Georg.
1337 900 1464 928 Materies
1476 901 1544 927 homo
1557 900 1646 928 tardus
1660 901 1742 930 Plaut.
1756 903 1817 930 Mil.
1829 912 1859 939 4,
1872 913 1895 939 5,
1910 913 1932 936 4.
1987 903 2067 930 Mora
2085 902 2154 930 lenta
2174 902 2291 931 Martial.
2309 899 2358 928 lib.
2371 899 2404 926 de

206 944 281 980 1,228
300 946 361 973 Nee
373 943 517 972 Pelufiacae
529 949 619 967 curam
632 938 902 975 aspernaberelentis.
959 940 1076 975 Lentim,
1088 948 1135 976 pro
1151 942 1273 974 Lentem,
1338 937 1425 972 Spe&
1438 946 1472 970 23.
1525 937 1653 972 Nomen,
1670 938 1687 965 ι’.
1708 940 1775 965 homo
1788 939 1899 971 difficilis
1918 940 1945 965 in
1955 939 2089 974 soluendo:
2109 939 2164 965 vid.
2176 939 2280 975 casaub.
2294 946 2327 964 aa
2348 936 2406 962 Cic.

199 982 324 1017 frequens
340 982 409 1016 apud
426 980 556 1006 Catonem
577 977 609 1003 R.
632 976 664 1002 R.
679 983 709 1002 vt
722 984 745 1004 e.
757 985 784 1008 35
809 976 917 1003 Lentim
928 976 958 1003 in
971 976 1069 1004 rudeto
1085 982 1111 1004 et
1129 977 1273 1004 rubricoso
1341 974 1395 1000 Att.
1411 982 1430 1006 1,
1445 982 1476 1000 12.
1513 973 1623 1000 Paffibus
1636 973 1715 1001 lentis
1729 983 1856 1009 peragere
1870 975 1922 1002 iter
1944 975 2028 1003 Ouid.
2041 974 2129 1002 Trist.
2144 983 2167 1007 5,
2182 983 2220 1007 10,
2235 977 2260 1001 6.
2315 974 2405 1008 Pugna

205 1017 277 1050 loco,
297 1016 344 1051 qui
357 1014 484 1043 herbosus
497 1022 552 1040 non
571 1012 626 1044 siet,
651 1011 743 1040 serito.
790 1011 875 1046 Lens,
901 1011 1063 1048 masculinum
1076 1016 1146 1048 apud
1157 1014 1274 1048 antiquos
1292 1018 1324 1045 25
1340 1009 1441 1036 lentior
1463 1009 1524 1037 Liu.
1545 1019 1592 1044 30,
1612 1016 1646 1039 ¹8.
1719 1010 1807 1045 Spatia
1825 1011 1940 1038 lentiora
1954 1017 1998 1038 aut
2013 1011 2137 1037 citatiora
2157 1009 2269 1043 Qun&
2285 1019 2319 1043 11,
2333 1019 2356 1043 3,
2372 1017 2405 1042 ¹7·

205 1053 261 1090 teste
280 1052 376 1081 Nonio
390 1061 412 1085 3,
426 1060 461 1084 117
480 1047 676 1076 illudTitinnii
694 1047 796 1083 antiqui
808 1048 916 1074 auctoris
935 1048 1046 1080 citante,
1071 1049 1151 1076 Lenti
1171 1048 1269 1083 calido,
1339 1046 1402 1080 Spes
1426 1046 1496 1072 lenta
1524 1046 1607 1073 Ouid.
1621 1045 1701 1081 Epist.
1717 1055 1739 1080 2,
1753 1056 1778 1081 9.
1850 1047 1950 1081 Tepor
1970 1047 2066 1077 lentus,
2085 1047 2202 1082 Remillus
2223 1044 2292 1072 Plin.
2310 1054 2351 1080 12,
2371 1054 2406 1079 19.

204 1089 353 1122 heluellae,
375 1086 484 1115 rumici.
1338 1081 1563 1116 Tranquillitatis
1578 1082 1733 1109 lentiffimae
1749 1082 1839 1110 taedio
1861 1083 1950 1110 lass'ant
1970 1083 2046 1109 venti
2067 1084 2155 1117 segnes
2176 1082 2235 1108 Sen.
2265 1080 2345 1116 Epist.
2363 1089 2406 1113 70.

242 1132 260 1152 L
272 1132 290 1152 E
301 1132 324 1152 Ν
335 1131 358 1152 Τ
370 1131 380 1151 1
390 1130 407 1150 C
417 1121 439 1150 x?
448 1130 466 1150 L
479 1128 503 1150 A
515 1142 524 1156 ,
537 1129 577 1148 ae.
597 1120 616 1147 f.
635 1119 738 1147 Dimin.
759 1119 875 1155 [φάκιον]
897 1119 966 1148 Plin.
980 1128 1017 1154 35,
1031 1130 1050 1148 11
1072 1120 1148 1148 Folia
1155 1121 1215 1148 sunt
1223 1120 1277 1148 len.
1339 1118 1476 1145 Viuacitas
1492 1118 1573 1152 lenta,
1594 1119 1681 1145 Tenax
1694 1127 1717 1145 et
1730 1120 1805 1154 longa
1820 1118 1887 1146 Plin.
1901 1125 1926 1152 8,
1941 1128 1975 1152 27.
2012 1119 2073 1145 Vox
2087 1118 2187 1144 lentior
2206 1117 2318 1150 Qlinet.
2340 1125 2371 1149 11,
2384 1124 2406 1149 3,

204 1161 301 1189 ticulae
316 1160 420 1188 fimilia.
457 1160 527 1186 Add.
541 1163 577 1190 18,
592 1165 625 1184 12.
681 1155 837 1183 Lenticulae
855 1155 984 1183 dimidiae
1004 1157 1089 1191 figura
1109 1157 1176 1184 Plin.
1189 1166 1226 1191 27,
1242 1166 1275 1184 12.
1341 1155 1378 1186 63·
1434 1155 1475 1180 Sic
1495 1156 1600 1181 Securus
1612 1154 1730 1190 etotiosus
1743 1156 1776 1190 est
1795 1155 1871 1190 Virg.
1889 1155 1942 1183 Ecl.
1957 1165 1982 1189 1,
1993 1165 2008 1188 4
2028 1154 2086 1181 Nos
2099 1153 2213 1189 patriam
2226 1153 2356 1188 fugimus,
2376 1157 2406 1178 tu

204 1197 345 1225 Lenticula
357 1201 558 1232 quoquevocatur
566 1194 635 1220 Lens
648 1191 731 1219 cocta.
750 1191 928 1228 Lenticulam,
941 1201 1021 1227 quam
1028 1193 1120 1220 minor
1127 1199 1275 1228 parauerat,
1291 1199 1325 1225 30
1339 1189 1441 1222 Tityre
1454 1190 1541 1217 lentus
1555 1190 1584 1217 in
1598 1190 1695 1218 vmbra
1750 1192 1918 1225 Formosam,
1937 1199 1983 1220 etc.
2025 1191 2080 1217 Vid.
2095 1189 2183 1225 Heins.
2191 1191 2227 1216 ad
2241 1188 2324 1216 Ouid·
2339 1189 2407 1218 Her.

205 1233 294 1261 maior
306 1231 509 1259 immoderatius
517 1228 674 1264 concupiuit
682 1227 820 1262 Augustin.
833 1228 863 1254 C.
871 1229 948 1263 D.16‚
960 1238 996 1262 37.
1009 1230 1041 1255 de
1056 1229 1132 1265 Esauo
1146 1237 1169 1255 et
1182 1230 1274 1256 Iacobo.
1340 1235 1376 1260 19,
1392 1232 1429 1255 81.
1468 1227 1567 1253 Lentus
1580 1227 1692 1261 spatiare
1706 1226 1755 1255 sub
1768 1227 1864 1255 vmbra
1876 1228 1915 1256 1d.
1929 1227 1961 1254 de
1974 1228 2037 1254 Arte
2046 1227 2104 1254 Am.
2115 1235 2132 1259 1,
2148 1228 2186 1259 67.
2223 1226 2323 1252 Lentus
2331 1224 2408 1263 etiarn

205 1272 246 1297 De
258 1270 305 1296 hac
312 1268 467 1304 prouerbium
482 1265 545 1292 illud
547 1266 649 1299 fertur,
669 1267 698 1291 τὸ
711 1265 732 1290 ἓν
741 1265 774 1298 τῇ
789 1263 946 1300 φακῇμῦςσν,
966 1266 1009 1291 hoc
1020 1265 1053 1301 est
1065 1272 1231 1300 vnguentum
1244 1265 1275 1292 in
1339 1262 1438 1297 Segnis,
1461 1269 1485 1288 et
1497 1262 1542 1297 qui
1550 1269 1597 1298 per
1601 1262 1727 1325 r[luporem
1740 1274 1770 1290 ac
1781 1265 1928 1291 tarditatem
1941 1264 2022 1290 animi
2040 1271 2165 1298 nunquam
2184 1261 2312 1297 irascitur.
2355 1259 2408 1287 Ni-

205 1305 342 1338 16111161113,
364 1304 431 1330 cuius
444 1302 556 1328 meminit
571 1301 669 1328 Cicero
682 1299 735 1326 Att.
751 1309 771 1333 1,
785 1309 810 1334 ¹9
832 1299 924 1334 Legati
937 1301 1005 1335 sunt,
1026 1303 1064 1335 Q
1077 1302 1201 1328 Metellus
1209 1303 1275 1330 Cre·
1338 1299 1426 1325 mium
1442 1299 1545 1332 patiens
1560 1304 1586 1324 et
1611 1305 1687 1325 entus
1701 1299 1842 1327 existimor
1867 1299 2001 1328 Antonius
2018 1300 2085 1334 apud
2104 1298 2162 1324 Cic.
2177 1297 2208 1324 de
2217 1299 2292 1326 Orat.
2312 1306 2325 1323 2
2339 1305 2361 1323 c.
2371 1303 2408 1329 75.

205 1342 273 1369 ticus
287 1346 313 1368 et
332 1340 362 1367 L.
385 1340 507 1369 Flaccus,
531 1342 557 1364 et
569 1341 597 1364 τὸ
615 1337 653 1363 ἐπὶ
671 1336 704 1370 τῇ
717 1337 786 1370 412ιῇ
802 1334 885 1369 μύρον,
902 1336 1032 1363 Lentulus
1051 1337 1177 1364 Clodiani
1192 1337 1274 1365 filins.
1338 1335 1419 1362 Nunc
1433 1334 1503 1368 Pari,
1522 1341 1550 1361 tu
1570 1334 1689 1369 sapiens,
1709 1341 1734 1361 et
1747 1340 1785 1368 111,
1803 1337 1936 1370 Μ6116136,
1959 1335 2048 1362 fuisti:
2085 1340 2124 1367 tu,
2145 1332 2339 1368 quiaposcebas
2346 1340 2354 1366 3
2367 1337 2410 1364 tu,

205 1379 299 1412 Nempe
317 1375 407 1403 alludit
425 1377 461 1401 ad
472 1382 556 1400 nomen
575 1372 695 1403 Lentuli,
713 1373 821 1407 quodad
837 1371 933 1399 Lentes
942 1372 1062 1407 pertinet,
1082 1380 1113 1398 vt
1132 1372 1230 1400 Fabius
1241 1374 1279 1399 ad
1291 1377 1321 1404 35
1340 1371 1403 1405 quia
1416 1370 1502 1397 lentus
1516 1379 1574 1397 eras
1592 1372 1712 1406 Propert.
1726 1380 1749 1402 2,
1762 1380 1785 1405 2,
1805 1381 1845 1405 47.
1864 1372 1882 1399 i.
1894 1372 2002 1407 patiens.
2039 1371 2090 1397 His
2107 1379 2158 1406 ego
2172 1379 2226 1396 non
2241 1370 2337 1396 horam
2351 1367 2408 1403 pos-

205 1412 279 1439 fabas
291 1418 336 1439 etc.
350 1419 424 1446 atque
434 1410 542 1442 indicat,
556 1418 604 1435 non
611 1408 691 1443 magis
704 1408 833 1434 conuenire
847 1409 903 1434 huic
909 1408 1005 1443 negotio
1018 1408 1178 1442 Lentulum,
1200 1418 1275 1444 quam
1338 1407 1396 1433 sum
1405 1407 1503 1433 durare
1517 1406 1648 1441 querelis:
1675 1406 1723 1433 ah!
1744 1413 1843 1441 pereat,
1863 1408 1880 1434 fi
1889 1408 1949 1443 quis
1963 1407 2049 1434 16111115
2058 1415 2146 1433 amare
2163 1406 2247 1442 potest
2261 1405 2300 1433 Id.
2313 1415 2332 1436 1,
2339 1407 2365 1438 6,
2376 1413 2407 1430 ιι.

204 1453 372 1482 vnguentutn
385 1445 533 1473 lenticulae.
589 1444 630 1470 De
648 1443 781 1470 Varronis
793 1443 879 1470 satura
893 1444 935 1470 hoc
947 1444 1125 1479 prouerbium
1139 1445 1185 1480 eff'e
1204 1446 1274 1471 docet
1339 1443 1411 1469 Add.
1421 1451 1443 1477 2,
1457 1451 1482 1475 ¹4
1492 1446 1539 1476 (12)
1553 1444 1577 1471 6,
1615 1443 1698 1470 Ouid.
1707 1443 1788 1479 Epist.
1800 1453 1833 1475 15,
1841 1446 1884 1477 169
1903 1444 2054 1471 Lentiffima
2063 1442 2179 1475 Pyrrhae
2188 1441 2307 1469 Pectora.
2348 1440 2407 1467 Vid.

205 1483 274 1512 Gell.
289 1492 322 1516 13,
333 1488 361 1512 28
385 1489 460 1516 atque
470 1480 590 1506 committi
600 1478 670 1512 illud,
689 1478 708 1504 si
721 1479 782 1512 quis
796 1479 899 1514 semper
912 1485 992 1514 atque
1005 1480 1082 1508 omni
1096 1481 1125 1507 in
1134 1480 1195 1508 loco
1209 1489 1274 1507 mor·
1339 1477 1427 1514 Heius.
1435 1478 1505 1504 hicet
1512 1480 1548 1504 ad
1560 1477 1728 1513 Epist.19‚81.
1766 1479 1896 1507 Laberius
1911 1482 1978 1515 apud
1991 1479 2129 1514 Gell.16,9
2148 1479 2228 1505 Nunc
2238 1477 2324 1504 lentus
2333 1484 2360 1503 es
2369 1480 2408 1508 tu,

204 1521 268 1546 tales
281 1519 368 1545 multos
382 1526 431 1553 pro
444 1515 530 1542 multis
538 1514 673 1541 hominibus
681 1513 825 1541 dicendum
832 1514 973 1543 existimet.
1132 1514 1154 1562 Ἰ
1175 1526 1188 1544 2
1208 1517 1276 1544 Len.
1337 1521 1384 1542 etc.
1426 1515 1482 1540 Via'.
1498 1513 1601 1554 Casaub.
1615 1516 1651 1540 ad
1664 1516 1736 1543 Suet.
1749 1515 1849 1543 Tiber.
1863 1525 1899 1549 57.
1971 1515 2092 1542 Brouckh.
2105 1515 2142 1540 ad
2151 1515 2274 1548 Propert.
2289 1521 2310 1544 2,
2327 1522 2358 1545 11,
2373 1519 2408 1544 14.

203 1554 310 1586 ticulae,
331 1554 448 1580 Marulae
461 1552 489 1578 in
504 1557 603 1585 corpore
610 1549 681 1585 sunt,
695 1560 757 1584 quae
770 1551 916 1587 Lentigines
924 1552 977 1578 dici
982 1552 1074 1588 solent.
1132 1553 1200 1580 cels.
1220 1555 1246 1586 6,
1260 1562 1273 1584 ς
1291 1550 1461 1583 40811cbner·
1476 1552 1512 1576 ad
1522 1550 1590 1577 le.
1604 1551 1650 1586 Ep.
1667 1560 1694 1585 9,
1708 1561 1731 1578 21
1754 1561 1779 1580 n.
1796 1561 1853 1586 547.
1888 1552 1973 1579 Burm.
1986 1553 2022 1577 ad
2034 1552 2140 1577 Petron.
2153 1559 2175 1578 c.
2190 1559 2219 1584 93
2243 1557 2284 1586 pr.
2355 1545 2377 1586 fl
2396 1556 2409 1581 3

204 1588 357 1618 Lenticulas
368 1589 468 1616 tollunt
480 1585 623 1621 galbanum
639 1592 665 1612 et
677 1587 789 1613 nitrum.
950 1585 971 1626 q
992 1598 1004 1621 3
1030 1589 1179 1623 Lenticula,
1203 1588 1272 1622 Vafis
1338 1587 1398 1612 Non
1420 1586 1558 1613 audiendus
1575 1587 1679 1613 videtur
1701 1588 1774 1615 Non.
1788 1598 1819 1621 4,
1838 1594 1878 1618 281
1901 1597 1953 1614 cum
1977 1588 2092 1615 Lentum
2116 1586 2197 1613 facile
2216 1586 2409 1621 intetpretatur.

201 1635 282 1663 genus
294 1625 340 1662 est.-
359 1634 375 1650 a
382 1626 469 1660 figura
483 1622 560 1649 lentis
573 1622 674 1654 diffisum,
693 1622 761 1648 cuius
768 1622 880 1648 meminit
893 1623 983 1650 Celsus
997 1633 1020 1658 2,
1034 1634 1058 1658 ¹7
1072 1633 1138 1652 extr.
1158 1626 1273 1651 videtur·
1337 1623 1438 1649 Laudat
1450 1622 1547 1662 quidem
1562 1622 1672 1649 Lucillii
1687 1623 1789 1658 versus,
1822 1625 1901 1651 Cotta
1920 1625 1998 1650 senex
2017 1623 2098 1650 Craffi
2117 1628 2192 1657 pater
2210 1621 2291 1649 huius
2313 1618 2409 1648 Paceni

205 1671 251 1698 que
267 1662 297 1687 id
302 1661 359 1701 effi,
372 1662 436 1696 quod
450 1659 542 1686 Discos
558 1657 694 1693 appellatur
701 1657 846 1693 Dioscoridi
859 1659 938 1694 Vulg.
953 1670 961 1687 1
976 1661 1044 1688 Sam.
1059 1671 1098 1693 10,
1112 1671 1120 1688 1
1140 1661 1224 1689 Tulit
1232 1662 1274 1688 Sa.
1338 1658 1453 1692 Magnus
1467 1663 1536 1685 tneo
1556 1658 1610 1686 fuit
1632 1659 1788 1695 numatius,
1817 1660 1921 1687 soluere
1940 1659 2008 1686 nulli
2024 1660 2131 1686 Lentus.
2169 1660 2219 1684 Sed
2234 1657 2352 1684 credibile
2365 1654 2409 1692 est,

204 1697 278 1724 muel
291 1696 446 1724 lenticulam
459 1695 525 1727 olei,
538 1699 563 1720 et
576 1693 671 1720 effudit
684 1694 761 1728 super
770 1700 848 1728 caput
862 1695 928 1722 61115.
972 1699 1041 1723 Vnde
1053 1705 1076 1723 et
1094 1697 1272 1725 Lenticularis
1337 1703 1386 1720 non
1405 1695 1469 1720 reHe
1482 1694 1663 1730 interpam-iffi·
1675 1696 1793 1725 Nonium.
1872 1696 1955 1723 Voluit
1969 1695 2116 1728 Lucillius,
2136 1694 2242 1722 soluere
2255 1694 2275 1721 i.
2283 1692 2409 1729 soluehat,

205 1733 332 1761 formal..
341 1731 456 1767 Apuleio
464 1731 493 1757 in
505 1729 623 1758 Floridis
633 1739 658 1764 p.
667 1732 721 1762 346.
730 1730 867 1757 Lenticula
875 1732 902 1757 in
906 1733 1020 1767 gemmis.
1041 1733 1184 1768 Plin.37,12
1193 1734 1272 1761 Nunc
1286 1735 1322 1763 45
1337 1729 1421 1756 nulli:
1442 1730 1542 1757 Lentus
1556 1738 1610 1756 erat
1623 1737 1672 1757 etc.
1692 1732 1748 1758 Non
1763 1732 1829 1759 enim
1839 1733 1942 1768 patitur
1955 1733 1998 1757 hoc
2011 1732 2087 1762 ratio,
2107 1738 2136 1757 ΤΙ
2148 1732 2255 1756 eiusdem
2266 1729 2340 1755 verbi
2351 1729 2409 1764 Pla·

204 1769 385 1797 communiter
401 1767 435 1794 ad
454 1766 577 1794 omnium
594 1774 761 1800 gemmarum
778 1765 996 1795 obseruationem
1017 1770 1179 1804 pertinentia
1201 1770 1271 1797 dice.
1335 1775 1366 1792 m
1380 1766 1505 1792 contrarii
1508 1767 1565 1800 sim
1577 1766 1720 1793 intelleaus.
1899 1765 1921 1805 ff
1941 1777 1956 1800 4
1981 1767 2081 1793 Lentus
2094 1773 2118 1792 ot
2131 1766 2226 1793 Laetus
2246 1763 2380 1800 miscentur
2393 1772 2410 1788 a

204 1815 274 1837 mus,
288 1805 430 1841 opiniones
442 1803 525 1830 secuti
538 1802 687 1831 auCtorum.
726 1803 814 1829 Cauae
829 1809 874 1830 aut
888 1804 1083 1838 extuberantes,
1099 1806 1211 1833 viliores
1230 1807 1270 1832 vi-
1335 1802 1460 1829 librariis·
1503 1803 1559 1842 lsid·
1574 1802 1703 1829 Drukenb·
1716 1804 1753 1829 ad
1763 1803 1810 1831 Sil·
1824 1812 1858 1839 ¹2,
1872 1806 1927 1836 567.
1965 1802 2054 1837 Heins-
2061 1804 2097 1829 ad
2109 1801 2193 1829 Ouid·
2205 1802 2273 1828 He1'·
2287 1809 2324 1835 ¹9,
2337 1805 2372 1840 8!·
2388 1833 2396 1839 ‚

203 1842 302 1869 dentur
313 1839 476 1876 aequalibus.
513 1838 611 1873 Figura
623 1837 741 1873 oblonga
754 1839 870 1866 maxime
882 1839 1022 1874 probatur,
1036 1841 1133 1869 deinde
1147 1851 1215 1877 quae
1224 1851 1271 1868 vo·
1375 1843 1392 1863 L
1403 1844 1419 1863 Ε
1430 1843 1453 1863 N
1467 1843 1490 1864 Τ
1502 1845 1548 1865 VL
1557 1845 1578 1864 V
1592 1845 1605 1864 S
1616 1855 1625 1869 ‚
1644 1847 1668 1872 a,
1688 1848 1743 1866 um.
1766 1839 1825 1866 Adi.
1849 1840 1955 1866 Dimin.
2031 1839 2089 1866 Cic.
2102 1839 2156 1865 Att.
2171 1840 2208 1873 16,
2222 1847 2241 1864 11
2262 1836 2304 1864 An
2320 1834 2409 1862 6111111-

204 1884 279 1905 catur
291 1876 433 1909 lenticula,
452 1875 542 1910 postea
554 1874 690 1909 clypeidos
704 1880 729 1901 et
750 1874 878 1908 rotunda,
897 1876 1028 1911 angulosis
1046 1877 1159 1904 minima
1179 1878 1271 1912 gratia,
1337 1881 1393 1899 mas
1407 1872 1531 1899 illumin
1545 1873 1595 1900 isto
1607 1883 1706 1908 genere
1729 1875 1861 1901 lentulum
1881 1881 1927 1902 aut
1946 1874 2117 1901 restrictum?
2154 1882 2236 1901 nemo
2257 1872 2294 1900 est
2309 1871 2409 1900 minus.

240 1920 257 1940 L
269 1919 287 1939 Ε
297 1920 319 1939 Ν
329 1918 351 1938 Τ
361 1919 371 1938 1
382 1918 400 1940 c
412 1917 435 1936 v
447 1918 464 1936 1.
475 1917 498 1936 v
509 1917 533 1936 M
543 1930 551 1943 ,
570 1910 590 1935 i.
610 1918 636 1936 n.
672 1910 763 1944 Papias
774 1911 812 1936 ait
827 1912 964 1938 vasculum
979 1912 1194 1948 quadrangulum
1202 1913 1272 1940 olea·
1288 1914 1321 1941 50
1339 1910 1379 1935 De
1387 1908 1538 1944 pecuniaria
1550 1919 1588 1943 re,
1607 1918 1632 1935 et
1646 1910 1776 1936 soluendo
1790 1919 1852 1937 flere
1866 1911 1955 1938 alieno
1969 1911 2058 1937 sermo
2071 1909 2117 1937 est·

201 1949 276 1978 rium
289 1948 318 1974 in
331 1947 412 1974 latere
424 1950 556 1980 apertum,
576 1952 610 1970 ex
622 1952 683 1970 aere
696 1944 740 1969 vel
753 1951 865 1977 argento
886 1947 997 1972 factum.
1377 1951 1394 1971 1.
1406 1950 1424 1971 Ε
1437 1951 1460 1971 Ν
1474 1950 1496 1971 Τ
1509 1950 1538 1971 Ε.
1564 1945 1633 1972 Adu.
1654 1946 1792 1983 [βραδέως]
1824 1947 1909 1973 Tarde
1925 1954 1949 1973 et
1963 1947 2116 1972 cunifiamer.
2171 1944 2240 1971 Plin.
2256 1943 2336 1979 Epist.
2352 1953 2371 1977 1,
2386 1952 2409 1976 ¹3

240 1991 258 2012 L
268 1990 286 2011 E
296 1989 349 2010 NT
358 1989 369 2009 1
380 1988 397 2010 C
410 1988 431 2008 V
441 1989 458 2008 L
469 1987 489 2007 Α
502 1987 522 2007 R
531 1987 542 2007 1
553 1986 567 2008 s
576 2000 584 2013 ,
603 1987 627 2006 e.
646 1979 744 2006 Forma
757 1978 910 2006 lenticulari
923 1981 1041 2014 ampulla
1064 1983 1168 2008 olearia
1193 1984 1273 2016 Apul.
1338 1980 1376 2005 Ac
1394 1985 1451 2005 tum
1467 1989 1576 2014 quoque
1590 1981 1670 2014 lente,
1693 1982 1902 2017 cunctanterque
1915 1982 2038 2010 veniunt.
2075 1983 2162 2016 Agere
2177 1980 2262 2007 lente:
2281 1980 2306 2006 h.
2320 1989 2342 2006 e.
2362 1980 2408 2005 Re.

202 2019 304 2050 florid.
319 2029 331 2046 2
345 2028 369 2054 p.
382 2020 435 2052 346.
458 2017 515 2044 Vid.
542 2023 559 2043 L
570 2022 588 2042 Ε
598 2021 621 2041 Ν
636 2021 658 2042 T
669 2022 680 2042 1
691 2021 708 2042 C
721 2021 743 2041 v
754 2021 770 2041 L
781 2021 814 2042 Α.
1338 2013 1417 2047 mff,
1438 2021 1462 2038 et
1484 2016 1583 2051 -egniter
1604 2016 1665 2042 Liu.
1682 2026 1697 2046 1,
1713 2026 1752 2044 ιο.
1789 2018 1874 2045 Lente
1888 2024 1914 2044 et
1927 2019 2017 2044 secure
2030 2017 2132 2052 aliquid
2149 2017 2229 2043 Ferre
2248 2016 2318 2042 Suet.
2340 2015 2409 2042 Ner.

239 2063 257 2084 1.
270 2063 287 2084 Ε
300 2061 323 2081 Ν
337 2061 360 2082 Τ
373 2061 383 2081 1
399 2059 417 2081 c
428 2059 450 2080 v
461 2059 478 2079 L
488 2053 511 2079 Ᾰ
520 2058 543 2079 'r
554 2059 576 2078 v
588 2058 602 2079 s
613 2072 621 2084 ,
642 2059 666 2082 a,
687 2060 743 2078 um.
779 2052 856 2078 Idem.
914 2051 991 2079 Folia
1003 2052 1157 2079 lenticulata
1171 2051 1274 2080 Celsus.
1339 2056 1362 2075 c·
1377 2057 1420 2080 40·
1459 2048 1516 2074 CN·
1533 2047 1566 2075 de
1584 2049 1661 2076 Orat·
1674 2059 1697 2083 2,
1709 2056 1752 2083 287
1775 2052 1874 2085 Neque
1887 2053 1967 2079 facile
1979 2053 2015 2079 est
2029 2053 2172 2087 perficere,
2195 2057 2224 2078 vt
2237 2051 2365 2077 irascatur
2372 2049 2411 2084 ei,

241 2099 260 2119 1.
274 2098 292 2119 ε
308 2096 331 2117 N
345 2096 367 2116 'r
378 2096 396 2116 Ε
406 2109 414 2121 ,
437 2095 455 2115 L
465 2094 483 2114 Ε
494 2093 517 2113 Ν
533 2093 556 2114 'r
567 2093 585 2113 E
595 2093 608 2112 5
618 2092 637 2112 e
650 2092 684 2119 o,
706 2086 763 2113 vid.
794 2093 812 2113 L
822 2093 839 2113 E
850 2093 873 2113 N
888 2093 910 2114 'r
924 2094 945 2113 v
959 2095 983 2115 s.
1132 2103 1135 2105 -
1291 2087 1321 2115 55
1338 2083 1382 2109 cui
1399 2089 1427 2109 tu
1442 2083 1511 2109 velis
1523 2083 1614 2117 iudex,
1634 2085 1652 2111 fi
1667 2091 1695 2112 tu
1707 2085 1762 2120 ipse
1775 2086 1804 2113 id
1819 2087 1889 2114 lente
1902 2087 1975 2114 ferre
1990 2087 2110 2119 videare,
2124 2087 2143 2113 i.
2156 2085 2409 2119 Leniteretfineira.
2451 2094 2454 2095 ⁷

241 2134 260 2154 Ῑ,
273 2134 290 2154 E
301 2132 325 2153 N
335 2131 357 2152 Τ
368 2125 382 2151 1·
392 2130 442 2151 GO
452 2143 461 2155 ,
481 2122 543 2149 i’nis.
565 2122 584 2148 f.
612 2121 726 2156 [φακὸς]
755 2122 859 2147 Macula
867 2122 987 2156 subrufa,
1006 2125 1034 2149 i„
1047 2124 1121 2158 facie
1140 2126 1177 2150 all
1192 2124 1273 2151 lentis
1337 2118 1442 2145 Festina
1457 2118 1528 2157 lente
1540 2120 1651 2153 Augusti
1665 2125 1691 2146 et
1706 2122 1810 2155 Vespas.
1823 2123 1968 2156 symbolum.
2024 2123 2081 2150 Cic.
2096 2123 2126 2149 in
2140 2122 2265 2149 Hortens.
2278 2127 2318 2156 ap.
2333 2120 2408 2147 Non.

197 2162 399 2199 fimilitudinem.
437 2158 504 2186 Plin.
519 2167 562 2191 20,
577 2167 608 2184 20
624 2159 655 2183 de
667 2156 794 2191 atriplice,
815 2156 874 2183 Nec
887 2157 936 2184 nifi
951 2164 1050 2185 mutata
1065 2160 1140 2194 saepe
1154 2168 1222 2194 aqua
1231 2169 1275 2186 co-
1338 2165 1363 2189 4,
1378 2159 1417 2183 28¹
1438 2154 1496 2187 Qu
1511 2163 1594 2188 quum
1608 2155 1726 2190 publicas
1741 2156 1854 2184 iniurias
1868 2158 1938 2184 lente
1953 2158 2059 2193 tulisset,
2076 2159 2149 2184 suam
2163 2166 2218 2183 non
2237 2156 2307 2183 tulit.
2343 2157 2409 2183 Gra-

205 2197 361 2234 quendum‚
393 2195 526 2222 stomacho
549 2192 715 2220 contrarium
743 2192 793 2218 else
814 2191 957 2227 lentigines
977 2200 1003 2220 et
1023 2195 1131 2228 papulas
1151 2196 1272 2230 gignere,
1338 2189 1414 2216 diens
1430 2189 1523 2216 asellus
1536 2190 1607 2230 lente
1629 2191 1711 2218 Ouid.
1730 2192 1795 2219 Met.
1810 2202 1840 2226 11,
1854 2202 1906 2227 179.
1944 2193 2025 2220 Nasci
2037 2193 2118 2227 lente,
2130 2192 2182 2219 hoc
2194 2192 2230 2219 est
2238 2192 2331 2219 Tarde
2339 2192 2408 2220 Plin.

203 2236 280 2264 Idem
294 2243 336 2267 20,
354 2234 368 2259 6
389 2232 503 2266 Lepras,
529 2230 656 2262 lichenas,
677 2227 822 2262 lentigines
837 2229 980 2256 exulcerat.
1016 2229 1113 2258 Inuida
1127 2230 1272 2258 fiumculet
1341 2235 1374 2266 ¹²?
1403 2235 1438 2258 14·
1512 2227 1568 2253 Cle·
1582 2227 1636 2254 Αῐΐ-
1661 2237 1682 2261 2,
1708 2237 1717 2254 ¹
1751 2229 1840 2261 Qoem
1865 2229 1918 2256 tibi
1943 2238 1994 2264 ego
2012 2238 2068 2257 non
2089 2230 2167 2256 essem
2188 2229 2264 2256 ausus
2283 2228 2408 2264 mittere,

203 2271 301 2299 faciem
313 2267 415 2302 lentigo
429 2267 553 2293 decoram
566 2264 796 2292 Samonic.Carm.
822 2274 854 2290 12.
1290 2264 1326 2291 60
1340 2262 1389 2288 11111
1404 2271 1466 2288 eum
1480 2262 1550 2289 lente
1567 2271 1596 2290 ac
1610 2263 1744 2291 fastidiose
1761 2264 1948 2299 probauiss'em.
1986 2267 2100 2300 Compar.
2121 2266 2207 2300 Agere
2216 2264 2312 2291 lentius
2332 2264 2408 2292 Hirt.

242 2314 259 2335 L
269 2313 287 2333 E
300 2311 323 2333 N
337 2311 360 2332 Τ
374 2310 385 2330 1
395 2309 417 2330 G
428 2310 437 2329 1
450 2309 473 2329 N
484 2300 527 2330 ὃς
538 2307 558 2328 V
574 2308 587 2328 S
599 2321 607 2335 ,
629 2309 652 2334 a,
670 2309 726 2326 um.
766 2300 842 2326 Cuius
849 2300 933 2333 facies
951 2301 1075 2337 lentigine
1094 2302 1217 2336 maculosa
1232 2302 1273 2337 est,
1340 2298 1370 2325 B.
1384 2298 1459 2324 Alex.
1474 2308 1496 2325 c.
1511 2307 1544 2331 7¹·
1618 2299 1675 2326 Cic.
1693 2300 1721 2326 in
1737 2300 1827 2328 Parad.
1842 2311 1850 2327 ι
1878 2301 1928 2328 Sed
1940 2300 2003 2328 haec
2018 2301 2109 2328 videri
2126 2301 2229 2336 possunt
2241 2300 2410 2336 obscuriora,

205 2343 297 2370 Valer.
312 2341 384 2368 Max.
400 2349 419 2373 1,
433 2348 455 2372 7,
465 2340 479 2365 6
493 2345 560 2365 extr.
584 2336 802 2368 Praetu-dentem,
823 2335 886 2362 flaui
901 2335 1017 2370 coloris,
1037 2337 1189 2371 lentiginosi
1206 2338 1273 2365 oris.
1341 2342 1423 2367 quum
1437 2333 1534 2360 lentius
1548 2334 1725 2370 disputantur.
1761 2336 1888 2372 Subsequl
1904 2337 2001 2363 lentius
2017 2338 2090 2364 Caes·
2104 2338 2132 2364 Β·
2145 2337 2177 2365 C·
2191 2346 2214 2368 22
2227 2346 2270 2370 40·
2309 2338 2408 2371 Super!-

204 2381 318 2413 φάκοψις,
339 2375 514 2410 lentiginosus
524 2394 532 2407 ,
545 2373 632 2408 sparso
645 2381 694 2400 ore
715 2372 797 2399 Gloss‘.
817 2372 879 2399 Vet.
1340 2369 1470 2396 Mandcre
1483 2370 1621 2398 lentiffime
1640 2371 1774 2398 Columel.
1790 2382 1813 2406 2,
1827 2381 1862 2405 15.
1898 2372 1976 2400 Stella
1991 2372 2097 2400 Saturni
2111 2373 2166 2399 iter
2180 2373 2257 2400 suum
2269 2372 2409 2400 lentiffime

243 2421 261 2442 ι
274 2420 291 2440 E
302 2420 324 2439 N
337 2419 360 2440 'r
376 2417 438 2439 isc
453 2417 473 2438 v
487 2417 527 2444 M,
548 2409 568 2436 i.
588 2418 615 2436 n.
628 2408 684 2442 flue
696 2414 741 2435 LE
753 2414 776 2435 N
788 2413 831 2434 ‘r1
845 2415 858 2435 5
870 2413 889 2434 c
900 2413 922 2433 v
934 2413 967 2440 s,
987 2407 1007 2435 i.
1034 2407 1054 2436 f.
1091 2409 1190 2439 Arbor,
1210 2418 1274 2443 quae
1340 2404 1421 2432 efficit
1432 2406 1491 2433 Seu.
1512 2407 1565 2441 Q.
1581 2406 1645 2434 Nat.
1660 2417 1683 2443 7,
1702 2417 1741 2442 29.

205 2449 336 2484 mastichen
340 2448 435 2484 gummi
441 2448 508 2472 modo
515 2445 604 2482 sudat,
613 2452 637 2471 et
649 2444 684 2481 est
702 2443 806 2478 trifera.
827 2447 894 2477 ιχῐνος
903 2464 911 2477 ,
931 2444 1264 2478 1611111611111,16111·11“611561.
1288 2442 1320 2475 65
1377 2448 1395 2468 L
1405 2447 1427 2482 Ε,
1436 2449 1458 2468 Ν
1468 2448 1489 2467 Τ
1501 2448 1511 2469 1
1525 2449 1547 2469 Τ
1560 2449 1569 2470 1
1582 2449 1604 2470 A
1613 2464 1621 2477 ,
1641 2452 1679 2471 ae.
1701 2445 1721 2472 f.
1743 2444 1913 2481 [καμπτότης]
1932 2445 2091 2471 Flexibilitas
2103 2452 2127 2472 et
2143 2443 2256 2471 mollitia.
2293 2444 2361 2471 Plin.
2370 2447 2410 2480 16,

209 2482 325 2513 ρι’-ψῃ,
360 2483 512 2511 Lentiscum
525 2484 591 2514 ‘76⁹⁰‘
612 2480 815 2507 GloffiLat.Gr.
852 2479 1052 2516 Coluinel.5‚10
1075 2481 1199 2507 Inimum
1208 2481 1275 2508 sero.
1338 2487 1366 2512 37
1386 2478 1460 2505 Altae
1476 2479 1563 2513 virgas
1577 2480 1695 2515 sequacis
1709 2480 1742 2508 ad
1750 2480 2015 2509 vindiuraslentitiae
2053 2480 2166 2509 Pituitae
2179 2480 2408 2515 lentitiaPlin.20,

205 2522 268 2549 bem
281 2520 383 2547 lentisci
400 2519 495 2546 taleam
510 2518 619 2544 inuerso
633 2516 771 2543 cacumine
786 2515 932 2543 demittito.
991 2517 1108 2546 Martial.
1121 2519 1146 2550 6,
1167 2526 1201 2551 74
1220 2517 1271 2544 Fo-
1339 2523 1363 2547 7.
1388 2516 1480 2550 Vulgus
1492 2515 1654 2551 vtj'colftatem
1672 2524 1755 2544 vocat,

207 2557 299 2592 ditque
321 2554 401 2583 tonsis
424 2563 473 2582 ora
497 2554 555 2581 laxa
577 2553 702 2580 lentiscis.
775 2552 835 2580 Cic.
852 2551 885 2579 de
905 2552 999 2579 Diuin.
1022 2562 1047 2589 1,
1064 2560 1091 2585 15
1104 2562 1125 2580 c.
1140 2563 1158 2588 9
1178 2562 1210 2581 ex
1225 2561 1270 2580 an·
1339 2587 1361 2613 A
1379 2557 1396 2577 L
1416 2556 1434 2577 Ε
1452 2557 1474 2576 Ν
1491 2557 1514 2578 Τ
1536 2558 1545 2578 1
1564 2557 1585 2577 T
1602 2558 1613 2579 1
1629 2558 1646 2579 Ε
1663 2559 1695 2588 s,
1725 2553 1759 2580 ci.
1786 2553 1807 2581 f.
1880 2554 1957 2582 Idem.
1988 2553 2094 2581 Plumbi
2119 2553 2239 2580 1611111165
2270 2552 2348 2588 Virg.
2375 2552 2407 2579 in

219 2593 224 2598 ·
345 2594 358 2599 ··
1391 2596 1407 2612 n
1458 2607 1464 2614 .
1516 2597 1537 2614 2.

205 2600 284 2629 nque·
306 2594 421 2656 poetIaain
442 2635 510 2653 vero
529 2627 633 2661 semper
651 2624 768 2660 viridis,
787 2625 944 2659 semperque
962 2630 1071 2660 grauata
1289 2630 1326 2660 70
1364 2592 1423 2649 eit?
1430 2596 1538 2649 1:17‘1514'1*
1547 2624 1596 2650 VD
1607 2630 1644 2657 o,
1664 2624 1726 2651 inis.
1747 2625 1766 2652 f.
1788 2624 1945 2661 [βραδυτῆς]
1969 2625 2102 2653 Tar-dieas.
2139 2625 2197 2653 Cic.
2212 2624 2307 2659 Quint.
2321 2625 2406 2652 Fratr.

364 2663 501 2691 Lentiscus
515 2662 616 2697 triplici
637 2661 712 2688 solita
732 2661 902 2696 grandescere
923 2661 1013 2688 foetu:
1340 2667 1360 2689 1,
1374 2667 1393 2693 1,
1408 2667 1429 2690 31
1451 2659 1523 2685 Nam
1537 2659 1604 2686 illud
1620 2668 1674 2686 non
1689 2660 1775 2687 solum
1788 2661 1825 2688 est
1838 2661 1986 2697 grauitatis,
2009 2661 2050 2688 sed
2060 2671 2254 2696 nonuunquam
2262 2660 2408 2688 etiamlen-

365 2700 428 2727 Ter
454 2699 544 2733 fruges
563 2697 694 2731 fundens,
716 2698 767 2724 tria
787 2705 908 2732 tempora
922 2696 1052 2724 monstrat
1072 2698 1173 2724 arandi.
1337 2693 1470 2721 titudinis.
1508 2694 1581 2722 Idem
1596 2695 1679 2722 Tusa
1693 2707 1720 2729 4,
1735 2707 1762 2729 42
1775 2707 1797 2724 c.
1815 2706 1839 2731 ¹9
1861 2698 1977 2733 Eamque
1991 2698 2217 2732 quamlenitatem
2225 2706 2273 2724 nos
2282 2697 2409 2730 dicimus,

207 2738 310 2766 Laudat
324 2736 380 2765 1201,
400 2736 467 2762 Ριῑῃ,
484 2741 516 2769 ¹8,
529 2743 555 2765 25
576 2741 641 2760 extr.
662 2733 848 2761 Folialentisci
860 2733 981 2760 scribon,
1003 2734 1038 2760 61,
1074 2734 1272 2765 Lemiscumdi.
1336 2730 1438 2756 vitioso
1454 2730 1622 2758 lentitudinis
1636 2732 1747 2760 nomine
1765 2733 1906 2769 appellant.
1961 2733 2107 2761 Lentitudo
2126 2735 2228 2767 exitus,
2248 2733 2292 2761 vel
2310 2733 2408 2760 mortis

208 2774 271 2800 (lam
281 2772 439 2808 putauerim,
465 2775 529 2806 quod
541 2771 636 2805 liquore
650 2771 754 2805 quodam
770 2769 908 2797 lentescat:
950 2778 1006 2795 nam
1020 2776 1046 2795 et
1065 2770 1172 2802 refinam
1184 2770 1274 2804 vhique
1336 2766 1427 2793 Tacit.
1442 2766 1510 2794 Anu.
1527 2776 1560 2801 15,
1575 2777 1611 2799 51.

203 2809 290 2846 sudat.
349 2807 436 2834 Ruell.
451 2817 469 2840 1,
482 2815 514 2833 20
534 2806 670 2832 Lentiscus
681 2812 727 2840 pro
734 2805 823 2840 frui‘iu
836 2807 879 2832 vel
889 2806 937 2832 oleo
954 2806 1026 2831 buius
1044 2806 1141 2831 arboris
1160 2806 1228 2832 Cato
1242 2806 1272 2832 R.
1287 2810 1319 2839 75
1376 2809 1393 2829 L
1408 2808 1425 2829 E
1437 2809 1460 2829 Ν
1472 2809 1494 2828 Τ
1504 2809 1523 2830 O
1534 2809 1554 2830 R
1563 2825 1571 2837 ‚
1592 2804 1657 2831 oris.
1675 2815 1711 2831 m.
1732 2806 1905 2841 [γλιεχρότης]
1926 2807 2021 2832 Humor
2034 2813 2111 2832 tenax
2120 2814 2143 2832 et
2151 2804 2300 2842 glutinosus.
2338 2805 2407 2834 Plin.

209 2845 242 2873 R,
256 2854 277 2871 c.
293 2853 316 2877 7,
354 2843 418 2870 Plin.
438 2852 469 2875 ις,
485 2844 500 2868 6
518 2849 543 2877 p=
554 2863 559 2868 .
570 2844 607 2867 Ex
619 2842 925 2877 lentr'fi-odemgscalpium,
944 2840 1076 2867 Martialis
1090 2842 1240 2867 crmmendat
1249 2842 1274 2868 6.
1338 2848 1364 2872 9,
1377 2847 1400 2869 5¹
1420 2840 1451 2865 de
1460 2838 1563 2874 piscium
1573 2842 1745 2875 generatione,
1764 2844 1839 2876 Quae
1853 2842 1972 2869 durioris
1985 2843 2063 2869 testae
2078 2843 2147 2874 sunt,
2162 2848 2190 2869 vt
2204 2842 2330 2876 murices,
2343 2851 2406 2876 pur-

210 2891 238 2915 74
260 2880 394 2913 Foditque
407 2878 486 2905 tonsis
500 2877 612 2904 oralaxa
625 2877 749 2904 lentiscis.
786 2877 824 2904 Id.
840 2888 861 2910 3,
876 2883 904 2908 82
924 2877 1052 2912 Cuspides
1073 2877 1184 2903 lentisci.
1242 2878 1273 2903 Et
1343 2883 1435 2909 purae,
1449 2875 1576 2902 salinario
1589 2876 1702 2904 lentore.
1723 2878 1829 2907 Colum.
1838 2888 1860 2912 5,
1870 2881 1886 2906 6
1906 2879 1942 2905 Vt
1954 2878 2072 2912 aliquem
2080 2884 2166 2905 tamen
2175 2879 2279 2905 succum
2287 2884 2313 2905 et
2321 2878 2406 2905 lento-

211 2926 247 2949 14,
263 2925 290 2943 22
313 2915 465 2942 Lentiscum
474 2913 585 2939 melius:
602 2913 646 2940 sed
667 2913 685 2940 fi
698 2913 748 2939 tibi
763 2913 876 2940 frondea
889 2913 974 2948 cuspis
1027 2913 1162 2948 Defuerit,
1184 2912 1275 2939 dentes
1339 2920 1397 2937 rem
1411 2910 1513 2944 habeat,
1534 2911 1688 2939 iniiciemus
1703 2914 1781 2941 areis.
1820 2914 1887 2942 Plin.
1902 2924 1934 2947 13,
1949 2923 1961 2945 5
1982 2915 2045 2941 Fert
2057 2921 2082 2941 et
2103 2914 2240 2942 folliculos
2254 2914 2405 2941 emittentes

209 2953 292 2987 pinna
312 2952 401 2978 leuare
417 2949 510 2985 potest.
607 2950 663 2986 Qo
677 2950 705 2974 in
717 2950 765 2976 loco
772 2949 926 2976 Lentiscum
939 2950 1042 2985 generis
1055 2949 1089 2986 est
1099 2950 1194 2982 neutrI,
1214 2950 1274 2984 quiet
1340 2947 1469 2982 quaedam
1483 2947 1608 2975 animalia
1623 2950 1665 2975 seu
1678 2950 1784 2983 culices,
1799 2950 1985 2985 lentoremque
1999 2951 2152 2978 resinosum.
2190 2952 2260 2978 Add.
2279 2950 2318 2978 Id.
2329 2959 2353 2983 9,
2368 2952 2406 2982 36.

153 3011 160 3016 ,
207 2996 255 3025 pro
267 2988 364 3014 arboris
388 2987 456 3021 ligno
470 2985 587 3023 sternitur.
1289 2988 1323 3014 80
1379 2989 1396 3010 L
1410 2989 1427 3010 E
1442 2990 1463 3009 N
1479 2990 1501 3010 'r
1517 2990 1537 3010 O
1547 3005 1554 3017 ,
1575 2989 1628 3012 are.
1651 2986 1663 3019 [
1672 2988 1786 3022 κάμπτω]
1799 2987 1875 3022 Virg.
1890 2989 1957 3014 Aen.
1970 2997 1991 3021 3,
2006 2993 2057 3020 384.
2115 2988 2184 3015 Ante
2205 2993 2231 3013 et
2247 2985 2406 3019 Trinacria,

248 3031 290 3051 LE
304 3030 327 3050 N
340 3029 385 3052 '1¹1
402 3028 416 3049 s
429 3028 447 3049 C
459 3020 469 3049 i
482 3028 505 3048 N
520 3027 540 3061 γ
554 3026 585 3053 s,
612 3029 644 3061 a.
666 3029 721 3047 um.
749 3020 810 3048 Adi.
838 3022 963 3055 [τχίνινος]
988 3022 1027 3046 Ex
1048 3020 1150 3057 lentisco
1166 3021 1275 3056 fufium.
1339 3019 1478 3046 lentandus
1493 3028 1581 3046 remus
1594 3020 1622 3046 in
1639 3021 1718 3048 vnda.
1756 3023 1873 3056 Seruius,
1892 3023 2057 3050 Lentandus:
2076 3030 2122 3050 aut
2138 3022 2265 3050 lentetibi
2279 3021 2405 3056 nauigan-

212 3060 280 3087 Plin.
295 3069 330 3092 23,
344 3068 355 3085 2
377 3059 459 3086 Tunc
475 3057 566 3085 addito
580 3056 722 3083 lentiscino
737 3057 809 3083 oleo.
1340 3054 1403 3082 dum
1417 3055 1461 3083 cst.
1500 3056 1571 3083 Nam
1584 3062 1666 3083 totam
1682 3057 1800 3086 Siciliam
1815 3059 1920 3086 circuit.
1957 3060 2009 3086 Aut
2021 3058 2174 3086 flectendus.
2195 3058 2265 3085 vnde
2288 3058 2405 3084 Lentum

248 3103 266 3122 L
276 3102 291 3121 F,
300 3101 354 3123 NT
364 3101 374 3122 1
386 3101 400 3122 s
412 3100 428 3120 C
440 3092 453 3120 ἰ
467 3099 484 3120 F
497 3100 514 3119 E
524 3099 543 3120 R
552 3113 561 3125 ‚
579 3094 639 3126 era,
660 3095 745 3120 erum.
771 3094 934 3126 [ιχινοφόςος]
954 3093 1047 3119 ferens
1060 3092 1188 3129 lenttfios:
1209 3093 1273 3120 Lin-
1340 3091 1433 3118 vimen
1446 3092 1571 3123 dicimus,
1590 3093 1608 3119 ι’.
1622 3094 1727 3121 Hei-ile.
1776 3095 1901 3131 Posterior
1913 3104 1976 3121 vera
1991 3094 2066 3121 ratio.
2123 3096 2180 3132 Qo
2192 3095 2258 3121 enim
2270 3094 2364 3120 maiori
2374 3094 2405 3119 vi

212 3136 318 3157 ternum
334 3130 527 3157 lentisciferum
547 3128 630 3155 Ouid.
645 3129 708 3156 Met.
729 3136 761 3162 15,
775 3138 825 3161 714.
1339 3129 1486 3162 nauigatur,
1507 3135 1577 3154 tamo
1592 3129 1672 3164 magii·
1696 3131 1855 3166 itfiet‘luntur
1875 3131 1944 3156 ἕηκεν
1959 3130 2132 3165 remigandum
2151 3130 2223 3161 remi,
2243 3131 2286 3164 qui
2304 3129 2403 3165 abipsa

250 3173 267 3192 L
278 3172 296 3192 E
310 3172 332 3192 N
343 3172 364 3192 ‘r
375 3174 385 3193 1
397 3172 420 3193 'r
433 3173 443 3192 1
453 3173 475 3192 A
485 3186 494 3199 ,
515 3173 531 3192 L
543 3171 559 3190 r:
570 3171 593 3190 N
605 3171 628 3192 'r
640 3172 648 3190 1
660 3170 683 3191 ‘r
694 3170 719 3191 v
728 3170 748 3192 n
761 3170 782 3192 ο
792 3186 801 3199 ,
821 3172 838 3191 r.
848 3170 865 3190 r:
875 3170 899 3190 N
912 3170 935 3190 ‘r
949 3169 970 3191 ο
979 3184 987 3197 ,
1007 3168 1061 3191 are.
1084 3171 1101 3191 r.
1114 3171 1130 3190 ιε
1142 3171 1165 3192 Ν
1178 3172 1199 3193 T
1209 3171 1230 3193 o
1242 3171 1275 3200 R,
1293 3168 1323 3198 ες
1339 3173 1404 3199 aqua
1424 3164 1563 3199 lentifiunt
1577 3165 1595 3190 s.
1606 3164 1678 3198 Cipus.
1759 3167 1829 3193 Vidit
1845 3167 1923 3193 Turn.
1939 3177 1963 3199 4·
1979 3175 2016 3192 22.
2036 3174 2059 3192 et
2073 3166 2138 3193 Scal.
2149 3165 2181 3193 ad
2194 3165 2293 3193 Catulli
2302 3167 2402 3200 Argon.

213 3201 279 3229 oris.
317 3208 333 3227 L
343 3207 360 3226 E
371 3208 392 3227 N
407 3208 429 3229 'r
441 3208 462 3227 V
473 3208 490 3228 L
500 3207 522 3228 V
532 3207 562 3232 s,
583 3200 642 3227 Adi.
661 3201 716 3227 vid.
738 3207 755 3227 L
765 3207 782 3227 E
793 3207 815 3226 N
829 3206 852 3227 T
864 3206 918 3226 VS.
1339 3205 1380 3231 184
1400 3199 1498 3226 Lentos
1518 3209 1615 3227 remos.
1688 3203 1804 3228 Imitatus
1823 3201 1856 3236 esi
1875 3202 1933 3229 Sen.
1950 3205 2041 3235 Agam.
2062 3211 2103 3236 ⁴37
2130 3203 2257 3237 Properat
2275 3201 2402 3228 iuuentus

249 3245 267 3265 L
279 3243 297 3264 E
310 3243 333 3264 N
347 3243 370 3263 T
380 3235 401 3263 ὕ
410 3243 427 3263 L
438 3244 458 3263 v
471 3244 485 3265 s
496 3258 505 3271 ,
522 3236 541 3263 i.
560 3246 597 3264 tn.
634 3237 768 3271 Cognomen
777 3236 837 3271 fuit
856 3236 1041 3270 Corneliorum,
1067 3236 1126 3261 inde
1136 3235 1186 3262 illis
1207 3237 1274 3262 indi.
1339 3235 1426 3263 omnis
1436 3236 1570 3263 Adduftos
1583 3236 1656 3264 11111111
1666 3238 1780 3264 Lentare
1794 3233 1891 3264 1611105.
1911 3239 1944 3265 Et
1957 3238 2096 3265 Claudian.
2117 3239 2197 3266 Cons.
2205 3237 2279 3265 Mall.
2289 3235 2400 3264 Thecd.

214 3282 274 3306 tum,
288 3274 354 3307 quod
365 3272 685 3308 lentemoptimesererent.
723 3272 858 3305 Plin.18,3
878 3271 1047 3306 Cognomina
1061 3271 1151 3305 etiarn,
1176 3272 1275 3306 inquit,
1337 3281 1366 3305 42
1387 3272 1507 3299 Exsertus
1521 3272 1651 3300 lentandis
1666 3274 1755 3300 nauita
1769 3274 1848 3300 tontis
1870 3274 2033 3301 Praei-icitur.
2077 3275 2118 3301 Sic
2136 3276 2212 3301 ctiam
2230 3272 2400 3308 accipiendum

213 3309 302 3344 prima
315 3308 393 3334 inde:
413 3308 539 3341 Pilumni,
558 3308 605 3343 qui
618 3307 704 3343 pilum
718 3307 835 3342 pistrinis
848 3308 998 3334 inuenerat.
1037 3307 1152 3340 Pisones,
1168 3308 1275 3342 apiscn·
1338 3307 1402 3334 illud
1411 3308 1472 3335 Stat.
1487 3308 1580 3335 Achill.
1596 3319 1614 3344 1,
1625 3314 1675 3342 456
1695 3309 1752 3336 Nec
1766 3310 1861 3336 modus
1875 3316 1919 3337 aut
1931 3319 2007 3337 arcus
2021 3311 2132 3344 lentare,
2152 3316 2196 3338 ant
2209 3308 2320 3337 fundere
2328 3307 2401 3342 glan-

214 3345 259 3372 do.
333 3345 389 3371 Iam
402 3342 550 3370 'Fabiorum
560 3364 567 3376 ,
589 3343 776 3378 Lentulorum,
796 3343 969 3379 Ciceronum,
987 3348 1017 3370 vt
1032 3343 1146 3377 quisque
1162 3344 1274 3378 aliquod
1288 3351 1325 3376 90
1340 3344 1394 3377 des,
1414 3346 1444 3370 Ae
1450 3344 1538 3378 fabris
1554 3355 1607 3370 cum
1614 3355 1687 3371 arcus
1698 3356 1710 3371 e
1715 3347 1791 3379 fem-o
1801 3353 1897 3381 parant
1907 3348 1988 3373 lentos
2001 3347 2018 3372 i.
2020 3347 2130 3382 flexiles.
2169 3342 2305 3374 1d.Theb·
2321 3354 2341 3377 3,
2355 3349 2400 3375 588

214 3380 317 3417 optime
337 3389 420 3415 genus
449 3380 555 3406 sereret.
612 3381 681 3407 Hinc
1339 3380 1393 3406 Alii
1409 3379 1539 3412 Gortynia
1553 3380 1652 3407 lentant
1664 3381 1782 3408 Cornua.
1821 3383 1870 3408 Sed
1881 3381 1971 3411 Theb,
1995 3392 2020 3417 1,
2041 3392 2084 3416 703
2111 3384 2181 3410 Tela
2201 3379 2251 3407 tibi
2267 3380 2400 3414 longeque

249 3423 267 3444 L
278 3423 294 3443 E
307 3422 330 3443 Ν
344 3422 366 3442 Τ
381 3422 402 3443 ν
414 3422 431 3442 L
442 3414 455 3442 1v
465 3422 487 3442 T
499 3421 522 3442 Α
537 3422 549 3441 S
562 3432 570 3445 ²
597 3416 655 3442 stis.
683 3415 703 3443 f.
738 3417 924 3449 [Λεντυλὸτηε]
961 3416 1055 3442 Pinum
1088 3414 1161 3449 iocose
1180 3423 1272 3441 nomen.
1338 3416 1410 3442 feros
1424 3416 1559 3443 lentandus
1571 3416 1600 3442 in
1615 3416 1701 3443 hostes
1716 3425 1800 3452 arcus,
1819 3418 1837 3444 i.
1851 3419 1992 3445 curuana'us
1998 3419 2104 3456 sagittis
2121 3416 2268 3446 emittendis.
2327 3416 2401 3443 Bella

213 3452 272 3479 Cic.
292 3453 363 3480 Fam.
378 3461 400 3486 3,
412 3460 425 3485 7
446 3451 536 3477 Vllam
549 3450 715 3485 Appietatem
724 3457 768 3478 aut
775 3451 964 3478 Lentulitatem
977 3451 1066 3478 valere
1076 3451 1145 3486 apud
1154 3460 1195 3477 me
1207 3450 1275 3484 plus,
1338 3452 1438 3479 lentare
1456 3452 1500 3479 Sil.
1516 3458 1539 3485 8,
1553 3461 1580 3479 11.
1621 3453 1677 3479 lf'id.
1690 3453 1722 3479 ib.
1736 3452 1864 3481 Drakenb.
2143 3465 2147 3468 -

214 3497 294 3524 quam
308 3493 463 3514 ornamenta
476 3486 585 3514 virtutis
602 3486 753 3514 existimas?
785 3487 807 3514 i.
821 3487 991 3520 nobilitatem,
1011 3488 1095 3522 qualis
1115 3487 1274 3513 Lentulorum
1378 3494 1394 3513 L
1406 3494 1421 3513 κῑ
1432 3495 1454 3513 Ν
1466 3495 1488 3515 'r
1500 3494 1522 3515 A
1535 3494 1557 3515 Τ
1570 3494 1592 3514 ν
1604 3494 1635 3518 s,
1650 3497 1673 3523 a,
1695 3498 1749 3515 um.
1785 3489 1872 3517 Treb.
1887 3490 1974 3517 Pollio
1989 3490 2018 3517 in
2032 3489 2123 3518 Claud.
2137 3497 2159 3514 c.
2174 3490 2189 3513 6
2210 3488 2344 3515 Videntur
2361 3488 2399 3514 fa-

214 3527 258 3561 eJ.
300 3525 355 3550 Vid.
371 3524 503 3558 Appietas,
523 3523 550 3549 in
573 3528 713 3550 APPlvs.
1287 3529 1321 3556 95*
1338 3530 1364 3550 ta
1376 3524 1496 3551 Romana
1510 3524 1573 3551 boni
1590 3524 1718 3560 principis
1737 3526 1912 3560 occupatione
1931 3527 2036 3554 lentata,
2061 3527 2078 3551 i.
2094 3524 2216 3552 Turdam.
2271 3523 2362 3552 Manil.
2377 3534 2400 3559 ς,

251 3567 268 3587 1.
279 3565 298 3587 Ε
309 3565 331 3585 Ν
342 3565 366 3586 'r
377 3565 398 3585 V
411 3565 425 3586 s
437 3579 445 3592 ,
471 3568 501 3592 a,
524 3567 580 3585 um.
604 3557 666 3585 Adi.
696 3559 838 3593 [valcxeah
858 3559 988 3593 καμπὴ]
1016 3558 1096 3584 Tener
1109 3565 1133 3583 ct
1145 3558 1273 3590 flexibilis.
1339 3561 1385 3592 614
1401 3561 1487 3594 priore
1501 3561 1607 3586 editione
1622 3562 1727 3587 dederat
1742 3563 1866 3597 Scaliger,
1889 3563 1971 3596 Qtod
1991 3563 2065 3595 suPer
2084 3561 2188 3587 occasus
2208 3560 2336 3586 lentatum
2351 3559 2396 3586 est.

214 3595 298 3624 Plaut.
319 3595 389 3622 Asin.
406 3604 427 3627 3,
439 3604 451 3622 2
461 3615 470 3628 ,
483 3603 512 3628 29
533 3594 587 3621 Vbi
601 3595 676 3629 saepe
691 3594 723 3620 ad
744 3594 900 3630 languorem
920 3600 964 3621 tua
978 3594 1077 3621 duritia
1092 3593 1197 3620 dederis
1211 3594 1274 3620 0610
1339 3596 1388 3621 Sed
1398 3597 1479 3623 Bentl.
1493 3606 1524 3623 ex
1537 3596 1620 3622 veteri
1624 3596 1769 3631 scriptura,
1792 3598 1946 3633 templatum
1961 3598 2004 3629 est,
2023 3596 2093 3621 dedit
2109 3596 2236 3631 templum
2256 3595 2300 3622 est.

213 3631 319 3659 validos
332 3630 441 3658 11610165
455 3630 550 3657 vlmeis
562 3630 672 3657 affed'tos
689 3630 768 3657 lentis
784 3631 876 3665 virgis.
923 3630 991 3657 Nais
1005 3630 1075 3657 lenta
1090 3629 1171 3656 Ouid.
1187 3629 1220 3656 de
1241 3631 1271 3657 Α,
1378 3638 1394 3657 L
1407 3637 1423 3657 E
1434 3639 1454 3658 N
1470 3638 1492 3659 'r
1506 3638 1523 3659 E
1534 3638 1570 3665 O,
1591 3632 1629 3667 ui,
1649 3636 1701 3660 (re.
1740 3633 1792 3667 bffi
1804 3635 1908 3666 lentum,
1925 3631 1990 3659 moHe
2000 3641 2030 3657 ac
2042 3640 2160 3659 tenerum.
2196 3631 2283 3659 Lucil.
2302 3632 2397 3659 Lentct

216 3670 247 3695 A.
263 3678 281 3701 1,
304 3676 354 3700 732.
376 3666 394 3692 ι’.
403 3666 520 3702 gracilis.
556 3666 631 3700 Virg.
641 3666 693 3694 Ecl.
707 3675 730 3699 5,
743 3672 769 3698 83
791 3666 872 3694 Lenta
886 3666 949 3693 salix
964 3672 1090 3701 quantum
1104 3665 1211 3699 pallenti
1236 3675 1276 3692 ce·
1339 3676 1415 3702 opus,
1435 3668 1503 3695 dixit
1514 3675 1553 3704 ap.
1567 3663 1845 3697 Diomed.Gra'nm1at.
1867 3668 1982 3703 Vfitatius

216 3704 255 3731 dit
269 3702 366 3730 oliuae.
411 3703 513 3728 Aurum
527 3701 580 3728 filis
593 3702 750 3729 immittitur
769 3702 851 3729 Ouid.
864 3703 929 3730 Met.
944 3704 970 3737 6,
977 3706 1016 3733 68.
1072 3701 1183 3728 Brachia
1205 3701 1274 3728 lenta
1282 3711 1330 3729 100
1376 3709 1393 3728 L
1404 3709 1421 3730 E
1434 3710 1454 3729 Ν
1465 3710 1486 3730 Τ
1497 3711 1515 3731 Ε
1529 3709 1543 3730 s
1554 3709 1571 3730 C
1581 3710 1600 3730 Ο
1611 3724 1619 3737 ,
1641 3707 1694 3731 erc.
1725 3705 1928 3739 [ytnxqatvanm]
1955 3703 2066 3736 Lentum,
2080 3703 2126 3738 seu
2146 3703 2266 3730 Tenerum
2282 3712 2311 3728 ac
2329 3701 2396 3728 molle

216 3741 285 3766 Hor.
300 3737 382 3774 Epod-
397 3746 430 3770 ¹5,
443 3739 468 3764 6·
487 3738 517 3763 it.
538 3737 620 3764 Ouid·
635 3738 713 3773 Epist·
731 3745 764 3772 18,
780 3744 816 3769 58.
839 3745 863 3764 ct
877 3745 915 3772 19,
929 3744 959 3772 48
979 3740 1010 3764 de
1023 3745 1143 3769 natante,
1163 3738 1204 3762 cui
1215 3737 1274 3764 bra·
1333 3739 1403 3774 fieri,
1422 3741 1465 3765 vel
1470 3738 1623 3775 glutinosum
1636 3748 1659 3766 et
1672 3748 1756 3768 tenax.
1829 3742 1858 3768 In
1873 3738 1958 3772 picem
1980 3739 2125 3766 retinamne
2147 3739 2288 3765 lentescere
2304 3738 2395 3765 Tacit.

218 3775 277 3801 chia
284 3774 347 3811 sunt
358 3780 405 3809 pro
418 3773 500 3800 remis.
536 3775 606 3800 Add.
620 3774 689 3800 Hor.
705 3774 787 3801 Serm.
803 3782 824 3810 1,
836 3782 862 3807 9,
878 3776 921 3807 64.
959 3774 1060 3802 Hastile
1074 3773 1176 3799 lentum
1191 3773 1273 3799 Ouid.
1339 3775 1430 3801 Germ.
1446 3785 1528 3808 4210.
1547 3775 1692 3810 defuerim.
1733 3777 1909 3810 Virgficorg,
1921 3783 1996 3805 :3250
2017 3779 2047 3800 dc
2054 3783 2125 3801 terra
2132 3776 2202 3809 bona,
2218 3774 2267 3801 Sed
2280 3774 2347 3809 picis
2364 3773 2395 3799 in

217 3810 296 3844 Epist.
310 3821 334 3845 4,
350 3816 385 3840 8¹·
421 3809 530 3835 Humor
543 3809 628 3835 lentus
641 3809 728 3837 1106115
743 3810 819 3844 Virg.
835 3811 933 3844 Georg.
949 3819 967 3843 ι,
981 3819 1037 3844 290.
1058 3809 1101 3844 qui
1120 3810 1189 3835 lenta
1205 3809 1275 3841 facit
1338 3819 1441 3837 morem
1459 3811 1490 3838 ad
1503 3811 1600 3845 digitos
1614 3811 1731 3839 lentescit
1744 3809 1874 3839 habendo¹
1947 3811 2069 3837 Seruius:
2100 3810 2239 3840 Lentescit‚
2253 3810 2395 3837 Cohaeret.

219 3854 256 3877 Μ,
277 3855 338 3879 quae
349 3845 425 3871 arida
439 3844 585 3879 “fragilla
593 3846 795 3880 alioquifierent.
832 3846 914 3872 Manu
928 3846 999 3874 lenta
1013 3855 1055 3872 me
1063 3845 1143 3872 traxit
1157 3843 1188 3871 ad
1202 3844 1273 3870 idcm
1337 3846 1469 3873 Columci.
1486 3857 1514 3879 iv,
1529 3855 1552 3880 2,
1568 3855 1596 3880 29
1622 3849 1697 3880 Quae
1714 3849 1731 3875 fi
1748 3855 1837 3874 natura
1850 3846 1938 3872 minus
1951 3846 2020 3873 lenta
2035 3847 2082 3882 est,
2101 3853 2161 3873 ante
2175 3846 2231 3872 dies
2239 3845 2395 3881 quindecim

219 3880 396 3913 spectaculum
414 3881 521 3909 Petron.
535 3881 573 3907 26.
593 3881 611 3910 ι’,
625 3882 744 3915 molliter,
757 3890 805 3907 non
811 3882 919 3917 rapiens.
957 3883 1032 3918 lta,c.
1047 3886 1085 3914 138
1105 3881 1188 3908 Manu
1204 3879 1274 3907 lenta
1283 3886 1328 3914 105
1336 3883 1520 3917 praecidenda,
1533 3889 1558 3910 61
1570 3890 1688 3919 purgata,
1700 3885 1729 3912 in
1743 3884 1856 3911 stercore
1870 3881 2008 3910 obruenda
2020 3883 2066 3917 cst,
2081 3888 2109 3909 vt
2121 3882 2252 3918 lentescat,
2267 3883 2298 3910 de
2306 3881 2392 3944 siagice.

2348 3926 2391 3944 em
