2517 4231
27 223 98 269 625
414 213 685 255 ORN
1524 212 1794 254 ORO
2119 225 2191 264 625

66 313 86 335 o
96 313 115 334 R
124 313 147 334 N
155 304 242 334 Y’Tv
249 313 278 339 s,
304 306 348 332 vel
368 310 389 332 ο
399 311 418 331 R
431 311 454 331 N
463 312 473 332 1
485 310 508 332 'r
519 311 540 330 v
550 310 572 331 s.
618 301 769 331 Teuthides
787 311 812 327 eo
832 303 982 329 nomiuatiis.
1022 302 1081 330 Vid.
1140 303 1232 330 deinde
1242 304 1318 328 etiam
1330 303 1357 329 in
1372 303 1461 329 literas
1473 303 1555 328 relata
1565 301 1609 336 est,
1630 302 1671 328 vn·
1681 301 1776 338 exstant
1788 303 1906 331 Donatus
1919 307 1954 332 ad
1966 309 2106 338 Orationes
2120 313 2141 339 C
2145 313 2195 339 ice-

29 343 104 379 virg.
117 343 181 371 Aen.
196 351 226 377 11,
238 345 295 377 677.
313 348 339 368 et
359 341 418 369 Val.
432 341 516 368 Flacc.
530 349 552 374 3,
565 348 613 374 ¹73·
630 346 655 366 et
674 339 734 366 Stat.
747 337 812 365 The
833 359 840 367 .
856 347 889 371 12,
901 346 951 372 207
965 346 989 365 et
1001 347 1050 373 219.
1141 339 1224 366 ronis.
1295 339 1351 366 Cic.
1366 340 1397 366 de
1412 338 1512 366 Sencft.
1530 340 1557 364 16
1573 333 1615 364 ‘Et
1626 343 1714 365 tamen
1726 337 1804 373 ipsius
1820 340 1898 374 Appii
1912 341 1990 369 exstat
2003 347 2100 380 oratio,
2117 354 2195 382 atque

1141 375 1208 401 hanc
1227 373 1272 400 ille
1291 375 1343 407 egit
1363 376 1459 409 septem
1477 381 1502 401 ct
1515 374 1604 401 decem
1618 382 1700 401 annos
1712 374 1768 409 post
1782 375 1893 402 alterum
1908 377 2094 417 Consulatum,
2113 392 2196 417 quum

441 415 471 447 Ο
544 415 573 447 R
642 412 671 444 Ο
1142 410 1213 436 inter
1227 409 1292 434 duos
1308 410 1465 437 Consulatus
1478 410 1540 436 anni
1555 410 1644 436 decem
1658 410 1841 438 interfuissent.
1913 412 1982 439 Ter.
1996 416 2064 448 prol.
2079 419 2159 445 Andr.
2173 427 2197 445 12

1104 448 1118 476 ς
1143 445 1208 473 Non
1228 444 1263 470 ita
1283 444 1398 472 dissimili
1419 448 1476 472 sunt
1495 452 1668 481 argumento,
1694 445 1736 473 sed
1755 455 1843 474 tamen
1862 446 1978 474 dissimili
1998 451 2121 478 oratione
2140 455 2199 480 sunt

68 493 89 515 ο
99 492 146 514 Ro
182 489 236 513 Ξκ-
272 485 387 519 [Momm
408 482 528 518 gamm,
545 482 693 516 παρακαλεῖ]
727 481 761 509 ab
775 482 830 509 Ore
843 483 882 516 fit,
902 483 984 517 inquit
995 483 1083 509 Varro
1142 480 1238 510 factae.
1256 488 1284 506 ac
1298 479 1370 507 stilo:
1409 482 1514 515 Oratio,
1529 483 1622 517 inquit,
1634 481 1662 508 in
1677 482 1749 509 sensu
1761 483 1812 511 est:
1830 483 1908 510 Stilus
1920 483 1949 510 in
1961 483 2062 512 verbis.
2134 490 2199 515 οη-

30 522 63 551 ἃς
77 523 107 550 L,
120 508 185 555 L,'3,
200 531 213 555 7
233 529 299 550 exer,
373 521 412 557 1?st
424 528 504 556 nempe
515 528 555 546 ore
567 518 607 543 im·
619 518 662 543 vel
672 518 709 543 ad
719 518 863 552 dicendum,
881 520 924 545 vel
935 519 1084 554 specialiter
1143 516 1183 543 tio
1200 514 1231 541 ad
1245 524 1286 541 res
1301 515 1430 542 refertur:
1451 518 1530 544 Stilus
1543 518 1574 544 ad
1590 517 1680 545 verba.
1751 519 1830 546 Stilus
1844 528 1898 546 non
1909 519 1946 546 est
1958 520 1986 546 in
2000 525 2135 555 tempore:
2158 523 2200 549 sed

30 559 66 586 ‘d
75 558 209 594 rogandum
223 557 326 592 ,mquid
335 558 454 591 prm-hm,
473 563 497 582 et
509 554 610 581 vidam·
623 552 687 588 sane
700 554 864 580 vehementius
877 554 932 589 ςθὲ,
946 564 1018 588 quam
1031 554 1083 580 Ro-
1143 551 1246 590 prolata
1269 551 1406 590 oratione:
1428 553 1524 591 Oratio
1542 559 1630 580 autem
1650 554 1685 580 cst
1706 560 1731 581 ct
1750 555 1779 581 in
1795 555 1971 590 cogitatione,
1990 562 2017 583 et
2036 556 2065 583 in
2087 558 2201 591 prolatu.

30 602 100 629 gare.
173 594 266 620 Ascon.
279 594 313 619 ad
324 593 386 619 Diu.
401 593 429 619 in
443 592 518 618 Verr.
535 598 545 621 3
562 598 583 615 c·
597 598 603 615 1
632 589 736 624 Rogare
752 595 777 616 et
791 598 884 624 orare,
902 599 934 616 ne
950 590 1011 616 illos
1027 590 1083 623 sup·
1144 588 1302 614 Orationem
1317 594 1344 612 in
1360 587 1494 614 sententiis
1510 588 1601 615 dicunt
1614 590 1674 623 esse,
1695 589 1789 617 Stilum
1803 590 1832 617 in
1846 590 1946 625 verbis,
1964 592 2159 627 Argumentum
2174 593 2203 619 in

49 629 110 656 lices
123 630 286 663 aspernarer,
305 629 353 661 ait,
373 629 475 662 Rogare
487 631 516 652 vt
528 624 676 658 hominem,
696 634 775 652 orare
788 631 816 652 vt
828 626 899 653 deos.
971 626 1003 650 Et
1023 625 1082 651 Vet.
1099 627 1128 645 ¹0
1144 621 1232 663 rebus..
1305 623 1375 656 Ergo
1396 623 1423 648 in
1445 625 1564 657 poemate
1585 626 1674 651 oratio
1690 625 1734 652 cst.
1805 627 1847 653 Sic
1865 629 1964 653 decreta
1979 634 2005 654 et
2022 628 2204 691 cozflitutianes

30 638 118 692 §chop
139 665 270 700 Rogamus
284 664 420 695 homines,
438 669 545 689 oramus
560 660 632 688 deos,
706 661 839 696 Rogamus
853 661 957 691 vei-bis,
977 668 1083 686 oranius
1136 671 1138 673 >
1141 658 1282 694 principum
1296 667 1388 697 quisque
1400 665 1502 684 vocatae
1508 659 1570 692 sunt
1582 661 1713 691 orationes,
1732 668 1761 687 vt
1775 662 1844 690 Suet.
1858 662 1920 690 Tit.
1933 672 1955 690 c.
1969 666 1994 691 6.
2073 664 2133 691 iiius
2146 673 2206 692 ora-

31 701 117 734 vulm‚
134 700 261 733 lacrimis,
274 700 353 735 gestu,
401 697 448 723 Sed
460 707 488 723 ea
500 706 547 722 mm
562 697 744 732 ffpeipetua,
757 697 826 732 satis
838 698 949 731 exempla
961 697 1084 722 docebunt.
1145 694 1246 721 tionem
1262 693 1339 734 legati
1353 693 1461 734 domum
1476 694 1595 734 referunt
1620 695 1692 721 Caes.
1705 697 1857 725 1101101011.
1872 707 1883 725 1
1900 708 1922 726 e.
1936 708 1971 732 35.
2148 698 2169 736 Ἴ
2192 709 2206 726 2

30 736 148 764 Manebit
172 744 254 763 tamen
286 736 328 761 boc
351 741 429 760 orare
452 733 595 768 plerumque
626 734 791 759 vehementius
815 732 963 765 destilerium
989 739 1083 757 notare.
1146 728 1325 770 Sitltstimtfua:⁴
1359 729 1450 756 Aculel
1465 736 1612 762 orationis,
1633 731 1688 758 vid·
1709 739 1786 760 ACV
1799 739 1815 759 L
1829 740 1907 760 EVS-
1980 734 2093 762 Clariis!s
2105 735 2207 763 oratio-

32 772 118 799 Orare
130 778 208 807 atque
220 772 352 799 obsecrare
364 768 480 803 aliquem
510 767 566 796 Cic.
580 769 658 795 Verr.
672 778 694 801 2,
706 777 744 801 42.
852 767 955 800 Rogare
967 772 993 793 et
1007 774 1085 792 orare
1147 773 1188 791 iiis
1215 764 1347 798 Qimtfhl.
1363 774 1384 797 c,
1400 768 1434 792 16.
1543 765 1616 792 Idem
1630 767 1655 800 6,
1670 775 1683 799 3
1711 767 1809 795 Salsum
1820 769 1904 803 igitur
1915 770 1978 804 erit,
1998 770 2071 806 quod
2084 780 2139 797 non
2153 771 2207 798 erit

32 807 149 843 aliquem
175 807 246 835 Idem
259 804 323 832 ibid.
338 813 360 839 2,
374 806 416 837 96.
524 806 609 831 01310
622 810 648 831 ct
664 803 787 831 obtestari
802 803 917 836 aliquem
949 801 1022 828 Idem
1035 809 1086 836 pro
1102 803 1127 830 15
1146 800 1288 832 insulsum,
1307 801 1380 827 velut
1394 799 1526 835 quoddam
1541 801 1650 835 simplex
1670 802 1799 830 orationis
1812 805 2030 834 Condimenturn.
2102 807 2209 842 eorpus

33 843 119 870 Plane.
132 851 184 875 104.
254 842 338 868 Orare
350 846 376 867 et
389 839 493 867 hortari
505 840 620 874 aliquem
647 840 822 872 Cic.QFrat.
831 847 850 870 1,
858 846 876 870 1,
888 839 927 870 36.
1001 837 1084 867 Plaut.
1146 835 1279 876 orationis
1302 836 1435 877 (ζιιὶηξὶίΙ.
1451 844 1473 868 3,
1488 845 1523 876 ιι..
1590 837 1708 864 Diuitiae
1739 839 1796 866 Cic.
1810 840 1882 866 Fam.
1895 851 1918 874 4,
1933 853 1955 874 4.
2028 842 2114 870 Elatio
2129 850 2209 878 atque

33 879 118 907 Casiri.
133 887 155 915 2,
171 885 193 911 ς,
207 887 228 910 ¹3
251 877 327 908 Orat,
347 876 476 910 obsecrat,
494 885 526 903 ne
538 876 657 902 Casinam
670 883 780 902 vxorem
793 874 896 900 ducam.
967 873 1024 900 Cic.
1036 881 1086 908 pro
1147 871 1261 899 altitudo
1274 879 1406 899 orationis
1430 872 1505 899 Idem
1517 881 1545 898 in
1559 872 1633 899 Brut.
1647 874 1687 900 66.
1705 874 1756 901 lae.
1772 875 1855 901 Graue
1867 884 1889 901 et
1900 879 1998 910 grande
2007 887 2086 912 genus
2097 878 2210 905 dicendi·

33 914 127 949 Qiint.
140 923 167 940 10
194 913 273 945 Orat,
291 918 370 946 atque
384 911 517 944 obsecrat,
537 917 566 938 vt
580 912 669 938 inultis
683 909 790 937 iniuriis
805 909 926 935 iatssatam
940 915 1019 945 atque
1033 909 1086 943 agi·
1148 908 1238 935 Genus
1252 908 1383 948 orationis
1395 914 1472 935 atrox
1487 914 1512 935 et
1526 907 1685 942 vehemens,
1703 910 1743 935 cui
1760 911 1891 945 apponitur
1903 912 2031 939 Lenitatis
2052 919 2077 940 et
2094 915 2213 941 mansue-

33 956 111 978 tatam
123 948 295 983 aequitatem,
315 948 344 974 in
363 948 415 975 hoc
434 947 538 974 tandein
559 947 618 974 loco
637 945 774 973 consistere
790 950 816 971 et
836 944 990 972 confirmari
1008 946 1088 980 patia.
1148 944 1250 970 tudinis
1280 944 1338 970 Cic.
1352 944 1384 970 de
1397 945 1473 971 Orat.
1489 953 1512 979 2,
1527 953 1585 970 200.
1658 945 1747 972 Genus
1760 954 1878 981 exangue
1889 953 1914 973 et
1929 948 2032 975 aridum
2064 950 2166 977 Auctor
2179 948 2212 976 ad

32 985 108 1013 mim--
179 983 248 1012 Ter.
263 985 328 1011 Hec·
343 993 365 1016 3,
380 993 401 1020 ς,
416 993 426 1016 3
452 982 533 1017 Qlod
545 989 570 1009 te
585 981 729 1015 Aesculapi,
747 988 774 1007 et
786 987 812 1008 te
825 980 913 1014 Salus,
934 990 967 1007 ne
982 980 1047 1015 quid
1059 981 1088 1008 sit
1103 986 1135 1004 20
1149 980 1287 1021 fieren-¹4,
1302 983 1327 1020 6.
1397 981 1488 1020 Cernis
1502 979 1630 1007 fluctuans
1643 986 1670 1007 et
1681 980 1833 1022 dissolutum
1853 982 1925 1009 Idem
1939 980 2005 1010 ibid.
2020 993 2049 1018 4,
2061 988 2086 1012 6.
2159 985 2212 1012 Ha-

30 1021 125 1052 lmius,
141 1028 200 1048 om·
237 1020 302 1053 mnf·
323 1020 394 1055 Nep,
410 1028 455 1052 20,
469 1027 491 1052 ς,
504 1027 525 1045 2,
598 1017 667 1044 Ter.
680 1015 762 1043 Andr.
776 1026 807 1050 4,
821 1024 847 1051 2,
860 1026 874 1048 4
908 1017 993 1043 01310
1009 1017 1088 1048 instit,
1148 1015 1219 1042 bitus
1234 1016 1322 1042 virilis
1349 1015 1481 1049 Qunehl.
1496 1026 1519 1051 5,
1535 1025 1566 1043 12.
1639 1018 1780 1052 incitatio,
1799 1018 1855 1045 vid.
1877 1024 2033 1047 iNciTo.
2105 1021 2212 1048 Lenitae

29 1055 49 1083 fi
63 1056 86 1082 se
99 1063 183 1088 ames,
202 1054 264 1082 hcra
274 1076 282 1088 ‚
304 1056 355 1082 iam
373 1062 402 1082 vt
413 1055 445 1081 ad
456 1055 508 1081 sese
521 1052 618 1080 venias.
726 1051 784 1079 Cic.
799 1061 849 1086 pro
863 1052 939 1079 Rosc.
954 1053 1043 1079 Ainer.
1057 1061 1087 1086 93
1148 1058 1175 1079 et
1188 1051 1363 1087 aequabilitas
1389 1052 1446 1078 Cic.
1458 1052 1487 1078 in
1502 1053 1578 1080 Orat.
1594 1061 1629 1085 53.
1703 1053 1822 1080 Limatus
1835 1054 1972 1088 oratione,
2009 1055 2138 1091 Locuples
2151 1065 2212 1084 ora-

29 1091 112 1123 Orat,
131 1098 160 1118 vt
174 1100 232 1118 eam
248 1092 355 1118 11061001
368 1089 518 1127 peruigilct.
591 1088 677 1115 Etiam
692 1093 770 1123 atque
784 1087 864 1114 etiam
877 1094 902 1114 te
917 1097 984 1122 oro,
1004 1095 1032 1116 vt
1045 1097 1088 1116 me
1148 1088 1242 1122 tione,
1278 1088 1443 1114 Ornamenta
1458 1088 1601 1122 orationis,
1620 1088 1720 1124 υἱώ,θί
1732 1089 1758 1116 lt.
1831 1090 1948 1117 Ornatus
1962 1091 2092 1118 orationis
2113 1093 2168 1119 Cic.
2180 1093 2214 1120 de

29 1131 116 1157 totum
129 1127 256 1154 tuendum
271 1127 389 1162 suscipias
416 1125 472 1151 Cic.
488 1125 540 1151 Att.
553 1133 583 1154 11,
597 1133 615 1151 1.
688 1124 757 1151 Ter.
772 1123 854 1152 Andr.
869 1133 887 1158 ι,
903 1132 926 1157 5,
938 1134 968 1160 54
1150 1124 1282 1157 Fin.i,10.
1341 1124 1482 1158 Paupertas
1502 1123 1540 1151 Id.
1556 1124 1688 1158 Ρ3111.4,4.
1753 1124 1896 1152 Salubritas
1911 1132 1936 1152 et
1949 1127 2052 1161 sanitas,
2066 1134 2091 1155 et
2103 1128 2215 1161 insania,

138 1162 219 1197 Qiod
239 1172 288 1198 ego
300 1172 346 1197 per
357 1162 423 1189 hanc
437 1168 463 1187 te
476 1159 595 1186 dextram
609 1168 660 1186 oro
677 1165 702 1186 et
714 1159 824 1195 genium
838 1165 931 1193 tuum,
1104 1165 1135 1192 25
1150 1160 1180 1187 it.
1189 1160 1284 1186 Succus
1292 1159 1442 1192 Orationis,
1455 1160 1509 1187 vid.
1522 1160 1617 1187 Succus
1631 1160 1774 1195 orationis,
1788 1164 1815 1187 in
1831 1167 1956 1189 svccvs.
2013 1163 2070 1191 Cic.
2079 1164 2130 1190 Att.
2142 1173 2178 1198 10,
2188 1165 2216 1191 16

140 1200 188 1226 Per
200 1206 271 1225 tuam
285 1198 379 1230 fidem,
396 1205 495 1231 perque
510 1195 588 1222 huius
603 1195 775 1223 solitudinem
1151 1197 1184 1222 At
1198 1196 1244 1222 ille
1257 1204 1387 1230 perpauca
1407 1195 1509 1222 locutus
1521 1196 1657 1223 Summam
1671 1196 1764 1224 habuit
1781 1197 1924 1230 orationis,
1940 1204 1968 1224 vt
1981 1198 2028 1225 sibi
2042 1199 2216 1234 ignoscerem.

139 1235 186 1262 Te
199 1234 325 1267 obtestor,
343 1242 378 1260 ne
390 1232 434 1259 abs
448 1239 473 1259 te
487 1231 553 1258 hanc
565 1232 698 1266 segreges,
718 1241 769 1258 neu
783 1231 893 1259 deseras.
1151 1231 1278 1264 Vestitus,
1297 1231 1352 1258 vid.
1370 1237 1544 1259 VESTITV
1553 1237 1566 1259 S
1575 1253 1583 1265 ‚
1606 1234 1634 1258 in
1649 1238 1744 1260 VEST
1752 1239 1793 1260 is.
1973 1270 1979 1276 .
1990 1232 2012 1272 ff
2035 1244 2047 1267 3
2085 1236 2216 1270 Epithcia:

30 1270 81 1298 Per
93 1279 185 1297 omncs
199 1269 261 1297 deos
274 1276 299 1296 te
313 1278 364 1296 oro
392 1269 459 1295 Hor.
474 1268 561 1295 Carni.
579 1277 597 1301 i,
611 1274 634 1300 8,
648 1276 669 1294 2.
742 1268 823 1295 Plaut.
833 1267 902 1295 Asin.
916 1275 944 1301 4,
958 1276 977 1302 1,
992 1272 1018 1300 38
1039 1267 1089 1295 Tu
1152 1267 1264 1294 Abieeta
1278 1272 1304 1293 et
1316 1266 1427 1293 humilis
1441 1265 1547 1298 orati-0,
1566 1268 1625 1294 Alta
1637 1272 1663 1294 et
1675 1274 1847 1303 exaggerata,
1865 1277 1994 1296 contraria
2027 1271 2084 1298 Cic.
2097 1280 2126 1297 1n
2141 1272 2219 1297 Orat.

32 1306 85 1333 Pro
97 1307 142 1334 illa
154 1315 224 1340 ores,
243 1313 271 1332 vt
283 1304 311 1333 sit
326 1305 467 1340 propitius.
539 1304 589 1330 Pro
603 1304 684 1330 salute
702 1303 814 1331 alicuius
832 1304 949 1338 aliquem
980 1304 1038 1330 Cic.
1055 1304 1089 1331 ad
1152 1306 1206 1330 162.
1278 1302 1419 1338 Acceptior
1434 1302 1523 1338 plebi,
1542 1304 1596 1331 vid.
1618 1309 1640 1329 A
1652 1308 1669 1329 C
1681 1309 1740 1330 CIP
1750 1310 1802 1331 10.
1875 1306 2003 1333 Accurata
2031 1307 2088 1333 Cic.
2101 1306 2133 1333 de
2145 1306 2219 1332 clar.

31 1342 104 1369 Brut.
118 1344 151 1370 16.
243 1341 328 1368 Deum
342 1349 454 1367 orauere
488 1339 570 1366 Ouid.
583 1340 646 1366 Met.
662 1348 696 1373 13,
710 1342 768 1373 646.
862 1341 960 1366 Gentes
974 1349 1052 1367 orare
1065 1345 1091 1366 et
1103 1349 1136 1375 30
1153 1340 1228 1366 Orat.
1247 1341 1299 1371 326.
1374 1339 1477 1366 Ibidem
1498 1348 1537 1371 30.
1612 1340 1643 1365 Et
1662 1338 1694 1367 de
1707 1341 1814 1367 Amicit.
1834 1349 1870 1370 25.
1942 1342 2017 1369 Acris
2037 1349 2062 1369 et
2076 1342 2219 1369 vehemens

31 1377 111 1406 vrbes
134 1377 210 1412 Virg.
224 1378 287 1404 Aen.
301 1380 327 1409 6,
341 1384 384 1410 92.
456 1375 556 1402 Sallust.
571 1375 597 1402 in
611 1375 690 1402 Catil.
707 1385 727 1404 c.
742 1385 774 1407 50
799 1375 931 1411 Cethegus
944 1382 1031 1402 autem
1044 1385 1092 1411 per
1153 1375 1287 1410 Qiineiil.
1301 1383 1325 1408 5,
1341 1383 1373 1407 13.
1446 1373 1628 1407 Admirabilis,
1646 1375 1700 1402 vid.
1711 1376 1792 1411 paullo
1803 1376 1865 1412 post,
1880 1377 1987 1405 Grauis.
2060 1378 2127 1406 Plin.
2140 1378 2220 1413 Epill.

30 1413 142 1440 nuntios
161 1413 291 1440 familiam
310 1419 388 1445 atquc
407 1410 518 1439 libertos
541 1413 600 1438 suos
618 1411 718 1438 eleetos
736 1418 762 1438 et
782 1411 939 1439 exercitatos
956 1412 1050 1439 orabat
1062 1413 1091 1438 in
1153 1421 1173 1445 1,
1187 1421 1219 1438 20
1246 1411 1312 1438 Non
1326 1411 1399 1436 enim
1413 1411 1551 1445 Amputata
1564 1410 1653 1437 oratio
1664 1416 1690 1437 et
1703 1411 1817 1446 abscissa,
1838 1412 1883 1439 sed
1895 1412 1963 1446 lata,
1982 1413 2121 1449 magnifica
2136 1421 2163 1440 et
2177 1421 2222 1440 ex-

31 1448 186 1481 Audachm,
206 1454 234 1475 vt
245 1457 324 1483 grege
337 1447 409 1474 fatS'to
419 1468 426 1480 ‚
447 1457 508 1474 cum
521 1448 581 1474 telis
594 1447 624 1473 ad
637 1448 690 1475 sese
704 1447 895 1482 irrumperent.
1004 1449 1092 1475 Orare
1154 1448 1221 1474 celsa
1234 1452 1317 1479 tonat,
1336 1446 1465 1480 fulgurat,
1484 1446 1576 1472 omnia
1589 1445 1706 1481 denique
1719 1448 1857 1483 perturbat
1868 1457 1897 1475 ac
1911 1450 2011 1477 miscet.
2070 1453 2221 1484 Amputata,

30 1485 148 1519 aliquem
159 1484 262 1520 aliquid
286 1485 357 1511 Suet.
373 1485 449 1519 Vesp.
463 1493 484 1509 c.
499 1485 533 1510 16.
604 1483 674 1511 Ter.
688 1483 770 1510 Andr.
785 1492 808 1517 3,
825 1493 848 1519 2,
862 1493 891 1517 47
917 1484 996 1511 Nunc
1011 1483 1093 1510 Chre·
1153 1484 1197 1508 boc
1209 1481 1241 1517 1ss
1254 1482 1346 1515 breuis,
1366 1481 1518 1518 circumcisa.
1563 1481 1685 1518 Abscifla‚
1703 1493 1797 1512 manca.
1836 1485 1907 1517 Lata,
1924 1485 2024 1521 copiosa.
2067 1485 2221 1520 Magnifica,

30 1529 102 1548 mem
115 1520 286 1549 conueniam:
311 1519 397 1547 orabo
411 1526 492 1555 gnato
506 1527 627 1545 vxorem.
665 1520 688 1545 h.
703 1529 723 1546 e.
752 1520 851 1553 Ornlm,
874 1527 904 1545 vt
917 1520 968 1551 filio
988 1529 1037 1545 meo
1050 1521 1093 1544 det
1109 1525 1139 1552 35
1147 1518 1273 1554 sublimis.
1344 1517 1463 1550 Excelsa,
1491 1516 1555 1543 illud
1572 1518 1671 1544 dicendi
1686 1529 1766 1554 genus
1784 1521 1936 1547 admirabile
1956 1521 2093 1549 continens.
2168 1522 2222 1547 An-

25 1562 134 1592 gnatam
141 1555 214 1591 suam
227 1557 254 1581 i'n
268 1565 378 1584 vxorem.
463 1555 546 1582 Plaut.
562 1554 651 1581 Pseud.
665 1564 688 1590 2,
702 1564 725 1589 2,
739 1557 769 1583 62
795 1555 863 1582 Scin‘
878 1550 944 1589 quid
959 1561 984 1581 te
999 1555 1093 1581 orem?
1153 1554 1226 1589 gusta
1238 1558 1264 1580 et
1277 1554 1391 1587 concisa,
1411 1553 1533 1580 collatata
1547 1559 1573 1580 et
1584 1553 1676 1581 diffusa
1689 1555 1780 1582 oratio
1799 1555 1855 1583 Cic.
1870 1555 1899 1581 in
1913 1557 1989 1583 Orat.
2000 1563 2051 1592 187.
2124 1557 2222 1590 Anxia,

32 1592 119 1620 Orare
131 1591 233 1627 aliquid
247 1591 280 1619 ab
293 1591 395 1626 aliquo,
415 1590 448 1626 est
461 1593 547 1617 Patere
572 1591 644 1617 Idem
659 1591 754 1626 Amph.
768 1591 836 1625 prol.
850 1593 893 1624 64.
965 1593 996 1617 Et
1010 1591 1094 1617 Trin.
1154 1590 1209 1617 vid.
1235 1596 1258 1616 Α
1270 1597 1291 1616 Ν
1302 1596 1321 1616 x
1330 1597 1339 1615 1
1349 1597 1371 1616 v
1380 1596 1402 1615 s.
1476 1590 1618 1624 Apparata,
1636 1591 1690 1617 vid.
1713 1597 1734 1617 Α
1744 1598 1759 1617 Ρ
1771 1597 1786 1618 Ρ
1797 1597 1819 1617 Α
1828 1598 1846 1617 R
1859 1597 1891 1618 0.
1965 1592 2079 1628 Aspera,
2099 1591 2223 1625 horrida,

32 1637 57 1663 ς,
68 1637 91 1663 2,
103 1637 129 1660 37
154 1628 196 1654 Ius
210 1626 253 1654 hic
266 1633 334 1655 orat.
407 1628 489 1654 Plaut.
503 1627 575 1653 Men.
591 1636 612 1657 5,
626 1636 651 1659 9,
665 1630 695 1656 86
721 1627 871 1661 Optumum
884 1633 963 1661 atque
976 1626 1093 1661 aequisli-
1155 1625 1250 1657 tristis,
1271 1634 1357 1659 neque
1376 1625 1512 1660 perfee‘m,
1533 1635 1618 1660 neque
1639 1627 1760 1653 conclusa
1791 1627 1849 1654 Cic.
1867 1627 1896 1653 in
1911 1628 1989 1655 Orat.
2009 1638 2050 1655 20.
2124 1629 2223 1663 Aspera

32 1672 107 1691 mum
122 1669 180 1690 orat
193 1663 285 1690 frater.
358 1664 390 1689 Et
409 1664 477 1690 Pers.
493 1671 542 1697 3,i‚
552 1670 580 1697 71
600 1663 705 1689 Bonum
718 1671 886 1698 aequumque
898 1671 968 1695 oras,
984 1663 1093 1696 sequere
1155 1661 1259 1694 oratio,
1283 1663 1410 1687 Vehemens
1439 1661 1549 1688 Curtius
1563 1664 1589 1695 6,
1600 1670 1627 1694 9,
1642 1667 1681 1691 28.
1754 1662 1898 1689 Astrie'tior
1914 1664 2133 1699 contrafflorque
2154 1664 2222 1690 Stoi-

33 1699 92 1727 hac.
163 1698 235 1726 Tei-j
246 1700 342 1726 Heaut.
357 1707 384 1733 2,
397 1707 427 1732 3,
442 1708 479 1730 ¹25
511 1699 581 1725 Nam
595 1698 689 1724 misere
709 1698 839 1731 quendam
855 1698 954 1725 offendi
969 1698 1093 1729 militem,
1106 1705 1144 1730 40
1156 1705 1251 1723 corum
1276 1696 1331 1723 Cic.
1347 1697 1376 1722 in
1391 1697 1464 1722 Brut.
1482 1706 1532 1722 120.
1606 1698 1731 1730 Caecata,
1774 1697 1918 1731 Capitalis,
1960 1699 2057 1730 Certa,
2100 1700 2225 1725 Circum-

32 1736 90 1762 eius
104 1733 211 1761 00610111
224 1741 353 1762 orantem.
450 1735 545 1761 Finem
565 1741 643 1759 orare
656 1732 790 1759 malorum
824 1734 905 1759 Ouid.
920 1735 985 1760 Met.
1000 1741 1025 1766 1,
1041 1740 1093 1767 723.
1155 1733 1255 1765 fluens,
1292 1732 1487 1767 Circumcisae,
1508 1733 1562 1758 vid.
1568 1732 1605 1767 ffi
1618 1731 1643 1760 ll.
1715 1732 1893 1765 Circumlata,
1912 1734 1969 1760 vid.
1985 1734 2068 1768 paullo
2086 1735 2152 1770 pust,
2173 1734 2225 1760 De-

4 1772 5 1796 ]
33 1771 146 1798 Hiemes
158 1779 236 1797 orare
248 1772 350 1798 serenas
378 1769 452 1804 Virg.
465 1770 563 1802 Georg.
578 1777 598 1800 1,
613 1777 667 1794 100.
742 1768 829 1801 Opem
857 1769 937 1795 Ouid.
947 1769 1010 1795 Met.
1024 1777 1043 1801 1,
1051 1770 1093 1798 68.
1155 1767 1242 1795 (111613,
1315 1767 1472 1796 Cohaerens
1507 1767 1562 1794 Cic.
1577 1766 1608 1793 de
1622 1768 1696 1794 Orat.
1710 1777 1731 1800 3,
1746 1776 1798 1801 170.
1871 1769 2000 1795 Colorata
2020 1770 2132 1804 quadam
2148 1769 2225 1796 vrba-

33 1807 126 1834 Pacem
139 1813 218 1832 manu
243 1806 391 1840 Virg.Aen.
405 1813 442 1834 10,
455 1810 497 1833 80.
570 1803 684 1831 Veniam
699 1802 812 1838 dapibus
838 1803 919 1830 Ouid.
934 1804 998 1830 Met.
1007 1809 1030 1838 8,
1040 1806 1094 1835 683.
1156 1803 1255 1836 nitate,
1297 1803 1429 1829 Collatata
1443 1802 1547 1835 oratio,
1568 1803 1622 1829 vid.
1637 1803 1677 1829 hb.
1691 1812 1737 1830 vv.
1808 1804 1905 1831 Comta
1918 1810 1943 1830 et
1959 1805 2032 1832 mitis
2065 1806 2122 1832 Cic.
2137 1805 2169 1832 de
2182 1806 2225 1833 Se.

4 1862 6 1868 .
32 1842 145 1868 Veniam
159 1841 225 1868 hanc
238 1848 382 1867 extremam
395 1847 446 1865 oro
472 1838 547 1872 Virg.
563 1840 626 1866 Aen.
642 1847 670 1871 4,
686 1847 741 1871 435.
815 1839 904 1865 Vitam
939 1840 1012 1866 Idem
1027 1839 1093 1866 ibid.
1155 1839 1225 1866 11061.
1240 1845 1277 1868 28.
1350 1838 1505 1870 Continuis,
1525 1838 1667 1873 distin&a‚
1686 1845 1795 1871 ornata,
1814 1839 1923 1873 festina,
1947 1841 2000 1868 sine
2020 1841 2226 1874 intermistione,

5 1895 7 1916 Ι
31 1883 63 1910 8,
80 1884 138 1911 577.
245 1876 331 1902 Orare
350 1881 451 1908 tecum,
472 1882 593 1906 mecum,
609 1874 773 1909 Archaismus
787 1874 877 1910 estpro
892 1877 975 1901 Orare
989 1884 1029 1909 te,
1049 1885 1094 1902 me.
1106 1883 1142 1910 45
1155 1875 1208 1902 sine
1226 1874 1447 1909 reprehensione,
1469 1873 1522 1900 sine
1543 1875 1672 1901 varietate
1704 1874 1778 1902 Idem
1791 1875 1823 1902 de
1835 1877 1909 1903 Orat.
1925 1886 1945 1909 3,
1959 1883 2001 1910 98.
2110 1877 2226 1904 Concisa

4 1923 7 1947 i
29 1912 113 1941 Plaut.
125 1912 154 1938 in
172 1911 241 1938 Pers.
256 1920 275 1943 i,
289 1920 311 1943 3,
325 1919 352 1943 37
385 1910 490 1943 Qiaeso
511 1910 631 1936 animum
650 1910 779 1944 aduerte,
798 1910 849 1937 hoc
868 1911 941 1938 enim
960 1911 1013 1938 iam
1033 1911 1093 1938 heri
1154 1911 1287 1945 Qiiiiffil.
1301 1921 1326 1942 2,
1339 1920 1383 1938 20.
1452 1910 1590 1938 Concitata
1616 1909 1690 1938 Idem
1704 1921 1726 1944 3,
1741 1917 1763 1941 8.
1836 1912 1975 1946 Conclusa,
1994 1913 2050 1941 vid.
2060 1911 2143 1949 paullo
2159 1912 2225 1949 post,

5 1949 7 1987 1
31 1947 139 1976 narraui
159 1945 226 1974 tibi:
245 1952 386 1980 tecumque
406 1945 501 1978 oraui,
520 1952 549 1973 vt
566 1955 662 1973 numos
682 1947 817 1973 sexcentos
837 1947 907 1973 mihi
927 1947 1001 1975 dares
1021 1954 1094 1975 vten-
1154 1947 1243 1975 Lenis.
1317 1945 1450 1980 Condita,
1470 1947 1524 1973 vid.
1537 1946 1618 1982 paullo
1629 1947 1697 1983 ῥιψὶ,
1717 1947 1822 1974 Grauis.
1893 1949 2055 1982 Consumm,
2107 1950 2225 1976 Conten-

1 1989 7 2015 .]
30 1985 78 2012 dos
92 1989 208 2010 mutuos.
279 1982 351 2010 Idem
364 1981 394 2008 in
408 1981 487 2008 Cure.
500 1990 521 2014 3,
534 1991 555 2014 3,
568 1983 597 2008 62
621 1982 731 2009 Tecum
744 1991 805 2015 oro,
824 1989 850 2009 et
861 1984 967 2018 quaeso,
987 1984 1034 2018 qui
1047 1983 1093 2009 has
1154 1984 1220 2011 tiosa
1230 2004 1239 2017 ‚
1283 1983 1432 2010 Continenf.
1441 2003 1448 2015 ,
1469 1983 1525 2008 vid.
1538 1983 1578 2008 hh.
1591 1992 1635 2011 vv,
1707 1984 1839 2009 Contorta
1851 1989 1878 2010 et
1890 1984 1957 2010 acris
1983 1985 2038 2011 Cic.
2049 1986 2078 2010 in
2093 1985 2169 2011 Orat.
2184 1987 2225 2015 65.

29 2019 137 2048 tabellas
150 2017 242 2046 afferet
254 2017 316 2051 tibi,
335 2023 363 2044 vt
376 2017 401 2044 ei
414 2017 492 2044 detur
506 2026 585 2052 quam
599 2017 657 2044 istic
669 2018 723 2044 emi
736 2019 881 2052 virginem.
952 2020 1021 2045 Ter.
1029 2020 1094 2045 Hec.
1155 2018 1358 2045 Contumeliosa
1378 2018 1450 2044 Idem
1466 2027 1514 2050 pro
1531 2018 1616 2043 Plane.
1630 2020 1657 2044 6.
1731 2018 1845 2052 Copiosa
1859 2025 1885 2045 et
1897 2019 2012 2053 elegans,
2032 2021 2088 2047 vid.
2106 2026 2224 2047 eorm.

29 2065 60 2092 4,
71 2065 101 2090 4,
116 2056 151 2088 64
174 2054 234 2088 Egi,
250 2060 329 2089 atque
342 2054 420 2080 oraui
434 2059 537 2085 tecum,
554 2062 666 2079 vxorern
679 2060 708 2079 vt
723 2053 840 2080 duceres.
899 2053 1092 2088 anuisfint,
1108 2062 1141 2088 50
1157 2053 1336 2086 Copiosislima
1348 2059 1373 2077 et
1387 2052 1548 2078 ornatislinia
1576 2052 1632 2079 Cic.
1646 2060 1696 2086 pro
1710 2052 1774 2079 Sull.
1794 2062 1827 2079 12.
1900 2054 2052 2090 Corruptae
2071 2061 2097 2082 et
2110 2055 2224 2083 vitiosae

29 2092 75 2128 qui
86 2093 149 2118 hunc
162 2090 237 2116 locum
257 2091 335 2115 aliter
353 2091 450 2123 legant.
523 2088 581 2114 Cic.
595 2089 647 2114 Att.
661 2097 685 2120 9,
700 2096 724 2119 ¹3
756 2087 942 2120 Quamobrem
955 2096 969 2113 a
984 2095 1008 2114 te
1021 2094 1094 2127 peto,
1157 2087 1288 2121 Quinctil.
1303 2096 1329 2127 2,
1341 2096 1362 2117 5-
1419 2122 1424 2127 ι
1437 2087 1504 2126 plin·
1520 2086 1597 2127 Epist·
1615 2097 1633 2127 '.’
1647 2096 1685 2128 20-
1712 2088 1738 2114 Si
1754 2095 1842 2115 tamen
1855 2088 1934 2117 detur
1945 2090 2060 2124 8166110,
2077 2091 2151 2118 illam
2165 2100 2225 2118 0ΐᾶ-

32 2127 75 2154 vel
94 2125 184 2161 potius
204 2130 230 2150 et
244 2123 371 2151 omnibus
390 2122 514 2157 precibus
536 2131 587 2149 oro
605 2129 631 2149 et
649 2122 784 2156 obtestor,
803 2129 833 2149 vt
853 2123 881 2149 in
899 2122 952 2149 tuis
972 2132 1095 2149 maximis
1157 2124 1259 2150 tionem
1274 2122 1385 2149 similem
1399 2122 1507 2149 niuibus
1521 2121 1659 2155 hiberum,
1677 2122 1705 2149 1d
1718 2123 1762 2151 .est
1773 2124 1918 2159 Crebrain,
1938 2125 2060 2154 affiduam
2074 2133 2101 2154 et
2114 2127 2225 2162 largam,

33 2171 106 2190 cur1s
118 2159 222 2194 aliquid
236 2158 373 2194 impertias
385 2158 514 2193 temporis
534 2157 597 2184 huic
617 2167 725 2192 quoque
743 2157 910 2193 cogitationi.
1003 2158 1097 2186 Multis
1157 2159 1291 2194 postremo
1304 2158 1425 2185 diuinam
1439 2165 1465 2185 et
1480 2158 1616 2185 caelestem
1629 2158 1702 2188 volo.
1773 2160 1937 2195 Criminosa‚
1957 2163 2012 2190 vid.
2023 2163 2070 2197 sub
2084 2169 2225 2192 CRIMEN.

0 2203 9 2219 ii
32 2204 60 2226 et
73 2194 232 2232 supplicibus
245 2194 334 2222 verbis
353 2203 432 2220 orare
449 2199 479 2220 vt
499 2194 576 2221 liceat
604 2194 660 2222 Cic.
676 2196 728 2220 Att.
743 2203 783 2228 12,
799 2203 823 2227 31
845 2198 918 2227 (32).
1015 2194 1097 2221 Gessu
1157 2196 1281 2230 cygnea,
1303 2195 1358 2221 vid.
1379 2200 1526 2221 CYGNVS.
1598 2194 1717 2221 Deducta
1731 2200 1810 2229 atque
1823 2196 1977 2225 circumlata
2010 2198 2144 2232 Quinetil.
2159 2209 2189 2236 4,
2205 2209 2224 2227 1.

32 2233 112 2262 oraui
126 2232 218 2265 fugam
247 2229 328 2257 Ouid.
341 2230 405 2257 Met.
420 2239 458 2262 14,
473 2238 522 2261 219.
558 2230 576 2258 i,
597 2229 668 2264 Gistu
685 2230 789 2264 rogaui,
806 2237 836 2255 vt
850 2239 887 2255 me
898 2231 1031 2262 ittam-ent,
1050 2238 1097 2264 quo
1117 2240 1146 2267 55
1157 2230 1262 2257 Diserta
1287 2230 1344 2257 Cic.
1358 2230 1390 2257 de
1403 2231 1478 2257 Orat.
1494 2240 1513 2262 1,
1525 2239 1571 2261 231.
1665 2230 1803 2265 Diffipata,
1823 2232 1924 2259 inculta
1938 2240 1964 2261 et
1978 2234 2060 2261 fluens
2075 2235 2180 2268 oratio,
2198 2240 2226 2262 et

33 2271 93 2297 hinc
102 2266 186 2304 poffim
197 2266 326 2301 aufiaegere.
401 2265 487 2291 Orant
501 2263 648 2300 admittier,
669 2267 761 2295 Orant,
781 2272 812 2290 vt
824 2265 995 2291 admittantur
1020 2266 1098 2298 Virg.
1158 2275 1225 2301 quae
1240 2266 1316 2300 plane
1331 2275 1344 2292 e
1360 2266 1478 2292 numeris
1491 2274 1545 2291 non
1559 2264 1658 2292 constat
1684 2265 1759 2292 Idem
1773 2267 1802 2293 in
1816 2268 1891 2295 Orat.
1905 2278 1960 2296 220.
2035 2270 2180 2304 Dissoluta,
2198 2278 2226 2298 et

34 2305 100 2333 Aen.
114 2313 140 2339 9,
153 2311 199 2335 23¹·
272 2301 339 2327 Orat
351 2300 470 2334 ignoscas
491 2299 573 2327 Plaut.
582 2300 678 2335 Amph.
693 2310 711 2334 i,
725 2310 743 2335 1,
758 2309 806 2327 101.
877 2300 977 2327 Modus
991 2300 1098 2334 orandi,
1157 2310 1189 2328 ex
1204 2301 1314 2328 diuersis
1328 2301 1449 2336 congesta
1480 2300 1614 2334 Qiineul.
1629 2310 1654 2333 2,
1669 2311 1698 2328 11.
1788 2303 1917 2332 Distin&a
1943 2305 2000 2333 Cic.
2015 2305 2048 2333 de
2061 2306 2136 2334 Orat.
2151 2317 2171 2339 3,
2184 2313 2226 2341 98.

34 2340 82 2377 qui
93 2339 133 2373 sit,
152 2339 226 2374 prius
238 2335 335 2363 ordine
347 2335 434 2362 dicam
460 2335 537 2371 Virg.
551 2336 650 2370 Georg.
664 2347 689 2370 4,
702 2345 753 2370 537.
846 2336 967 2363 Fieetere
978 2337 1096 2371 aliquem
1158 2337 1249 2363 Dulcis
1283 2337 1356 2363 Idem
1371 2337 1403 2363 de
1418 2337 1520 2364 Sene&
1535 2346 1554 2368 3-
1626 2337 1735 2372 Elegane
1766 2339 1840 2366 Idem
1854 2338 1886 2367 de
1899 2340 1988 2368 Finib.
2003 2352 2021 2375 i,
2039 2352 2075 2369 io.
2143 2343 2228 2378 Exag-

34 2375 138 2407 (πει-1110
169 2373 244 2400 Idem
255 2370 321 2399 ibid.
333 2381 357 2404 4,
368 2380 427 2405 399.
628 2370 649 2410 ff
676 2381 689 2398 2
736 2373 814 2409 Qud
823 2371 904 2407 supra
923 2373 1096 2405 iudicauimus,
1156 2380 1244 2407 gerata
1257 2373 1335 2400 altius
1359 2373 1415 2400 Cic.
1432 2373 1460 2400 in
1475 2373 1548 2400 Brut.
1563 2374 1606 2399 66.
1643 2374 1667 2400 b.
1682 2383 1702 2400 e.
1723 2374 1804 2400 Graui
1811 2385 1903 2411 genere
1916 2378 2028 2409 dicendi,
2049 2385 2073 2404 et
2083 2379 2226 2412 grandibus

37 2411 112 2438 etiam
129 2409 232 2442 Orare,
243 2408 370 2444 fignificat
382 2411 468 2443 Agere
485 2414 508 2434 et
520 2408 609 2434 dicere.
700 2407 770 2434 Ter.
787 2407 895 2434 Phorm.
909 2417 932 2443 2,
947 2416 968 2441 1,
980 2410 1011 2434 62
1040 2408 1097 2434 Sei·-
1113 2412 1149 2437 60
1157 2409 1240 2434 verbis
1251 2409 1370 2441 confecia.
1482 2408 1526 2435 Ne
1538 2408 1631 2442 Exilis,
1652 2418 1685 2435 ne
1699 2409 1807 2446 inculta,
1823 2421 1856 2438 ne
1870 2412 1997 2447 vulgaris,
2017 2422 2050 2440 ne
2064 2413 2181 2442 obsoleta
2195 2414 2226 2442 [it

12 2449 14 2477 ξ
39 2454 105 2473 vum
117 2444 253 2471 hominem
265 2444 364 2470 causam
378 2452 457 2470 orare
469 2443 538 2479 leges
552 2452 607 2470 non
620 2443 715 2470 sinunt.
807 2444 865 2470 Cic.
887 2443 919 2470 de
934 2444 1004 2470 Clar.
1020 2444 1096 2471 Orat.
1156 2444 1245 2471 oratio
1275 2444 1333 2471 Cic.
1346 2444 1378 2470 de
1392 2445 1467 2472 Orat.
1480 2453 1502 2476 3,
1518 2453 1557 2476 30.
1629 2444 1717 2472 Exiles
1732 2448 1876 2481 orationes,
1897 2449 1969 2482 Serg.
1984 2448 2092 2483 Galbae,
2109 2456 2135 2477 et
2148 2450 2226 2478 redo-

40 2488 78 2516 47
95 2489 117 2508 c.
132 2490 154 2508 12
185 2481 248 2513 Qio
261 2479 394 2506 neminem
406 2488 522 2514 vnquam
543 2479 639 2506 melius
652 2479 735 2506 vllam
749 2480 862 2507 orauisse
876 2480 970 2514 capitis
984 2480 1097 2513 causam,
1156 2479 1238 2507 lentes
1253 2480 1440 2515 antiquitatem
1471 2479 1546 2508 Idem
1566 2479 1599 2507 de
1612 2481 1682 2508 Clar.
1697 2482 1772 2509 Orat.
1793 2489 1829 2512 82.
1904 2484 2031 2519 Expedim
2050 2492 2077 2512 et
2096 2486 2225 2521 perfacile

40 2525 122 2551 quum
133 2516 221 2550 seipse
233 2515 402 2546 defenderet,
422 2516 447 2542 se
467 2515 591 2542 audiente
606 2516 722 2551 locuples
735 2516 830 2543 audior
842 2516 942 2550 scripsit
955 2515 1098 2548 Thucydi·
1158 2525 1266 2542 currens
1296 2517 1353 2544 Cic.
1367 2516 1395 2542 in
1409 2517 1484 2543 Brut.
1498 2525 1549 2550 ²²7·
1624 2517 1817 2552 Extemporalis
1848 2519 1983 2553 Qiinetil.
1996 2530 2025 2554 4,
2039 2529 2059 2549 1.
2133 2522 2227 2549 Faceta

39 2553 93 2580 des.
169 2552 262 2578 Causas
275 2559 352 2578 orare
377 2551 454 2586 Virg.
468 2552 533 2579 Aen.
546 2553 572 2585 6,
585 2557 640 2586 849.
732 2552 824 2579 Artem
838 2552 933 2579 orandi
946 2551 1032 2578 literis
1048 2557 1098 2578 tra·
1158 2552 1215 2578 Cic.
1229 2551 1260 2578 de
1273 2552 1346 2580 Clar.
1364 2553 1439 2580 Orat.
1452 2561 1503 2583 27²-
1576 2551 1654 2579 Faeia
1667 2553 1767 2588 oratio,
1785 2562 1830 2590 pro
1844 2556 1995 2582 Elaborata:
2033 2557 2090 2585 Cic.
2103 2556 2135 2584 de
2150 2559 2228 2588 Orat.

38 2587 101 2615 dere
129 2587 260 2621 Qinetii.
281 2595 403 2622 prooem.
423 2597 449 2623 1,
468 2596 498 2621 4.
607 2588 676 2614 Vera
694 2587 784 2622 imago
803 2587 901 2614 orandi
933 2587 1007 2614 Ideni
1024 2595 1096 2621 3,1z.
1109 2592 1142 2625 65
1158 2597 1179 2620 3,
1194 2593 1231 2620 183
1257 2589 1382 2622 Namque
1395 2597 1445 2624 ego
1458 2587 1523 2615 illud
1538 2588 1663 2616 assentior
1675 2589 1882 2626 Theophrasto,
1902 2592 1949 2627 qui
1969 2599 2042 2627 putat
2062 2594 2227 2627 orationem,

15 2629 17 2651 ἓ
36 2623 148 2652 Scientia
161 2623 256 2650 orandi
280 2623 354 2650 Idem
369 2633 387 2656 1,
403 2633 439 2657 10,
453 2632 476 2651 2.
550 2623 629 2650 Vires
643 2623 741 2649 orandi
769 2623 902 2657 Qiineiil.
917 2631 943 2656 2,
957 2625 994 2650 16.
1031 2623 1097 2658 confi
1159 2632 1226 2658 quae
1245 2624 1354 2657 quidem
1375 2624 1405 2651 sit
1422 2624 1520 2659 polita,
1540 2630 1618 2659 atque
1640 2625 1711 2652 fa&a
1729 2627 1944 2662 quodammodo,
1965 2638 2019 2656 non
2038 2629 2160 2664 astricte,
2181 2629 2226 2657 sed

36 2659 104 2688 fen.
139 2660 170 2686 it.
189 2659 262 2687 Non.
276 2670 305 2692 4,
318 2669 369 2692 342.
806 2679 807 2682 .
1158 2660 1287 2687 remissius
1307 2661 1475 2687 numerosam
1493 2660 1542 2687 else
1562 2667 1697 2696 oportere.
1772 2664 1803 2689 Et
1823 2672 1850 2697 1,
1868 2666 1896 2696 63
1926 2664 1997 2692 Illud
2011 2665 2116 2697 vei-iiis.
2138 2674 2227 2700 neque

71 2701 220 2729 oRANs,
251 2695 328 2722 antis.
365 2695 460 2722 Partic.
497 2692 658 2728 [e’vxiiutvoe]
695 2694 765 2722 Ter.
787 2695 854 2722 Eun.
876 2704 897 2727 ς,
917 2704 940 2729 ς,
957 2705 981 2728 14
1012 2695 1098 2730 Atque
1158 2694 1320 2731 quemquam
1334 2696 1363 2723 in
1376 2705 1409 2723 eo
1424 2696 1551 2723 disertum
1572 2697 1621 2724 esse
1638 2698 1709 2732 posse
1726 2698 1799 2733 quod
1817 2700 1927 2726 nesciat:
1947 2709 2032 2735 neque
2047 2700 2064 2728 fi
2082 2700 2110 2727 id
2123 2703 2227 2736 optime

0 2761 2 2765 ,
35 2730 159 2766 equidem
171 2737 278 2766 orante,
296 2737 325 2758 vt
339 2740 371 2757 ne
384 2731 410 2758 id
423 2731 539 2764 faceret,
557 2730 675 2759 Thaide.
767 2731 842 2759 Idem
856 2730 968 2766 Adelph.
984 2740 1011 2766 3,
1023 2743 1053 2765 4,
1066 2733 1098 2758 26
1159 2733 1239 2763 sciat,
1256 2732 1419 2768 ignarusque
1432 2732 1461 2759 sit
1476 2732 1614 2760 faciundae
1627 2742 1656 2760 ac
1667 2734 1807 2769 poliendae
1821 2736 1969 2769 orationis,
1989 2736 2084 2763 diserte
2098 2736 2125 2764 id
2139 2738 2227 2772 ipsum

0 2788 1 2791 .
36 2767 120 2794 Venit
131 2767 201 2802 ipsus
212 2767 284 2796 vltrQ
295 2767 451 2800 lacrumans,
472 2776 561 2799 orans,
579 2767 726 2794 obsecrans.
800 2766 875 2795 Idem
890 2768 986 2794 Heaut.
996 2777 1018 2800 2,
1026 2775 1048 2800 3,
1058 2776 1098 2799 124
1111 2779 1147 2807 70
1159 2769 1245 2803 posse,
1265 2768 1297 2795 de
1311 2777 1366 2804 quo
1381 2768 1461 2801 sciat,
1479 2768 1577 2797 dicere.
1682 2771 1840 2798 Orationem
1853 2772 1940 2798 facere
1952 2773 2070 2806 dicimur,
2091 2783 2139 2799 non
2152 2783 2227 2808 quum

37 2802 146 2831 Offendi
158 2802 197 2829 ibi
211 2803 324 2830 militem
338 2803 396 2830 eius
408 2803 516 2830 no&em
535 2810 666 2830 orantem.
739 2803 800 2830 Liu.
811 2812 852 2837 21,
868 2805 883 2830 6
914 2803 1006 2838 Legati
1022 2802 1098 2836 miffi,
1159 2805 1280 2838 habemus,
1297 2803 1345 2839 sed
1354 2813 1426 2839 quum
1440 2805 1512 2830 rebus
1523 2812 1547 2830 et
1559 2805 1643 2831 verbis
1654 2807 1793 2836 :andimus
1816 2807 1943 2842 Expolire
1957 2815 2047 2841 autem,
2067 2818 2143 2843 quum
2155 2810 2227 2836 lima.

35 2839 167 2871 auxilium
180 2838 211 2866 ad
225 2839 323 2866 bellum
337 2840 391 2866 iam
407 2839 477 2866 haud
491 2838 573 2866 dubie
586 2839 729 2866 imminens
748 2846 865 2867 orantes.
941 2840 1017 2875 Virg.
1033 2840 1099 2866 Aen.
1158 2850 1219 2874 mus,
1235 2846 1260 2866 et
1272 2841 1404 2876 elegantiis
1416 2841 1561 2867 elocutionis
1575 2850 1696 2868 ornamus.
1769 2842 1826 2869 Cic.
1841 2844 1873 2870 de
1886 2844 1957 2871 Clar.
1974 2844 2049 2871 Orat.
2061 2853 2093 2877 30
2121 2842 2180 2878 Sed,
2196 2850 2227 2872 vt

1 2879 7 2908 ῐ
35 2883 58 2908 1,
69 2884 108 2907 523
131 2875 242 2901 Orantes
257 2878 372 2903 veniam.
444 2875 529 2902 Multa
542 2875 605 2902 deos
618 2883 696 2903 orans
723 2875 798 2902 Idem
811 2874 880 2903 ibid.
894 2884 920 2909 9,
933 2885 969 2907 2-1-
1025 2876 1099 2902 Mur·
1160 2876 1327 2904 intellee'tum
1348 2876 1385 2902 est
1405 2882 1530 2911 quantam
1549 2876 1606 2903 vim
1625 2876 1734 2904 haberet
1753 2886 1871 2906 accurata
1891 2885 1917 2906 et
1938 2880 2008 2907 facia
2026 2879 2226 2915 quodammodo

2 2915 8 2940 ¹.
36 2919 114 2938 mure
126 2910 224 2946 pauido
236 2918 343 2938 orantes
371 2911 464 2938 Claud.
478 2911 557 2938 Cons.
572 2911 644 2938 Hori.
658 2921 688 2944 4,
705 2914 762 2943 446.
871 2912 997 2938 Annuere
1010 2910 1100 2938 oranti
1160 2914 1265 2943 oratio,
1289 2918 1345 2939 tum
1360 2912 1442 2939 etiam
1455 2912 1573 2947 magistri
1588 2912 1694 2939 dicendi
1707 2914 1785 2941 multi
1800 2914 1888 2942 subito
1900 2916 2066 2943 exstiterunt.
2141 2917 2226 2943 Fauo-

2 2951 10 2973 (·
37 2946 112 2981 Virg.
125 2949 189 2973 Aen.
204 2956 240 2981 ii,
253 2954 316 2982 797.
388 2947 475 2973 Dictis
489 2946 585 2974 talibus
598 2953 720 2974 orantem
731 2947 817 2974 audiit
830 2948 1000 2982 omnipotens
1025 2947 1100 2975 Idem
1116 2951 1147 2980 73
1161 2949 1253 2975 rabilis
1281 2948 1374 2975 Tacit.
1390 2949 1457 2975 Anii.
1473 2956 1508 2981 12,
1521 2950 1546 2975 6.
1655 2949 1817 2984 Feruidior,
1834 2953 1887 2979 vid.
1901 2951 1983 2988 paullo
1995 2951 2059 2988 post,
2080 2952 2226 2979 Volubilis.

0 2970 11 3014 i
37 2981 104 3010 ibid.
118 2993 142 3015 4,
157 2991 209 3015 219.
290 2984 373 3009 Aures
387 2983 475 3010 surdas
489 2982 616 3018 praebere
629 2983 717 3010 oranti
751 2983 833 3012 Ouid.
846 2993 880 3011 ex
894 2985 969 3012 Pont.
982 2992 1007 3018 2,
1022 2992 1048 3018 9,
1062 2992 1099 3015 25.
1160 2985 1262 3011 Fefliua
1284 2985 1341 3011 Cic.
1350 2984 1382 3011 de
1394 2985 1470 3011 Orat.
1478 2993 1499 3017 3,
1507 2991 1548 3016 98.
1619 2984 1703 3016 Fie'ta,
1723 2986 1777 3013 vid.
1789 2987 1869 3020 paullo
1879 2987 1938 3023 pass,
1957 2988 2079 3016 Induere.
2152 2988 2226 3014 Flex-

3 3015 9 3055 }
35 3017 147 3046 Brachia
159 3019 264 3046 orantia
279 3018 388 3045 tendere
418 3018 492 3047 Idem
507 3018 571 3046 ibid.
585 3028 607 3051 2,
621 3028 646 3052 9,
659 3022 697 3050 65.
1159 3021 1247 3047 anima
1260 3026 1337 3055 atque
1353 3020 1477 3047 omnium
1489 3020 1581 3054 regina
1594 3028 1685 3047 rerum
1706 3021 1763 3048 Cic.
1778 3023 1810 3049 de
1822 3024 1898 3051 Orat.
1906 3033 1928 3057 2,
1942 3029 1980 3056 187
1994 3033 2060 3055 044.
2128 3023 2225 3050 Flucns

0 3058 6 3065 ²
75 3060 122 3082 OR
133 3060 248 3084 ANDV
259 3061 290 3088 s,
315 3063 346 3088 a,
369 3063 426 3082 um.
461 3055 556 3082 Partic.
593 3055 722 3091 [δεητέος]
759 3055 881 3084 Numina
893 3055 993 3084 oranda
1020 3055 1098 3090 Virg.
1160 3056 1234 3084 Idem
1256 3056 1285 3082 in
1298 3056 1372 3082 Orat.
1388 3059 1426 3089 65.
1517 3055 1606 3082 Fortis
1627 3056 1716 3084 oratio
1735 3067 1790 3084 non
1808 3059 1908 3094 semper
1921 3060 2072 3094 quaeritur,
2092 3059 2134 3085 sed
2149 3059 2226 3093 saepe

39 3090 105 3117 Aen.
119 3100 141 3123 2,
154 3099 203 3122 232.
1160 3092 1271 3128 placida,
1291 3092 1423 3124 siibmil‘la,
1442 3091 1519 3122 lenis,
1539 3100 1605 3126 quae
1623 3093 1740 3120 maxime
1755 3095 1921 3122 commendat
1936 3103 1996 3121 reos
2030 3095 2085 3121 Cic.
2101 3094 2133 3120 de
2148 3094 2225 3121 Orat.

75 3133 95 3153 o
106 3127 214 3157 Rt‘t'rv
224 3133 238 3154 s
248 3147 257 3160 ,
275 3135 306 3161 a,
325 3135 381 3154 um.
411 3126 536 3160 fimiliter
555 3127 650 3154 Partic.
687 3128 813 3163 [δεηθεὶς]
850 3128 932 3155 Plaut.
942 3127 999 3154 Mil.
1015 3136 1037 3161 2,
1049 3130 1100 3161 6‚9
1114 3132 1147 3158 80
1160 3138 1183 3161 2,
1198 3133 1231 3159 18.
1323 3127 1440 3154 Grandis
1470 3127 1543 3155 Idem
1558 3127 1590 3154 dc
1604 3128 1673 3156 Clar.
1689 3130 1764 3157 Orat.
1779 3140 1830 3163 272.
1939 3129 2035 3156 Grauis
2049 3136 2074 3157 et
2089 3129 2226 3164 splendida

40 3159 92 3188 Sed
103 3161 176 3192 satin'
189 3169 278 3190 oratus
292 3162 367 3190 abit3
477 3164 556 3190 Prece
577 3163 660 3190 multa
678 3170 769 3190 oratus
798 3164 868 3192 Hor.
882 3163 960 3199 Epist.
975 3173 1001 3198 1,
1015 3173 1053 3198 13,
1067 3168 1100 3195 18.
1161 3163 1234 3191 Idem
1248 3164 1280 3190 de
1293 3163 1381 3190 Finib.
1395 3172 1417 3196 3,
1432 3172 1468 3196 19.
1544 3164 1655 3199 Grauis,
1674 3166 1769 3199 suauis,
1788 3164 1909 3199 condita,
1927 3165 2060 3198 liberalis,
2081 3165 2227 3192 admirabi-

43 3195 181 3224 Per-ainos
191 3203 280 3225 oratus
304 3198 378 3226 Idem
391 3199 474 3226 Semi.
489 3209 511 3233 2,
525 3207 549 3232 3,
562 3201 612 3232 176.
648 3199 715 3233 conf.
734 3201 833 3237 I’aterc.
848 3209 870 3233 2,
882 3208 927 3236 70,
942 3209 960 3227 1.
1161 3200 1203 3230 lis,
1222 3200 1316 3234 polita,
1334 3200 1469 3234 conspersa
1484 3199 1514 3226 sit
1526 3200 1596 3235 quali
1611 3201 1756 3229 verborum
1771 3202 2013 3236 sententiarumque
2026 3201 2138 3228 floribus
2167 3201 2225 3229 Cic.

79 3237 128 3258 011
139 3237 161 3258 Α
171 3237 221 3258 'rv
232 3240 257 3260 M
267 3254 277 3267 ‚
294 3234 314 3262 i.
350 3244 378 3261 n.
416 3235 531 3270 [δεηθέν]
568 3236 645 3273 Qud
657 3236 789 3264 orauimus.
828 3236 898 3264 Ter.
914 3237 980 3263 Hec.
995 3245 1017 3269 4,
1032 3245 1051 3266 1,
1065 3236 1099 3261 60
1161 3236 1193 3262 de
1208 3236 1282 3262 Orat.
1297 3246 1319 3271 3,
1331 3244 1376 3269 94.
1470 3236 1594 3263 Hilarior
1605 3237 1725 3268 renidet,
1745 3239 1799 3263 vid.
1821 3243 1840 3263 R
1854 3243 1870 3264 Ε
1880 3244 1921 3264 Ni
1933 3243 1950 3264 D
1960 3243 1975 3263 Ε
1987 3243 2018 3263 o.
2111 3238 2225 3266 Honora

26 3299 28 3302 Ι
42 3266 87 3293 Ne
100 3271 173 3307 orata
185 3267 271 3295 nostra
283 3277 394 3305 nequeat
407 3271 508 3298 diutius
521 3271 614 3298 celare.
687 3272 726 3299 Id.
739 3271 806 3300 ibid.
819 3281 841 3306 3,
855 3282 877 3306 3,
892 3280 921 3304 25
945 3271 1003 3306 Sed,
1017 3279 1101 3306 quum
1160 3272 1252 3299 Tacit.
1268 3273 1335 3299 Ann.
1349 3281 1369 3304 3,
1383 3281 1405 3303 5.
1478 3272 1535 3299 Cic.
1550 3272 1621 3300 Fam.
1636 3281 1658 3306 ς,
1674 3282 1688 3300 2
1719 3274 1808 3306 Qium
1823 3279 1852 3299 tu
1867 3273 1922 3309 ipse
1936 3272 2003 3299 iinihi
2019 3271 2109 3300 dixisti
2124 3273 2226 3300 oratio·

42 3308 116 3330 orata
131 3309 191 3328 eius
202 3303 364 3333 reminiscor.
1117 3312 1146 3341 85
1161 3317 1222 3334 nem
1236 3317 1323 3335 ineam
1337 3317 1392 3335 non
1404 3308 1489 3334 solum
1502 3308 1531 3335 in
1545 3315 1570 3335 te
1586 3308 1786 3344 Honorinum,
1807 3316 1853 3335 etc.
1927 3307 2056 3343 Horrida,
2075 3310 2129 3336 vid.
2141 3308 2225 3345 paullo

80 3341 257 3371 ORATVS,
274 3337 312 3366 sis.
337 3350 373 3368 m.
408 3342 520 3379 [δέημα]
556 3343 683 3377 Precatio,
701 3346 807 3379 rogatio.
843 3344 925 3371 Plaut.
935 3344 992 3370 Cas.
1006 3353 1032 3376 4,
1044 3351 1061 3374 1,
1075 3351 1100 3374 17
1159 3343 1217 3380 ptst,
1239 3344 1328 3371 Lenis.
1400 3344 1509 3377 Ieiuna,
1548 3344 1739 3378 Iinmoderata‚
1783 3344 1944 3377 Immodica,
1988 3344 2147 3380 Impudens,
2167 3346 2225 3373 vid.

3 3370 15 3394 'i
40 3373 153 3402 Illarum
168 3377 246 3399 oratu
259 3373 367 3402 fadunt-
466 3379 530 3406 Cic.
547 3389 597 3414 pro
610 3380 690 3406 Flacc.
704 3389 734 3413 92
752 3389 774 3407 c.
786 3389 812 3414 37
845 3381 887 3407 An
901 3380 982 3406 etiam
1000 3378 1100 3412 scripsit
1160 3381 1201 3406 hh.
1214 3389 1258 3407 vv.
1334 3379 1455 3415 incitata,
1468 3380 1567 3416 grauis,
1582 3386 1607 3406 et
1620 3380 1763 3407 vehemens
1785 3381 1840 3407 Cic.
1851 3380 1882 3406 de
1894 3380 1964 3407 Clar.
1980 3381 2056 3408 Orat.
2071 3390 2109 3414 93.
2182 3382 2226 3408 In-

14 3423 15 3428 *
41 3417 119 3437 oratu
132 3409 197 3436 tuo?
228 3410 387 3450 'Correqi'mw
407 3415 558 3448 exemplaria
577 3416 664 3451 legunt
677 3417 791 3451 Rogant.
865 3416 922 3451 Ipse
937 3422 1024 3442 autem
1038 3422 1101 3449 pro·
1161 3417 1247 3449 citata,
1265 3416 1406 3450 volubilis,
1424 3425 1479 3444 non
1493 3415 1651 3449 redundans,
1666 3425 1714 3443 nec
1728 3416 1914 3443 circumfluens
1928 3416 2016 3443 oratio
2043 3416 2081 3444 Id.
2095 3416 2224 3450 ibid.203.

4 3454 15 3469 ‘¹
42 3454 133 3474 cerum
146 3453 247 3480 magnis
260 3445 380 3486 cratibus
392 3447 464 3474 aetus
489 3449 600 3486 Coripp.
613 3461 637 3484 2,
651 3460 682 3478 11.
1160 3453 1276 3486 Inculta,
1298 3453 1352 3479 vid.
1359 3451 1384 3487 s.
1399 3453 1417 3478 l.
1488 3451 1668 3486 Inelaborata,
1689 3453 1742 3478 vid.
1753 3451 1833 3487 paullo
1846 3451 1915 3488 post,
1936 3452 2060 3487 Simplex.
2132 3453 2225 3480 Inflata

11 3483 15 3504 ‘-
79 3488 99 3509 0
109 3487 239 3509 RATIO
250 3501 258 3514 2
277 3483 346 3509 5⁰¹⁵·
383 3481 403 3508 f·
438 3482 547 3521 [11571111]
581 3486 613 3523 est
627 3488 716 3514 omnis
730 3487 864 3519 Locutio,
883 3487 981 3514 auffore
995 3486 1051 3513 Cic·
1067 3485 1099 3511 de
1112 3495 1148 3520 90
1160 3495 1186 3516 et
1199 3498 1266 3524 quae
1280 3494 1367 3524 turget
1379 3488 1477 3521 oratio,
1492 3489 1564 3523 saepe
1579 3488 1712 3522 imperitis
1726 3487 1832 3514 videtur
1845 3488 1933 3522 grauis
1960 3488 2063 3516 Aridior
2076 3488 2108 3515 ad
2122 3490 2223 3516 Heren.

42 3517 114 3546 Clar.
131 3518 207 3547 Orat.
229 3519 270 3550 69.
343 3517 414 3544 Ter.
427 3518 534 3548 Phorm.
550 3531 569 3554 ι,
581 3532 603 3556 4,
616 3530 650 3558 48
675 3524 851 3551 Meministin‘
864 3523 948 3556 olim,
968 3528 996 3549 vt
1016 3521 1099 3548 fuerit
1158 3534 1187 3558 4,
1200 3527 1224 3552 6.
1298 3526 1413 3559 Ingrata,
1433 3524 1487 3551 vid.
1500 3525 1523 3552 h.
1536 3532 1568 3550 v.
1635 3522 1771 3557 instructa,
1792 3524 1847 3550 vid.
1858 3523 1939 3558 paullo
1951 3523 2009 3560 post,
2030 3524 2118 3551 Lenis.
2182 3525 2225 3552 In.

8 3559 13 3562 “
30 3553 126 3590 {vestra
139 3552 246 3580 01311οὲ
283 3553 302 3580 i.
321 3554 378 3579 Non
393 3554 531 3595 meministis
545 3566 639 3591 eorum,
659 3569 721 3594 quae
734 3559 834 3595 dixistis
849 3567 923 3593 tunc,
943 3567 1033 3593 quum,
1053 3564 1098 3585 etc.
1159 3566 1244 3593 torta,
1265 3561 1320 3587 vid.
1335 3560 1382 3595 suh
1407 3567 1415 3587 1
1428 3566 1449 3585 Ν
1463 3567 1485 3587 Τ
1500 3566 1520 3586 0
1532 3565 1551 3586 R
1563 3565 1614 3599 qv
1626 3565 1643 3586 Ε
1656 3565 1686 3586 ο.
1794 3559 1885 3586 iuncta
1919 3560 1975 3587 Cic.
1991 3560 2022 3587 de
2038 3560 2112 3588 Orat.
2127 3569 2158 3600 3,
2171 3570 2224 3592 170.

30 3587 118 3629 {Idem
129 3589 210 3616 Andr.
225 3599 250 3622 4,
266 3598 286 3621 1,
298 3598 325 3615 10
349 3588 391 3616 Ibi
406 3595 461 3616 tum
469 3591 690 3629 ’impudentissima
704 3605 801 3623 eorum
815 3596 904 3623 oratio
919 3596 964 3622 est.
1025 3592 1099 3620 Idem
1159 3596 1286 3630 Iucunda,
1307 3597 1362 3623 vid.
1375 3595 1455 3631 paullo
1466 3595 1531 3632 pist,
1552 3596 1654 3622 Facere.
1761 3594 1855 3628 Lenis,
1875 3595 2018 3630 1111110613,
2041 3603 2066 3622 et
2079 3602 2223 3622 terminata

32 3622 112 3664 3¹¹?id·
127 3634 152 3656 ¹³
163 3634 189 3658 1,
203 3634 263 3658 2¹4·
278 3625 395 3652 Honesta
407 3631 496 3666 Οἷᾶῐξθ
508 3626 553 3653 est·
656 3632 748 3665 Qalis
761 3631 845 3658 homo
858 3632 911 3666 ipse
925 3631 1000 3662 esset,
1020 3630 1099 3656 talem
1160 3633 1258 3666 oratio,
1278 3632 1319 3659 cui
1333 3632 1470 3667 opponitur,
1492 3633 1597 3666 Aspera,
1616 3629 1708 3662 tristis,
1726 3629 1852 3662 horrida,
1874 3640 1960 3666 neque
1979 3631 2113 3666 persedia,
2136 3640 2223 3666 neque

31 3661 34 3670 ’
47 3667 103 3686 0¹⁰⁵
115 3661 162 3687 effe
173 3661 341 3693 orationem,
360 3668 481 3688 0¹³510¹¹¹
494 3667 582 3689 autem
593 3663 661 3692 Γδᾶἃ
673 3667 824 3702 simillima,
846 3667 923 3695 faeiis
935 3667 1018 3693 vitam
1028 3686 1037 3699 ,
1054 3665 1099 3692 So·
1112 3672 1145 3699 95
1160 3669 1280 3696 conclusa
1313 3668 1371 3695 Cic.
1393 3667 1421 3694 in
1436 3668 1511 3694 Orat.
1533 3675 1575 3693 20.
1693 3664 1839 3702 Liberalis,
1858 3669 1912 3696 vid.
1924 3667 2004 3703 paullo
2021 3676 2095 3699 ante,
2116 3667 2223 3694 Grauis.

33 3722 34 3725 ,
48 3696 277 3736 eratesflisserebat
306 3697 363 3724 Cic.
376 3697 458 3724 Tusc.
471 3706 484 3727 5
504 3706 525 3723 c.
541 3699 574 3724 16.
655 3702 728 3730 Idem
741 3703 773 3730 de
786 3704 846 3730 Fin,
860 3713 882 3737 2,
897 3712 928 3730 20
958 3703 1043 3736 Atque
1059 3701 1100 3728 ibi
1161 3705 1308 3740 Locuples,
1363 3703 1522 3735 Luculenta,
1541 3699 1672 3736 vid.fflll.
1766 3702 1906 3737 Magnifica
1937 3704 2028 3731 Tacit.
2042 3702 2109 3730 Hist.
2127 3712 2138 3729 2
2148 3724 2155 3735 ,
2176 3711 2221 3735 90.

49 3728 100 3757 hoe
113 3729 191 3764 dicit,
209 3732 256 3759 vbi
271 3734 360 3760 omnis
381 3734 437 3760 eius
450 3733 538 3759 oratio
551 3732 586 3759 cst
600 3732 632 3761 de
645 3736 745 3766 summo
759 3740 841 3766 bono.
935 3738 1031 3772 Magna
1045 3738 1100 3764 laus
1160 3740 1236 3767 Mitis
1268 3741 1324 3767 Cic.
1341 3739 1372 3766 de
1388 3739 1490 3765 8011061.
1504 3743 1540 3768 28.
1615 3737 1748 3765 Mitissima
1779 3738 1853 3765 Ideni
1867 3739 1938 3766 Fam.
1953 3749 1978 3774 5,
1990 3748 2016 3773 4.
2090 3738 2181 3765 Mollis
2195 3742 2222 3763 et

32 3770 75 3794 iet
89 3764 192 3793 honesta
204 3769 292 3796 oratio
327 3770 384 3796 Cic.
396 3770 474 3796 Verr.
488 3777 510 3801 5,
524 3777 545 3799 5-
578 3803 583 3809 ὁ
629 3770 764 3800 Orationis
777 3776 836 3802 satis
855 3775 906 3803 est:
926 3775 1034 3808 sequere
1047 3783 1100 3807 me,
1160 3776 1290 3809 liberalis,
1311 3775 1365 3802 vid.
1388 3781 1411 3800 M
1424 3773 1545 3801 01113.
1618 3773 1734 3807 Moram,
1755 3774 1809 3807 vid,
1829 3781 1855 3802 M
1864 3781 1883 3800 0
1893 3781 1916 3802 s.
1989 3775 2088 3807 Multa,
2109 3774 2180 3800 varia
2193 3777 2222 3798 et

34 3804 77 3843 {ac
89 3807 144 3842 tace
167 3802 248 3832 Plaut.
261 3805 354 3832 Bacch.
368 3815 385 3839 i,
399 3814 421 3840 2,
435 3812 473 3838 59.
541 3804 646 3844 Aliena,
664 3807 718 3832 vid.
740 3815 763 3836 Α
775 3816 791 3837 ι
802 3817 919 3838 113st
941 3811 969 3835 in
991 3816 1101 3837 ALlVS.
1161 3813 1266 3847 copiosa
1287 3812 1344 3839 Cic.
1358 3809 1390 3836 de
1404 3810 1478 3836 Orat.
1494 3818 1516 3842 2,
1531 3817 1579 3841 2¹4-
1653 3809 1732 3843 Nata,
1751 3813 1806 3837 vid.
1826 3817 1848 3837 N
1861 3817 1882 3836 A
1892 3817 1905 3836 s
1917 3816 1934 3837 c
1946 3818 1965 3838 ο
1979 3817 2009 3837 n.
2082 3808 2174 3836 Nitida
2187 3806 2220 3845 de

48 3837 146 3877 ormo
155 3836 217 3870 *¹³²1
230 3849 273 3868 ¹1¹⁸
283 3841 416 3874 miseram,
434 3840 597 3868 exanimauit
609 3848 681 3867 metu
700 3842 770 3871 Ter·
781 3846 862 3874 Andr·
875 3855 895 3878 ¹2
909 3855 931 3880 Ξ,
946 3847 979 3872 ¹⁶·
1034 3846 1154 3877 Ora-100
1161 3848 1290 3883 horridis,
1306 3847 1382 3882 plena
1396 3845 1427 3871 de
1440 3845 1547 3877 ieiunis,
1563 3853 1634 3871 noua
1646 3844 1678 3872 de
1692 3847 1853 3880 peruulgatis
1867 3846 1994 3881 quaedam
2008 3846 2043 3873 cst
2056 3844 2141 3871 oratio
2161 3841 2219 3867 Cic.

48 3878 122 3913 ⁸2⁰⁰?
134 3872 274 3909 beneficuss
292 3878 346 3914 Q?
357 3877 441 3903 verbis
453 3878 533 3903 multa
542 3876 668 3911 Pr⁰mi¹²ft
691 3877 851 3916 Plant.Epid,
863 3892 880 3916 1,
895 3892 916 3915 2,
929 3892 960 3914 14.
1033 3882 1100 3908 Ora·
1161 3885 1193 3911 de
1208 3885 1282 3911 Orat·
1298 3893 1318 3915 3,
1333 3887 1370 3914 48·
1444 3880 1564 3913 NObiii8‚
1582 3881 1636 3908 vid.
1654 3889 1677 3908 N
1688 3888 1708 3908 Ο
1719 3877 1736 3908 ὲ
1746 3889 1754 3908 1
1764 3889 1779 3908 L
1792 3889 1800 3909 1
1812 3888 1834 3908 S.
1910 3881 2067 3912 Numerosa,
2087 3879 2138 3903 vid·
2160 3882 2219 3915 NY-

36 3912 130 3949 ¹tionis
143 3918 249 3943 operam
261 3913 403 3948 compendi
417 3913 503 3940 facere
525 3911 690 3939 Plaut.Most.
704 3921 725 3945 1,
739 3922 803 3949 1,ς7.
838 3918 862 3945 b.
876 3928 897 3945 e.
916 3917 1006 3944 Paucis
1019 3926 1100 3952 agere.
1161 3926 1187 3946 M
1197 3926 1272 3947 ERV
1281 3926 1302 3945 s.
1377 3915 1494 3943 Obscura
1508 3916 1571 3951 quia
1584 3923 1715 3953 peracuta,
1731 3918 1822 3952 rapida
1835 3924 1861 3945 et
1873 3918 2004 3944 eeleritate
2017 3920 2114 3953 caecata
2129 3918 2219 3951 oratio

47 3943 123 3985 Ter:
135 3944 216 3972 Andr·
235 3956 263 3981 ²,
281 3958 311 3981 4,
330 3958 346 3980 4
383 3949 543 3976 Orationem
563 3949 647 3982 sperat
666 3947 794 3976 inuenisse
813 3952 853 3985 se,
871 3962 922 3987 qua
942 3953 1046 3979 differat
1065 3958 1100 3980 te.
1161 3956 1218 3983 Cic.
1233 3955 1265 3982 de
1279 3955 1350 3981 Clar.
1363 3952 1438 3978 Orat.
1458 3953 1512 3984 2⁶4-
1585 3953 1727 3986 obsoleta,
1747 3955 1800 3981 vm·
1816 3955 1840 3980 h.
1855 3963 1879 3980 v.
1955 3955 2076 3980 Oratoria
2108 3947 2165 3973 Cic.
2184 3947 2217 3973 de

37 3979 206 4012 iOrationem
219 3981 266 4009 fibi
278 3992 386 4018 parare,
402 3991 449 4020 pro
461 3985 588 4019 Cogitare,
607 3983 670 4018 quid
681 3984 775 4010 Aiauri
781 3986 858 4018 fimus
882 3989 963 4016 Plaut,
976 3988 1066 4016 Pseud,
1081 3997 1100 4022 i,
1162 3992 1237 4018 0131,
1254 3999 1264 4017 1
1272 4011 1279 4023 ‚
1293 3998 1341 4021 231·
1415 3987 1517 4014 Ornata
1548 3987 1620 4016 Idem
1634 3988 1699 4015 ibid,
1714 3998 1738 4021 3,
1751 3996 1791 4022 93,
1865 3989 1984 4015 pacatior
1997 3982 2219 4022 philosophorum

47 4021 71 4050 ς,
85 4024 122 4050 39.
192 4016 289 4079 O'ratio
301 4020 424 4084 coinItaeita,
441 4025 467 4046 et
479 4020 505 4047 i'n
520 4027 585 4048 coetu
604 4019 726 4046 bominum
741 4021 841 4055 habita,
858 4032 908 4050 vno
921 4032 1018 4060 tenore,
1038 4033 1101 4061 quae
1113 4027 1266 4062 ,0501-350,
1293 4025 1596 4088 offtssmitenkpugmcmt
1632 4024 1689 4052 Cic,
1708 4024 1740 4051 de
1758 4024 1828 4052 (3135-
1848 4025 1923 4052 Orat.
1946 4031 1989 4049 μη,
2081 4016 2220 4078 Pedestri‘g,

237 4059 294 4082 01..
385 4075 391 4081 .
2162 4062 2189 4078 ’ω
2211 4072 2215 4076 .
