<?xml version="1.0" encoding="UTF-8"?>
<!DOCTYPE html PUBLIC "-//W3C//DTD XHTML 1.0 Transitional//EN"
    "http://www.w3.org/TR/xhtml1/DTD/xhtml1-transitional.dtd">
<html xmlns="http://www.w3.org/1999/xhtml" xml:lang="en" lang="en">
 <head>
  <title>
</title>
<meta http-equiv="Content-Type" content="text/html;charset=utf-8" />
  <meta name='ocr-system' content='tesseract 3.04.00' />
  <meta name='ocr-capabilities' content='ocr_page ocr_carea ocr_par ocr_line ocrx_word'/>
</head>
<body>
  <div class='ocr_page' id='page_1' title='image "./novuslinguaeeter03gesn/novuslinguaeeter03gesn_0604.png"; bbox 0 0 2517 4231; ppageno 0'>
   <div class='ocr_carea' id='block_1_1' title="bbox 212 201 871 259">
    <p class='ocr_par' dir='ltr' id='par_1_1' title="bbox 212 201 871 259">
     <span class='ocr_line' id='line_1_1' title="bbox 212 201 871 259; baseline -0.009 -11"><span class='ocrx_word' id='word_1_1' title='bbox 212 213 288 259; x_wconf 83' lang='grc'>1187</span> <span class='ocrx_word' id='word_1_2' title='bbox 589 207 618 247; x_wconf 93' lang='lat' dir='ltr'>P</span> <span class='ocrx_word' id='word_1_3' title='bbox 699 206 738 245; x_wconf 93' lang='lat' dir='ltr'>V</span> <span class='ocrx_word' id='word_1_4' title='bbox 818 201 871 242; x_wconf 49' lang='lat' dir='ltr'>T*</span> 
     </span>
    </p>
   </div>
   <div class='ocr_carea' id='block_1_2' title="bbox 198 292 1256 1331">
    <p class='ocr_par' dir='ltr' id='par_1_2' title="bbox 209 292 1245 440">
     <span class='ocr_line' id='line_1_2' title="bbox 210 292 1118 332; baseline -0.009 -9"><span class='ocrx_word' id='word_1_5' title='bbox 210 295 293 324; x_wconf 83' lang='lat' dir='ltr'>Andr.</span> <span class='ocrx_word' id='word_1_6' title='bbox 367 297 501 324; x_wconf 85' lang='lat' dir='ltr'>Conducit</span> <span class='ocrx_word' id='word_1_7' title='bbox 518 305 613 324; x_wconf 83' lang='lat' dir='ltr'>nauem</span> <span class='ocrx_word' id='word_1_8' title='bbox 630 293 745 330; x_wconf 75' lang='lat' dir='ltr'>putidam</span> <span class='ocrx_word' id='word_1_9' title='bbox 778 292 853 332; x_wconf 82' lang='lat' dir='ltr'>Non.</span> <span class='ocrx_word' id='word_1_10' title='bbox 871 300 904 332; x_wconf 33' lang='lat'>2¹,</span> <span class='ocrx_word' id='word_1_11' title='bbox 917 293 977 332; x_wconf 67' lang='lat'>645.</span> <span class='ocrx_word' id='word_1_12' title='bbox 1113 327 1118 332; x_wconf 46' lang='grc'><em>.</em></span> 
     </span>
     <span class='ocr_line' id='line_1_3' title="bbox 210 327 1242 368; baseline -0.004 -9"><span class='ocrx_word' id='word_1_13' title='bbox 210 333 322 368; x_wconf 73' lang='lat' dir='ltr'>Compar.</span> <span class='ocrx_word' id='word_1_14' title='bbox 358 333 448 360; x_wconf 84' lang='lat' dir='ltr'>Sidon.</span> <span class='ocrx_word' id='word_1_15' title='bbox 464 333 542 368; x_wconf 81' lang='lat' dir='ltr'>Epist.</span> <span class='ocrx_word' id='word_1_16' title='bbox 559 343 578 366; x_wconf 79' lang='lat'>3,</span> <span class='ocrx_word' id='word_1_17' title='bbox 593 341 615 364; x_wconf 81' lang='grc'>13</span> <span class='ocrx_word' id='word_1_18' title='bbox 636 329 707 356; x_wconf 84' lang='lat' dir='ltr'>Facit</span> <span class='ocrx_word' id='word_1_19' title='bbox 721 328 822 362; x_wconf 78' lang='lat' dir='ltr'>ambigi</span> <span class='ocrx_word' id='word_1_20' title='bbox 838 328 966 363; x_wconf 67' lang='lat' dir='ltr'>putidior,</span> <span class='ocrx_word' id='word_1_21' title='bbox 979 327 1162 359; x_wconf 80' lang='lat' dir='ltr'>temulentior,</span> <span class='ocrx_word' id='word_1_22' title='bbox 1177 337 1209 354; x_wconf 88' lang='lat' dir='ltr'>an</span> <span class='ocrx_word' id='word_1_23' title='bbox 1224 329 1242 355; x_wconf 62' lang='lat' dir='ltr'>f*</span> 
     </span>
     <span class='ocr_line' id='line_1_4' title="bbox 209 362 1245 404; baseline 0.002 -10"><span class='ocrx_word' id='word_1_24' title='bbox 209 368 356 395; x_wconf 82' lang='lat' dir='ltr'>cinorolior</span> <span class='ocrx_word' id='word_1_25' title='bbox 369 369 543 396; x_wconf 63' lang='lat' dir='ltr'>existimetur.</span> <span class='ocrx_word' id='word_1_26' title='bbox 665 366 767 404; x_wconf 46' lang='lat' dir='ltr'>Superl3</span> <span class='ocrx_word' id='word_1_27' title='bbox 797 365 901 390; x_wconf 88' lang='lat' dir='ltr'>Pctron.</span> <span class='ocrx_word' id='word_1_28' title='bbox 916 364 1018 404; x_wconf 57' lang='lat' dir='ltr'>[fragm-</span> <span class='ocrx_word' id='word_1_29' title='bbox 1034 363 1182 399; x_wconf 56' lang='lat' dir='ltr'>&#39;frag-013</span> <span class='ocrx_word' id='word_1_30' title='bbox 1195 362 1245 400; x_wconf 78' lang='lat' dir='ltr'>p—&gt;7</span> 
     </span>
     <span class='ocr_line' id='line_1_5' title="bbox 210 399 1082 440; baseline -0.007 -9"><span class='ocrx_word' id='word_1_31' title='bbox 210 405 246 431; x_wconf 81' lang='lat' dir='ltr'>Ac</span> <span class='ocrx_word' id='word_1_32' title='bbox 260 414 292 430; x_wconf 87' lang='lat' dir='ltr'>ne</span> <span class='ocrx_word' id='word_1_33' title='bbox 306 404 339 431; x_wconf 82' lang='lat' dir='ltr'>lic</span> <span class='ocrx_word' id='word_1_34' title='bbox 354 404 462 440; x_wconf 84' lang='lat' dir='ltr'>quidem</span> <span class='ocrx_word' id='word_1_35' title='bbox 475 402 656 440; x_wconf 74' lang='lat' dir='ltr'>putidissimam</span> <span class='ocrx_word' id='word_1_36' title='bbox 673 408 697 426; x_wconf 82' lang='lat' dir='ltr'>ei</span> <span class='ocrx_word' id='word_1_37' title='bbox 718 400 850 426; x_wconf 57' lang='lat' dir='ltr'>affilionem</span> <span class='ocrx_word' id='word_1_38' title='bbox 866 400 944 426; x_wconf 89' lang='lat' dir='ltr'>licu1t</span> <span class='ocrx_word' id='word_1_39' title='bbox 958 399 1082 433; x_wconf 82' lang='lat' dir='ltr'>effugere.</span> 
     </span>
    </p>

    <p class='ocr_par' dir='ltr' id='par_1_3' title="bbox 209 434 1250 583">
     <span class='ocr_line' id='line_1_6' title="bbox 250 434 1234 471; baseline -0.005 -5"><span class='ocrx_word' id='word_1_40' title='bbox 250 446 321 466; x_wconf 84' lang='lat' dir='ltr'>PVT</span> <span class='ocrx_word' id='word_1_41' title='bbox 332 439 408 468; x_wconf 73' lang='lat' dir='ltr'>fDE.</span> <span class='ocrx_word' id='word_1_42' title='bbox 446 442 511 468; x_wconf 84' lang='lat' dir='ltr'>Adu.</span> <span class='ocrx_word' id='word_1_43' title='bbox 546 437 675 471; x_wconf 69' lang='grc' dir='ltr'>[σαπρῶς]</span> <span class='ocrx_word' id='word_1_44' title='bbox 713 436 863 471; x_wconf 56' lang='lat' dir='ltr'>Iusiuuzter,</span> <span class='ocrx_word' id='word_1_45' title='bbox 878 434 982 468; x_wconf 67' lang='lat' dir='ltr'>austere,</span> <span class='ocrx_word' id='word_1_46' title='bbox 997 435 1110 462; x_wconf 76' lang='lat' dir='ltr'><em>rancide.</em></span> <span class='ocrx_word' id='word_1_47' title='bbox 1229 460 1234 465; x_wconf 87' lang='grc'>,</span> 
     </span>
     <span class='ocr_line' id='line_1_7' title="bbox 210 460 1250 512; baseline -0.007 -9"><span class='ocrx_word' id='word_1_48' title='bbox 210 477 284 503; x_wconf 89' lang='lat' dir='ltr'>Orat.</span> <span class='ocrx_word' id='word_1_49' title='bbox 303 485 322 508; x_wconf 84' lang='lat'>3,</span> <span class='ocrx_word' id='word_1_50' title='bbox 335 486 363 512; x_wconf 86' lang='lat'>41</span> <span class='ocrx_word' id='word_1_51' title='bbox 380 487 401 503; x_wconf 87' lang='lat' dir='ltr'>c.</span> <span class='ocrx_word' id='word_1_52' title='bbox 417 486 438 503; x_wconf 85' lang='lat'>11</span> <span class='ocrx_word' id='word_1_53' title='bbox 466 474 537 501; x_wconf 75' lang='lat' dir='ltr'>Nolo</span> <span class='ocrx_word' id='word_1_54' title='bbox 556 472 670 506; x_wconf 78' lang='lat' dir='ltr'>exprimi</span> <span class='ocrx_word' id='word_1_55' title='bbox 693 472 781 498; x_wconf 75' lang='lat' dir='ltr'>literas</span> <span class='ocrx_word' id='word_1_56' title='bbox 795 471 930 506; x_wconf 82' lang='lat' dir='ltr'>putidius,</span> <span class='ocrx_word' id='word_1_57' title='bbox 947 471 1012 497; x_wconf 89' lang='lat' dir='ltr'>nolo</span> <span class='ocrx_word' id='word_1_58' title='bbox 1025 471 1149 498; x_wconf 57' lang='lat' dir='ltr'>obscum</span> <span class='ocrx_word' id='word_1_59' title='bbox 1163 460 1250 502; x_wconf 59' lang='grc' dir='ltr'>’,Ἶθὲιῑ-</span> 
     </span>
     <span class='ocr_line' id='line_1_8' title="bbox 210 497 1249 546; baseline -0.015 -7"><span class='ocrx_word' id='word_1_60' title='bbox 210 513 322 546; x_wconf 82' lang='lat' dir='ltr'>gentius.</span> <span class='ocrx_word' id='word_1_61' title='bbox 395 511 483 538; x_wconf 85' lang='lat' dir='ltr'>Putide</span> <span class='ocrx_word' id='word_1_62' title='bbox 496 509 570 541; x_wconf 85' lang='lat' dir='ltr'>loqui</span> <span class='ocrx_word' id='word_1_63' title='bbox 590 509 646 533; x_wconf 85' lang='lat' dir='ltr'>Sen.</span> <span class='ocrx_word' id='word_1_64' title='bbox 663 507 740 541; x_wconf 72' lang='lat' dir='ltr'>Epist.</span> <span class='ocrx_word' id='word_1_65' title='bbox 756 515 797 542; x_wconf 77' lang='lat'>75.</span> <span class='ocrx_word' id='word_1_66' title='bbox 905 507 962 541; x_wconf 65' lang='lat' dir='ltr'>Qfi</span> <span class='ocrx_word' id='word_1_67' title='bbox 980 515 1028 534; x_wconf 68' lang='lat' dir='ltr'>nec</span> <span class='ocrx_word' id='word_1_68' title='bbox 1049 507 1127 542; x_wconf 53' lang='lat' dir='ltr'>inere</span> <span class='ocrx_word' id='word_1_69' title='bbox 1148 497 1249 528; x_wconf 80' lang='lat' dir='ltr'>dieunt,</span> 
     </span>
     <span class='ocr_line' id='line_1_9' title="bbox 209 544 724 583; baseline -0.014 -8"><span class='ocrx_word' id='word_1_70' title='bbox 209 557 256 575; x_wconf 89' lang='lat' dir='ltr'>nec</span> <span class='ocrx_word' id='word_1_71' title='bbox 272 547 362 583; x_wconf 88' lang='lat' dir='ltr'>putide</span> <span class='ocrx_word' id='word_1_72' title='bbox 383 547 435 573; x_wconf 86' lang='lat' dir='ltr'>Cic.</span> <span class='ocrx_word' id='word_1_73' title='bbox 450 545 480 571; x_wconf 85' lang='lat' dir='ltr'>de</span> <span class='ocrx_word' id='word_1_74' title='bbox 488 544 557 571; x_wconf 78' lang='lat' dir='ltr'>Clar.</span> <span class='ocrx_word' id='word_1_75' title='bbox 566 544 638 570; x_wconf 88' lang='lat' dir='ltr'>Orat.</span> <span class='ocrx_word' id='word_1_76' title='bbox 654 548 724 572; x_wconf 81' lang='lat' dir='ltr'>c.82.</span> 
     </span>
    </p>

    <p class='ocr_par' dir='ltr' id='par_1_4' title="bbox 209 578 1069 690">
     <span class='ocr_line' id='line_1_10' title="bbox 244 578 805 613; baseline -0.011 -3"><span class='ocrx_word' id='word_1_77' title='bbox 244 590 259 610; x_wconf 80' lang='grc' dir='ltr'><strong>Ρ</strong></span> <span class='ocrx_word' id='word_1_78' title='bbox 267 591 287 609; x_wconf 92' lang='lat' dir='ltr'>V</span> <span class='ocrx_word' id='word_1_79' title='bbox 297 591 317 610; x_wconf 85' lang='lat' dir='ltr'>T</span> <span class='ocrx_word' id='word_1_80' title='bbox 327 591 333 609; x_wconf 86' lang='lat'>1</span> <span class='ocrx_word' id='word_1_81' title='bbox 343 590 361 610; x_wconf 90' lang='lat' dir='ltr'>D</span> <span class='ocrx_word' id='word_1_82' title='bbox 371 582 391 608; x_wconf 48' lang='lat'>»⁰⁷</span> <span class='ocrx_word' id='word_1_83' title='bbox 400 588 414 607; x_wconf 86' lang='lat' dir='ltr'>L</span> <span class='ocrx_word' id='word_1_84' title='bbox 424 587 444 606; x_wconf 75' lang='lat' dir='ltr'>v</span> <span class='ocrx_word' id='word_1_85' title='bbox 454 588 477 613; x_wconf 80' lang='lat' dir='ltr'>S,</span> <span class='ocrx_word' id='word_1_86' title='bbox 496 588 518 611; x_wconf 87' lang='grc'>3,</span> <span class='ocrx_word' id='word_1_87' title='bbox 538 588 591 605; x_wconf 86' lang='grc'>11111.</span> <span class='ocrx_word' id='word_1_88' title='bbox 628 578 687 605; x_wconf 89' lang='lat' dir='ltr'>Adi.</span> <span class='ocrx_word' id='word_1_89' title='bbox 707 581 805 605; x_wconf 83' lang='lat' dir='ltr'>Dimin.</span> 
     </span>
     <span class='ocr_line' id='line_1_11' title="bbox 209 613 883 651; baseline -0.01 -4"><span class='ocrx_word' id='word_1_90' title='bbox 209 620 289 647; x_wconf 87' lang='lat' dir='ltr'>Ferre</span> <span class='ocrx_word' id='word_1_91' title='bbox 303 627 348 644; x_wconf 90' lang='lat' dir='ltr'>nec</span> <span class='ocrx_word' id='word_1_92' title='bbox 361 617 424 643; x_wconf 85' lang='lat' dir='ltr'>hanc</span> <span class='ocrx_word' id='word_1_93' title='bbox 437 615 519 651; x_wconf 82' lang='lat' dir='ltr'>pollis,</span> <span class='ocrx_word' id='word_1_94' title='bbox 532 614 605 649; x_wconf 75' lang='lat' dir='ltr'>pollis</span> <span class='ocrx_word' id='word_1_95' title='bbox 619 614 714 641; x_wconf 91' lang='lat' dir='ltr'>Coline</span> <span class='ocrx_word' id='word_1_96' title='bbox 727 623 774 641; x_wconf 90' lang='lat' dir='ltr'>nec</span> <span class='ocrx_word' id='word_1_97' title='bbox 787 613 861 641; x_wconf 85' lang='lat' dir='ltr'>illam</span> <span class='ocrx_word' id='word_1_98' title='bbox 877 625 883 641; x_wconf 91' lang='lat'>:</span> 
     </span>
     <span class='ocr_line' id='line_1_12' title="bbox 209 653 1069 690; baseline -0.012 -7"><span class='ocrx_word' id='word_1_99' title='bbox 209 661 264 683; x_wconf 81' lang='lat' dir='ltr'>tera</span> <span class='ocrx_word' id='word_1_100' title='bbox 278 653 402 690; x_wconf 89' lang='lat' dir='ltr'>putidula.</span> <span class='ocrx_word' id='word_1_101' title='bbox 1064 679 1069 684; x_wconf 42' lang='lat'><strong>¹</strong></span> 
     </span>
    </p>

    <p class='ocr_par' dir='ltr' id='par_1_5' title="bbox 206 679 1250 829">
     <span class='ocr_line' id='line_1_13' title="bbox 249 679 1249 720; baseline -0.008 -3"><span class='ocrx_word' id='word_1_102' title='bbox 249 698 287 718; x_wconf 72' lang='lat' dir='ltr'>ev</span> <span class='ocrx_word' id='word_1_103' title='bbox 297 697 317 716; x_wconf 87' lang='lat' dir='ltr'>T</span> <span class='ocrx_word' id='word_1_104' title='bbox 326 696 333 714; x_wconf 89' lang='lat'>1</span> <span class='ocrx_word' id='word_1_105' title='bbox 343 696 360 715; x_wconf 91' lang='lat' dir='ltr'>D</span> <span class='ocrx_word' id='word_1_106' title='bbox 370 695 378 713; x_wconf 90' lang='lat'>1</span> <span class='ocrx_word' id='word_1_107' title='bbox 390 694 408 711; x_wconf 84' lang='lat' dir='ltr'>v</span> <span class='ocrx_word' id='word_1_108' title='bbox 419 694 432 714; x_wconf 81' lang='lat' dir='ltr'>s</span> <span class='ocrx_word' id='word_1_109' title='bbox 441 693 458 713; x_wconf 88' lang='lat' dir='ltr'>c</span> <span class='ocrx_word' id='word_1_110' title='bbox 467 685 510 713; x_wconf 65' lang='lat' dir='ltr'>xJL</span> <span class='ocrx_word' id='word_1_111' title='bbox 521 694 578 717; x_wconf 86' lang='lat' dir='ltr'>vs,</span> <span class='ocrx_word' id='word_1_112' title='bbox 603 694 633 718; x_wconf 86' lang='lat' dir='ltr'>a,</span> <span class='ocrx_word' id='word_1_113' title='bbox 651 694 704 712; x_wconf 87' lang='lat' dir='ltr'>um.</span> <span class='ocrx_word' id='word_1_114' title='bbox 731 684 814 712; x_wconf 75' lang='lat' dir='ltr'>Aliud</span> <span class='ocrx_word' id='word_1_115' title='bbox 822 685 883 712; x_wconf 85' lang='lat' dir='ltr'>Adi.</span> <span class='ocrx_word' id='word_1_116' title='bbox 891 687 982 713; x_wconf 61' lang='lat' dir='ltr'>Dimi»</span> <span class='ocrx_word' id='word_1_117' title='bbox 1038 681 1095 708; x_wconf 70' lang='lat' dir='ltr'>Cle·</span> <span class='ocrx_word' id='word_1_118' title='bbox 1108 679 1182 720; x_wconf 59' lang='lat' dir='ltr'>Fam·</span> <span class='ocrx_word' id='word_1_119' title='bbox 1197 684 1249 717; x_wconf 70' lang='lat'>7⁹5</span> 
     </span>
     <span class='ocr_line' id='line_1_14' title="bbox 209 714 1249 757; baseline -0.008 -4"><span class='ocrx_word' id='word_1_120' title='bbox 209 727 290 754; x_wconf 90' lang='lat' dir='ltr'>Simus</span> <span class='ocrx_word' id='word_1_121' title='bbox 304 724 373 751; x_wconf 86' lang='lat' dir='ltr'>enim</span> <span class='ocrx_word' id='word_1_122' title='bbox 388 721 568 757; x_wconf 86' lang='lat' dir='ltr'>putidiuseuli,</span> <span class='ocrx_word' id='word_1_123' title='bbox 582 731 659 756; x_wconf 89' lang='lat' dir='ltr'>quam</span> <span class='ocrx_word' id='word_1_124' title='bbox 674 730 720 756; x_wconf 90' lang='lat' dir='ltr'>per</span> <span class='ocrx_word' id='word_1_125' title='bbox 734 726 759 748; x_wconf 86' lang='lat' dir='ltr'>te</span> <span class='ocrx_word' id='word_1_126' title='bbox 772 720 819 748; x_wconf 83' lang='lat' dir='ltr'>vix</span> <span class='ocrx_word' id='word_1_127' title='bbox 833 722 909 749; x_wconf 86' lang='lat' dir='ltr'>licet:</span> <span class='ocrx_word' id='word_1_128' title='bbox 939 725 1045 749; x_wconf 63' lang='lat' dir='ltr'>Jerum,</span> <span class='ocrx_word' id='word_1_129' title='bbox 1060 722 1089 743; x_wconf 78' lang='lat' dir='ltr'>Vt</span> <span class='ocrx_word' id='word_1_130' title='bbox 1102 714 1198 746; x_wconf 73' lang='lat' dir='ltr'>V¹de⁰‚</span> <span class='ocrx_word' id='word_1_131' title='bbox 1218 714 1249 739; x_wconf 73' lang='lat'>¹¹-</span> 
     </span>
     <span class='ocr_line' id='line_1_15' title="bbox 209 752 1250 794; baseline -0.005 -6"><span class='ocrx_word' id='word_1_132' title='bbox 209 762 283 788; x_wconf 89' lang='lat' dir='ltr'>cebit.</span> <span class='ocrx_word' id='word_1_133' title='bbox 319 762 337 786; x_wconf 89' lang='lat' dir='ltr'>i.</span> <span class='ocrx_word' id='word_1_134' title='bbox 355 762 430 785; x_wconf 77' lang='lat' dir='ltr'>nimis</span> <span class='ocrx_word' id='word_1_135' title='bbox 441 758 583 794; x_wconf 76' lang='lat' dir='ltr'><em>diligentes,</em></span> <span class='ocrx_word' id='word_1_136' title='bbox 593 767 663 793; x_wconf 78' lang='lat' dir='ltr'>quam</span> <span class='ocrx_word' id='word_1_137' title='bbox 675 757 742 793; x_wconf 78' lang='lat' dir='ltr'>apud</span> <span class='ocrx_word' id='word_1_138' title='bbox 755 757 899 785; x_wconf 82' lang='lat' dir='ltr'>beniuolum.</span> <span class='ocrx_word' id='word_1_139' title='bbox 913 761 937 781; x_wconf 71' lang='lat' dir='ltr'>et</span> <span class='ocrx_word' id='word_1_140' title='bbox 947 752 1098 791; x_wconf 62' lang='lat' dir='ltr'>generosum&gt;</span> <span class='ocrx_word' id='word_1_141' title='bbox 1111 759 1134 779; x_wconf 58' lang='grc' dir='ltr'>Εἴ</span> <span class='ocrx_word' id='word_1_142' title='bbox 1149 757 1250 786; x_wconf 61' lang='lat' dir='ltr'>Occufa·</span> 
     </span>
     <span class='ocr_line' id='line_1_16' title="bbox 206 793 979 829; baseline -0.008 -6"><span class='ocrx_word' id='word_1_143' title='bbox 206 804 255 824; x_wconf 78' lang='lat' dir='ltr'>tum</span> <span class='ocrx_word' id='word_1_144' title='bbox 265 795 338 821; x_wconf 77' lang='lat' dir='ltr'>decet.</span> <span class='ocrx_word' id='word_1_145' title='bbox 382 794 428 821; x_wconf 72' lang='lat' dir='ltr'>Sed</span> <span class='ocrx_word' id='word_1_146' title='bbox 441 793 507 829; x_wconf 77' lang='lat' dir='ltr'>apud</span> <span class='ocrx_word' id='word_1_147' title='bbox 517 801 541 820; x_wconf 82' lang='lat' dir='ltr'>te</span> <span class='ocrx_word' id='word_1_148' title='bbox 555 795 618 820; x_wconf 81' lang='lat' dir='ltr'>mihi</span> <span class='ocrx_word' id='word_1_149' title='bbox 628 795 704 820; x_wconf 73' lang='lat' dir='ltr'>licem</span> <span class='ocrx_word' id='word_1_150' title='bbox 716 796 805 820; x_wconf 79' lang='lat' dir='ltr'>omnia.</span> <span class='ocrx_word' id='word_1_151' title='bbox 977 814 979 817; x_wconf 86' lang='lat'>.</span> 
     </span>
    </p>

    <p class='ocr_par' dir='ltr' id='par_1_6' title="bbox 204 824 1251 900">
     <span class='ocr_line' id='line_1_17' title="bbox 241 824 1251 865; baseline -0.009 -8"><span class='ocrx_word' id='word_1_152' title='bbox 241 837 314 857; x_wconf 78' lang='lat' dir='ltr'>PvT</span> <span class='ocrx_word' id='word_1_153' title='bbox 325 837 331 856; x_wconf 90' lang='lat'>1</span> <span class='ocrx_word' id='word_1_154' title='bbox 342 837 364 863; x_wconf 83' lang='lat' dir='ltr'>s,</span> <span class='ocrx_word' id='word_1_155' title='bbox 385 838 407 856; x_wconf 90' lang='lat' dir='ltr'>e.</span> <span class='ocrx_word' id='word_1_156' title='bbox 444 829 503 856; x_wconf 88' lang='lat' dir='ltr'>Adi.</span> <span class='ocrx_word' id='word_1_157' title='bbox 523 832 631 865; x_wconf 79' lang='lat' dir='ltr'>antique.</span> <span class='ocrx_word' id='word_1_158' title='bbox 687 829 792 856; x_wconf 86' lang='lat' dir='ltr'>Lucret.</span> <span class='ocrx_word' id='word_1_159' title='bbox 805 838 827 861; x_wconf 80' lang='lat'>3,</span> <span class='ocrx_word' id='word_1_160' title='bbox 840 833 882 861; x_wconf 79' lang='lat'>583</span> <span class='ocrx_word' id='word_1_161' title='bbox 900 826 986 860; x_wconf 86' lang='lat' dir='ltr'>Atque</span> <span class='ocrx_word' id='word_1_162' title='bbox 999 824 1062 852; x_wconf 87' lang='lat' dir='ltr'>ideo</span> <span class='ocrx_word' id='word_1_163' title='bbox 1078 828 1151 851; x_wconf 83' lang='lat' dir='ltr'>tanta</span> <span class='ocrx_word' id='word_1_164' title='bbox 1164 827 1251 850; x_wconf 86' lang='lat' dir='ltr'>muta-</span> 
     </span>
     <span class='ocr_line' id='line_1_18' title="bbox 204 860 1218 900; baseline -0.008 -6"><span class='ocrx_word' id='word_1_165' title='bbox 204 875 258 895; x_wconf 83' lang='lat' dir='ltr'>tum</span> <span class='ocrx_word' id='word_1_166' title='bbox 270 871 331 900; x_wconf 90' lang='lat' dir='ltr'>pute</span> <span class='ocrx_word' id='word_1_167' title='bbox 346 866 421 892; x_wconf 86' lang='lat' dir='ltr'>ruina</span> <span class='ocrx_word' id='word_1_168' title='bbox 448 865 600 892; x_wconf 84' lang='lat' dir='ltr'>Conciderit</span> <span class='ocrx_word' id='word_1_169' title='bbox 614 874 715 899; x_wconf 84' lang='lat' dir='ltr'>corpus.</span> <span class='ocrx_word' id='word_1_170' title='bbox 753 864 801 892; x_wconf 76' lang='lat' dir='ltr'>Sed</span> <span class='ocrx_word' id='word_1_171' title='bbox 815 866 890 891; x_wconf 86' lang='lat' dir='ltr'>Putre</span> <span class='ocrx_word' id='word_1_172' title='bbox 907 861 990 888; x_wconf 76' lang='lat' dir='ltr'>editur</span> <span class='ocrx_word' id='word_1_173' title='bbox 1004 860 1086 888; x_wconf 78' lang='lat' dir='ltr'>hodie.</span> <span class='ocrx_word' id='word_1_174' title='bbox 1157 895 1163 900; x_wconf 92' lang='lat'>.</span> <span class='ocrx_word' id='word_1_175' title='bbox 1214 893 1218 898; x_wconf 35' lang='lat'><strong>¹</strong></span> 
     </span>
    </p>

    <p class='ocr_par' dir='ltr' id='par_1_7' title="bbox 201 894 1250 1045">
     <span class='ocr_line' id='line_1_19' title="bbox 238 894 1249 934; baseline -0.008 -6"><span class='ocrx_word' id='word_1_176' title='bbox 238 908 253 928; x_wconf 72' lang='grc' dir='ltr'>Ρ</span> <span class='ocrx_word' id='word_1_177' title='bbox 263 905 311 928; x_wconf 60' lang='lat' dir='ltr'>VT</span> <span class='ocrx_word' id='word_1_178' title='bbox 321 910 328 928; x_wconf 87' lang='lat'>1</span> <span class='ocrx_word' id='word_1_179' title='bbox 339 909 351 928; x_wconf 88' lang='lat' dir='ltr'>s</span> <span class='ocrx_word' id='word_1_180' title='bbox 360 907 376 927; x_wconf 84' lang='lat' dir='ltr'>c</span> <span class='ocrx_word' id='word_1_181' title='bbox 386 908 414 931; x_wconf 93' lang='lat' dir='ltr'>o,</span> <span class='ocrx_word' id='word_1_182' title='bbox 433 901 487 934; x_wconf 78' lang='lat' dir='ltr'>siue</span> <span class='ocrx_word' id='word_1_183' title='bbox 507 909 522 928; x_wconf 84' lang='lat' dir='ltr'>P</span> <span class='ocrx_word' id='word_1_184' title='bbox 532 907 581 928; x_wconf 85' lang='lat' dir='ltr'>VT</span> <span class='ocrx_word' id='word_1_185' title='bbox 590 908 628 927; x_wconf 79' lang='lat' dir='ltr'>Es</span> <span class='ocrx_word' id='word_1_186' title='bbox 639 907 655 927; x_wconf 94' lang='lat' dir='ltr'>c</span> <span class='ocrx_word' id='word_1_187' title='bbox 666 908 696 933; x_wconf 92' lang='lat'>0,</span> <span class='ocrx_word' id='word_1_188' title='bbox 714 902 767 927; x_wconf 69' lang='lat' dir='ltr'>ere.</span> <span class='ocrx_word' id='word_1_189' title='bbox 827 900 884 926; x_wconf 88' lang='lat' dir='ltr'>Cic.</span> <span class='ocrx_word' id='word_1_190' title='bbox 897 897 955 924; x_wconf 88' lang='lat' dir='ltr'>Fin.</span> <span class='ocrx_word' id='word_1_191' title='bbox 968 905 981 931; x_wconf 99' lang='lat'>5</span> <span class='ocrx_word' id='word_1_192' title='bbox 1001 905 1057 929; x_wconf 81' lang='lat' dir='ltr'>c.13</span> <span class='ocrx_word' id='word_1_193' title='bbox 1078 895 1142 922; x_wconf 84' lang='grc' dir='ltr'>Νοη</span> <span class='ocrx_word' id='word_1_194' title='bbox 1155 894 1249 922; x_wconf 71' lang='lat' dir='ltr'>inscite</span> 
     </span>
     <span class='ocr_line' id='line_1_20' title="bbox 202 932 1250 971; baseline -0.008 -7"><span class='ocrx_word' id='word_1_195' title='bbox 202 937 267 965; x_wconf 87' lang='lat' dir='ltr'>illud</span> <span class='ocrx_word' id='word_1_196' title='bbox 281 937 379 963; x_wconf 66' lang='lat' dir='ltr'>dietum</span> <span class='ocrx_word' id='word_1_197' title='bbox 393 936 499 964; x_wconf 85' lang='lat' dir='ltr'>videtur</span> <span class='ocrx_word' id='word_1_198' title='bbox 512 937 539 963; x_wconf 89' lang='lat' dir='ltr'>in</span> <span class='ocrx_word' id='word_1_199' title='bbox 553 937 607 969; x_wconf 88' lang='lat' dir='ltr'>sue,</span> <span class='ocrx_word' id='word_1_200' title='bbox 619 937 732 964; x_wconf 87' lang='lat' dir='ltr'>animam</span> <span class='ocrx_word' id='word_1_201' title='bbox 745 936 789 962; x_wconf 90' lang='lat' dir='ltr'>illi</span> <span class='ocrx_word' id='word_1_202' title='bbox 802 934 895 971; x_wconf 86' lang='lat' dir='ltr'>pecudi</span> <span class='ocrx_word' id='word_1_203' title='bbox 911 934 997 961; x_wconf 89' lang='lat' dir='ltr'>datam</span> <span class='ocrx_word' id='word_1_204' title='bbox 1012 942 1061 968; x_wconf 90' lang='lat' dir='ltr'>pro</span> <span class='ocrx_word' id='word_1_205' title='bbox 1074 932 1142 964; x_wconf 86' lang='lat' dir='ltr'>sale,</span> <span class='ocrx_word' id='word_1_206' title='bbox 1156 939 1190 957; x_wconf 84' lang='lat' dir='ltr'>ne</span> <span class='ocrx_word' id='word_1_207' title='bbox 1205 939 1250 965; x_wconf 89' lang='lat' dir='ltr'>pu-</span> 
     </span>
     <span class='ocr_line' id='line_1_21' title="bbox 203 967 1250 1007; baseline -0.008 -7"><span class='ocrx_word' id='word_1_208' title='bbox 203 974 310 1000; x_wconf 76' lang='lat' dir='ltr'>tisceret.</span> <span class='ocrx_word' id='word_1_209' title='bbox 382 974 446 999; x_wconf 89' lang='lat' dir='ltr'>Cato</span> <span class='ocrx_word' id='word_1_210' title='bbox 460 973 490 999; x_wconf 91' lang='lat' dir='ltr'>R.</span> <span class='ocrx_word' id='word_1_211' title='bbox 501 973 531 999; x_wconf 87' lang='lat' dir='ltr'>R.</span> <span class='ocrx_word' id='word_1_212' title='bbox 547 982 567 999; x_wconf 88' lang='lat' dir='ltr'>c.</span> <span class='ocrx_word' id='word_1_213' title='bbox 581 981 594 1005; x_wconf 89' lang='grc'>3</span> <span class='ocrx_word' id='word_1_214' title='bbox 615 972 680 999; x_wconf 72' lang='lat' dir='ltr'>Olea</span> <span class='ocrx_word' id='word_1_215' title='bbox 694 972 817 1007; x_wconf 86' lang='lat' dir='ltr'>putescet.</span> <span class='ocrx_word' id='word_1_216' title='bbox 887 969 964 997; x_wconf 83' lang='lat' dir='ltr'>Idem</span> <span class='ocrx_word' id='word_1_217' title='bbox 983 978 1003 996; x_wconf 86' lang='lat' dir='ltr'>c.</span> <span class='ocrx_word' id='word_1_218' title='bbox 1019 974 1050 1002; x_wconf 84' lang='lat'>98</span> <span class='ocrx_word' id='word_1_219' title='bbox 1069 968 1198 1003; x_wconf 82' lang='lat' dir='ltr'>Ligneam</span> <span class='ocrx_word' id='word_1_220' title='bbox 1209 967 1250 993; x_wconf 85' lang='lat' dir='ltr'>su-</span> 
     </span>
     <span class='ocr_line' id='line_1_22' title="bbox 201 1006 1081 1045; baseline -0.002 -10"><span class='ocrx_word' id='word_1_221' title='bbox 201 1009 358 1045; x_wconf 72' lang='lat' dir='ltr'>pelleffilem</span> <span class='ocrx_word' id='word_1_222' title='bbox 372 1008 389 1034; x_wconf 85' lang='lat' dir='ltr'>fi</span> <span class='ocrx_word' id='word_1_223' title='bbox 404 1017 513 1043; x_wconf 81' lang='lat' dir='ltr'>vngues,</span> <span class='ocrx_word' id='word_1_224' title='bbox 526 1017 580 1034; x_wconf 91' lang='lat' dir='ltr'>non</span> <span class='ocrx_word' id='word_1_225' title='bbox 595 1008 712 1041; x_wconf 83' lang='lat' dir='ltr'>putescit.</span> <span class='ocrx_word' id='word_1_226' title='bbox 748 1007 817 1042; x_wconf 81' lang='lat' dir='ltr'>conf.</span> <span class='ocrx_word' id='word_1_227' title='bbox 837 1006 938 1033; x_wconf 85' lang='lat' dir='ltr'>Arnob.</span> <span class='ocrx_word' id='word_1_228' title='bbox 951 1013 970 1041; x_wconf 83' lang='lat'>7</span> <span class='ocrx_word' id='word_1_229' title='bbox 987 1015 1010 1040; x_wconf 91' lang='lat' dir='ltr'>p.</span> <span class='ocrx_word' id='word_1_230' title='bbox 1020 1014 1081 1039; x_wconf 86' lang='lat'>224.</span> 
     </span>
    </p>

    <p class='ocr_par' dir='ltr' id='par_1_8' title="bbox 199 1038 1252 1187">
     <span class='ocr_line' id='line_1_23' title="bbox 237 1038 1251 1079; baseline -0.005 -9"><span class='ocrx_word' id='word_1_231' title='bbox 237 1051 339 1071; x_wconf 74' lang='lat' dir='ltr'>rv&#39;ro</span> <span class='ocrx_word' id='word_1_232' title='bbox 349 1051 365 1070; x_wconf 74' lang='lat' dir='ltr'>R</span> <span class='ocrx_word' id='word_1_233' title='bbox 376 1064 384 1077; x_wconf 90' lang='lat'>,</span> <span class='ocrx_word' id='word_1_234' title='bbox 409 1045 471 1071; x_wconf 74' lang='lat' dir='ltr'>oris.</span> <span class='ocrx_word' id='word_1_235' title='bbox 498 1053 533 1070; x_wconf 88' lang='lat' dir='ltr'>m.</span> <span class='ocrx_word' id='word_1_236' title='bbox 570 1042 709 1079; x_wconf 66' lang='grc' dir='ltr'>[δυσωδὼι]</span> <span class='ocrx_word' id='word_1_237' title='bbox 745 1053 761 1070; x_wconf 84' lang='lat' dir='ltr'>a</span> <span class='ocrx_word' id='word_1_238' title='bbox 781 1044 873 1076; x_wconf 87' lang='lat' dir='ltr'>Puteo,</span> <span class='ocrx_word' id='word_1_239' title='bbox 888 1045 942 1069; x_wconf 74' lang='lat' dir='ltr'>ere.</span> <span class='ocrx_word' id='word_1_240' title='bbox 990 1043 1086 1068; x_wconf 73' lang='lat' dir='ltr'>foetor.</span> <span class='ocrx_word' id='word_1_241' title='bbox 1144 1038 1212 1066; x_wconf 90' lang='lat' dir='ltr'>Cato</span> <span class='ocrx_word' id='word_1_242' title='bbox 1226 1047 1251 1065; x_wconf 79' lang='lat' dir='ltr'>c.</span> 
     </span>
     <span class='ocr_line' id='line_1_24' title="bbox 203 1075 1250 1116; baseline -0.006 -9"><span class='ocrx_word' id='word_1_243' title='bbox 203 1088 245 1116; x_wconf 85' lang='lat'>157</span> <span class='ocrx_word' id='word_1_244' title='bbox 271 1080 357 1106; x_wconf 80' lang='lat' dir='ltr'>Postea</span> <span class='ocrx_word' id='word_1_245' title='bbox 375 1080 415 1106; x_wconf 84' lang='lat' dir='ltr'>bis</span> <span class='ocrx_word' id='word_1_246' title='bbox 433 1080 462 1106; x_wconf 91' lang='lat' dir='ltr'>in</span> <span class='ocrx_word' id='word_1_247' title='bbox 476 1079 519 1106; x_wconf 89' lang='lat' dir='ltr'>die</span> <span class='ocrx_word' id='word_1_248' title='bbox 533 1080 646 1107; x_wconf 87' lang='lat' dir='ltr'>contrita</span> <span class='ocrx_word' id='word_1_249' title='bbox 661 1079 812 1115; x_wconf 78' lang='lat' dir='ltr'>imponite,</span> <span class='ocrx_word' id='word_1_250' title='bbox 830 1088 860 1106; x_wconf 93' lang='lat' dir='ltr'>ea</span> <span class='ocrx_word' id='word_1_251' title='bbox 877 1087 986 1106; x_wconf 85' lang='lat' dir='ltr'>onmem</span> <span class='ocrx_word' id='word_1_252' title='bbox 999 1084 1124 1113; x_wconf 87' lang='lat' dir='ltr'>putorem</span> <span class='ocrx_word' id='word_1_253' title='bbox 1142 1075 1250 1103; x_wconf 79' lang='lat' dir='ltr'><strong>adimet.</strong></span> 
     </span>
     <span class='ocr_line' id='line_1_25' title="bbox 200 1111 1251 1152; baseline -0.006 -9"><span class='ocrx_word' id='word_1_254' title='bbox 200 1116 295 1152; x_wconf 86' lang='lat' dir='ltr'>Coepit</span> <span class='ocrx_word' id='word_1_255' title='bbox 307 1122 384 1151; x_wconf 87' lang='lat' dir='ltr'>putor</span> <span class='ocrx_word' id='word_1_256' title='bbox 395 1115 431 1142; x_wconf 90' lang='lat' dir='ltr'>ob</span> <span class='ocrx_word' id='word_1_257' title='bbox 445 1115 544 1142; x_wconf 85' lang='lat' dir='ltr'>imbres</span> <span class='ocrx_word' id='word_1_258' title='bbox 557 1115 757 1151; x_wconf 83' lang='lat' dir='ltr'>intempestiuos</span> <span class='ocrx_word' id='word_1_259' title='bbox 773 1115 880 1143; x_wconf 88' lang='lat' dir='ltr'>Lucret.</span> <span class='ocrx_word' id='word_1_260' title='bbox 893 1123 918 1146; x_wconf 88' lang='lat'>2,</span> <span class='ocrx_word' id='word_1_261' title='bbox 929 1120 974 1149; x_wconf 85' lang='lat'>871</span> <span class='ocrx_word' id='word_1_262' title='bbox 995 1120 1019 1140; x_wconf 79' lang='lat' dir='ltr'>et</span> <span class='ocrx_word' id='word_1_263' title='bbox 1043 1121 1100 1148; x_wconf 84' lang='lat'>927.</span> <span class='ocrx_word' id='word_1_264' title='bbox 1137 1111 1196 1138; x_wconf 78' lang='lat' dir='ltr'>add.</span> <span class='ocrx_word' id='word_1_265' title='bbox 1211 1111 1251 1138; x_wconf 85' lang='lat' dir='ltr'>Id.</span> 
     </span>
     <span class='ocr_line' id='line_1_26' title="bbox 199 1149 1252 1187; baseline -0.003 -10"><span class='ocrx_word' id='word_1_266' title='bbox 199 1156 222 1184; x_wconf 83' lang='lat'>6,</span> <span class='ocrx_word' id='word_1_267' title='bbox 238 1161 309 1185; x_wconf 87' lang='lat'>1099.</span> <span class='ocrx_word' id='word_1_268' title='bbox 351 1151 396 1179; x_wconf 79' lang='lat' dir='ltr'>Sed</span> <span class='ocrx_word' id='word_1_269' title='bbox 405 1152 492 1187; x_wconf 82' lang='lat' dir='ltr'>vbique</span> <span class='ocrx_word' id='word_1_270' title='bbox 505 1151 600 1178; x_wconf 90' lang='lat' dir='ltr'>Putror</span> <span class='ocrx_word' id='word_1_271' title='bbox 615 1152 700 1179; x_wconf 77' lang='lat' dir='ltr'>editur</span> <span class='ocrx_word' id='word_1_272' title='bbox 711 1150 792 1178; x_wconf 79' lang='lat' dir='ltr'>hodie.</span> <span class='ocrx_word' id='word_1_273' title='bbox 848 1151 890 1179; x_wconf 88' lang='lat' dir='ltr'>Sic</span> <span class='ocrx_word' id='word_1_274' title='bbox 906 1151 969 1177; x_wconf 89' lang='lat' dir='ltr'>Stat.</span> <span class='ocrx_word' id='word_1_275' title='bbox 983 1150 1049 1177; x_wconf 86' lang='lat' dir='ltr'>Silu.</span> <span class='ocrx_word' id='word_1_276' title='bbox 1065 1158 1093 1183; x_wconf 87' lang='lat'>4,</span> <span class='ocrx_word' id='word_1_277' title='bbox 1106 1157 1129 1182; x_wconf 80' lang='lat'>3,</span> <span class='ocrx_word' id='word_1_278' title='bbox 1143 1150 1176 1178; x_wconf 82' lang='lat'>86</span> <span class='ocrx_word' id='word_1_279' title='bbox 1202 1149 1252 1174; x_wconf 86' lang='lat' dir='ltr'>De-</span> 
     </span>
    </p>

    <p class='ocr_par' dir='ltr' id='par_1_9' title="bbox 198 1184 1256 1331">
     <span class='ocr_line' id='line_1_27' title="bbox 198 1184 1253 1224; baseline -0.004 -10"><span class='ocrx_word' id='word_1_280' title='bbox 198 1194 280 1222; x_wconf 78' lang='lat' dir='ltr'>terges</span> <span class='ocrx_word' id='word_1_281' title='bbox 294 1187 388 1214; x_wconf 84' lang='lat' dir='ltr'>sterilis</span> <span class='ocrx_word' id='word_1_282' title='bbox 405 1187 454 1214; x_wconf 91' lang='lat' dir='ltr'>soli</span> <span class='ocrx_word' id='word_1_283' title='bbox 469 1192 602 1221; x_wconf 88' lang='lat' dir='ltr'>putorem,</span> <span class='ocrx_word' id='word_1_284' title='bbox 616 1189 657 1215; x_wconf 83' lang='lat' dir='ltr'>vel</span> <span class='ocrx_word' id='word_1_285' title='bbox 668 1187 723 1214; x_wconf 80' lang='lat' dir='ltr'>ideo</span> <span class='ocrx_word' id='word_1_286' title='bbox 728 1185 801 1221; x_wconf 83' lang='lat' dir='ltr'>stare</span> <span class='ocrx_word' id='word_1_287' title='bbox 812 1196 862 1214; x_wconf 86' lang='lat' dir='ltr'>non</span> <span class='ocrx_word' id='word_1_288' title='bbox 871 1185 953 1224; x_wconf 69' lang='lat' dir='ltr'>potest</span> <span class='ocrx_word' id='word_1_289' title='bbox 962 1207 970 1219; x_wconf 90' lang='lat'>,</span> <span class='ocrx_word' id='word_1_290' title='bbox 984 1186 1051 1222; x_wconf 83' lang='lat' dir='ltr'>quod</span> <span class='ocrx_word' id='word_1_291' title='bbox 1060 1184 1093 1219; x_wconf 69' lang='lat' dir='ltr'>est</span> <span class='ocrx_word' id='word_1_292' title='bbox 1107 1185 1253 1212; x_wconf 82' lang='lat' dir='ltr'>Phaleucus.</span> 
     </span>
     <span class='ocr_line' id='line_1_28' title="bbox 198 1222 1256 1263; baseline -0.004 -12"><span class='ocrx_word' id='word_1_293' title='bbox 198 1224 326 1251; x_wconf 79' lang='lat' dir='ltr'>Pudorem</span> <span class='ocrx_word' id='word_1_294' title='bbox 338 1227 419 1263; x_wconf 63' lang='lat' dir='ltr'>itaque</span> <span class='ocrx_word' id='word_1_295' title='bbox 431 1222 522 1249; x_wconf 72' lang='lat' dir='ltr'>cdztur.</span> <span class='ocrx_word' id='word_1_296' title='bbox 630 1224 713 1251; x_wconf 87' lang='lat' dir='ltr'>Putor</span> <span class='ocrx_word' id='word_1_297' title='bbox 722 1222 827 1250; x_wconf 90' lang='lat' dir='ltr'>nidoris</span> <span class='ocrx_word' id='word_1_298' title='bbox 839 1223 937 1250; x_wconf 85' lang='lat' dir='ltr'>foetidi</span> <span class='ocrx_word' id='word_1_299' title='bbox 959 1222 1110 1258; x_wconf 88' lang='lat' dir='ltr'>Apul.Met.</span> <span class='ocrx_word' id='word_1_300' title='bbox 1123 1229 1142 1254; x_wconf 92' lang='lat'>4</span> <span class='ocrx_word' id='word_1_301' title='bbox 1154 1230 1180 1256; x_wconf 89' lang='lat' dir='ltr'>p.</span> <span class='ocrx_word' id='word_1_302' title='bbox 1197 1229 1256 1254; x_wconf 87' lang='lat'>¹44·</span> 
     </span>
     <span class='ocr_line' id='line_1_29' title="bbox 199 1258 1254 1294; baseline -0.004 -8"><span class='ocrx_word' id='word_1_303' title='bbox 199 1261 287 1292; x_wconf 84' lang='lat' dir='ltr'>Putor,</span> <span class='ocrx_word' id='word_1_304' title='bbox 301 1258 489 1286; x_wconf 80' lang='lat' dir='ltr'>amaritudines</span> <span class='ocrx_word' id='word_1_305' title='bbox 515 1259 623 1294; x_wconf 83' lang='lat' dir='ltr'>August.</span> <span class='ocrx_word' id='word_1_306' title='bbox 636 1260 696 1287; x_wconf 86' lang='lat' dir='ltr'>adu.</span> <span class='ocrx_word' id='word_1_307' title='bbox 712 1259 762 1286; x_wconf 90' lang='lat' dir='ltr'>Iul.</span> <span class='ocrx_word' id='word_1_308' title='bbox 777 1260 866 1294; x_wconf 85' lang='lat' dir='ltr'>Pelag.</span> <span class='ocrx_word' id='word_1_309' title='bbox 879 1268 908 1294; x_wconf 88' lang='lat'>4,</span> <span class='ocrx_word' id='word_1_310' title='bbox 928 1267 967 1294; x_wconf 88' lang='lat'>14.</span> <span class='ocrx_word' id='word_1_311' title='bbox 1074 1259 1195 1288; x_wconf 75' lang='lat' dir='ltr'>putores,</span> <span class='ocrx_word' id='word_1_312' title='bbox 1216 1258 1254 1283; x_wconf 86' lang='lat' dir='ltr'>Pl.</span> 
     </span>
     <span class='ocr_line' id='line_1_30' title="bbox 198 1293 1255 1331; baseline -0.004 -9"><span class='ocrx_word' id='word_1_313' title='bbox 198 1295 296 1323; x_wconf 90' lang='lat' dir='ltr'>Arnob.</span> <span class='ocrx_word' id='word_1_314' title='bbox 316 1303 332 1330; x_wconf 92' lang='lat'><em>7</em></span> <span class='ocrx_word' id='word_1_315' title='bbox 353 1304 377 1329; x_wconf 89' lang='lat' dir='ltr'>p.</span> <span class='ocrx_word' id='word_1_316' title='bbox 391 1303 441 1321; x_wconf 77' lang='lat'>222</span> <span class='ocrx_word' id='word_1_317' title='bbox 467 1295 557 1322; x_wconf 75' lang='lat' dir='ltr'>sintne</span> <span class='ocrx_word' id='word_1_318' title='bbox 569 1295 628 1322; x_wconf 89' lang='lat' dir='ltr'>Diis</span> <span class='ocrx_word' id='word_1_319' title='bbox 643 1297 671 1322; x_wconf 89' lang='lat' dir='ltr'>in</span> <span class='ocrx_word' id='word_1_320' title='bbox 685 1296 822 1330; x_wconf 82' lang='lat' dir='ltr'>voluptate</span> <span class='ocrx_word' id='word_1_321' title='bbox 835 1301 960 1331; x_wconf 81' lang='lat' dir='ltr'>putores,</span> <span class='ocrx_word' id='word_1_322' title='bbox 974 1303 1042 1330; x_wconf 85' lang='lat' dir='ltr'>quos</span> <span class='ocrx_word' id='word_1_323' title='bbox 1055 1303 1144 1329; x_wconf 85' lang='lat' dir='ltr'>neque</span> <span class='ocrx_word' id='word_1_324' title='bbox 1157 1293 1204 1328; x_wconf 86' lang='lat' dir='ltr'>ipli</span> <span class='ocrx_word' id='word_1_325' title='bbox 1219 1293 1255 1319; x_wconf 80' lang='lat' dir='ltr'>sa-</span> 
     </span>
    </p>
   </div>
   <div class='ocr_carea' id='block_1_3' title="bbox 842 570 1248 614">
    <p class='ocr_par' dir='ltr' id='par_1_10' title="bbox 842 570 1248 614">
     <span class='ocr_line' id='line_1_31' title="bbox 842 570 1248 614; baseline -0.027 -9"><span class='ocrx_word' id='word_1_326' title='bbox 842 576 1016 614; x_wconf 68' lang='grc' dir='ltr'>[ὗπᾶσοιπρσς]</span> <span class='ocrx_word' id='word_1_327' title='bbox 1052 570 1160 605; x_wconf 51' lang='lat' dir='ltr'>bardal.</span> <span class='ocrx_word' id='word_1_328' title='bbox 1173 578 1201 604; x_wconf 89' lang='lat'>4,</span> <span class='ocrx_word' id='word_1_329' title='bbox 1214 577 1248 596; x_wconf 82' lang='lat'>20</span> 
     </span>
    </p>
   </div>
   <div class='ocr_carea' id='block_1_4' title="bbox 197 1330 1304 1367">
    <p class='ocr_par' dir='ltr' id='par_1_11' title="bbox 197 1330 1304 1367">
     <span class='ocr_line' id='line_1_32' title="bbox 197 1330 1304 1367; baseline -0.001 -9"><span class='ocrx_word' id='word_1_330' title='bbox 197 1331 339 1358; x_wconf 81' lang='lat' dir='ltr'>criflcantes</span> <span class='ocrx_word' id='word_1_331' title='bbox 352 1331 436 1363; x_wconf 87' lang='lat' dir='ltr'>ferre,</span> <span class='ocrx_word' id='word_1_332' title='bbox 454 1339 501 1357; x_wconf 88' lang='lat' dir='ltr'>nec</span> <span class='ocrx_word' id='word_1_333' title='bbox 515 1331 646 1367; x_wconf 81' lang='lat' dir='ltr'>ingenuae</span> <span class='ocrx_word' id='word_1_334' title='bbox 667 1331 796 1359; x_wconf 90' lang='lat' dir='ltr'>sustinere</span> <span class='ocrx_word' id='word_1_335' title='bbox 814 1331 914 1359; x_wconf 62' lang='lat' dir='ltr'>tradkos</span> <span class='ocrx_word' id='word_1_336' title='bbox 932 1331 1038 1358; x_wconf 85' lang='lat' dir='ltr'>valeant</span> <span class='ocrx_word' id='word_1_337' title='bbox 1059 1338 1108 1366; x_wconf 87' lang='lat' dir='ltr'>pet</span> <span class='ocrx_word' id='word_1_338' title='bbox 1129 1330 1255 1365; x_wconf 77' lang='lat' dir='ltr'>spIritum</span> <span class='ocrx_word' id='word_1_339' title='bbox 1270 1339 1304 1363; x_wconf 84' lang='lat'>30</span> 
     </span>
    </p>
   </div>
   <div class='ocr_carea' id='block_1_5' title="bbox 187 1368 1256 2160">
    <p class='ocr_par' dir='ltr' id='par_1_12' title="bbox 198 1368 288 1394">
     <span class='ocr_line' id='line_1_33' title="bbox 198 1368 288 1394; baseline 0 0"><span class='ocrx_word' id='word_1_340' title='bbox 198 1368 288 1394; x_wconf 68' lang='lat' dir='ltr'>nares?</span> 
     </span>
    </p>

    <p class='ocr_par' dir='ltr' id='par_1_13' title="bbox 187 1400 1256 1655">
     <span class='ocr_line' id='line_1_34' title="bbox 234 1400 1256 1440; baseline -0.001 -11"><span class='ocrx_word' id='word_1_341' title='bbox 234 1409 249 1429; x_wconf 77' lang='lat'>1²</span> <span class='ocrx_word' id='word_1_342' title='bbox 260 1410 279 1428; x_wconf 93' lang='lat' dir='ltr'>v</span> <span class='ocrx_word' id='word_1_343' title='bbox 289 1400 362 1429; x_wconf 79' lang='grc' dir='ltr'>ΤΕὸ</span> <span class='ocrx_word' id='word_1_344' title='bbox 371 1409 386 1429; x_wconf 98' lang='lat' dir='ltr'>L</span> <span class='ocrx_word' id='word_1_345' title='bbox 396 1409 422 1435; x_wconf 88' lang='lat'>1,</span> <span class='ocrx_word' id='word_1_346' title='bbox 443 1405 529 1430; x_wconf 73' lang='lat' dir='ltr'>orum.</span> <span class='ocrx_word' id='word_1_347' title='bbox 551 1411 587 1429; x_wconf 88' lang='lat' dir='ltr'>m.</span> <span class='ocrx_word' id='word_1_348' title='bbox 610 1403 649 1430; x_wconf 85' lang='lat' dir='ltr'>Pl.</span> <span class='ocrx_word' id='word_1_349' title='bbox 685 1403 839 1438; x_wconf 71' lang='grc' dir='ltr'>[Ποτίολοι]</span> <span class='ocrx_word' id='word_1_350' title='bbox 877 1401 1004 1440; x_wconf 78' lang='lat' dir='ltr'><em>Oppidum</em></span> <span class='ocrx_word' id='word_1_351' title='bbox 1015 1404 1171 1429; x_wconf 80' lang='lat' dir='ltr'>maritimum</span> <span class='ocrx_word' id='word_1_352' title='bbox 1185 1402 1256 1428; x_wconf 77' lang='lat' dir='ltr'>Cam-</span> 
     </span>
     <span class='ocr_line' id='line_1_35' title="bbox 189 1436 1256 1475; baseline 0.001 -12"><span class='ocrx_word' id='word_1_353' title='bbox 189 1441 289 1474; x_wconf 78' lang='lat' dir='ltr'>paniae,</span> <span class='ocrx_word' id='word_1_354' title='bbox 307 1436 392 1464; x_wconf 69' lang='lat' dir='ltr'>oflauo</span> <span class='ocrx_word' id='word_1_355' title='bbox 408 1438 491 1473; x_wconf 75' lang='lat' dir='ltr'>lapide</span> <span class='ocrx_word' id='word_1_356' title='bbox 504 1448 520 1466; x_wconf 85' lang='lat' dir='ltr'>a</span> <span class='ocrx_word' id='word_1_357' title='bbox 539 1440 647 1475; x_wconf 75' lang='lat' dir='ltr'><em>Neapoli</em></span> <span class='ocrx_word' id='word_1_358' title='bbox 661 1437 759 1472; x_wconf 81' lang='lat' dir='ltr'>distans</span> <span class='ocrx_word' id='word_1_359' title='bbox 773 1449 823 1466; x_wconf 82' lang='lat' dir='ltr'>non</span> <span class='ocrx_word' id='word_1_360' title='bbox 831 1442 925 1475; x_wconf 73' lang='lat' dir='ltr'>procul</span> <span class='ocrx_word' id='word_1_361' title='bbox 936 1440 967 1467; x_wconf 78' lang='lat' dir='ltr'>ab</span> <span class='ocrx_word' id='word_1_362' title='bbox 981 1440 1082 1466; x_wconf 76' lang='lat' dir='ltr'>Auerno</span> <span class='ocrx_word' id='word_1_363' title='bbox 1095 1440 1167 1469; x_wconf 82' lang='lat' dir='ltr'>lacu,</span> <span class='ocrx_word' id='word_1_364' title='bbox 1183 1447 1199 1464; x_wconf 82' lang='lat' dir='ltr'>a</span> <span class='ocrx_word' id='word_1_365' title='bbox 1212 1439 1256 1465; x_wconf 76' lang='lat' dir='ltr'>Sa·</span> 
     </span>
     <span class='ocr_line' id='line_1_36' title="bbox 193 1472 1256 1512; baseline 0 -12"><span class='ocrx_word' id='word_1_366' title='bbox 193 1477 250 1500; x_wconf 81' lang='lat' dir='ltr'>miis</span> <span class='ocrx_word' id='word_1_367' title='bbox 262 1473 400 1507; x_wconf 78' lang='lat' dir='ltr'>conditum,</span> <span class='ocrx_word' id='word_1_368' title='bbox 420 1472 478 1508; x_wconf 58' lang='lat' dir='ltr'>teste</span> <span class='ocrx_word' id='word_1_369' title='bbox 493 1475 609 1511; x_wconf 82' lang='lat' dir='ltr'>Eusebio,</span> <span class='ocrx_word' id='word_1_370' title='bbox 625 1475 675 1511; x_wconf 69' lang='lat' dir='ltr'>suh</span> <span class='ocrx_word' id='word_1_371' title='bbox 686 1475 751 1501; x_wconf 70' lang='lat' dir='ltr'>idem</span> <span class='ocrx_word' id='word_1_372' title='bbox 760 1475 821 1512; x_wconf 79' lang='lat' dir='ltr'>fere</span> <span class='ocrx_word' id='word_1_373' title='bbox 837 1483 942 1512; x_wconf 80' lang='lat' dir='ltr'>tempus,</span> <span class='ocrx_word' id='word_1_374' title='bbox 963 1485 1009 1512; x_wconf 88' lang='lat' dir='ltr'>quo</span> <span class='ocrx_word' id='word_1_375' title='bbox 1026 1476 1165 1512; x_wconf 78' lang='lat' dir='ltr'>Tarquinii</span> <span class='ocrx_word' id='word_1_376' title='bbox 1176 1475 1256 1501; x_wconf 83' lang='lat' dir='ltr'>Roma</span> 
     </span>
     <span class='ocr_line' id='line_1_37' title="bbox 187 1508 1253 1548; baseline 0.002 -13"><span class='ocrx_word' id='word_1_377' title='bbox 187 1510 247 1546; x_wconf 82' lang='lat' dir='ltr'>sunt</span> <span class='ocrx_word' id='word_1_378' title='bbox 257 1508 347 1536; x_wconf 66' lang='lat' dir='ltr'>exam.</span> <span class='ocrx_word' id='word_1_379' title='bbox 443 1510 548 1537; x_wconf 83' lang='lat' dir='ltr'>Paullus</span> <span class='ocrx_word' id='word_1_380' title='bbox 570 1511 639 1538; x_wconf 86' lang='lat' dir='ltr'>Festi</span> <span class='ocrx_word' id='word_1_381' title='bbox 655 1522 662 1540; x_wconf 74' lang='lat'>⁴.</span> <span class='ocrx_word' id='word_1_382' title='bbox 690 1512 814 1538; x_wconf 80' lang='lat' dir='ltr'>Puteolos</span> <span class='ocrx_word' id='word_1_383' title='bbox 833 1511 921 1539; x_wconf 67' lang='lat' dir='ltr'>di&amp;os</span> <span class='ocrx_word' id='word_1_384' title='bbox 934 1518 1027 1548; x_wconf 87' lang='lat' dir='ltr'>putant</span> <span class='ocrx_word' id='word_1_385' title='bbox 1046 1511 1079 1538; x_wconf 92' lang='lat' dir='ltr'>ab</span> <span class='ocrx_word' id='word_1_386' title='bbox 1095 1520 1179 1547; x_wconf 90' lang='lat' dir='ltr'>aquae</span> <span class='ocrx_word' id='word_1_387' title='bbox 1192 1511 1253 1537; x_wconf 88' lang='lat' dir='ltr'>cali-</span> 
     </span>
     <span class='ocr_line' id='line_1_38' title="bbox 193 1545 1255 1583; baseline 0.003 -12"><span class='ocrx_word' id='word_1_388' title='bbox 193 1545 238 1572; x_wconf 88' lang='lat' dir='ltr'>dae</span> <span class='ocrx_word' id='word_1_389' title='bbox 252 1552 355 1579; x_wconf 84' lang='lat' dir='ltr'>putore.</span> <span class='ocrx_word' id='word_1_390' title='bbox 391 1546 508 1579; x_wconf 73' lang='lat' dir='ltr'>Qridam</span> <span class='ocrx_word' id='word_1_391' title='bbox 523 1556 538 1574; x_wconf 86' lang='lat' dir='ltr'>a</span> <span class='ocrx_word' id='word_1_392' title='bbox 552 1547 726 1574; x_wconf 86' lang='lat' dir='ltr'>multitudine</span> <span class='ocrx_word' id='word_1_393' title='bbox 735 1554 878 1583; x_wconf 85' lang='lat' dir='ltr'>puteorum</span> <span class='ocrx_word' id='word_1_394' title='bbox 892 1548 1036 1577; x_wconf 86' lang='lat' dir='ltr'>earundem</span> <span class='ocrx_word' id='word_1_395' title='bbox 1051 1556 1181 1583; x_wconf 87' lang='lat' dir='ltr'>aquarum</span> <span class='ocrx_word' id='word_1_396' title='bbox 1197 1556 1255 1582; x_wconf 81' lang='lat' dir='ltr'>gra-</span> 
     </span>
     <span class='ocr_line' id='line_1_39' title="bbox 191 1581 1255 1619; baseline 0.001 -11"><span class='ocrx_word' id='word_1_397' title='bbox 191 1581 225 1608; x_wconf 83' lang='lat' dir='ltr'>tia</span> <span class='ocrx_word' id='word_1_398' title='bbox 238 1581 379 1608; x_wconf 58' lang='lat' dir='ltr'>fastorum.</span> <span class='ocrx_word' id='word_1_399' title='bbox 425 1583 551 1619; x_wconf 76' lang='lat' dir='ltr'>Hauserat</span> <span class='ocrx_word' id='word_1_400' title='bbox 564 1582 613 1617; x_wconf 76' lang='lat' dir='ltr'>zsta</span> <span class='ocrx_word' id='word_1_401' title='bbox 632 1584 721 1611; x_wconf 77' lang='lat' dir='ltr'>Festus</span> <span class='ocrx_word' id='word_1_402' title='bbox 741 1594 770 1611; x_wconf 74' lang='lat' dir='ltr'>ex</span> <span class='ocrx_word' id='word_1_403' title='bbox 790 1585 869 1613; x_wconf 87' lang='lat' dir='ltr'>Varr.</span> <span class='ocrx_word' id='word_1_404' title='bbox 882 1584 914 1611; x_wconf 87' lang='lat' dir='ltr'>de</span> <span class='ocrx_word' id='word_1_405' title='bbox 927 1585 959 1612; x_wconf 93' lang='lat' dir='ltr'>L.</span> <span class='ocrx_word' id='word_1_406' title='bbox 972 1585 1001 1611; x_wconf 91' lang='lat' dir='ltr'>L.</span> <span class='ocrx_word' id='word_1_407' title='bbox 1014 1594 1042 1619; x_wconf 84' lang='lat'>4,</span> <span class='ocrx_word' id='word_1_408' title='bbox 1051 1592 1072 1618; x_wconf 76' lang='grc' dir='ltr'>ς.</span> <span class='ocrx_word' id='word_1_409' title='bbox 1129 1584 1255 1611; x_wconf 84' lang='lat' dir='ltr'>Dicaear-</span> 
     </span>
     <span class='ocr_line' id='line_1_40' title="bbox 190 1616 709 1655; baseline 0.008 -13"><span class='ocrx_word' id='word_1_410' title='bbox 190 1616 273 1643; x_wconf 80' lang='lat' dir='ltr'>chiam</span> <span class='ocrx_word' id='word_1_411' title='bbox 288 1618 353 1644; x_wconf 71' lang='lat' dir='ltr'>alias</span> <span class='ocrx_word' id='word_1_412' title='bbox 369 1616 464 1645; x_wconf 55' lang='lat' dir='ltr'>dicium</span> <span class='ocrx_word' id='word_1_413' title='bbox 476 1619 546 1646; x_wconf 77' lang='lat' dir='ltr'>docet</span> <span class='ocrx_word' id='word_1_414' title='bbox 561 1620 709 1655; x_wconf 75' lang='lat' dir='ltr'>Stephanus.</span> 
     </span>
    </p>

    <p class='ocr_par' dir='ltr' id='par_1_14' title="bbox 190 1655 1254 1798">
     <span class='ocr_line' id='line_1_41' title="bbox 224 1655 1252 1692; baseline 0.004 -14"><span class='ocrx_word' id='word_1_415' title='bbox 224 1659 238 1678; x_wconf 84' lang='lat' dir='ltr'>P</span> <span class='ocrx_word' id='word_1_416' title='bbox 247 1660 267 1678; x_wconf 88' lang='lat' dir='ltr'><strong>v</strong></span> <span class='ocrx_word' id='word_1_417' title='bbox 277 1659 297 1678; x_wconf 86' lang='lat' dir='ltr'>T</span> <span class='ocrx_word' id='word_1_418' title='bbox 308 1660 322 1679; x_wconf 75' lang='lat' dir='ltr'>E</span> <span class='ocrx_word' id='word_1_419' title='bbox 334 1659 353 1679; x_wconf 94' lang='grc' dir='ltr'>ο</span> <span class='ocrx_word' id='word_1_420' title='bbox 365 1660 380 1679; x_wconf 92' lang='lat' dir='ltr'>L</span> <span class='ocrx_word' id='word_1_421' title='bbox 390 1656 413 1681; x_wconf 70' lang='grc' dir='ltr'>,Αἰ</span> <span class='ocrx_word' id='word_1_422' title='bbox 423 1662 444 1681; x_wconf 82' lang='grc' dir='ltr'>Ν</span> <span class='ocrx_word' id='word_1_423' title='bbox 454 1661 475 1680; x_wconf 84' lang='grc' dir='ltr'><strong><em>ν</em></strong></span> <span class='ocrx_word' id='word_1_424' title='bbox 484 1663 506 1687; x_wconf 86' lang='lat' dir='ltr'>s,</span> <span class='ocrx_word' id='word_1_425' title='bbox 524 1665 547 1686; x_wconf 84' lang='lat' dir='ltr'>a,</span> <span class='ocrx_word' id='word_1_426' title='bbox 563 1665 617 1682; x_wconf 91' lang='lat' dir='ltr'>um.</span> <span class='ocrx_word' id='word_1_427' title='bbox 654 1656 829 1684; x_wconf 76' lang='lat' dir='ltr'>Poffessiuum.</span> <span class='ocrx_word' id='word_1_428' title='bbox 867 1655 1054 1692; x_wconf 64' lang='grc' dir='ltr'>[Ποτιῃλανδς]</span> <span class='ocrx_word' id='word_1_429' title='bbox 1110 1656 1168 1683; x_wconf 85' lang='lat' dir='ltr'>Cic.</span> <span class='ocrx_word' id='word_1_430' title='bbox 1179 1656 1252 1683; x_wconf 77' lang='lat' dir='ltr'>Fam.</span> 
     </span>
     <span class='ocr_line' id='line_1_42' title="bbox 190 1689 1252 1728; baseline 0.004 -14"><span class='ocrx_word' id='word_1_431' title='bbox 190 1698 221 1721; x_wconf 73' lang='lat'>13,</span> <span class='ocrx_word' id='word_1_432' title='bbox 235 1697 265 1724; x_wconf 86' lang='lat'>57</span> <span class='ocrx_word' id='word_1_433' title='bbox 286 1689 401 1716; x_wconf 81' lang='lat' dir='ltr'>Cluuius</span> <span class='ocrx_word' id='word_1_434' title='bbox 414 1691 573 1719; x_wconf 76' lang='lat' dir='ltr'>Puteolanus</span> <span class='ocrx_word' id='word_1_435' title='bbox 588 1692 667 1719; x_wconf 84' lang='lat' dir='ltr'>valde</span> <span class='ocrx_word' id='word_1_436' title='bbox 690 1702 733 1719; x_wconf 81' lang='lat' dir='ltr'>me</span> <span class='ocrx_word' id='word_1_437' title='bbox 749 1693 883 1720; x_wconf 88' lang='lat' dir='ltr'>obseruat.</span> <span class='ocrx_word' id='word_1_438' title='bbox 981 1694 1073 1728; x_wconf 87' lang='lat' dir='ltr'>Aquae</span> <span class='ocrx_word' id='word_1_439' title='bbox 1092 1693 1252 1720; x_wconf 82' lang='lat' dir='ltr'>Puteolanae</span> 
     </span>
     <span class='ocr_line' id='line_1_43' title="bbox 191 1724 1254 1764; baseline 0.005 -14"><span class='ocrx_word' id='word_1_440' title='bbox 191 1724 259 1751; x_wconf 85' lang='lat' dir='ltr'>Idem</span> <span class='ocrx_word' id='word_1_441' title='bbox 275 1725 389 1760; x_wconf 78' lang='lat' dir='ltr'>Philipp.</span> <span class='ocrx_word' id='word_1_442' title='bbox 404 1734 428 1757; x_wconf 84' lang='lat' dir='ltr'>z,</span> <span class='ocrx_word' id='word_1_443' title='bbox 443 1736 468 1758; x_wconf 76' lang='lat'>9.</span> <span class='ocrx_word' id='word_1_444' title='bbox 587 1728 675 1754; x_wconf 88' lang='lat' dir='ltr'>Senec.</span> <span class='ocrx_word' id='word_1_445' title='bbox 690 1728 798 1762; x_wconf 71' lang='lat' dir='ltr'>Quaest.</span> <span class='ocrx_word' id='word_1_446' title='bbox 813 1729 911 1755; x_wconf 85' lang='lat' dir='ltr'>Natur.</span> <span class='ocrx_word' id='word_1_447' title='bbox 926 1736 949 1760; x_wconf 92' lang='grc'>3,</span> <span class='ocrx_word' id='word_1_448' title='bbox 965 1737 995 1754; x_wconf 79' lang='lat'>20</span> <span class='ocrx_word' id='word_1_449' title='bbox 1020 1729 1179 1756; x_wconf 87' lang='lat' dir='ltr'>Puteolanus</span> <span class='ocrx_word' id='word_1_450' title='bbox 1195 1729 1254 1764; x_wconf 91' lang='lat' dir='ltr'>pul-</span> 
     </span>
     <span class='ocr_line' id='line_1_44' title="bbox 190 1760 1169 1798; baseline 0.003 -11"><span class='ocrx_word' id='word_1_451' title='bbox 190 1761 238 1793; x_wconf 82' lang='lat' dir='ltr'>vis,</span> <span class='ocrx_word' id='word_1_452' title='bbox 257 1760 273 1787; x_wconf 81' lang='lat' dir='ltr'>fi</span> <span class='ocrx_word' id='word_1_453' title='bbox 288 1770 385 1796; x_wconf 84' lang='lat' dir='ltr'>aquam</span> <span class='ocrx_word' id='word_1_454' title='bbox 398 1762 496 1797; x_wconf 77' lang='lat' dir='ltr'>attigit,</span> <span class='ocrx_word' id='word_1_455' title='bbox 510 1763 603 1789; x_wconf 86' lang='lat' dir='ltr'>saxum</span> <span class='ocrx_word' id='word_1_456' title='bbox 617 1764 662 1790; x_wconf 89' lang='lat' dir='ltr'>est.</span> <span class='ocrx_word' id='word_1_457' title='bbox 704 1765 743 1790; x_wconf 82' lang='lat' dir='ltr'>De</span> <span class='ocrx_word' id='word_1_458' title='bbox 755 1763 801 1789; x_wconf 82' lang='lat' dir='ltr'>boc</span> <span class='ocrx_word' id='word_1_459' title='bbox 814 1763 956 1789; x_wconf 82' lang='lat' dir='ltr'>Vitruuius</span> <span class='ocrx_word' id='word_1_460' title='bbox 963 1763 1086 1798; x_wconf 78' lang='lat' dir='ltr'>fufiffi&#39;me</span> <span class='ocrx_word' id='word_1_461' title='bbox 1106 1773 1129 1796; x_wconf 82' lang='lat'>2,</span> <span class='ocrx_word' id='word_1_462' title='bbox 1143 1767 1169 1790; x_wconf 92' lang='lat'>6.</span> 
     </span>
    </p>

    <p class='ocr_par' dir='ltr' id='par_1_15' title="bbox 189 1794 1255 2160">
     <span class='ocr_line' id='line_1_45' title="bbox 222 1794 1253 1835; baseline 0.001 -12"><span class='ocrx_word' id='word_1_463' title='bbox 222 1803 236 1823; x_wconf 81' lang='grc' dir='ltr'>Ρ</span> <span class='ocrx_word' id='word_1_464' title='bbox 247 1794 383 1830; x_wconf 61' lang='grc' dir='ltr'>ῢΤΕνε,</span> <span class='ocrx_word' id='word_1_465' title='bbox 409 1798 429 1825; x_wconf 82' lang='grc'>1.</span> <span class='ocrx_word' id='word_1_466' title='bbox 448 1807 485 1824; x_wconf 87' lang='grc'>111.</span> <span class='ocrx_word' id='word_1_467' title='bbox 523 1798 639 1835; x_wconf 71' lang='grc' dir='ltr'>[φρέαρ]</span> <span class='ocrx_word' id='word_1_468' title='bbox 675 1800 754 1825; x_wconf 82' lang='lat' dir='ltr'>Locus</span> <span class='ocrx_word' id='word_1_469' title='bbox 768 1797 878 1835; x_wconf 69' lang='lat' dir='ltr'>dc&#39;fizffitr</span> <span class='ocrx_word' id='word_1_470' title='bbox 885 1798 931 1834; x_wconf 78' lang='lat' dir='ltr'>scu</span> <span class='ocrx_word' id='word_1_471' title='bbox 945 1797 1070 1834; x_wconf 77' lang='lat' dir='ltr'>clepreffics</span> <span class='ocrx_word' id='word_1_472' title='bbox 1083 1808 1157 1824; x_wconf 83' lang='lat' dir='ltr'>manu</span> <span class='ocrx_word' id='word_1_473' title='bbox 1175 1798 1253 1825; x_wconf 85' lang='lat' dir='ltr'>homi-</span> 
     </span>
     <span class='ocr_line' id='line_1_46' title="bbox 190 1832 1254 1871; baseline 0.003 -13"><span class='ocrx_word' id='word_1_474' title='bbox 190 1842 253 1866; x_wconf 79' lang='lat' dir='ltr'>num,</span> <span class='ocrx_word' id='word_1_475' title='bbox 266 1839 295 1859; x_wconf 80' lang='lat' dir='ltr'>ot</span> <span class='ocrx_word' id='word_1_476' title='bbox 309 1833 346 1859; x_wconf 83' lang='lat' dir='ltr'>ibi</span> <span class='ocrx_word' id='word_1_477' title='bbox 360 1843 424 1869; x_wconf 79' lang='lat' dir='ltr'>aqua</span> <span class='ocrx_word' id='word_1_478' title='bbox 435 1834 584 1869; x_wconf 79' lang='lat' dir='ltr'>colligatur,</span> <span class='ocrx_word' id='word_1_479' title='bbox 597 1832 657 1871; x_wconf 59' lang='lat' dir='ltr'>Quae</span> <span class='ocrx_word' id='word_1_480' title='bbox 669 1834 771 1862; x_wconf 80' lang='lat' dir='ltr'>hauriri</span> <span class='ocrx_word' id='word_1_481' title='bbox 783 1834 851 1868; x_wconf 74' lang='lat' dir='ltr'>inde,</span> <span class='ocrx_word' id='word_1_482' title='bbox 865 1844 919 1860; x_wconf 80' lang='lat' dir='ltr'>cum</span> <span class='ocrx_word' id='word_1_483' title='bbox 934 1841 994 1869; x_wconf 77' lang='lat' dir='ltr'>opus</span> <span class='ocrx_word' id='word_1_484' title='bbox 1005 1833 1047 1867; x_wconf 68' lang='lat' dir='ltr'>est,</span> <span class='ocrx_word' id='word_1_485' title='bbox 1057 1833 1139 1870; x_wconf 75' lang='lat' dir='ltr'>pqffit.</span> <span class='ocrx_word' id='word_1_486' title='bbox 1185 1834 1254 1861; x_wconf 89' lang='lat' dir='ltr'>Plin.</span> 
     </span>
     <span class='ocr_line' id='line_1_47' title="bbox 191 1868 1255 1905; baseline -0.001 -10"><span class='ocrx_word' id='word_1_487' title='bbox 191 1878 214 1901; x_wconf 87' lang='lat' dir='ltr'>z,</span> <span class='ocrx_word' id='word_1_488' title='bbox 228 1878 256 1902; x_wconf 89' lang='lat'>97</span> <span class='ocrx_word' id='word_1_489' title='bbox 282 1868 371 1896; x_wconf 84' lang='lat' dir='ltr'>Aestus</span> <span class='ocrx_word' id='word_1_490' title='bbox 387 1869 457 1896; x_wconf 84' lang='lat' dir='ltr'>idem</span> <span class='ocrx_word' id='word_1_491' title='bbox 469 1870 562 1897; x_wconf 81' lang='lat' dir='ltr'>triduo</span> <span class='ocrx_word' id='word_1_492' title='bbox 579 1871 607 1897; x_wconf 91' lang='lat' dir='ltr'>in</span> <span class='ocrx_word' id='word_1_493' title='bbox 621 1871 711 1897; x_wconf 84' lang='lat' dir='ltr'>mense</span> <span class='ocrx_word' id='word_1_494' title='bbox 724 1870 857 1904; x_wconf 84' lang='lat' dir='ltr'>consistit,</span> <span class='ocrx_word' id='word_1_495' title='bbox 871 1871 995 1905; x_wconf 86' lang='lat' dir='ltr'>septima,</span> <span class='ocrx_word' id='word_1_496' title='bbox 1009 1871 1115 1902; x_wconf 67' lang='lat' dir='ltr'>octaua,</span> <span class='ocrx_word' id='word_1_497' title='bbox 1130 1878 1255 1904; x_wconf 80' lang='lat' dir='ltr'>nonaque</span> 
     </span>
     <span class='ocr_line' id='line_1_48' title="bbox 192 1905 1253 1942; baseline 0.001 -12"><span class='ocrx_word' id='word_1_498' title='bbox 192 1905 260 1933; x_wconf 83' lang='lat' dir='ltr'>luna.</span> <span class='ocrx_word' id='word_1_499' title='bbox 316 1905 444 1939; x_wconf 81' lang='lat' dir='ltr'>Gadibus,</span> <span class='ocrx_word' id='word_1_500' title='bbox 458 1906 506 1940; x_wconf 87' lang='lat' dir='ltr'>qui</span> <span class='ocrx_word' id='word_1_501' title='bbox 522 1906 559 1933; x_wconf 86' lang='lat' dir='ltr'>est</span> <span class='ocrx_word' id='word_1_502' title='bbox 574 1906 687 1933; x_wconf 85' lang='lat' dir='ltr'>delubro</span> <span class='ocrx_word' id='word_1_503' title='bbox 701 1907 827 1934; x_wconf 82' lang='lat' dir='ltr'>Herculis</span> <span class='ocrx_word' id='word_1_504' title='bbox 841 1907 996 1942; x_wconf 85' lang='lat' dir='ltr'>proximus,</span> <span class='ocrx_word' id='word_1_505' title='bbox 1012 1906 1073 1932; x_wconf 85' lang='lat' dir='ltr'>fons</span> <span class='ocrx_word' id='word_1_506' title='bbox 1087 1905 1204 1932; x_wconf 85' lang='lat' dir='ltr'>inclusus</span> <span class='ocrx_word' id='word_1_507' title='bbox 1220 1905 1253 1931; x_wconf 86' lang='lat' dir='ltr'>ad</span> 
     </span>
     <span class='ocr_line' id='line_1_49' title="bbox 191 1941 1254 1979; baseline 0 -12"><span class='ocrx_word' id='word_1_508' title='bbox 191 1942 260 1975; x_wconf 86' lang='lat' dir='ltr'>putei</span> <span class='ocrx_word' id='word_1_509' title='bbox 279 1942 389 1968; x_wconf 86' lang='lat' dir='ltr'>modum</span> <span class='ocrx_word' id='word_1_510' title='bbox 403 1953 408 1968; x_wconf 93' lang='lat'>:</span> <span class='ocrx_word' id='word_1_511' title='bbox 441 1942 505 1969; x_wconf 85' lang='lat' dir='ltr'>alias</span> <span class='ocrx_word' id='word_1_512' title='bbox 518 1941 593 1969; x_wconf 83' lang='lat' dir='ltr'>simul</span> <span class='ocrx_word' id='word_1_513' title='bbox 608 1953 667 1970; x_wconf 86' lang='lat' dir='ltr'>cum</span> <span class='ocrx_word' id='word_1_514' title='bbox 683 1944 792 1970; x_wconf 84' lang='lat' dir='ltr'>Oceano</span> <span class='ocrx_word' id='word_1_515' title='bbox 805 1949 932 1979; x_wconf 80' lang='lat' dir='ltr'>augetur,</span> <span class='ocrx_word' id='word_1_516' title='bbox 950 1942 1136 1978; x_wconf 88' lang='lat' dir='ltr'>minuiturque</span> <span class='ocrx_word' id='word_1_517' title='bbox 1151 1950 1157 1966; x_wconf 94' lang='lat'><strong>:</strong></span> <span class='ocrx_word' id='word_1_518' title='bbox 1189 1941 1254 1968; x_wconf 85' lang='lat' dir='ltr'>alias</span> 
     </span>
     <span class='ocr_line' id='line_1_50' title="bbox 190 1977 1254 2015; baseline -0.001 -11"><span class='ocrx_word' id='word_1_519' title='bbox 190 1986 253 2004; x_wconf 84' lang='lat' dir='ltr'>vero</span> <span class='ocrx_word' id='word_1_520' title='bbox 266 1984 410 2012; x_wconf 79' lang='lat' dir='ltr'>Vtrumque</span> <span class='ocrx_word' id='word_1_521' title='bbox 424 1979 567 2005; x_wconf 75' lang='lat' dir='ltr'>contrariis</span> <span class='ocrx_word' id='word_1_522' title='bbox 582 1979 761 2015; x_wconf 77' lang='lat' dir='ltr'>temporibus.</span> <span class='ocrx_word' id='word_1_523' title='bbox 847 1979 923 2013; x_wconf 85' lang='lat' dir='ltr'>Virg.</span> <span class='ocrx_word' id='word_1_524' title='bbox 939 1979 1037 2013; x_wconf 80' lang='lat' dir='ltr'>Georg.</span> <span class='ocrx_word' id='word_1_525' title='bbox 1053 1987 1075 2011; x_wconf 85' lang='grc'>3,</span> <span class='ocrx_word' id='word_1_526' title='bbox 1090 1987 1135 2011; x_wconf 67' lang='lat'>329</span> <span class='ocrx_word' id='word_1_527' title='bbox 1153 1977 1193 2004; x_wconf 87' lang='lat' dir='ltr'>Ad</span> <span class='ocrx_word' id='word_1_528' title='bbox 1207 1986 1254 2012; x_wconf 88' lang='lat' dir='ltr'>pu-</span> 
     </span>
     <span class='ocr_line' id='line_1_51' title="bbox 189 2014 1253 2050; baseline -0.001 -10"><span class='ocrx_word' id='word_1_529' title='bbox 189 2019 251 2044; x_wconf 79' lang='lat' dir='ltr'>teos,</span> <span class='ocrx_word' id='word_1_530' title='bbox 265 2020 310 2040; x_wconf 91' lang='lat' dir='ltr'>aut</span> <span class='ocrx_word' id='word_1_531' title='bbox 322 2015 375 2041; x_wconf 86' lang='lat' dir='ltr'>alta</span> <span class='ocrx_word' id='word_1_532' title='bbox 389 2024 481 2050; x_wconf 82' lang='lat' dir='ltr'>greges</span> <span class='ocrx_word' id='word_1_533' title='bbox 494 2014 527 2041; x_wconf 83' lang='lat' dir='ltr'>ad</span> <span class='ocrx_word' id='word_1_534' title='bbox 541 2015 629 2050; x_wconf 84' lang='lat' dir='ltr'>stagna</span> <span class='ocrx_word' id='word_1_535' title='bbox 647 2015 742 2043; x_wconf 82' lang='lat' dir='ltr'>iubeto</span> <span class='ocrx_word' id='word_1_536' title='bbox 777 2016 937 2043; x_wconf 81' lang='lat' dir='ltr'>Currentem</span> <span class='ocrx_word' id='word_1_537' title='bbox 959 2015 1051 2049; x_wconf 81' lang='lat' dir='ltr'>ilignis</span> <span class='ocrx_word' id='word_1_538' title='bbox 1072 2021 1165 2050; x_wconf 78' lang='lat' dir='ltr'>potare</span> <span class='ocrx_word' id='word_1_539' title='bbox 1177 2022 1253 2040; x_wconf 87' lang='lat' dir='ltr'>cana-</span> 
     </span>
     <span class='ocr_line' id='line_1_52' title="bbox 190 2049 1253 2086; baseline -0.001 -10"><span class='ocrx_word' id='word_1_540' title='bbox 190 2050 256 2076; x_wconf 80' lang='lat' dir='ltr'>libus</span> <span class='ocrx_word' id='word_1_541' title='bbox 268 2050 373 2078; x_wconf 84' lang='lat' dir='ltr'>vndam.</span> <span class='ocrx_word' id='word_1_542' title='bbox 445 2051 517 2078; x_wconf 86' lang='lat' dir='ltr'>Haec</span> <span class='ocrx_word' id='word_1_543' title='bbox 530 2052 632 2079; x_wconf 80' lang='lat' dir='ltr'>vtilitas</span> <span class='ocrx_word' id='word_1_544' title='bbox 642 2073 649 2085; x_wconf 83' lang='lat'><em>‚</em></span> <span class='ocrx_word' id='word_1_545' title='bbox 669 2052 732 2079; x_wconf 84' lang='lat' dir='ltr'>haec</span> <span class='ocrx_word' id='word_1_546' title='bbox 746 2052 893 2079; x_wconf 77' lang='lat' dir='ltr'>amoenitas</span> <span class='ocrx_word' id='word_1_547' title='bbox 912 2050 1037 2078; x_wconf 76' lang='lat' dir='ltr'>deficitur</span> <span class='ocrx_word' id='word_1_548' title='bbox 1052 2060 1120 2086; x_wconf 86' lang='lat' dir='ltr'>aqua</span> <span class='ocrx_word' id='word_1_549' title='bbox 1134 2049 1253 2077; x_wconf 74' lang='lat' dir='ltr'>salienti:</span> 
     </span>
     <span class='ocr_line' id='line_1_53' title="bbox 190 2085 1254 2123; baseline 0 -11"><span class='ocrx_word' id='word_1_550' title='bbox 190 2086 230 2112; x_wconf 89' lang='lat' dir='ltr'>sed</span> <span class='ocrx_word' id='word_1_551' title='bbox 249 2094 356 2121; x_wconf 84' lang='lat' dir='ltr'>puteos,</span> <span class='ocrx_word' id='word_1_552' title='bbox 377 2096 407 2114; x_wconf 87' lang='lat' dir='ltr'>ae</span> <span class='ocrx_word' id='word_1_553' title='bbox 429 2088 519 2123; x_wconf 77' lang='lat' dir='ltr'>potius</span> <span class='ocrx_word' id='word_1_554' title='bbox 540 2088 627 2115; x_wconf 83' lang='lat' dir='ltr'>fontes</span> <span class='ocrx_word' id='word_1_555' title='bbox 647 2088 744 2120; x_wconf 78' lang='lat' dir='ltr'>habet3</span> <span class='ocrx_word' id='word_1_556' title='bbox 772 2089 830 2115; x_wconf 85' lang='lat' dir='ltr'>sunt</span> <span class='ocrx_word' id='word_1_557' title='bbox 851 2089 923 2115; x_wconf 90' lang='lat' dir='ltr'>enim</span> <span class='ocrx_word' id='word_1_558' title='bbox 936 2088 965 2114; x_wconf 90' lang='lat' dir='ltr'>in</span> <span class='ocrx_word' id='word_1_559' title='bbox 979 2089 1083 2114; x_wconf 84' lang='lat' dir='ltr'>summo</span> <span class='ocrx_word' id='word_1_560' title='bbox 1102 2094 1148 2114; x_wconf 83' lang='lat' dir='ltr'>etc.</span> <span class='ocrx_word' id='word_1_561' title='bbox 1186 2085 1254 2113; x_wconf 86' lang='lat' dir='ltr'>Plin.</span> 
     </span>
     <span class='ocr_line' id='line_1_54' title="bbox 189 2122 1254 2160; baseline 0 -11"><span class='ocrx_word' id='word_1_562' title='bbox 189 2122 264 2156; x_wconf 74' lang='lat' dir='ltr'>Epist.</span> <span class='ocrx_word' id='word_1_563' title='bbox 286 2133 308 2155; x_wconf 81' lang='lat'>2,</span> <span class='ocrx_word' id='word_1_564' title='bbox 329 2132 367 2158; x_wconf 89' lang='lat'>17.</span> <span class='ocrx_word' id='word_1_565' title='bbox 469 2125 521 2151; x_wconf 85' lang='lat' dir='ltr'>Aut</span> <span class='ocrx_word' id='word_1_566' title='bbox 538 2124 600 2151; x_wconf 90' lang='lat' dir='ltr'>fons</span> <span class='ocrx_word' id='word_1_567' title='bbox 620 2125 763 2153; x_wconf 80' lang='lat' dir='ltr'>illacrimet</span> <span class='ocrx_word' id='word_1_568' title='bbox 783 2125 857 2160; x_wconf 84' lang='lat' dir='ltr'>putei</span> <span class='ocrx_word' id='word_1_569' title='bbox 877 2133 930 2151; x_wconf 88' lang='lat' dir='ltr'>non</span> <span class='ocrx_word' id='word_1_570' title='bbox 947 2123 1006 2150; x_wconf 88' lang='lat' dir='ltr'>sede</span> <span class='ocrx_word' id='word_1_571' title='bbox 1020 2123 1171 2159; x_wconf 78' lang='lat' dir='ltr'>profunda,</span> <span class='ocrx_word' id='word_1_572' title='bbox 1209 2122 1254 2149; x_wconf 87' lang='lat' dir='ltr'>Ne</span> 
     </span>
    </p>
   </div>
   <div class='ocr_carea' id='block_1_6' title="bbox 188 2158 1254 2274">
    <p class='ocr_par' dir='ltr' id='par_1_16' title="bbox 188 2158 1254 2274">
     <span class='ocr_line' id='line_1_55' title="bbox 188 2158 1252 2193; baseline 0.001 -9"><span class='ocrx_word' id='word_1_573' title='bbox 188 2159 272 2193; x_wconf 84' lang='lat' dir='ltr'>grauis</span> <span class='ocrx_word' id='word_1_574' title='bbox 287 2158 417 2186; x_wconf 84' lang='lat' dir='ltr'>hausturis</span> <span class='ocrx_word' id='word_1_575' title='bbox 437 2160 606 2188; x_wconf 84' lang='lat' dir='ltr'>tendentibus</span> <span class='ocrx_word' id='word_1_576' title='bbox 622 2161 669 2188; x_wconf 85' lang='lat' dir='ltr'>ilia</span> <span class='ocrx_word' id='word_1_577' title='bbox 682 2162 764 2188; x_wconf 81' lang='lat' dir='ltr'>vellat</span> <span class='ocrx_word' id='word_1_578' title='bbox 790 2161 923 2188; x_wconf 86' lang='lat' dir='ltr'>Columel.</span> <span class='ocrx_word' id='word_1_579' title='bbox 941 2169 978 2191; x_wconf 84' lang='lat'>10,</span> <span class='ocrx_word' id='word_1_580' title='bbox 992 2167 1031 2193; x_wconf 82' lang='lat'>25.</span> <span class='ocrx_word' id='word_1_581' title='bbox 1140 2159 1204 2186; x_wconf 87' lang='lat' dir='ltr'>Alto</span> <span class='ocrx_word' id='word_1_582' title='bbox 1220 2168 1252 2185; x_wconf 82' lang='lat' dir='ltr'>ex</span> 
     </span>
     <span class='ocr_line' id='line_1_56' title="bbox 190 2195 1254 2231; baseline 0 -10"><span class='ocrx_word' id='word_1_583' title='bbox 190 2201 265 2229; x_wconf 86' lang='lat' dir='ltr'>puteo</span> <span class='ocrx_word' id='word_1_584' title='bbox 280 2196 380 2222; x_wconf 87' lang='lat' dir='ltr'>sursum</span> <span class='ocrx_word' id='word_1_585' title='bbox 395 2195 427 2222; x_wconf 88' lang='lat' dir='ltr'>ad</span> <span class='ocrx_word' id='word_1_586' title='bbox 441 2197 574 2224; x_wconf 85' lang='lat' dir='ltr'>summum</span> <span class='ocrx_word' id='word_1_587' title='bbox 588 2197 728 2225; x_wconf 86' lang='lat' dir='ltr'>ascendere</span> <span class='ocrx_word' id='word_1_588' title='bbox 750 2197 832 2224; x_wconf 84' lang='lat' dir='ltr'>Plaut.</span> <span class='ocrx_word' id='word_1_589' title='bbox 848 2197 906 2224; x_wconf 88' lang='lat' dir='ltr'>Mil.</span> <span class='ocrx_word' id='word_1_590' title='bbox 926 2207 954 2231; x_wconf 83' lang='lat'>4,</span> <span class='ocrx_word' id='word_1_591' title='bbox 971 2205 998 2229; x_wconf 90' lang='lat'>4,</span> <span class='ocrx_word' id='word_1_592' title='bbox 1013 2205 1053 2230; x_wconf 81' lang='lat'>14.</span> <span class='ocrx_word' id='word_1_593' title='bbox 1138 2196 1254 2231; x_wconf 82' lang='lat' dir='ltr'>Capaces</span> 
     </span>
     <span class='ocr_line' id='line_1_57' title="bbox 190 2231 1254 2274; baseline 0.002 -17"><span class='ocrx_word' id='word_1_594' title='bbox 190 2233 259 2265; x_wconf 82' lang='lat' dir='ltr'>putei</span> <span class='ocrx_word' id='word_1_595' title='bbox 278 2231 360 2259; x_wconf 86' lang='lat' dir='ltr'>Ouid.</span> <span class='ocrx_word' id='word_1_596' title='bbox 373 2233 436 2258; x_wconf 86' lang='lat' dir='ltr'>Met.</span> <span class='ocrx_word' id='word_1_597' title='bbox 454 2240 482 2268; x_wconf 87' lang='lat'>7,</span> <span class='ocrx_word' id='word_1_598' title='bbox 499 2237 552 2266; x_wconf 71' lang='lat'>568.</span> <span class='ocrx_word' id='word_1_599' title='bbox 672 2235 761 2268; x_wconf 80' lang='lat' dir='ltr'>iugis,</span> <span class='ocrx_word' id='word_1_600' title='bbox 786 2233 841 2260; x_wconf 80' lang='lat' dir='ltr'>vid.</span> <span class='ocrx_word' id='word_1_601' title='bbox 861 2233 933 2274; x_wconf 74' lang='lat' dir='ltr'>Iugis</span> <span class='ocrx_word' id='word_1_602' title='bbox 954 2235 981 2259; x_wconf 75' lang='lat' dir='ltr'>in</span> <span class='ocrx_word' id='word_1_603' title='bbox 999 2238 1120 2259; x_wconf 81' lang='lat' dir='ltr'>1vGVM.</span> <span class='ocrx_word' id='word_1_604' title='bbox 1207 2232 1254 2258; x_wconf 84' lang='lat' dir='ltr'>Pa-</span> 
     </span>
    </p>
   </div>
   <div class='ocr_carea' id='block_1_7' title="bbox 160 2267 1257 2991">
    <p class='ocr_par' dir='ltr' id='par_1_17' title="bbox 160 2267 1254 2518">
     <span class='ocr_line' id='line_1_58' title="bbox 160 2267 1253 2305; baseline 0.001 -12"><span class='ocrx_word' id='word_1_605' title='bbox 160 2275 164 2277; x_wconf 55' lang='lat'><em>*</em></span> <span class='ocrx_word' id='word_1_606' title='bbox 189 2274 242 2293; x_wconf 88' lang='lat' dir='ltr'>tens</span> <span class='ocrx_word' id='word_1_607' title='bbox 262 2268 328 2296; x_wconf 86' lang='lat' dir='ltr'>Hor.</span> <span class='ocrx_word' id='word_1_608' title='bbox 342 2268 422 2303; x_wconf 79' lang='lat' dir='ltr'>Epist.</span> <span class='ocrx_word' id='word_1_609' title='bbox 443 2278 462 2299; x_wconf 72' lang='lat'>2,</span> <span class='ocrx_word' id='word_1_610' title='bbox 477 2277 500 2302; x_wconf 77' lang='lat'>2,</span> <span class='ocrx_word' id='word_1_611' title='bbox 517 2277 564 2303; x_wconf 80' lang='lat'>135.</span> <span class='ocrx_word' id='word_1_612' title='bbox 659 2269 787 2297; x_wconf 83' lang='lat' dir='ltr'>Perennis</span> <span class='ocrx_word' id='word_1_613' title='bbox 806 2276 900 2305; x_wconf 84' lang='lat' dir='ltr'>puteus</span> <span class='ocrx_word' id='word_1_614' title='bbox 920 2269 989 2304; x_wconf 83' lang='lat' dir='ltr'>iugis</span> <span class='ocrx_word' id='word_1_615' title='bbox 1005 2277 1089 2304; x_wconf 88' lang='lat' dir='ltr'>aquae</span> <span class='ocrx_word' id='word_1_616' title='bbox 1115 2267 1154 2295; x_wconf 86' lang='lat' dir='ltr'>Id.</span> <span class='ocrx_word' id='word_1_617' title='bbox 1172 2268 1253 2303; x_wconf 79' lang='lat' dir='ltr'>Epist.</span> 
     </span>
     <span class='ocr_line' id='line_1_59' title="bbox 190 2303 1253 2340; baseline 0.004 -11"><span class='ocrx_word' id='word_1_618' title='bbox 190 2311 208 2335; x_wconf 83' lang='lat'>1,</span> <span class='ocrx_word' id='word_1_619' title='bbox 223 2311 255 2336; x_wconf 83' lang='lat'>15,</span> <span class='ocrx_word' id='word_1_620' title='bbox 271 2312 304 2336; x_wconf 77' lang='grc' dir='ltr'>ις.</span> <span class='ocrx_word' id='word_1_621' title='bbox 414 2303 540 2332; x_wconf 81' lang='lat' dir='ltr'>Abiicere</span> <span class='ocrx_word' id='word_1_622' title='bbox 556 2307 581 2332; x_wconf 88' lang='lat' dir='ltr'>se</span> <span class='ocrx_word' id='word_1_623' title='bbox 596 2305 623 2332; x_wconf 88' lang='lat' dir='ltr'>in</span> <span class='ocrx_word' id='word_1_624' title='bbox 637 2312 731 2340; x_wconf 88' lang='lat' dir='ltr'>puteos</span> <span class='ocrx_word' id='word_1_625' title='bbox 751 2306 808 2333; x_wconf 88' lang='lat' dir='ltr'>Cic.</span> <span class='ocrx_word' id='word_1_626' title='bbox 823 2306 855 2333; x_wconf 87' lang='lat' dir='ltr'>dc</span> <span class='ocrx_word' id='word_1_627' title='bbox 865 2306 988 2333; x_wconf 89' lang='lat' dir='ltr'>Prouinc.</span> <span class='ocrx_word' id='word_1_628' title='bbox 1001 2305 1080 2332; x_wconf 87' lang='lat' dir='ltr'>Cons.</span> <span class='ocrx_word' id='word_1_629' title='bbox 1095 2306 1120 2331; x_wconf 89' lang='grc'>6.</span> <span class='ocrx_word' id='word_1_630' title='bbox 1185 2306 1253 2339; x_wconf 78' lang='lat' dir='ltr'>Ape-¹</span> 
     </span>
     <span class='ocr_line' id='line_1_60' title="bbox 189 2340 1251 2379; baseline 0.001 -14"><span class='ocrx_word' id='word_1_631' title='bbox 189 2341 240 2366; x_wconf 86' lang='lat' dir='ltr'>rire</span> <span class='ocrx_word' id='word_1_632' title='bbox 254 2346 373 2374; x_wconf 81' lang='lat' dir='ltr'>puteum,</span> <span class='ocrx_word' id='word_1_633' title='bbox 393 2341 521 2370; x_wconf 74' lang='lat' dir='ltr'>Excauare</span> <span class='ocrx_word' id='word_1_634' title='bbox 542 2342 649 2377; x_wconf 86' lang='lat' dir='ltr'>leian.</span> <span class='ocrx_word' id='word_1_635' title='bbox 664 2343 693 2369; x_wconf 90' lang='lat' dir='ltr'>in</span> <span class='ocrx_word' id='word_1_636' title='bbox 706 2343 722 2368; x_wconf 95' lang='lat' dir='ltr'>l.</span> <span class='ocrx_word' id='word_1_637' title='bbox 743 2342 900 2371; x_wconf 88' lang='lat' dir='ltr'>Fluminum</span> <span class='ocrx_word' id='word_1_638' title='bbox 920 2340 943 2379; x_wconf 54' lang='grc' dir='ltr'>ὖ.</span> <span class='ocrx_word' id='word_1_639' title='bbox 962 2341 1036 2368; x_wconf 82' lang='lat' dir='ltr'>finali</span> <span class='ocrx_word' id='word_1_640' title='bbox 1057 2342 1089 2368; x_wconf 91' lang='lat' dir='ltr'>D.</span> <span class='ocrx_word' id='word_1_641' title='bbox 1109 2340 1142 2367; x_wconf 90' lang='lat' dir='ltr'>de</span> <span class='ocrx_word' id='word_1_642' title='bbox 1162 2340 1251 2368; x_wconf 89' lang='lat' dir='ltr'>damn.</span> 
     </span>
     <span class='ocr_line' id='line_1_61' title="bbox 188 2375 1252 2414; baseline 0 -12"><span class='ocrx_word' id='word_1_643' title='bbox 188 2375 276 2403; x_wconf 63' lang='lat' dir='ltr'>infeci.</span> <span class='ocrx_word' id='word_1_644' title='bbox 344 2378 376 2403; x_wconf 91' lang='lat' dir='ltr'>In</span> <span class='ocrx_word' id='word_1_645' title='bbox 389 2376 472 2404; x_wconf 88' lang='lat' dir='ltr'>domo</span> <span class='ocrx_word' id='word_1_646' title='bbox 484 2387 543 2405; x_wconf 82' lang='lat' dir='ltr'>mea</span> <span class='ocrx_word' id='word_1_647' title='bbox 557 2384 669 2414; x_wconf 86' lang='lat' dir='ltr'>puteum</span> <span class='ocrx_word' id='word_1_648' title='bbox 684 2378 794 2414; x_wconf 87' lang='lat' dir='ltr'>aperio:</span> <span class='ocrx_word' id='word_1_649' title='bbox 812 2387 867 2413; x_wconf 87' lang='lat' dir='ltr'>quo</span> <span class='ocrx_word' id='word_1_650' title='bbox 880 2385 982 2414; x_wconf 85' lang='lat' dir='ltr'>apert0‚</span> <span class='ocrx_word' id='word_1_651' title='bbox 997 2386 1080 2405; x_wconf 84' lang='lat' dir='ltr'>venae</span> <span class='ocrx_word' id='word_1_652' title='bbox 1090 2377 1164 2412; x_wconf 86' lang='lat' dir='ltr'>putei</span> <span class='ocrx_word' id='word_1_653' title='bbox 1179 2385 1252 2412; x_wconf 83' lang='lat' dir='ltr'>prae-</span> 
     </span>
     <span class='ocr_line' id='line_1_62' title="bbox 189 2412 1254 2450; baseline 0 -12"><span class='ocrx_word' id='word_1_654' title='bbox 189 2412 252 2439; x_wconf 87' lang='lat' dir='ltr'>cisae</span> <span class='ocrx_word' id='word_1_655' title='bbox 266 2414 338 2444; x_wconf 80' lang='lat' dir='ltr'>sunt3</span> <span class='ocrx_word' id='word_1_656' title='bbox 358 2422 391 2440; x_wconf 86' lang='grc'>311</span> <span class='ocrx_word' id='word_1_657' title='bbox 408 2416 517 2441; x_wconf 70' lang='lat' dir='ltr'>tenear?</span> <span class='ocrx_word' id='word_1_658' title='bbox 606 2415 738 2441; x_wconf 86' lang='lat' dir='ltr'>Miserum</span> <span class='ocrx_word' id='word_1_659' title='bbox 757 2415 794 2441; x_wconf 84' lang='lat' dir='ltr'>est</span> <span class='ocrx_word' id='word_1_660' title='bbox 815 2424 882 2450; x_wconf 85' lang='lat' dir='ltr'>opus</span> <span class='ocrx_word' id='word_1_661' title='bbox 895 2414 1003 2442; x_wconf 88' lang='lat' dir='ltr'>demum</span> <span class='ocrx_word' id='word_1_662' title='bbox 1017 2413 1121 2441; x_wconf 90' lang='lat' dir='ltr'>Fodere</span> <span class='ocrx_word' id='word_1_663' title='bbox 1134 2420 1254 2448; x_wconf 83' lang='lat' dir='ltr'>puteum,</span> 
     </span>
     <span class='ocr_line' id='line_1_63' title="bbox 190 2447 815 2485; baseline 0.006 -11"><span class='ocrx_word' id='word_1_664' title='bbox 190 2447 234 2474; x_wconf 86' lang='lat' dir='ltr'>vbi</span> <span class='ocrx_word' id='word_1_665' title='bbox 250 2449 301 2476; x_wconf 79' lang='lat' dir='ltr'>litis</span> <span class='ocrx_word' id='word_1_666' title='bbox 315 2450 402 2475; x_wconf 81' lang='lat' dir='ltr'>fauces</span> <span class='ocrx_word' id='word_1_667' title='bbox 415 2457 487 2476; x_wconf 83' lang='lat' dir='ltr'>tenet</span> <span class='ocrx_word' id='word_1_668' title='bbox 510 2450 593 2478; x_wconf 86' lang='lat' dir='ltr'>Plaut.</span> <span class='ocrx_word' id='word_1_669' title='bbox 605 2450 684 2478; x_wconf 79' lang='lat' dir='ltr'>Most.</span> <span class='ocrx_word' id='word_1_670' title='bbox 699 2460 725 2485; x_wconf 89' lang='lat'>2,</span> <span class='ocrx_word' id='word_1_671' title='bbox 742 2460 761 2483; x_wconf 91' lang='lat'>1,</span> <span class='ocrx_word' id='word_1_672' title='bbox 778 2459 815 2483; x_wconf 79' lang='lat'>32.</span> 
     </span>
     <span class='ocr_line' id='line_1_64' title="bbox 191 2484 547 2518; baseline 0.006 -8"><span class='ocrx_word' id='word_1_673' title='bbox 191 2489 233 2511; x_wconf 84' lang='lat' dir='ltr'>teo</span> <span class='ocrx_word' id='word_1_674' title='bbox 252 2485 305 2512; x_wconf 88' lang='lat' dir='ltr'>Cic.</span> <span class='ocrx_word' id='word_1_675' title='bbox 320 2484 352 2511; x_wconf 91' lang='lat' dir='ltr'>de</span> <span class='ocrx_word' id='word_1_676' title='bbox 366 2485 459 2512; x_wconf 88' lang='lat' dir='ltr'>Diuin.</span> <span class='ocrx_word' id='word_1_677' title='bbox 473 2494 499 2518; x_wconf 87' lang='lat'>2,</span> <span class='ocrx_word' id='word_1_678' title='bbox 513 2494 547 2518; x_wconf 88' lang='grc'>31.</span> 
     </span>
    </p>

    <p class='ocr_par' dir='ltr' id='par_1_18' title="bbox 192 2520 1257 2739">
     <span class='ocr_line' id='line_1_65' title="bbox 225 2520 1257 2556; baseline 0 -9"><span class='ocrx_word' id='word_1_679' title='bbox 225 2526 238 2546; x_wconf 78' lang='lat'>1²</span> <span class='ocrx_word' id='word_1_680' title='bbox 248 2527 267 2545; x_wconf 81' lang='lat' dir='ltr'>v</span> <span class='ocrx_word' id='word_1_681' title='bbox 276 2527 296 2546; x_wconf 84' lang='lat' dir='ltr'>T</span> <span class='ocrx_word' id='word_1_682' title='bbox 306 2528 323 2548; x_wconf 79' lang='lat' dir='ltr'>E</span> <span class='ocrx_word' id='word_1_683' title='bbox 333 2527 353 2547; x_wconf 78' lang='lat' dir='ltr'>v</span> <span class='ocrx_word' id='word_1_684' title='bbox 362 2528 398 2553; x_wconf 82' lang='lat' dir='ltr'>M,</span> <span class='ocrx_word' id='word_1_685' title='bbox 417 2522 436 2548; x_wconf 87' lang='lat' dir='ltr'>i.</span> <span class='ocrx_word' id='word_1_686' title='bbox 458 2530 484 2548; x_wconf 89' lang='lat' dir='ltr'>n.</span> <span class='ocrx_word' id='word_1_687' title='bbox 520 2523 598 2548; x_wconf 79' lang='lat' dir='ltr'>Dixit</span> <span class='ocrx_word' id='word_1_688' title='bbox 611 2523 710 2556; x_wconf 89' lang='lat' dir='ltr'>Varro,</span> <span class='ocrx_word' id='word_1_689' title='bbox 728 2522 768 2550; x_wconf 86' lang='lat' dir='ltr'>De</span> <span class='ocrx_word' id='word_1_690' title='bbox 783 2522 860 2550; x_wconf 80' lang='lat' dir='ltr'>miris</span> <span class='ocrx_word' id='word_1_691' title='bbox 873 2523 987 2550; x_wconf 85' lang='lat' dir='ltr'>secundo</span> <span class='ocrx_word' id='word_1_692' title='bbox 1001 2522 1034 2550; x_wconf 82' lang='lat' dir='ltr'>de</span> <span class='ocrx_word' id='word_1_693' title='bbox 1048 2521 1161 2554; x_wconf 82' lang='lat' dir='ltr'>statiuis,</span> <span class='ocrx_word' id='word_1_694' title='bbox 1169 2520 1257 2556; x_wconf 78' lang='lat' dir='ltr'>aquis,</span> 
     </span>
     <span class='ocr_line' id='line_1_66' title="bbox 193 2557 1254 2595; baseline 0.002 -13"><span class='ocrx_word' id='word_1_695' title='bbox 193 2561 218 2582; x_wconf 88' lang='lat' dir='ltr'>vt</span> <span class='ocrx_word' id='word_1_696' title='bbox 239 2557 294 2583; x_wconf 80' lang='lat' dir='ltr'>sunt</span> <span class='ocrx_word' id='word_1_697' title='bbox 317 2557 402 2590; x_wconf 85' lang='lat' dir='ltr'>lacus,</span> <span class='ocrx_word' id='word_1_698' title='bbox 419 2564 444 2584; x_wconf 90' lang='lat' dir='ltr'>et</span> <span class='ocrx_word' id='word_1_699' title='bbox 465 2557 568 2592; x_wconf 84' lang='lat' dir='ltr'>stagna,</span> <span class='ocrx_word' id='word_1_700' title='bbox 589 2564 614 2585; x_wconf 86' lang='lat' dir='ltr'>et</span> <span class='ocrx_word' id='word_1_701' title='bbox 636 2565 714 2593; x_wconf 81' lang='lat' dir='ltr'>putea</span> <span class='ocrx_word' id='word_1_702' title='bbox 727 2579 733 2590; x_wconf 87' lang='lat'>‚</span> <span class='ocrx_word' id='word_1_703' title='bbox 754 2565 780 2586; x_wconf 88' lang='lat' dir='ltr'>et</span> <span class='ocrx_word' id='word_1_704' title='bbox 799 2559 899 2591; x_wconf 85' lang='lat' dir='ltr'>maria,</span> <span class='ocrx_word' id='word_1_705' title='bbox 924 2558 992 2595; x_wconf 79' lang='lat' dir='ltr'>apud</span> <span class='ocrx_word' id='word_1_706' title='bbox 1009 2559 1133 2586; x_wconf 86' lang='lat' dir='ltr'>Nonium</span> <span class='ocrx_word' id='word_1_707' title='bbox 1157 2565 1180 2590; x_wconf 86' lang='grc'>3,</span> <span class='ocrx_word' id='word_1_708' title='bbox 1205 2565 1254 2590; x_wconf 76' lang='lat'>155.</span> 
     </span>
     <span class='ocr_line' id='line_1_67' title="bbox 192 2592 1255 2626; baseline 0.001 -8"><span class='ocrx_word' id='word_1_709' title='bbox 192 2592 294 2626; x_wconf 83' lang='lat' dir='ltr'>leian.</span> <span class='ocrx_word' id='word_1_710' title='bbox 309 2594 336 2620; x_wconf 88' lang='lat' dir='ltr'>in</span> <span class='ocrx_word' id='word_1_711' title='bbox 349 2593 366 2620; x_wconf 90' lang='lat' dir='ltr'>l.</span> <span class='ocrx_word' id='word_1_712' title='bbox 380 2594 477 2621; x_wconf 88' lang='lat' dir='ltr'>Iulian.</span> <span class='ocrx_word' id='word_1_713' title='bbox 491 2594 522 2620; x_wconf 90' lang='lat' dir='ltr'>ad</span> <span class='ocrx_word' id='word_1_714' title='bbox 538 2593 619 2622; x_wconf 82' lang='lat' dir='ltr'>finem</span> <span class='ocrx_word' id='word_1_715' title='bbox 640 2595 672 2621; x_wconf 93' lang='lat' dir='ltr'>D.</span> <span class='ocrx_word' id='word_1_716' title='bbox 692 2595 724 2621; x_wconf 89' lang='lat' dir='ltr'>de</span> <span class='ocrx_word' id='word_1_717' title='bbox 741 2595 842 2622; x_wconf 72' lang='grc'>3611011.</span> <span class='ocrx_word' id='word_1_718' title='bbox 857 2602 921 2623; x_wconf 84' lang='lat' dir='ltr'>emt.</span> <span class='ocrx_word' id='word_1_719' title='bbox 935 2602 962 2623; x_wconf 88' lang='lat' dir='ltr'>et</span> <span class='ocrx_word' id='word_1_720' title='bbox 974 2595 1053 2622; x_wconf 82' lang='lat' dir='ltr'>vend.</span> <span class='ocrx_word' id='word_1_721' title='bbox 1083 2593 1201 2621; x_wconf 86' lang='lat' dir='ltr'>Aedibus</span> <span class='ocrx_word' id='word_1_722' title='bbox 1214 2593 1255 2620; x_wconf 83' lang='lat' dir='ltr'>di-</span> 
     </span>
     <span class='ocr_line' id='line_1_68' title="bbox 193 2626 1253 2668; baseline 0.002 -14"><span class='ocrx_word' id='word_1_723' title='bbox 193 2626 287 2655; x_wconf 71' lang='lat' dir='ltr'>straffls</span> <span class='ocrx_word' id='word_1_724' title='bbox 301 2629 341 2656; x_wconf 85' lang='lat' dir='ltr'>vel</span> <span class='ocrx_word' id='word_1_725' title='bbox 356 2629 456 2664; x_wconf 81' lang='lat' dir='ltr'>legatis,</span> <span class='ocrx_word' id='word_1_726' title='bbox 469 2639 499 2657; x_wconf 90' lang='lat' dir='ltr'>ea</span> <span class='ocrx_word' id='word_1_727' title='bbox 513 2631 563 2657; x_wconf 78' lang='lat' dir='ltr'>effe</span> <span class='ocrx_word' id='word_1_728' title='bbox 576 2631 681 2658; x_wconf 88' lang='lat' dir='ltr'>aedium</span> <span class='ocrx_word' id='word_1_729' title='bbox 696 2631 812 2658; x_wconf 77' lang='lat' dir='ltr'>solemus</span> <span class='ocrx_word' id='word_1_730' title='bbox 827 2631 927 2664; x_wconf 85' lang='lat' dir='ltr'>dicere,</span> <span class='ocrx_word' id='word_1_731' title='bbox 942 2640 1010 2668; x_wconf 87' lang='lat' dir='ltr'>quae</span> <span class='ocrx_word' id='word_1_732' title='bbox 1025 2630 1097 2666; x_wconf 78' lang='lat' dir='ltr'>quali</span> <span class='ocrx_word' id='word_1_733' title='bbox 1111 2639 1169 2665; x_wconf 87' lang='lat' dir='ltr'>pars</span> <span class='ocrx_word' id='word_1_734' title='bbox 1182 2629 1253 2656; x_wconf 83' lang='lat' dir='ltr'>aedi-</span> 
     </span>
     <span class='ocr_line' id='line_1_69' title="bbox 193 2666 1256 2704; baseline 0.004 -16"><span class='ocrx_word' id='word_1_735' title='bbox 193 2671 246 2696; x_wconf 86' lang='lat' dir='ltr'>um,</span> <span class='ocrx_word' id='word_1_736' title='bbox 259 2666 299 2691; x_wconf 88' lang='lat' dir='ltr'>vel</span> <span class='ocrx_word' id='word_1_737' title='bbox 313 2673 421 2701; x_wconf 82' lang='lat' dir='ltr'>propter</span> <span class='ocrx_word' id='word_1_738' title='bbox 432 2666 509 2693; x_wconf 81' lang='lat' dir='ltr'>aedes</span> <span class='ocrx_word' id='word_1_739' title='bbox 522 2666 670 2694; x_wconf 79' lang='lat' dir='ltr'>habentur:</span> <span class='ocrx_word' id='word_1_740' title='bbox 688 2673 717 2694; x_wconf 85' lang='lat' dir='ltr'>vt</span> <span class='ocrx_word' id='word_1_741' title='bbox 726 2673 788 2702; x_wconf 86' lang='lat' dir='ltr'>puta</span> <span class='ocrx_word' id='word_1_742' title='bbox 803 2668 902 2703; x_wconf 86' lang='lat' dir='ltr'>puteal.</span> <span class='ocrx_word' id='word_1_743' title='bbox 975 2669 1105 2704; x_wconf 89' lang='lat' dir='ltr'>Pompon.</span> <span class='ocrx_word' id='word_1_744' title='bbox 1119 2667 1148 2694; x_wconf 85' lang='lat' dir='ltr'>iu</span> <span class='ocrx_word' id='word_1_745' title='bbox 1161 2666 1178 2694; x_wconf 88' lang='lat' dir='ltr'>l.</span> <span class='ocrx_word' id='word_1_746' title='bbox 1192 2675 1256 2692; x_wconf 86' lang='lat' dir='ltr'>mox</span> 
     </span>
     <span class='ocr_line' id='line_1_70' title="bbox 195 2700 807 2739; baseline 0.008 -14"><span class='ocrx_word' id='word_1_747' title='bbox 195 2700 325 2735; x_wconf 86' lang='lat' dir='ltr'>sequente:</span> <span class='ocrx_word' id='word_1_748' title='bbox 346 2702 372 2728; x_wconf 87' lang='lat' dir='ltr'>id</span> <span class='ocrx_word' id='word_1_749' title='bbox 387 2703 433 2736; x_wconf 80' lang='lat' dir='ltr'>est,</span> <span class='ocrx_word' id='word_1_750' title='bbox 447 2712 503 2738; x_wconf 89' lang='lat' dir='ltr'>quo</span> <span class='ocrx_word' id='word_1_751' title='bbox 515 2709 626 2738; x_wconf 88' lang='lat' dir='ltr'>puteum</span> <span class='ocrx_word' id='word_1_752' title='bbox 641 2703 807 2739; x_wconf 81' lang='lat' dir='ltr'>cooperitur.</span> 
     </span>
    </p>

    <p class='ocr_par' dir='ltr' id='par_1_19' title="bbox 200 2735 1255 2809">
     <span class='ocr_line' id='line_1_71' title="bbox 230 2735 1255 2776; baseline 0 -11"><span class='ocrx_word' id='word_1_753' title='bbox 230 2743 273 2762; x_wconf 75' lang='lat' dir='ltr'>PV</span> <span class='ocrx_word' id='word_1_754' title='bbox 283 2745 302 2764; x_wconf 86' lang='lat' dir='ltr'>T</span> <span class='ocrx_word' id='word_1_755' title='bbox 314 2745 328 2765; x_wconf 79' lang='grc' dir='ltr'>Ε</span> <span class='ocrx_word' id='word_1_756' title='bbox 338 2740 385 2765; x_wconf 66' lang='lat' dir='ltr'>AN</span> <span class='ocrx_word' id='word_1_757' title='bbox 395 2743 448 2772; x_wconf 71' lang='lat' dir='ltr'>vs,</span> <span class='ocrx_word' id='word_1_758' title='bbox 468 2748 492 2771; x_wconf 88' lang='lat' dir='ltr'>a,</span> <span class='ocrx_word' id='word_1_759' title='bbox 511 2749 566 2766; x_wconf 92' lang='lat' dir='ltr'>um.</span> <span class='ocrx_word' id='word_1_760' title='bbox 604 2739 663 2766; x_wconf 85' lang='lat' dir='ltr'>Adi.</span> <span class='ocrx_word' id='word_1_761' title='bbox 701 2739 877 2775; x_wconf 75' lang='grc' dir='ltr'>[φριατιαῖος]</span> <span class='ocrx_word' id='word_1_762' title='bbox 913 2739 989 2776; x_wconf 74' lang='lat' dir='ltr'>Qud</span> <span class='ocrx_word' id='word_1_763' title='bbox 999 2749 1029 2766; x_wconf 81' lang='lat' dir='ltr'>ex</span> <span class='ocrx_word' id='word_1_764' title='bbox 1037 2746 1114 2776; x_wconf 78' lang='lat' dir='ltr'>puteo</span> <span class='ocrx_word' id='word_1_765' title='bbox 1126 2735 1171 2772; x_wconf 73' lang='lat' dir='ltr'>qsl,</span> <span class='ocrx_word' id='word_1_766' title='bbox 1190 2737 1255 2765; x_wconf 79' lang='lat' dir='ltr'>vnde</span> 
     </span>
     <span class='ocr_line' id='line_1_72' title="bbox 200 2771 763 2809; baseline 0.007 -11"><span class='ocrx_word' id='word_1_767' title='bbox 200 2771 295 2805; x_wconf 69' lang='lat' dir='ltr'>Aquam</span> <span class='ocrx_word' id='word_1_768' title='bbox 309 2781 444 2808; x_wconf 84' lang='lat' dir='ltr'>puteanam</span> <span class='ocrx_word' id='word_1_769' title='bbox 461 2775 569 2802; x_wconf 64' lang='lat' dir='ltr'>dte-lmus</span> <span class='ocrx_word' id='word_1_770' title='bbox 598 2776 666 2802; x_wconf 87' lang='lat' dir='ltr'>Plin.</span> <span class='ocrx_word' id='word_1_771' title='bbox 683 2785 723 2809; x_wconf 83' lang='lat'>14,</span> <span class='ocrx_word' id='word_1_772' title='bbox 738 2785 763 2809; x_wconf 92' lang='lat'>9.</span> 
     </span>
    </p>

    <p class='ocr_par' dir='ltr' id='par_1_20' title="bbox 198 2809 1256 2991">
     <span class='ocr_line' id='line_1_73' title="bbox 231 2809 1255 2847; baseline 0 -11"><span class='ocrx_word' id='word_1_773' title='bbox 231 2813 275 2847; x_wconf 33' lang='lat' dir='ltr'>‘PV</span> <span class='ocrx_word' id='word_1_774' title='bbox 285 2815 327 2836; x_wconf 72' lang='grc' dir='ltr'>ΤΕ</span> <span class='ocrx_word' id='word_1_775' title='bbox 338 2813 397 2837; x_wconf 72' lang='grc'>[11.]</span> <span class='ocrx_word' id='word_1_776' title='bbox 410 2819 433 2844; x_wconf 82' lang='lat' dir='ltr'>S,</span> <span class='ocrx_word' id='word_1_777' title='bbox 454 2821 477 2839; x_wconf 90' lang='lat' dir='ltr'>e.</span> <span class='ocrx_word' id='word_1_778' title='bbox 500 2811 561 2840; x_wconf 90' lang='lat' dir='ltr'>Adi.</span> <span class='ocrx_word' id='word_1_779' title='bbox 588 2811 737 2847; x_wconf 72' lang='grc' dir='ltr'>[φρεάτως]</span> <span class='ocrx_word' id='word_1_780' title='bbox 761 2809 1090 2847; x_wconf 66' lang='lat' dir='ltr'>Eiusdemfigrzficaeioriir.</span> <span class='ocrx_word' id='word_1_781' title='bbox 1127 2809 1210 2837; x_wconf 83' lang='lat' dir='ltr'>Ouid.</span> <span class='ocrx_word' id='word_1_782' title='bbox 1226 2809 1255 2836; x_wconf 90' lang='lat' dir='ltr'>in</span> 
     </span>
     <span class='ocr_line' id='line_1_74' title="bbox 198 2842 1253 2882; baseline -0.004 -7"><span class='ocrx_word' id='word_1_783' title='bbox 198 2842 308 2877; x_wconf 74' lang='lat' dir='ltr'>1b¹¹¹389</span> <span class='ocrx_word' id='word_1_784' title='bbox 329 2848 362 2873; x_wconf 87' lang='lat' dir='ltr'>Vt</span> <span class='ocrx_word' id='word_1_785' title='bbox 374 2857 438 2882; x_wconf 90' lang='lat' dir='ltr'>quos</span> <span class='ocrx_word' id='word_1_786' title='bbox 453 2849 507 2875; x_wconf 87' lang='lat' dir='ltr'>dux</span> <span class='ocrx_word' id='word_1_787' title='bbox 520 2849 621 2875; x_wconf 88' lang='lat' dir='ltr'>Poenus</span> <span class='ocrx_word' id='word_1_788' title='bbox 635 2848 723 2875; x_wconf 77' lang='lat' dir='ltr'>mersit</span> <span class='ocrx_word' id='word_1_789' title='bbox 739 2847 890 2882; x_wconf 85' lang='lat' dir='ltr'>putealibus</span> <span class='ocrx_word' id='word_1_790' title='bbox 906 2847 992 2873; x_wconf 72' lang='lat' dir='ltr'>vndis.</span> <span class='ocrx_word' id='word_1_791' title='bbox 1056 2846 1191 2872; x_wconf 87' lang='lat' dir='ltr'>Culumel.</span> <span class='ocrx_word' id='word_1_792' title='bbox 1201 2855 1226 2878; x_wconf 88' lang='lat'>9,</span> <span class='ocrx_word' id='word_1_793' title='bbox 1241 2854 1253 2879; x_wconf 86' lang='lat'>5</span> 
     </span>
     <span class='ocr_line' id='line_1_75' title="bbox 199 2879 1256 2920; baseline -0.001 -13"><span class='ocrx_word' id='word_1_794' title='bbox 199 2879 382 2920; x_wconf 66' lang='lat' dir='ltr'>Praeter-fluens</span> <span class='ocrx_word' id='word_1_795' title='bbox 396 2884 462 2910; x_wconf 87' lang='lat' dir='ltr'>vnda</span> <span class='ocrx_word' id='word_1_796' title='bbox 477 2885 519 2911; x_wconf 89' lang='lat' dir='ltr'>vel</span> <span class='ocrx_word' id='word_1_797' title='bbox 538 2885 659 2919; x_wconf 80' lang='lat' dir='ltr'>putealis.</span> <span class='ocrx_word' id='word_1_798' title='bbox 733 2885 825 2919; x_wconf 83' lang='lat' dir='ltr'>Aquae</span> <span class='ocrx_word' id='word_1_799' title='bbox 847 2883 952 2918; x_wconf 86' lang='lat' dir='ltr'>leian.</span> <span class='ocrx_word' id='word_1_800' title='bbox 968 2883 986 2909; x_wconf 94' lang='lat' dir='ltr'>l.</span> <span class='ocrx_word' id='word_1_801' title='bbox 1002 2891 1010 2908; x_wconf 90' lang='lat'>1</span> <span class='ocrx_word' id='word_1_802' title='bbox 1026 2879 1079 2919; x_wconf 88' lang='lat'>§.6</span> <span class='ocrx_word' id='word_1_803' title='bbox 1094 2882 1126 2907; x_wconf 91' lang='lat' dir='ltr'>D.</span> <span class='ocrx_word' id='word_1_804' title='bbox 1143 2881 1174 2907; x_wconf 87' lang='lat' dir='ltr'>de</span> <span class='ocrx_word' id='word_1_805' title='bbox 1189 2891 1256 2914; x_wconf 78' lang='lat' dir='ltr'>aqna</span> 
     </span>
     <span class='ocr_line' id='line_1_76' title="bbox 201 2915 1256 2954; baseline 0.009 -15"><span class='ocrx_word' id='word_1_806' title='bbox 201 2915 278 2942; x_wconf 79' lang='lat' dir='ltr'>cond.</span> <span class='ocrx_word' id='word_1_807' title='bbox 383 2920 475 2946; x_wconf 85' lang='lat' dir='ltr'>Limus</span> <span class='ocrx_word' id='word_1_808' title='bbox 496 2921 607 2954; x_wconf 68' lang='lat' dir='ltr'>putealis</span> <span class='ocrx_word' id='word_1_809' title='bbox 631 2920 766 2947; x_wconf 85' lang='lat' dir='ltr'>Ammian.</span> <span class='ocrx_word' id='word_1_810' title='bbox 781 2929 824 2953; x_wconf 85' lang='lat'>22,</span> <span class='ocrx_word' id='word_1_811' title='bbox 843 2922 879 2947; x_wconf 84' lang='lat'>16.</span> <span class='ocrx_word' id='word_1_812' title='bbox 988 2919 1019 2945; x_wconf 84' lang='lat' dir='ltr'>Et</span> <span class='ocrx_word' id='word_1_813' title='bbox 1039 2918 1098 2953; x_wconf 74' lang='lat' dir='ltr'>qui⁸</span> <span class='ocrx_word' id='word_1_814' title='bbox 1120 2923 1145 2944; x_wconf 66' lang='lat' dir='ltr'>le</span> <span class='ocrx_word' id='word_1_815' title='bbox 1167 2917 1256 2944; x_wconf 67' lang='lat' dir='ltr'>fitiens</span> 
     </span>
     <span class='ocr_line' id='line_1_77' title="bbox 202 2951 1255 2991; baseline -0.001 -8"><span class='ocrx_word' id='word_1_816' title='bbox 202 2951 313 2983; x_wconf 70' lang='lat' dir='ltr'>putealia</span> <span class='ocrx_word' id='word_1_817' title='bbox 326 2955 416 2988; x_wconf 85' lang='lat' dir='ltr'>pocula</span> <span class='ocrx_word' id='word_1_818' title='bbox 435 2957 520 2991; x_wconf 81' lang='lat' dir='ltr'>poscat</span> <span class='ocrx_word' id='word_1_819' title='bbox 541 2958 648 2983; x_wconf 86' lang='lat' dir='ltr'>luueuc.</span> <span class='ocrx_word' id='word_1_820' title='bbox 663 2966 689 2989; x_wconf 83' lang='lat'>2,</span> <span class='ocrx_word' id='word_1_821' title='bbox 710 2962 761 2990; x_wconf 68' lang='lat'>158.</span> <span class='ocrx_word' id='word_1_822' title='bbox 857 2956 995 2990; x_wconf 79' lang='lat' dir='ltr'>Lymphae</span> <span class='ocrx_word' id='word_1_823' title='bbox 1007 2954 1124 2990; x_wconf 80' lang='lat' dir='ltr'>puteales</span> <span class='ocrx_word' id='word_1_824' title='bbox 1149 2954 1255 2980; x_wconf 77' lang='lat' dir='ltr'>Lucret.</span> 
     </span>
    </p>
   </div>
   <div class='ocr_carea' id='block_1_8' title="bbox 203 2987 1258 3049">
    <p class='ocr_par' dir='ltr' id='par_1_21' title="bbox 203 2987 1258 3049">
     <span class='ocr_line' id='line_1_78' title="bbox 203 2987 1258 3049; baseline 0 -32"><span class='ocrx_word' id='word_1_825' title='bbox 203 2987 316 3049; x_wconf 29' lang='lat' dir='ltr'>{Egla-2·</span> <span class='ocrx_word' id='word_1_826' title='bbox 418 2993 533 3021; x_wconf 71' lang='lat' dir='ltr'>putealia</span> <span class='ocrx_word' id='word_1_827' title='bbox 546 2993 615 3028; x_wconf 71' lang='lat' dir='ltr'>signa</span> <span class='ocrx_word' id='word_1_828' title='bbox 630 2993 781 3026; x_wconf 78' lang='lat' dir='ltr'>Ciceronis,</span> <span class='ocrx_word' id='word_1_829' title='bbox 816 2992 871 3019; x_wconf 79' lang='lat' dir='ltr'>vid.</span> <span class='ocrx_word' id='word_1_830' title='bbox 890 2998 1083 3019; x_wconf 62' lang='lat' dir='ltr'>PLv&#39;rEALm</span> <span class='ocrx_word' id='word_1_831' title='bbox 1101 2989 1150 3028; x_wconf 86' lang='lat' dir='ltr'>sub</span> <span class='ocrx_word' id='word_1_832' title='bbox 1169 2996 1184 3016; x_wconf 81' lang='lat' dir='ltr'>P</span> <span class='ocrx_word' id='word_1_833' title='bbox 1197 2996 1213 3016; x_wconf 91' lang='lat' dir='ltr'>L</span> <span class='ocrx_word' id='word_1_834' title='bbox 1224 2997 1258 3017; x_wconf 82' lang='lat' dir='ltr'>v-</span> 
     </span>
    </p>
   </div>
   <div class='ocr_carea' id='block_1_9' title="bbox 913 2448 1254 2485">
    <p class='ocr_par' dir='ltr' id='par_1_22' title="bbox 913 2448 1254 2485">
     <span class='ocr_line' id='line_1_79' title="bbox 913 2448 1254 2485; baseline -0.012 -7"><span class='ocrx_word' id='word_1_835' title='bbox 913 2451 1034 2478; x_wconf 75' lang='lat' dir='ltr'>Haurire</span> <span class='ocrx_word' id='word_1_836' title='bbox 1046 2458 1144 2485; x_wconf 87' lang='lat' dir='ltr'>aquam</span> <span class='ocrx_word' id='word_1_837' title='bbox 1158 2448 1192 2475; x_wconf 91' lang='lat' dir='ltr'>de</span> <span class='ocrx_word' id='word_1_838' title='bbox 1206 2457 1254 2484; x_wconf 87' lang='lat' dir='ltr'>pu-</span> 
     </span>
    </p>
   </div>
   <div class='ocr_carea' id='block_1_10' title="bbox 205 3062 1260 3786">
    <p class='ocr_par' dir='ltr' id='par_1_23' title="bbox 205 3062 1260 3786">
     <span class='ocr_line' id='line_1_80' title="bbox 238 3062 1256 3101; baseline 0.004 -15"><span class='ocrx_word' id='word_1_839' title='bbox 238 3063 251 3083; x_wconf 76' lang='grc' dir='ltr'><strong><em>Ρ</em></strong></span> <span class='ocrx_word' id='word_1_840' title='bbox 263 3064 281 3082; x_wconf 91' lang='lat' dir='ltr'>V</span> <span class='ocrx_word' id='word_1_841' title='bbox 291 3065 310 3084; x_wconf 86' lang='lat' dir='ltr'>T</span> <span class='ocrx_word' id='word_1_842' title='bbox 320 3067 362 3087; x_wconf 73' lang='grc' dir='ltr'>ΕΛ</span> <span class='ocrx_word' id='word_1_843' title='bbox 374 3067 399 3093; x_wconf 83' lang='grc'>1.,</span> <span class='ocrx_word' id='word_1_844' title='bbox 419 3064 471 3090; x_wconf 69' lang='lat' dir='ltr'>filis.</span> <span class='ocrx_word' id='word_1_845' title='bbox 493 3074 518 3092; x_wconf 88' lang='lat' dir='ltr'>n.</span> <span class='ocrx_word' id='word_1_846' title='bbox 556 3066 674 3101; x_wconf 79' lang='lat' dir='ltr'>Exph&#39;cat</span> <span class='ocrx_word' id='word_1_847' title='bbox 693 3065 855 3099; x_wconf 73' lang='lat' dir='ltr'>Pomponius</span> <span class='ocrx_word' id='word_1_848' title='bbox 874 3064 891 3091; x_wconf 92' lang='lat'>1.</span> <span class='ocrx_word' id='word_1_849' title='bbox 909 3073 939 3097; x_wconf 91' lang='lat'>¹4</span> <span class='ocrx_word' id='word_1_850' title='bbox 952 3063 979 3090; x_wconf 82' lang='lat' dir='ltr'>ff.</span> <span class='ocrx_word' id='word_1_851' title='bbox 1000 3063 1032 3090; x_wconf 86' lang='lat' dir='ltr'>de</span> <span class='ocrx_word' id='word_1_852' title='bbox 1046 3062 1178 3090; x_wconf 66' lang='lat' dir='ltr'>adiionib.</span> <span class='ocrx_word' id='word_1_853' title='bbox 1192 3068 1256 3090; x_wconf 84' lang='lat' dir='ltr'>emt.</span> 
     </span>
     <span class='ocr_line' id='line_1_81' title="bbox 205 3094 1257 3137; baseline 0.009 -19"><span class='ocrx_word' id='word_1_854' title='bbox 205 3097 229 3119; x_wconf 87' lang='lat' dir='ltr'>et</span> <span class='ocrx_word' id='word_1_855' title='bbox 243 3094 318 3120; x_wconf 81' lang='lat' dir='ltr'>vend.</span> <span class='ocrx_word' id='word_1_856' title='bbox 339 3097 366 3123; x_wconf 91' lang='lat' dir='ltr'>ld</span> <span class='ocrx_word' id='word_1_857' title='bbox 381 3107 432 3131; x_wconf 82' lang='lat' dir='ltr'>quo</span> <span class='ocrx_word' id='word_1_858' title='bbox 446 3107 553 3134; x_wconf 89' lang='lat' dir='ltr'>puteum</span> <span class='ocrx_word' id='word_1_859' title='bbox 566 3101 699 3137; x_wconf 85' lang='lat' dir='ltr'>operitur.</span> <span class='ocrx_word' id='word_1_860' title='bbox 743 3101 823 3129; x_wconf 84' lang='lat' dir='ltr'>Gloss.</span> <span class='ocrx_word' id='word_1_861' title='bbox 837 3099 984 3137; x_wconf 65' lang='grc' dir='ltr'>περιςόμισν.</span> <span class='ocrx_word' id='word_1_862' title='bbox 1035 3100 1142 3134; x_wconf 88' lang='lat' dir='ltr'>leian.</span> <span class='ocrx_word' id='word_1_863' title='bbox 1158 3099 1175 3126; x_wconf 96' lang='lat' dir='ltr'>l.</span> <span class='ocrx_word' id='word_1_864' title='bbox 1189 3109 1213 3133; x_wconf 83' lang='lat'>13</span> <span class='ocrx_word' id='word_1_865' title='bbox 1233 3097 1257 3136; x_wconf 68' lang='lat'>6.</span> 
     </span>
     <span class='ocr_line' id='line_1_82' title="bbox 206 3129 1256 3171; baseline 0.002 -11"><span class='ocrx_word' id='word_1_866' title='bbox 206 3129 290 3169; x_wconf 25' lang='lat' dir='ltr'>vlu—ff.</span> <span class='ocrx_word' id='word_1_867' title='bbox 308 3130 339 3157; x_wconf 86' lang='lat' dir='ltr'>dc</span> <span class='ocrx_word' id='word_1_868' title='bbox 351 3133 475 3161; x_wconf 71' lang='lat' dir='ltr'>afflonib.</span> <span class='ocrx_word' id='word_1_869' title='bbox 490 3143 552 3163; x_wconf 84' lang='lat' dir='ltr'>emt.</span> <span class='ocrx_word' id='word_1_870' title='bbox 568 3145 593 3165; x_wconf 80' lang='lat' dir='ltr'>ct</span> <span class='ocrx_word' id='word_1_871' title='bbox 606 3137 683 3164; x_wconf 89' lang='lat' dir='ltr'>vend.</span> <span class='ocrx_word' id='word_1_872' title='bbox 705 3136 823 3164; x_wconf 81' lang='lat' dir='ltr'>Aedibus</span> <span class='ocrx_word' id='word_1_873' title='bbox 838 3136 970 3163; x_wconf 56' lang='lat' dir='ltr'>distractis</span> <span class='ocrx_word' id='word_1_874' title='bbox 983 3136 1026 3162; x_wconf 90' lang='lat' dir='ltr'>vel</span> <span class='ocrx_word' id='word_1_875' title='bbox 1041 3136 1150 3171; x_wconf 81' lang='lat' dir='ltr'>legatis,</span> <span class='ocrx_word' id='word_1_876' title='bbox 1165 3145 1194 3163; x_wconf 89' lang='lat' dir='ltr'>ea</span> <span class='ocrx_word' id='word_1_877' title='bbox 1208 3138 1256 3163; x_wconf 78' lang='lat' dir='ltr'>effe</span> 
     </span>
     <span class='ocr_line' id='line_1_83' title="bbox 207 3163 1257 3209; baseline 0.01 -20"><span class='ocrx_word' id='word_1_878' title='bbox 207 3163 308 3191; x_wconf 81' lang='lat' dir='ltr'>aedium</span> <span class='ocrx_word' id='word_1_879' title='bbox 323 3168 430 3196; x_wconf 82' lang='lat' dir='ltr'>solemus</span> <span class='ocrx_word' id='word_1_880' title='bbox 445 3171 547 3205; x_wconf 86' lang='lat' dir='ltr'>dicere,</span> <span class='ocrx_word' id='word_1_881' title='bbox 568 3183 635 3208; x_wconf 81' lang='lat' dir='ltr'>quae</span> <span class='ocrx_word' id='word_1_882' title='bbox 649 3173 719 3209; x_wconf 82' lang='lat' dir='ltr'>quali</span> <span class='ocrx_word' id='word_1_883' title='bbox 735 3182 793 3208; x_wconf 86' lang='lat' dir='ltr'>pars</span> <span class='ocrx_word' id='word_1_884' title='bbox 807 3173 929 3205; x_wconf 86' lang='lat' dir='ltr'>aedium,</span> <span class='ocrx_word' id='word_1_885' title='bbox 944 3173 986 3199; x_wconf 89' lang='lat' dir='ltr'>vel</span> <span class='ocrx_word' id='word_1_886' title='bbox 999 3179 1108 3208; x_wconf 86' lang='lat' dir='ltr'>propter</span> <span class='ocrx_word' id='word_1_887' title='bbox 1122 3172 1198 3199; x_wconf 76' lang='lat' dir='ltr'>aedes</span> <span class='ocrx_word' id='word_1_888' title='bbox 1214 3173 1257 3199; x_wconf 85' lang='lat' dir='ltr'>ha-</span> 
     </span>
     <span class='ocr_line' id='line_1_84' title="bbox 205 3198 1258 3245; baseline 0.002 -12"><span class='ocrx_word' id='word_1_889' title='bbox 205 3198 308 3234; x_wconf 58' lang='lat' dir='ltr'>bemus,</span> <span class='ocrx_word' id='word_1_890' title='bbox 322 3210 347 3230; x_wconf 74' lang='lat' dir='ltr'>Vt</span> <span class='ocrx_word' id='word_1_891' title='bbox 361 3206 460 3239; x_wconf 78' lang='lat' dir='ltr'>puteal,</span> <span class='ocrx_word' id='word_1_892' title='bbox 481 3209 544 3243; x_wconf 71' lang='lat' dir='ltr'>quod</span> <span class='ocrx_word' id='word_1_893' title='bbox 555 3219 640 3236; x_wconf 70' lang='lat' dir='ltr'>nomm</span> <span class='ocrx_word' id='word_1_894' title='bbox 652 3209 739 3237; x_wconf 61' lang='lat' dir='ltr'>deinde</span> <span class='ocrx_word' id='word_1_895' title='bbox 753 3211 883 3245; x_wconf 81' lang='lat' dir='ltr'>Pomponii</span> <span class='ocrx_word' id='word_1_896' title='bbox 896 3209 995 3241; x_wconf 76' lang='lat' dir='ltr'>uerbis,</span> <span class='ocrx_word' id='word_1_897' title='bbox 1010 3218 1070 3245; x_wconf 73' lang='lat' dir='ltr'>quae</span> <span class='ocrx_word' id='word_1_898' title='bbox 1085 3209 1205 3242; x_wconf 72' lang='lat' dir='ltr'>dedimus,</span> <span class='ocrx_word' id='word_1_899' title='bbox 1219 3209 1258 3235; x_wconf 70' lang='lat' dir='ltr'>dc.</span> 
     </span>
     <span class='ocr_line' id='line_1_85' title="bbox 206 3237 1257 3282; baseline 0.01 -21"><span class='ocrx_word' id='word_1_900' title='bbox 206 3237 321 3264; x_wconf 53' lang='lat' dir='ltr'>clm-«mir.</span> <span class='ocrx_word' id='word_1_901' title='bbox 363 3239 401 3272; x_wconf 70' lang='lat' dir='ltr'>Eli</span> <span class='ocrx_word' id='word_1_902' title='bbox 415 3245 495 3278; x_wconf 69' lang='lat' dir='ltr'>igitur</span> <span class='ocrx_word' id='word_1_903' title='bbox 509 3246 598 3272; x_wconf 76' lang='lat' dir='ltr'>loricae</span> <span class='ocrx_word' id='word_1_904' title='bbox 609 3255 700 3282; x_wconf 78' lang='lat' dir='ltr'>genus,</span> <span class='ocrx_word' id='word_1_905' title='bbox 715 3254 761 3280; x_wconf 85' lang='lat' dir='ltr'>quo</span> <span class='ocrx_word' id='word_1_906' title='bbox 773 3253 864 3282; x_wconf 79' lang='lat' dir='ltr'>puteus</span> <span class='ocrx_word' id='word_1_907' title='bbox 879 3248 1001 3278; x_wconf 76' lang='lat' dir='ltr'>munitur,</span> <span class='ocrx_word' id='word_1_908' title='bbox 1016 3254 1046 3271; x_wconf 74' lang='lat' dir='ltr'>ne</span> <span class='ocrx_word' id='word_1_909' title='bbox 1061 3245 1130 3272; x_wconf 82' lang='lat' dir='ltr'>homo</span> <span class='ocrx_word' id='word_1_910' title='bbox 1144 3247 1184 3272; x_wconf 71' lang='lat' dir='ltr'>ve!</span> <span class='ocrx_word' id='word_1_911' title='bbox 1202 3249 1257 3272; x_wconf 80' lang='lat' dir='ltr'>cmi-</span> 
     </span>
     <span class='ocr_line' id='line_1_86' title="bbox 207 3274 1256 3320; baseline 0.012 -25"><span class='ocrx_word' id='word_1_912' title='bbox 207 3274 256 3296; x_wconf 69' lang='lat' dir='ltr'>mnl</span> <span class='ocrx_word' id='word_1_913' title='bbox 270 3280 305 3312; x_wconf 62' lang='grc'>1111</span> <span class='ocrx_word' id='word_1_914' title='bbox 314 3274 393 3308; x_wconf 68' lang='lat' dir='ltr'>faede</span> <span class='ocrx_word' id='word_1_915' title='bbox 406 3279 510 3305; x_wconf 75' lang='lat' dir='ltr'>incidat.</span> <span class='ocrx_word' id='word_1_916' title='bbox 709 3281 729 3320; x_wconf 57' lang='lat' dir='ltr'><strong>ff</strong></span> <span class='ocrx_word' id='word_1_917' title='bbox 754 3291 765 3308; x_wconf 87' lang='lat'><em>2</em></span> <span class='ocrx_word' id='word_1_918' title='bbox 804 3283 884 3308; x_wconf 83' lang='lat' dir='ltr'>Erant</span> <span class='ocrx_word' id='word_1_919' title='bbox 899 3288 978 3316; x_wconf 72' lang='lat' dir='ltr'>porro</span> <span class='ocrx_word' id='word_1_920' title='bbox 992 3282 1081 3307; x_wconf 74' lang='lat' dir='ltr'>Romae</span> <span class='ocrx_word' id='word_1_921' title='bbox 1094 3282 1189 3308; x_wconf 73' lang='lat' dir='ltr'>nobilia</span> <span class='ocrx_word' id='word_1_922' title='bbox 1209 3282 1256 3308; x_wconf 73' lang='lat' dir='ltr'>duo</span> 
     </span>
     <span class='ocr_line' id='line_1_87' title="bbox 208 3307 1256 3354; baseline 0.005 -14"><span class='ocrx_word' id='word_1_923' title='bbox 208 3307 327 3340; x_wconf 49' lang='lat' dir='ltr'>pute-³¹¹2]-</span> <span class='ocrx_word' id='word_1_924' title='bbox 357 3313 405 3352; x_wconf 13' lang='lat' dir='ltr'>&gt;De</span> <span class='ocrx_word' id='word_1_925' title='bbox 417 3322 465 3339; x_wconf 82' lang='lat' dir='ltr'>vno</span> <span class='ocrx_word' id='word_1_926' title='bbox 485 3315 541 3354; x_wconf 70' lang='lat' dir='ltr'>Cie3</span> <span class='ocrx_word' id='word_1_927' title='bbox 556 3315 587 3342; x_wconf 83' lang='lat' dir='ltr'>de</span> <span class='ocrx_word' id='word_1_928' title='bbox 602 3317 694 3344; x_wconf 89' lang='lat' dir='ltr'>Diuin.</span> <span class='ocrx_word' id='word_1_929' title='bbox 710 3327 729 3349; x_wconf 91' lang='lat'>1,</span> <span class='ocrx_word' id='word_1_930' title='bbox 742 3326 768 3351; x_wconf 86' lang='grc'>33</span> <span class='ocrx_word' id='word_1_931' title='bbox 783 3327 804 3344; x_wconf 90' lang='lat' dir='ltr'>c.</span> <span class='ocrx_word' id='word_1_932' title='bbox 820 3327 843 3350; x_wconf 86' lang='lat'>¹7</span> <span class='ocrx_word' id='word_1_933' title='bbox 862 3324 916 3344; x_wconf 82' lang='lat' dir='ltr'>cum</span> <span class='ocrx_word' id='word_1_934' title='bbox 931 3316 1054 3350; x_wconf 61' lang='lat' dir='ltr'>narraffioe</span> <span class='ocrx_word' id='word_1_935' title='bbox 1067 3317 1197 3347; x_wconf 75' lang='lat' dir='ltr'>hilleriam</span> <span class='ocrx_word' id='word_1_936' title='bbox 1213 3319 1256 3345; x_wconf 79' lang='lat' dir='ltr'>Co-</span> 
     </span>
     <span class='ocr_line' id='line_1_88' title="bbox 208 3344 1257 3387; baseline 0.014 -21"><span class='ocrx_word' id='word_1_937' title='bbox 208 3349 240 3367; x_wconf 79' lang='lat' dir='ltr'>m</span> <span class='ocrx_word' id='word_1_938' title='bbox 255 3344 283 3383; x_wconf 56' lang='lat' dir='ltr'>als</span> <span class='ocrx_word' id='word_1_939' title='bbox 301 3346 470 3387; x_wconf 29' lang='lat' dir='ltr'>Amolqu&#39;auio</span> <span class='ocrx_word' id='word_1_940' title='bbox 488 3350 511 3375; x_wconf 71' lang='lat'>&lt;11</span> <span class='ocrx_word' id='word_1_941' title='bbox 534 3350 613 3383; x_wconf 59' lang='lat' dir='ltr'>etiae,</span> <span class='ocrx_word' id='word_1_942' title='bbox 640 3355 734 3381; x_wconf 84' lang='lat' dir='ltr'>Cotem</span> <span class='ocrx_word' id='word_1_943' title='bbox 752 3360 841 3381; x_wconf 87' lang='lat' dir='ltr'>autem</span> <span class='ocrx_word' id='word_1_944' title='bbox 862 3353 936 3380; x_wconf 84' lang='lat' dir='ltr'>illam</span> <span class='ocrx_word' id='word_1_945' title='bbox 949 3358 975 3379; x_wconf 84' lang='lat' dir='ltr'>et</span> <span class='ocrx_word' id='word_1_946' title='bbox 993 3354 1151 3380; x_wconf 85' lang='lat' dir='ltr'>nouaculam</span> <span class='ocrx_word' id='word_1_947' title='bbox 1171 3353 1257 3381; x_wconf 78' lang='lat' dir='ltr'>defos-</span> 
     </span>
     <span class='ocr_line' id='line_1_89' title="bbox 210 3378 1258 3427; baseline 0.013 -25"><span class='ocrx_word' id='word_1_948' title='bbox 210 3378 261 3419; x_wconf 81' lang='lat' dir='ltr'>sam</span> <span class='ocrx_word' id='word_1_949' title='bbox 276 3387 302 3404; x_wconf 82' lang='lat' dir='ltr'>in</span> <span class='ocrx_word' id='word_1_950' title='bbox 316 3388 441 3415; x_wconf 79' lang='lat' dir='ltr'>comitio,</span> <span class='ocrx_word' id='word_1_951' title='bbox 455 3385 581 3421; x_wconf 78' lang='lat' dir='ltr'>supraque</span> <span class='ocrx_word' id='word_1_952' title='bbox 598 3387 748 3423; x_wconf 83' lang='lat' dir='ltr'>impolitum</span> <span class='ocrx_word' id='word_1_953' title='bbox 769 3389 857 3424; x_wconf 86' lang='lat' dir='ltr'>puteal</span> <span class='ocrx_word' id='word_1_954' title='bbox 870 3390 1018 3424; x_wconf 81' lang='lat' dir='ltr'>accepimus</span> <span class='ocrx_word' id='word_1_955' title='bbox 1032 3399 1037 3415; x_wconf 88' lang='lat'><strong>:</strong></span> <span class='ocrx_word' id='word_1_956' title='bbox 1075 3393 1093 3416; x_wconf 90' lang='lat' dir='ltr'>i.</span> <span class='ocrx_word' id='word_1_957' title='bbox 1112 3389 1258 3427; x_wconf 74' lang='lat' dir='ltr'>suggestum</span> 
     </span>
     <span class='ocr_line' id='line_1_90' title="bbox 210 3413 1259 3462; baseline 0.012 -26"><span class='ocrx_word' id='word_1_958' title='bbox 210 3413 327 3453; x_wconf 54' lang='lat' dir='ltr'>lapideum</span> <span class='ocrx_word' id='word_1_959' title='bbox 339 3425 431 3450; x_wconf 74' lang='lat' dir='ltr'>cauum,</span> <span class='ocrx_word' id='word_1_960' title='bbox 446 3421 510 3454; x_wconf 70' lang='lat' dir='ltr'>quod</span> <span class='ocrx_word' id='word_1_961' title='bbox 522 3422 643 3451; x_wconf 63' lang='lat' dir='ltr'>indicaret</span> <span class='ocrx_word' id='word_1_962' title='bbox 654 3425 695 3451; x_wconf 69' lang='lat' dir='ltr'>hic</span> <span class='ocrx_word' id='word_1_963' title='bbox 709 3426 807 3462; x_wconf 69' lang='lat' dir='ltr'>aliquid</span> <span class='ocrx_word' id='word_1_964' title='bbox 820 3425 864 3460; x_wconf 73' lang='lat' dir='ltr'>tffe</span> <span class='ocrx_word' id='word_1_965' title='bbox 881 3424 1015 3461; x_wconf 65' lang='lat' dir='ltr'>dijoſjum,</span> <span class='ocrx_word' id='word_1_966' title='bbox 1028 3426 1208 3462; x_wconf 72' lang='lat' dir='ltr'>quodpropter</span> <span class='ocrx_word' id='word_1_967' title='bbox 1221 3436 1259 3454; x_wconf 83' lang='lat' dir='ltr'>re.</span> 
     </span>
     <span class='ocr_line' id='line_1_91' title="bbox 209 3448 1258 3496; baseline 0.016 -25"><span class='ocrx_word' id='word_1_968' title='bbox 209 3448 325 3489; x_wconf 57' lang='lat' dir='ltr'>lrgmucut</span> <span class='ocrx_word' id='word_1_969' title='bbox 338 3452 436 3495; x_wconf 56' lang='lat' dir='ltr'>auferre</span> <span class='ocrx_word' id='word_1_970' title='bbox 451 3464 497 3480; x_wconf 81' lang='lat' dir='ltr'>non</span> <span class='ocrx_word' id='word_1_971' title='bbox 511 3458 604 3495; x_wconf 66' lang='lat' dir='ltr'>liceret.</span> <span class='ocrx_word' id='word_1_972' title='bbox 647 3460 732 3493; x_wconf 76' lang='grc' dir='ltr'>Βωμᾶν</span> <span class='ocrx_word' id='word_1_973' title='bbox 749 3469 820 3488; x_wconf 73' lang='lat' dir='ltr'>com!</span> <span class='ocrx_word' id='word_1_974' title='bbox 834 3472 885 3488; x_wconf 74' lang='lat' dir='ltr'>mm</span> <span class='ocrx_word' id='word_1_975' title='bbox 892 3461 1068 3496; x_wconf 58' lang='lat' dir='ltr'>structuram,</span> <span class='ocrx_word' id='word_1_976' title='bbox 1100 3463 1124 3488; x_wconf 77' lang='lat' dir='ltr'>h.</span> <span class='ocrx_word' id='word_1_977' title='bbox 1147 3472 1166 3489; x_wconf 83' lang='lat' dir='ltr'>e.</span> <span class='ocrx_word' id='word_1_978' title='bbox 1186 3473 1258 3490; x_wconf 83' lang='lat' dir='ltr'>aram</span> 
     </span>
     <span class='ocr_line' id='line_1_92' title="bbox 210 3484 1255 3534; baseline 0.009 -18"><span class='ocrx_word' id='word_1_979' title='bbox 210 3484 342 3526; x_wconf 54' lang='lat' dir='ltr'>D‘P&#39;UJsffff</span> <span class='ocrx_word' id='word_1_980' title='bbox 359 3488 568 3524; x_wconf 67' lang='lat' dir='ltr'>ls³l¹c⁴³²&#39;’fflffi&#39;¹¹5‚</span> <span class='ocrx_word' id='word_1_981' title='bbox 598 3496 640 3529; x_wconf 75' lang='lat' dir='ltr'>qui</span> <span class='ocrx_word' id='word_1_982' title='bbox 657 3505 760 3524; x_wconf 74' lang='lat' dir='ltr'>enarrat</span> <span class='ocrx_word' id='word_1_983' title='bbox 777 3497 907 3531; x_wconf 71' lang='lat' dir='ltr'>historiam</span> <span class='ocrx_word' id='word_1_984' title='bbox 926 3500 1034 3534; x_wconf 83' lang='lat' dir='ltr'>Antiqu.</span> <span class='ocrx_word' id='word_1_985' title='bbox 1049 3508 1066 3533; x_wconf 80' lang='lat'><em>4</em></span> <span class='ocrx_word' id='word_1_986' title='bbox 1083 3504 1112 3534; x_wconf 80' lang='lat' dir='ltr'>p.</span> <span class='ocrx_word' id='word_1_987' title='bbox 1127 3508 1173 3532; x_wconf 77' lang='lat'>204</span> <span class='ocrx_word' id='word_1_988' title='bbox 1193 3499 1255 3525; x_wconf 76' lang='lat' dir='ltr'>med.</span> 
     </span>
     <span class='ocr_line' id='line_1_93' title="bbox 211 3518 1258 3569; baseline 0.016 -24"><span class='ocrx_word' id='word_1_989' title='bbox 211 3526 252 3552; x_wconf 80' lang='lat' dir='ltr'>qu!</span> <span class='ocrx_word' id='word_1_990' title='bbox 267 3518 337 3545; x_wconf 57' lang='lat' dir='ltr'>amm</span> <span class='ocrx_word' id='word_1_991' title='bbox 354 3523 438 3557; x_wconf 72' lang='grc' dir='ltr'>Φρέαρ,</span> <span class='ocrx_word' id='word_1_992' title='bbox 469 3528 486 3551; x_wconf 87' lang='grc' dir='ltr'>ι’.</span> <span class='ocrx_word' id='word_1_993' title='bbox 508 3534 607 3560; x_wconf 72' lang='lat' dir='ltr'>prmum</span> <span class='ocrx_word' id='word_1_994' title='bbox 619 3535 704 3557; x_wconf 74' lang='lat' dir='ltr'>vocari</span> <span class='ocrx_word' id='word_1_995' title='bbox 719 3533 787 3559; x_wconf 83' lang='lat' dir='ltr'>illum</span> <span class='ocrx_word' id='word_1_996' title='bbox 801 3535 879 3561; x_wconf 75' lang='lat' dir='ltr'>locum</span> <span class='ocrx_word' id='word_1_997' title='bbox 896 3545 911 3562; x_wconf 81' lang='lat' dir='ltr'>a</span> <span class='ocrx_word' id='word_1_998' title='bbox 925 3535 1054 3561; x_wconf 78' lang='lat' dir='ltr'>Romanie.</span> <span class='ocrx_word' id='word_1_999' title='bbox 1101 3535 1195 3569; x_wconf 75' lang='lat' dir='ltr'>Nempe</span> <span class='ocrx_word' id='word_1_1000' title='bbox 1208 3536 1258 3561; x_wconf 82' lang='lat' dir='ltr'>Pu-</span> 
     </span>
     <span class='ocr_line' id='line_1_94' title="bbox 212 3557 1260 3606; baseline 0.019 -28"><span class='ocrx_word' id='word_1_1001' title='bbox 212 3557 416 3602; x_wconf 32' lang='lat' dir='ltr'>temn&#39;snrellemt</span> <span class='ocrx_word' id='word_1_1002' title='bbox 425 3567 472 3593; x_wconf 74' lang='lat' dir='ltr'>pro</span> <span class='ocrx_word' id='word_1_1003' title='bbox 488 3562 598 3601; x_wconf 72' lang='lat' dir='ltr'>puteali:</span> <span class='ocrx_word' id='word_1_1004' title='bbox 620 3572 642 3590; x_wconf 75' lang='lat' dir='ltr'>ct</span> <span class='ocrx_word' id='word_1_1005' title='bbox 657 3567 741 3594; x_wconf 86' lang='lat' dir='ltr'>Puteal</span> <span class='ocrx_word' id='word_1_1006' title='bbox 749 3569 918 3606; x_wconf 75' lang='lat' dir='ltr'>fimefignum</span> <span class='ocrx_word' id='word_1_1007' title='bbox 931 3573 1004 3606; x_wconf 78' lang='lat' dir='ltr'>putei</span> <span class='ocrx_word' id='word_1_1008' title='bbox 1015 3568 1058 3603; x_wconf 66' lang='lat' dir='ltr'>qsl.</span> <span class='ocrx_word' id='word_1_1009' title='bbox 1101 3570 1190 3597; x_wconf 84' lang='lat' dir='ltr'>Puteal</span> <span class='ocrx_word' id='word_1_1010' title='bbox 1211 3574 1220 3596; x_wconf 86' lang='grc' dir='ltr'>ι·</span> <span class='ocrx_word' id='word_1_1011' title='bbox 1239 3575 1260 3598; x_wconf 87' lang='lat' dir='ltr'>i-</span> 
     </span>
     <span class='ocr_line' id='line_1_95' title="bbox 211 3593 1257 3642; baseline 0.009 -16"><span class='ocrx_word' id='word_1_1012' title='bbox 211 3595 254 3614; x_wconf 75' lang='lat'><em>&#39;¹¹&#39;&#39;</em></span> <span class='ocrx_word' id='word_1_1013' title='bbox 272 3599 300 3614; x_wconf 49' lang='grc' dir='ltr'>θ’*</span> <span class='ocrx_word' id='word_1_1014' title='bbox 327 3593 393 3629; x_wconf 60' lang='lat' dir='ltr'>Uf‘m</span> <span class='ocrx_word' id='word_1_1015' title='bbox 404 3600 516 3637; x_wconf 25' lang='lat' dir='ltr'>*paruum*</span> <span class='ocrx_word' id='word_1_1016' title='bbox 525 3599 638 3637; x_wconf 50' lang='lat' dir='ltr'>sticellum</span> <span class='ocrx_word' id='word_1_1017' title='bbox 651 3601 756 3637; x_wconf 73' lang='lat' dir='ltr'>superne</span> <span class='ocrx_word' id='word_1_1018' title='bbox 769 3612 888 3640; x_wconf 68' lang='lat' dir='ltr'>opertum,</span> <span class='ocrx_word' id='word_1_1019' title='bbox 961 3607 1015 3633; x_wconf 84' lang='lat' dir='ltr'>Hoc</span> <span class='ocrx_word' id='word_1_1020' title='bbox 1020 3605 1114 3642; x_wconf 79' lang='lat' dir='ltr'>firmat</span> <span class='ocrx_word' id='word_1_1021' title='bbox 1246 3616 1257 3639; x_wconf 77' lang='lat'><em>3</em></span> 
     </span>
     <span class='ocr_line' id='line_1_96' title="bbox 212 3623 1258 3679; baseline 0.01 -20"><span class='ocrx_word' id='word_1_1022' title='bbox 212 3623 301 3650; x_wconf 60' lang='lat' dir='ltr'><strong>p¹¹⁸⁰³¹</strong></span> <span class='ocrx_word' id='word_1_1023' title='bbox 314 3625 433 3660; x_wconf 61' lang='lat' dir='ltr'>1⁴¹b0¹¹¹5s</span> <span class='ocrx_word' id='word_1_1024' title='bbox 454 3631 715 3671; x_wconf 73' lang='lat' dir='ltr'>seubcribonianmn:</span> <span class='ocrx_word' id='word_1_1025' title='bbox 741 3639 769 3665; x_wconf 73' lang='lat'>112⁷</span> <span class='ocrx_word' id='word_1_1026' title='bbox 781 3650 826 3675; x_wconf 81' lang='lat' dir='ltr'>quo</span> <span class='ocrx_word' id='word_1_1027' title='bbox 840 3642 906 3668; x_wconf 76' lang='lat' dir='ltr'>Festi</span> <span class='ocrx_word' id='word_1_1028' title='bbox 917 3644 984 3669; x_wconf 83' lang='lat' dir='ltr'>locus</span> <span class='ocrx_word' id='word_1_1029' title='bbox 997 3641 1076 3676; x_wconf 51' lang='lat' dir='ltr'>exstat</span> <span class='ocrx_word' id='word_1_1030' title='bbox 1084 3642 1133 3679; x_wconf 75' lang='lat' dir='ltr'>fi‘b</span> <span class='ocrx_word' id='word_1_1031' title='bbox 1146 3637 1258 3669; x_wconf 70' lang='lat' dir='ltr'>Scelera-</span> 
     </span>
     <span class='ocr_line' id='line_1_97' title="bbox 212 3665 969 3708; baseline 0.017 -23"><span class='ocrx_word' id='word_1_1032' title='bbox 212 3665 253 3699; x_wconf 81' lang='lat' dir='ltr'>tus</span> <span class='ocrx_word' id='word_1_1033' title='bbox 270 3669 384 3701; x_wconf 69' lang='lat' dir='ltr'>campus,</span> <span class='ocrx_word' id='word_1_1034' title='bbox 404 3667 501 3702; x_wconf 50' lang='lat' dir='ltr'>mutilus</span> <span class='ocrx_word' id='word_1_1035' title='bbox 519 3668 558 3693; x_wconf 69' lang='lat' dir='ltr'>tue</span> <span class='ocrx_word' id='word_1_1036' title='bbox 572 3670 666 3703; x_wconf 69' lang='lat' dir='ltr'>quidem</span> <span class='ocrx_word' id='word_1_1037' title='bbox 675 3692 682 3704; x_wconf 87' lang='lat'>‚</span> <span class='ocrx_word' id='word_1_1038' title='bbox 696 3673 743 3708; x_wconf 57' lang='lat' dir='ltr'>sid</span> <span class='ocrx_word' id='word_1_1039' title='bbox 755 3676 818 3701; x_wconf 64' lang='lat' dir='ltr'>unde</span> <span class='ocrx_word' id='word_1_1040' title='bbox 831 3677 893 3703; x_wconf 80' lang='lat' dir='ltr'>illud</span> <span class='ocrx_word' id='word_1_1041' title='bbox 904 3685 969 3705; x_wconf 57' lang='lat' dir='ltr'>gene</span> 
     </span>
     <span class='ocr_line' id='line_1_98' title="bbox 213 3696 1258 3751; baseline 0.011 -20"><span class='ocrx_word' id='word_1_1042' title='bbox 213 3704 260 3721; x_wconf 79' lang='lat'>¹¹¹0</span> <span class='ocrx_word' id='word_1_1043' title='bbox 275 3696 462 3738; x_wconf 61' lang='lat' dir='ltr'>L¹bQ¹¹⁰f¹¹JJJ⁶</span> <span class='ocrx_word' id='word_1_1044' title='bbox 473 3701 548 3740; x_wconf 63' lang='lat' dir='ltr'>Iocum</span> <span class='ocrx_word' id='word_1_1045' title='bbox 556 3705 662 3740; x_wconf 73' lang='lat' dir='ltr'>fulgure·</span> <span class='ocrx_word' id='word_1_1046' title='bbox 675 3708 795 3735; x_wconf 60' lang='lat' dir='ltr'>arfastum</span> <span class='ocrx_word' id='word_1_1047' title='bbox 808 3713 917 3747; x_wconf 70' lang='lat' dir='ltr'>imposito</span> <span class='ocrx_word' id='word_1_1048' title='bbox 931 3720 1007 3749; x_wconf 82' lang='lat' dir='ltr'>putea</span> <span class='ocrx_word' id='word_1_1049' title='bbox 1022 3715 1030 3741; x_wconf 93' lang='lat' dir='ltr'>i</span> <span class='ocrx_word' id='word_1_1050' title='bbox 1043 3721 1205 3751; x_wconf 75' lang='lat' dir='ltr'>procuratum</span> <span class='ocrx_word' id='word_1_1051' title='bbox 1229 3723 1258 3742; x_wconf 78' lang='lat' dir='ltr'>vt</span> 
     </span>
     <span class='ocr_line' id='line_1_99' title="bbox 213 3732 1258 3786; baseline 0.014 -24"><span class='ocrx_word' id='word_1_1052' title='bbox 213 3732 314 3766; x_wconf 78' lang='lat' dir='ltr'>semper</span> <span class='ocrx_word' id='word_1_1053' title='bbox 329 3736 460 3759; x_wconf 76' lang='lat' dir='ltr'>toramine</span> <span class='ocrx_word' id='word_1_1054' title='bbox 473 3735 508 3761; x_wconf 72' lang='lat' dir='ltr'>lbi</span> <span class='ocrx_word' id='word_1_1055' title='bbox 522 3745 610 3771; x_wconf 72' lang='lat' dir='ltr'>aperto</span> <span class='ocrx_word' id='word_1_1056' title='bbox 624 3742 722 3768; x_wconf 84' lang='lat' dir='ltr'>caelum</span> <span class='ocrx_word' id='word_1_1057' title='bbox 737 3751 843 3777; x_wconf 74' lang='lat' dir='ltr'>pateret.</span> <span class='ocrx_word' id='word_1_1058' title='bbox 881 3750 933 3775; x_wconf 76' lang='lat' dir='ltr'>Hoc</span> <span class='ocrx_word' id='word_1_1059' title='bbox 944 3750 1056 3777; x_wconf 81' lang='lat' dir='ltr'>Libonis</span> <span class='ocrx_word' id='word_1_1060' title='bbox 1071 3751 1158 3786; x_wconf 84' lang='lat' dir='ltr'>puteal</span> <span class='ocrx_word' id='word_1_1061' title='bbox 1172 3737 1258 3778; x_wconf 67' lang='lat' dir='ltr'>ab&#39;illo</span> 
     </span>
    </p>
   </div>
   <div class='ocr_carea' id='block_1_11' title="bbox 214 3766 1257 3852">
    <p class='ocr_par' dir='ltr' id='par_1_24' title="bbox 214 3766 1257 3852">
     <span class='ocr_line' id='line_1_100' title="bbox 214 3766 1257 3852; baseline 0.018 -61"><span class='ocrx_word' id='word_1_1062' title='bbox 214 3766 341 3794; x_wconf 83' lang='lat' dir='ltr'>Nauiano</span> <span class='ocrx_word' id='word_1_1063' title='bbox 355 3768 487 3804; x_wconf 65' lang='lat' dir='ltr'>diuersum,</span> <span class='ocrx_word' id='word_1_1064' title='bbox 494 3771 596 3802; x_wconf 68' lang='lat' dir='ltr'>ostendit</span> <span class='ocrx_word' id='word_1_1065' title='bbox 610 3777 709 3813; x_wconf 64' lang='lat' dir='ltr'>Salmas.</span> <span class='ocrx_word' id='word_1_1066' title='bbox 722 3779 755 3804; x_wconf 73' lang='lat' dir='ltr'>ml</span> <span class='ocrx_word' id='word_1_1067' title='bbox 764 3782 970 3852; x_wconf 52' lang='lat' dir='ltr'>SolinJP.5*o1Ji1.</span> <span class='ocrx_word' id='word_1_1068' title='bbox 993 3788 1049 3822; x_wconf 62' lang='lat' dir='ltr'>Qua</span> <span class='ocrx_word' id='word_1_1069' title='bbox 1063 3791 1090 3813; x_wconf 78' lang='lat' dir='ltr'>in</span> <span class='ocrx_word' id='word_1_1070' title='bbox 1102 3788 1257 3824; x_wconf 71' lang='lat' dir='ltr'>recensenti.</span> 
     </span>
    </p>
   </div>
   <div class='ocr_carea' id='block_1_12' title="bbox 212 3804 1260 3883">
    <p class='ocr_par' dir='ltr' id='par_1_25' title="bbox 212 3804 1260 3883">
     <span class='ocr_line' id='line_1_101' title="bbox 212 3804 1260 3877; baseline 0.026 -52"><span class='ocrx_word' id='word_1_1071' title='bbox 212 3810 289 3863; x_wconf 43' lang='lat' dir='ltr'>girum</span> <span class='ocrx_word' id='word_1_1072' title='bbox 302 3804 371 3845; x_wconf 57' lang='lat' dir='ltr'>babet</span> <span class='ocrx_word' id='word_1_1073' title='bbox 388 3805 512 3840; x_wconf 60' lang='lat' dir='ltr'>spanhem.</span> <span class='ocrx_word' id='word_1_1074' title='bbox 525 3807 552 3832; x_wconf 74' lang='lat' dir='ltr'>dc</span> <span class='ocrx_word' id='word_1_1075' title='bbox 561 3810 610 3877; x_wconf 66' lang='lat' dir='ltr'>lj&#39;su</span> <span class='ocrx_word' id='word_1_1076' title='bbox 626 3819 647 3836; x_wconf 64' lang='lat' dir='ltr'>ct</span> <span class='ocrx_word' id='word_1_1077' title='bbox 659 3814 750 3847; x_wconf 66' lang='lat' dir='ltr'>pratst.</span> <span class='ocrx_word' id='word_1_1078' title='bbox 764 3820 830 3841; x_wconf 82' lang='lat' dir='ltr'>numi</span> <span class='ocrx_word' id='word_1_1079' title='bbox 870 3819 930 3846; x_wconf 75' lang='lat' dir='ltr'>Dim</span> <span class='ocrx_word' id='word_1_1080' title='bbox 942 3830 968 3847; x_wconf 89' lang='lat'>10</span> <span class='ocrx_word' id='word_1_1081' title='bbox 976 3831 1000 3857; x_wconf 83' lang='lat' dir='ltr'>p,</span> <span class='ocrx_word' id='word_1_1082' title='bbox 1010 3824 1074 3857; x_wconf 74' lang='grc'>1891·</span> <span class='ocrx_word' id='word_1_1083' title='bbox 1091 3843 1097 3850; x_wconf 90' lang='grc'>.</span> <span class='ocrx_word' id='word_1_1084' title='bbox 1120 3823 1162 3850; x_wconf 79' lang='lat' dir='ltr'>ubi</span> <span class='ocrx_word' id='word_1_1085' title='bbox 1175 3833 1260 3850; x_wconf 84' lang='lat' dir='ltr'>numos</span> 
     </span>
     <span class='ocr_line' id='line_1_102' title="bbox 230 3833 1087 3883; baseline 0.027 -21"><span class='ocrx_word' id='word_1_1086' title='bbox 230 3838 352 3864; x_wconf 60' lang='lat' dir='ltr'>cahom.-</span> <span class='ocrx_word' id='word_1_1087' title='bbox 364 3846 447 3876; x_wconf 71' lang='lat' dir='ltr'>geum</span> <span class='ocrx_word' id='word_1_1088' title='bbox 461 3840 509 3866; x_wconf 80' lang='lat' dir='ltr'>duo</span> <span class='ocrx_word' id='word_1_1089' title='bbox 518 3848 564 3876; x_wconf 78' lang='lat' dir='ltr'>pro</span> <span class='ocrx_word' id='word_1_1090' title='bbox 582 3853 632 3878; x_wconf 66' lang='lat' dir='ltr'>cre,</span> <span class='ocrx_word' id='word_1_1091' title='bbox 645 3850 671 3872; x_wconf 81' lang='lat' dir='ltr'>in</span> <span class='ocrx_word' id='word_1_1092' title='bbox 689 3850 772 3883; x_wconf 76' lang='lat' dir='ltr'>quibus</span> <span class='ocrx_word' id='word_1_1093' title='bbox 786 3851 831 3877; x_wconf 78' lang='lat' dir='ltr'>hoc</span> <span class='ocrx_word' id='word_1_1094' title='bbox 845 3853 931 3881; x_wconf 84' lang='lat' dir='ltr'>Puteal</span> <span class='ocrx_word' id='word_1_1095' title='bbox 1072 3833 1087 3859; x_wconf 76' lang='lat' dir='ltr'>q</span> 
     </span>
    </p>
   </div>
   <div class='ocr_carea' id='block_1_13' title="bbox 213 3873 1260 3995">
    <p class='ocr_par' dir='ltr' id='par_1_26' title="bbox 213 3873 1260 3995">
     <span class='ocr_line' id='line_1_103' title="bbox 213 3873 1259 3970; baseline 0.025 -37"><span class='ocrx_word' id='word_1_1096' title='bbox 213 3873 1105 3970; x_wconf 46' lang='lat' dir='ltr'>{53{satagatis&#39;lz‘fflz‘stg&#39;siuzsf‘fflzyssg&#39;s.ffifflssf</span> <span class='ocrx_word' id='word_1_1097' title='bbox 1114 3896 1181 3968; x_wconf 54' lang='lat' dir='ltr'>¹3.ss</span> <span class='ocrx_word' id='word_1_1098' title='bbox 1189 3896 1259 3959; x_wconf 59' lang='lat' dir='ltr'>23ss</span> 
     </span>
     <span class='ocr_line' id='line_1_104' title="bbox 231 3945 1260 3995; baseline 0.028 -27"><span class='ocrx_word' id='word_1_1099' title='bbox 231 3945 348 3971; x_wconf 67' lang='lat' dir='ltr'>aur-mulo</span> <span class='ocrx_word' id='word_1_1100' title='bbox 361 3953 428 3981; x_wconf 74' lang='lat' dir='ltr'>apta,</span> <span class='ocrx_word' id='word_1_1101' title='bbox 442 3957 492 3974; x_wconf 83' lang='lat' dir='ltr'>rem</span> <span class='ocrx_word' id='word_1_1102' title='bbox 499 3948 569 3984; x_wconf 71' lang='lat' dir='ltr'>sam</span> <span class='ocrx_word' id='word_1_1103' title='bbox 581 3949 741 3981; x_wconf 70' lang='lat' dir='ltr'>declararem.</span> <span class='ocrx_word' id='word_1_1104' title='bbox 796 3958 920 3986; x_wconf 76' lang='lat' dir='ltr'>Caeterum</span> <span class='ocrx_word' id='word_1_1105' title='bbox 940 3963 983 3988; x_wconf 66' lang='lat' dir='ltr'>hoc</span> <span class='ocrx_word' id='word_1_1106' title='bbox 998 3951 1108 3993; x_wconf 85' lang='lat' dir='ltr'>Libonis</span> <span class='ocrx_word' id='word_1_1107' title='bbox 1121 3968 1210 3995; x_wconf 88' lang='lat' dir='ltr'>Puteal</span> <span class='ocrx_word' id='word_1_1108' title='bbox 1231 3970 1260 3994; x_wconf 76' lang='lat' dir='ltr'>in</span> 
     </span>
    </p>
   </div>
   <div class='ocr_carea' id='block_1_14' title="bbox 205 3978 1258 4055">
    <p class='ocr_par' dir='ltr' id='par_1_27' title="bbox 205 3978 1258 4055">
     <span class='ocr_line' id='line_1_105' title="bbox 205 3978 1258 4055; baseline 0.028 -53"><span class='ocrx_word' id='word_1_1109' title='bbox 205 3978 744 4055; x_wconf 37' lang='lat' dir='ltr'>&amp;gpgzqt&#39;‚252²lpgokgsstiugffgggpsrffn</span> <span class='ocrx_word' id='word_1_1110' title='bbox 764 3999 787 4017; x_wconf 74' lang='lat' dir='ltr'>et</span> <span class='ocrx_word' id='word_1_1111' title='bbox 808 3994 940 4021; x_wconf 68' lang='lat' dir='ltr'>debitorum</span> <span class='ocrx_word' id='word_1_1112' title='bbox 966 4001 1050 4035; x_wconf 65' lang='lat' dir='ltr'>caujhe</span> <span class='ocrx_word' id='word_1_1113' title='bbox 1072 4002 1258 4030; x_wconf 55' lang='lat' dir='ltr'>trabi-:bantur-</span> 
     </span>
    </p>
   </div>
   <div class='ocr_carea' id='block_1_15' title="bbox 1026 289 1259 327">
    <p class='ocr_par' dir='ltr' id='par_1_28' title="bbox 1026 289 1259 327">
     <span class='ocr_line' id='line_1_106' title="bbox 1026 289 1259 327; baseline 0.004 -10"><span class='ocrx_word' id='word_1_1114' title='bbox 1026 289 1084 317; x_wconf 75' lang='lat' dir='ltr'>add.</span> <span class='ocrx_word' id='word_1_1115' title='bbox 1111 289 1182 318; x_wconf 79' lang='lat' dir='ltr'>ibid.</span> <span class='ocrx_word' id='word_1_1116' title='bbox 1198 295 1259 327; x_wconf 56' lang='lat'>706.</span> 
     </span>
    </p>
   </div>
   <div class='ocr_carea' id='block_1_16' title="bbox 1269 794 1294 821">
    <p class='ocr_par' dir='ltr' id='par_1_29' title="bbox 1269 794 1294 821">
     <span class='ocr_line' id='line_1_107' title="bbox 1269 794 1294 821; baseline 0 0"><span class='ocrx_word' id='word_1_1117' title='bbox 1269 794 1294 821; x_wconf 88' lang='lat'>¹5</span> 
     </span>
    </p>
   </div>
   <div class='ocr_carea' id='block_1_17' title="bbox 1268 978 1300 997">
    <p class='ocr_par' dir='ltr' id='par_1_30' title="bbox 1268 978 1300 997">
     <span class='ocr_line' id='line_1_108' title="bbox 1268 978 1300 997; baseline 0 0"><span class='ocrx_word' id='word_1_1118' title='bbox 1268 978 1300 997; x_wconf 89' lang='lat'>20</span> 
     </span>
    </p>
   </div>
   <div class='ocr_carea' id='block_1_18' title="bbox 1268 1155 1299 1182">
    <p class='ocr_par' dir='ltr' id='par_1_31' title="bbox 1268 1155 1299 1182">
     <span class='ocr_line' id='line_1_109' title="bbox 1268 1155 1299 1182; baseline 0 0"><span class='ocrx_word' id='word_1_1119' title='bbox 1268 1155 1299 1182; x_wconf 83' lang='lat'>25</span> 
     </span>
    </p>
   </div>
   <div class='ocr_carea' id='block_1_19' title="bbox 1271 1514 1299 1541">
    <p class='ocr_par' dir='ltr' id='par_1_32' title="bbox 1271 1514 1299 1541">
     <span class='ocr_line' id='line_1_110' title="bbox 1271 1514 1299 1541; baseline 0.036 -1"><span class='ocrx_word' id='word_1_1120' title='bbox 1271 1514 1299 1541; x_wconf 82' lang='lat'>35</span> 
     </span>
    </p>
   </div>
   <div class='ocr_carea' id='block_1_20' title="bbox 1260 1701 1298 1726">
    <p class='ocr_par' dir='ltr' id='par_1_33' title="bbox 1260 1701 1298 1726">
     <span class='ocr_line' id='line_1_111' title="bbox 1260 1701 1298 1726; baseline 0 -7"><span class='ocrx_word' id='word_1_1121' title='bbox 1260 1701 1298 1726; x_wconf 86' lang='lat'>40</span> 
     </span>
    </p>
   </div>
   <div class='ocr_carea' id='block_1_21' title="bbox 1265 1873 1298 1899">
    <p class='ocr_par' dir='ltr' id='par_1_34' title="bbox 1265 1873 1298 1899">
     <span class='ocr_line' id='line_1_112' title="bbox 1265 1873 1298 1899; baseline 0 0"><span class='ocrx_word' id='word_1_1122' title='bbox 1265 1873 1298 1899; x_wconf 75' lang='lat'>45</span> 
     </span>
    </p>
   </div>
   <div class='ocr_carea' id='block_1_22' title="bbox 1269 2055 1301 2082">
    <p class='ocr_par' dir='ltr' id='par_1_35' title="bbox 1269 2055 1301 2082">
     <span class='ocr_line' id='line_1_113' title="bbox 1269 2055 1301 2082; baseline 0 -7"><span class='ocrx_word' id='word_1_1123' title='bbox 1269 2055 1301 2082; x_wconf 74' lang='lat'>50</span> 
     </span>
    </p>
   </div>
   <div class='ocr_carea' id='block_1_23' title="bbox 1269 2234 1298 2262">
    <p class='ocr_par' dir='ltr' id='par_1_36' title="bbox 1269 2234 1298 2262">
     <span class='ocr_line' id='line_1_114' title="bbox 1269 2234 1298 2262; baseline 0.034 -1"><span class='ocrx_word' id='word_1_1124' title='bbox 1269 2234 1298 2262; x_wconf 90' lang='lat'>55</span> 
     </span>
    </p>
   </div>
   <div class='ocr_carea' id='block_1_24' title="bbox 1262 2412 1297 2437">
    <p class='ocr_par' dir='ltr' id='par_1_37' title="bbox 1262 2412 1297 2437">
     <span class='ocr_line' id='line_1_115' title="bbox 1262 2412 1297 2437; baseline 0 0"><span class='ocrx_word' id='word_1_1125' title='bbox 1262 2412 1297 2437; x_wconf 83' lang='lat'>60</span> 
     </span>
    </p>
   </div>
   <div class='ocr_carea' id='block_1_25' title="bbox 1269 2590 1301 2622">
    <p class='ocr_par' dir='ltr' id='par_1_38' title="bbox 1269 2590 1301 2622">
     <span class='ocr_line' id='line_1_116' title="bbox 1269 2590 1301 2622; baseline 0 0"><span class='ocrx_word' id='word_1_1126' title='bbox 1269 2590 1301 2622; x_wconf 80' lang='lat'>65</span> 
     </span>
    </p>
   </div>
   <div class='ocr_carea' id='block_1_26' title="bbox 1264 2784 1300 2811">
    <p class='ocr_par' dir='ltr' id='par_1_39' title="bbox 1264 2784 1300 2811">
     <span class='ocr_line' id='line_1_117' title="bbox 1264 2784 1300 2811; baseline 0 -8"><span class='ocrx_word' id='word_1_1127' title='bbox 1264 2784 1300 2811; x_wconf 84' lang='lat'>70</span> 
     </span>
    </p>
   </div>
   <div class='ocr_carea' id='block_1_27' title="bbox 1271 2955 1304 2984">
    <p class='ocr_par' dir='ltr' id='par_1_40' title="bbox 1271 2955 1304 2984">
     <span class='ocr_line' id='line_1_118' title="bbox 1271 2955 1304 2984; baseline -0.061 0"><span class='ocrx_word' id='word_1_1128' title='bbox 1271 2955 1304 2984; x_wconf 78' lang='lat'>75</span> 
     </span>
    </p>
   </div>
   <div class='ocr_carea' id='block_1_28' title="bbox 1270 3138 1302 3165">
    <p class='ocr_par' dir='ltr' id='par_1_41' title="bbox 1270 3138 1302 3165">
     <span class='ocr_line' id='line_1_119' title="bbox 1270 3138 1302 3165; baseline 0 -4"><span class='ocrx_word' id='word_1_1129' title='bbox 1270 3138 1302 3165; x_wconf 86' lang='lat'>80</span> 
     </span>
    </p>
   </div>
   <div class='ocr_carea' id='block_1_29' title="bbox 1274 3318 1302 3347">
    <p class='ocr_par' dir='ltr' id='par_1_42' title="bbox 1274 3318 1302 3347">
     <span class='ocr_line' id='line_1_120' title="bbox 1274 3318 1302 3347; baseline 0.071 -2"><span class='ocrx_word' id='word_1_1130' title='bbox 1274 3318 1302 3347; x_wconf 79' lang='lat'>83</span> 
     </span>
    </p>
   </div>
   <div class='ocr_carea' id='block_1_30' title="bbox 1265 3502 1301 3527">
    <p class='ocr_par' dir='ltr' id='par_1_43' title="bbox 1265 3502 1301 3527">
     <span class='ocr_line' id='line_1_121' title="bbox 1265 3502 1301 3527; baseline 0 -7"><span class='ocrx_word' id='word_1_1131' title='bbox 1265 3502 1301 3527; x_wconf 83' lang='lat'>90</span> 
     </span>
    </p>
   </div>
   <div class='ocr_carea' id='block_1_31' title="bbox 952 3858 2196 3896">
    <p class='ocr_par' dir='ltr' id='par_1_44' title="bbox 952 3858 2196 3896">
     <span class='ocr_line' id='line_1_122' title="bbox 952 3858 2196 3896; baseline 0.004 -14"><span class='ocrx_word' id='word_1_1132' title='bbox 952 3858 1086 3885; x_wconf 73' lang='lat' dir='ltr'>luculenter</span> <span class='ocrx_word' id='word_1_1133' title='bbox 1101 3863 1260 3896; x_wconf 76' lang='lat' dir='ltr'>exprimitur,</span> <span class='ocrx_word' id='word_1_1134' title='bbox 1269 3868 1316 3887; x_wconf 85' lang='lat'>100</span> <span class='ocrx_word' id='word_1_1135' title='bbox 1323 3864 1442 3891; x_wconf 80' lang='lat' dir='ltr'>ratiuum,</span> <span class='ocrx_word' id='word_1_1136' title='bbox 1454 3862 1506 3888; x_wconf 86' lang='lat' dir='ltr'>Ioco</span> <span class='ocrx_word' id='word_1_1137' title='bbox 1519 3860 1640 3888; x_wconf 80' lang='lat' dir='ltr'>Aduerbii</span> <span class='ocrx_word' id='word_1_1138' title='bbox 1650 3864 1753 3896; x_wconf 80' lang='lat' dir='ltr'>ponitur</span> <span class='ocrx_word' id='word_1_1139' title='bbox 1763 3868 1811 3896; x_wconf 71' lang='lat' dir='ltr'>pro</span> <span class='ocrx_word' id='word_1_1140' title='bbox 1828 3862 1936 3889; x_wconf 69' lang='lat' dir='ltr'>Scilicet,</span> <span class='ocrx_word' id='word_1_1141' title='bbox 1952 3861 1993 3887; x_wconf 88' lang='lat' dir='ltr'>vel</span> <span class='ocrx_word' id='word_1_1142' title='bbox 2013 3859 2089 3887; x_wconf 61' lang='lat' dir='ltr'>Verbi</span> <span class='ocrx_word' id='word_1_1143' title='bbox 2118 3859 2196 3888; x_wconf 50' lang='lat' dir='ltr'>satia.</span> 
     </span>
    </p>
   </div>
   <div class='ocr_carea' id='block_1_32' title="bbox 1708 187 2379 237">
    <p class='ocr_par' dir='ltr' id='par_1_45' title="bbox 1708 187 2379 237">
     <span class='ocr_line' id='line_1_123' title="bbox 1708 187 2379 237; baseline 0.01 -8"><span class='ocrx_word' id='word_1_1144' title='bbox 1708 188 1737 229; x_wconf 78' lang='lat' dir='ltr'>P</span> <span class='ocrx_word' id='word_1_1145' title='bbox 1818 187 1857 229; x_wconf 89' lang='lat' dir='ltr'>V</span> <span class='ocrx_word' id='word_1_1146' title='bbox 1938 188 1983 229; x_wconf 92' lang='lat' dir='ltr'><strong>T</strong></span> <span class='ocrx_word' id='word_1_1147' title='bbox 2294 195 2379 237; x_wconf 82' lang='lat'>1188·</span> 
     </span>
    </p>
   </div>
   <div class='ocr_carea' id='block_1_33' title="bbox 1310 277 2376 422">
    <p class='ocr_par' dir='ltr' id='par_1_46' title="bbox 1310 277 2376 422">
     <span class='ocr_line' id='line_1_124' title="bbox 1310 277 2376 316; baseline -0.002 -10"><span class='ocrx_word' id='word_1_1148' title='bbox 1310 278 1351 306; x_wconf 85' lang='lat' dir='ltr'>Ad</span> <span class='ocrx_word' id='word_1_1149' title='bbox 1367 278 1468 310; x_wconf 85' lang='lat' dir='ltr'>Puteal,</span> <span class='ocrx_word' id='word_1_1150' title='bbox 1492 277 1522 303; x_wconf 86' lang='lat' dir='ltr'>in</span> <span class='ocrx_word' id='word_1_1151' title='bbox 1535 286 1590 313; x_wconf 91' lang='lat' dir='ltr'>quo</span> <span class='ocrx_word' id='word_1_1152' title='bbox 1610 279 1678 314; x_wconf 78' lang='lat' dir='ltr'>(int.</span> <span class='ocrx_word' id='word_1_1153' title='bbox 1691 280 1750 311; x_wconf 87' lang='lat' dir='ltr'>loco,</span> <span class='ocrx_word' id='word_1_1154' title='bbox 1770 288 1820 306; x_wconf 84' lang='lat' dir='ltr'>non</span> <span class='ocrx_word' id='word_1_1155' title='bbox 1834 281 1900 305; x_wconf 82' lang='lat' dir='ltr'>enim</span> <span class='ocrx_word' id='word_1_1156' title='bbox 1908 278 2028 316; x_wconf 56' lang='lat' dir='ltr'>profesio</span> <span class='ocrx_word' id='word_1_1157' title='bbox 2040 281 2067 306; x_wconf 81' lang='lat' dir='ltr'>in</span> <span class='ocrx_word' id='word_1_1158' title='bbox 2082 278 2136 316; x_wconf 61' lang='grc' dir='ltr'>ἱρῇ)</span> <span class='ocrx_word' id='word_1_1159' title='bbox 2151 278 2271 313; x_wconf 74' lang='lat' dir='ltr'>Puteoli)</span> <span class='ocrx_word' id='word_1_1160' title='bbox 2288 277 2376 305; x_wconf 87' lang='lat' dir='ltr'>tribu-</span> 
     </span>
     <span class='ocr_line' id='line_1_125' title="bbox 1312 314 2375 351; baseline -0.003 -9"><span class='ocrx_word' id='word_1_1161' title='bbox 1312 315 1355 342; x_wconf 84' lang='lat' dir='ltr'>nal</span> <span class='ocrx_word' id='word_1_1162' title='bbox 1370 314 1471 340; x_wconf 87' lang='lat' dir='ltr'>solebat</span> <span class='ocrx_word' id='word_1_1163' title='bbox 1486 314 1534 340; x_wconf 81' lang='lat' dir='ltr'>else</span> <span class='ocrx_word' id='word_1_1164' title='bbox 1548 314 1688 343; x_wconf 86' lang='lat' dir='ltr'>Praetoris.</span> <span class='ocrx_word' id='word_1_1165' title='bbox 1745 315 1786 342; x_wconf 83' lang='lat' dir='ltr'>Al.</span> <span class='ocrx_word' id='word_1_1166' title='bbox 1805 314 1890 342; x_wconf 88' lang='lat' dir='ltr'>Schol.</span> <span class='ocrx_word' id='word_1_1167' title='bbox 1925 316 2011 342; x_wconf 81' lang='lat' dir='ltr'>Locus</span> <span class='ocrx_word' id='word_1_1168' title='bbox 2031 317 2063 342; x_wconf 90' lang='lat' dir='ltr'>ad</span> <span class='ocrx_word' id='word_1_1169' title='bbox 2076 325 2156 351; x_wconf 91' lang='lat' dir='ltr'>quem</span> <span class='ocrx_word' id='word_1_1170' title='bbox 2176 314 2375 342; x_wconf 82' lang='lat' dir='ltr'>conueniebant</span> 
     </span>
     <span class='ocr_line' id='line_1_126' title="bbox 1313 349 2375 387; baseline -0.002 -10"><span class='ocrx_word' id='word_1_1171' title='bbox 1313 351 1487 378; x_wconf 81' lang='lat' dir='ltr'>feneratores.</span> <span class='ocrx_word' id='word_1_1172' title='bbox 1550 349 1591 376; x_wconf 86' lang='lat' dir='ltr'>Id.</span> <span class='ocrx_word' id='word_1_1173' title='bbox 1604 350 1682 385; x_wconf 85' lang='lat' dir='ltr'>Epist.</span> <span class='ocrx_word' id='word_1_1174' title='bbox 1698 361 1719 386; x_wconf 83' lang='lat'>1,</span> <span class='ocrx_word' id='word_1_1175' title='bbox 1733 361 1771 385; x_wconf 84' lang='lat'>19,</span> <span class='ocrx_word' id='word_1_1176' title='bbox 1786 357 1800 383; x_wconf 80' lang='lat'>8</span> <span class='ocrx_word' id='word_1_1177' title='bbox 1824 352 1924 378; x_wconf 84' lang='lat' dir='ltr'>Forum</span> <span class='ocrx_word' id='word_1_1178' title='bbox 1943 352 2086 387; x_wconf 87' lang='lat' dir='ltr'>putealque</span> <span class='ocrx_word' id='word_1_1179' title='bbox 2106 352 2220 378; x_wconf 77' lang='lat' dir='ltr'>Libonis</span> <span class='ocrx_word' id='word_1_1180' title='bbox 2239 349 2375 378; x_wconf 74' lang='lat' dir='ltr'>Maneabo</span> 
     </span>
     <span class='ocr_line' id='line_1_127' title="bbox 1313 384 2376 422; baseline -0.001 -8"><span class='ocrx_word' id='word_1_1181' title='bbox 1313 387 1395 414; x_wconf 78' lang='lat' dir='ltr'>flecis.</span> <span class='ocrx_word' id='word_1_1182' title='bbox 1432 384 1586 413; x_wconf 81' lang='lat' dir='ltr'>Vet.Schol.</span> <span class='ocrx_word' id='word_1_1183' title='bbox 1605 386 1683 413; x_wconf 85' lang='lat' dir='ltr'>Sedes</span> <span class='ocrx_word' id='word_1_1184' title='bbox 1690 388 1823 415; x_wconf 83' lang='lat' dir='ltr'>Praetoris</span> <span class='ocrx_word' id='word_1_1185' title='bbox 1838 388 1890 414; x_wconf 89' lang='lat' dir='ltr'>fuit</span> <span class='ocrx_word' id='word_1_1186' title='bbox 1902 397 1985 422; x_wconf 83' lang='lat' dir='ltr'>prope</span> <span class='ocrx_word' id='word_1_1187' title='bbox 1999 397 2088 414; x_wconf 86' lang='lat' dir='ltr'>arcum</span> <span class='ocrx_word' id='word_1_1188' title='bbox 2098 388 2255 414; x_wconf 83' lang='lat' dir='ltr'>Fabianum.</span> <span class='ocrx_word' id='word_1_1189' title='bbox 2292 386 2376 413; x_wconf 87' lang='lat' dir='ltr'>Ouid.</span> 
     </span>
    </p>
   </div>
   <div class='ocr_carea' id='block_1_34' title="bbox 1155 421 2376 459">
    <p class='ocr_par' dir='ltr' id='par_1_47' title="bbox 1155 421 2376 459">
     <span class='ocr_line' id='line_1_128' title="bbox 1155 421 2376 459; baseline -0.006 -4"><span class='ocrx_word' id='word_1_1190' title='bbox 1155 434 1198 455; x_wconf 68' lang='lat' dir='ltr'>nc·</span> <span class='ocrx_word' id='word_1_1191' title='bbox 1215 424 1246 451; x_wconf 73' lang='lat' dir='ltr'>de</span> <span class='ocrx_word' id='word_1_1192' title='bbox 1272 426 1286 453; x_wconf 87' lang='lat'>5</span> <span class='ocrx_word' id='word_1_1193' title='bbox 1314 423 1346 450; x_wconf 67' lang='lat' dir='ltr'>de</span> <span class='ocrx_word' id='word_1_1194' title='bbox 1364 424 1439 449; x_wconf 73' lang='lat' dir='ltr'>Rem·</span> <span class='ocrx_word' id='word_1_1195' title='bbox 1453 424 1512 449; x_wconf 79' lang='lat' dir='ltr'>Am·</span> <span class='ocrx_word' id='word_1_1196' title='bbox 1526 424 1571 455; x_wconf 79' lang='lat'>561</span> <span class='ocrx_word' id='word_1_1197' title='bbox 1598 422 1654 455; x_wconf 75' lang='lat' dir='ltr'>Q¹i</span> <span class='ocrx_word' id='word_1_1198' title='bbox 1672 425 1776 457; x_wconf 79' lang='lat' dir='ltr'>puteal,</span> <span class='ocrx_word' id='word_1_1199' title='bbox 1800 425 1946 459; x_wconf 86' lang='lat' dir='ltr'>Ianumque</span> <span class='ocrx_word' id='word_1_1200' title='bbox 1960 425 2054 457; x_wconf 83' lang='lat' dir='ltr'>timet,</span> <span class='ocrx_word' id='word_1_1201' title='bbox 2074 424 2224 458; x_wconf 83' lang='lat' dir='ltr'>celeresque</span> <span class='ocrx_word' id='word_1_1202' title='bbox 2244 421 2376 455; x_wconf 86' lang='lat' dir='ltr'>calendas,</span> 
     </span>
    </p>
   </div>
   <div class='ocr_carea' id='block_1_35' title="bbox 1312 458 2379 604">
    <p class='ocr_par' dir='ltr' id='par_1_48' title="bbox 1312 458 2379 604">
     <span class='ocr_line' id='line_1_129' title="bbox 1331 458 2377 495; baseline -0.004 -7"><span class='ocrx_word' id='word_1_1203' title='bbox 1331 459 1402 486; x_wconf 84' lang='lat' dir='ltr'>uibus</span> <span class='ocrx_word' id='word_1_1204' title='bbox 1415 465 1498 494; x_wconf 77' lang='lat' dir='ltr'>nempe</span> <span class='ocrx_word' id='word_1_1205' title='bbox 1504 458 1621 493; x_wconf 69' lang='lat' dir='ltr'>jotuendt</span> <span class='ocrx_word' id='word_1_1206' title='bbox 1635 466 1681 485; x_wconf 80' lang='lat' dir='ltr'>etc·</span> <span class='ocrx_word' id='word_1_1207' title='bbox 1752 461 1852 488; x_wconf 72' lang='lat' dir='ltr'>Penius</span> <span class='ocrx_word' id='word_1_1208' title='bbox 1875 469 1901 494; x_wconf 86' lang='lat'>4,</span> <span class='ocrx_word' id='word_1_1209' title='bbox 1922 468 1959 493; x_wconf 86' lang='lat'>49</span> <span class='ocrx_word' id='word_1_1210' title='bbox 1990 461 2017 487; x_wconf 85' lang='lat' dir='ltr'>Si</span> <span class='ocrx_word' id='word_1_1211' title='bbox 2031 461 2119 495; x_wconf 85' lang='lat' dir='ltr'>puteal</span> <span class='ocrx_word' id='word_1_1212' title='bbox 2135 461 2215 487; x_wconf 87' lang='lat' dir='ltr'>multa</span> <span class='ocrx_word' id='word_1_1213' title='bbox 2230 467 2321 486; x_wconf 85' lang='lat' dir='ltr'>cautus</span> <span class='ocrx_word' id='word_1_1214' title='bbox 2336 458 2377 485; x_wconf 86' lang='lat' dir='ltr'>vi-</span> 
     </span>
     <span class='ocr_line' id='line_1_130' title="bbox 1312 469 2378 534; baseline -0.003 -11"><span class='ocrx_word' id='word_1_1215' title='bbox 1312 469 1373 523; x_wconf 57' lang='lat' dir='ltr'>{icc</span> <span class='ocrx_word' id='word_1_1216' title='bbox 1388 495 1513 529; x_wconf 82' lang='lat' dir='ltr'>flagellas,</span> <span class='ocrx_word' id='word_1_1217' title='bbox 1549 497 1568 520; x_wconf 84' lang='lat' dir='ltr'>i.</span> <span class='ocrx_word' id='word_1_1218' title='bbox 1594 494 1734 531; x_wconf 80' lang='lat' dir='ltr'>Casaubono</span> <span class='ocrx_word' id='word_1_1219' title='bbox 1748 498 1898 534; x_wconf 72' lang='lat' dir='ltr'>interprete,</span> <span class='ocrx_word' id='word_1_1220' title='bbox 1914 497 2005 532; x_wconf 78' lang='lat' dir='ltr'>forum</span> <span class='ocrx_word' id='word_1_1221' title='bbox 2019 500 2083 523; x_wconf 77' lang='lat' dir='ltr'>teris</span> <span class='ocrx_word' id='word_1_1222' title='bbox 2100 503 2124 523; x_wconf 76' lang='lat' dir='ltr'>et</span> <span class='ocrx_word' id='word_1_1223' title='bbox 2138 496 2260 532; x_wconf 73' lang='lat' dir='ltr'>calefacis</span> <span class='ocrx_word' id='word_1_1224' title='bbox 2274 492 2378 527; x_wconf 62' lang='lat' dir='ltr'>iniustis</span> 
     </span>
     <span class='ocr_line' id='line_1_131' title="bbox 1312 529 2378 569; baseline -0.007 -10"><span class='ocrx_word' id='word_1_1225' title='bbox 1312 533 1412 564; x_wconf 73' lang='lat' dir='ltr'>litibus,</span> <span class='ocrx_word' id='word_1_1226' title='bbox 1427 533 1469 558; x_wconf 80' lang='lat' dir='ltr'>vel</span> <span class='ocrx_word' id='word_1_1227' title='bbox 1480 529 1676 567; x_wconf 71' lang='lat' dir='ltr'>graſjationmus</span> <span class='ocrx_word' id='word_1_1228' title='bbox 1687 529 1856 567; x_wconf 29' lang='lat' dir='ltr'>noclurnistet</span> <span class='ocrx_word' id='word_1_1229' title='bbox 1863 534 2006 569; x_wconf 65' lang='lat' dir='ltr'>petulantia</span> <span class='ocrx_word' id='word_1_1230' title='bbox 2020 540 2066 559; x_wconf 77' lang='lat' dir='ltr'>etc.</span> <span class='ocrx_word' id='word_1_1231' title='bbox 2140 533 2166 558; x_wconf 92' lang='lat' dir='ltr'>P.</span> <span class='ocrx_word' id='word_1_1232' title='bbox 2181 532 2276 558; x_wconf 65' lang='lat' dir='ltr'>Victor</span> <span class='ocrx_word' id='word_1_1233' title='bbox 2296 531 2324 557; x_wconf 90' lang='lat' dir='ltr'>in</span> <span class='ocrx_word' id='word_1_1234' title='bbox 2338 539 2378 557; x_wconf 82' lang='lat' dir='ltr'>re-</span> 
     </span>
     <span class='ocr_line' id='line_1_132' title="bbox 1315 565 2379 604; baseline -0.001 -10"><span class='ocrx_word' id='word_1_1235' title='bbox 1315 568 1395 603; x_wconf 82' lang='lat' dir='ltr'>gione</span> <span class='ocrx_word' id='word_1_1236' title='bbox 1414 567 1488 594; x_wconf 83' lang='lat' dir='ltr'>vrbis</span> <span class='ocrx_word' id='word_1_1237' title='bbox 1509 567 1606 594; x_wconf 68' lang='grc'>0813113</span> <span class='ocrx_word' id='word_1_1238' title='bbox 1627 565 1675 600; x_wconf 64' lang='lat' dir='ltr'>ista</span> <span class='ocrx_word' id='word_1_1239' title='bbox 1695 570 1844 604; x_wconf 75' lang='lat' dir='ltr'>coniungit.-</span> <span class='ocrx_word' id='word_1_1240' title='bbox 1880 569 1950 596; x_wconf 81' lang='lat' dir='ltr'>Iulia</span> <span class='ocrx_word' id='word_1_1241' title='bbox 1971 569 2104 604; x_wconf 86' lang='lat' dir='ltr'>porticus,</span> <span class='ocrx_word' id='word_1_1242' title='bbox 2131 569 2214 596; x_wconf 86' lang='lat' dir='ltr'>Arcus</span> <span class='ocrx_word' id='word_1_1243' title='bbox 2234 567 2379 599; x_wconf 79' lang='lat' dir='ltr'>Fabianus,</span> 
     </span>
    </p>
   </div>
   <div class='ocr_carea' id='block_1_36' title="bbox 919 602 2378 642">
    <p class='ocr_par' dir='ltr' id='par_1_49' title="bbox 919 602 2378 642">
     <span class='ocr_line' id='line_1_133' title="bbox 919 602 2378 642; baseline -0.001 -13"><span class='ocrx_word' id='word_1_1244' title='bbox 919 615 1010 642; x_wconf 85' lang='lat' dir='ltr'>Altera</span> <span class='ocrx_word' id='word_1_1245' title='bbox 1022 607 1127 641; x_wconf 62' lang='lat' dir='ltr'>..ascula</span> <span class='ocrx_word' id='word_1_1246' title='bbox 1141 606 1195 639; x_wconf 86' lang='lat' dir='ltr'>est,</span> <span class='ocrx_word' id='word_1_1247' title='bbox 1213 605 1249 632; x_wconf 87' lang='lat' dir='ltr'>al·</span> <span class='ocrx_word' id='word_1_1248' title='bbox 1266 616 1296 635; x_wconf 84' lang='lat'>10</span> <span class='ocrx_word' id='word_1_1249' title='bbox 1314 603 1403 630; x_wconf 82' lang='lat' dir='ltr'>Puteal</span> <span class='ocrx_word' id='word_1_1250' title='bbox 1418 603 1544 636; x_wconf 84' lang='lat' dir='ltr'>Libonis,</span> <span class='ocrx_word' id='word_1_1251' title='bbox 1565 603 1624 630; x_wconf 90' lang='lat' dir='ltr'>Iani</span> <span class='ocrx_word' id='word_1_1252' title='bbox 1638 602 1693 629; x_wconf 89' lang='lat' dir='ltr'>duo</span> <span class='ocrx_word' id='word_1_1253' title='bbox 1708 602 1824 631; x_wconf 81' lang='lat' dir='ltr'>celebris</span> <span class='ocrx_word' id='word_1_1254' title='bbox 1837 613 2014 632; x_wconf 73' lang='lat' dir='ltr'>mercatorum</span> <span class='ocrx_word' id='word_1_1255' title='bbox 2031 606 2119 631; x_wconf 82' lang='lat' dir='ltr'>locus:</span> <span class='ocrx_word' id='word_1_1256' title='bbox 2132 603 2287 641; x_wconf 72' lang='lat' dir='ltr'>jatislo7‘1go</span> <span class='ocrx_word' id='word_1_1257' title='bbox 2300 611 2378 629; x_wconf 78' lang='lat' dir='ltr'>mter-</span> 
     </span>
    </p>
   </div>
   <div class='ocr_carea' id='block_1_37' title="bbox 1312 638 2386 1404">
    <p class='ocr_par' dir='ltr' id='par_1_50' title="bbox 1312 638 2380 704">
     <span class='ocr_line' id='line_1_134' title="bbox 1312 638 2380 676; baseline -0.003 -9"><span class='ocrx_word' id='word_1_1258' title='bbox 1312 641 1379 667; x_wconf 84' lang='lat' dir='ltr'>vallo</span> <span class='ocrx_word' id='word_1_1259' title='bbox 1407 639 1464 676; x_wconf 82' lang='lat' dir='ltr'>post</span> <span class='ocrx_word' id='word_1_1260' title='bbox 1491 638 1571 666; x_wconf 81' lang='lat' dir='ltr'>ficum</span> <span class='ocrx_word' id='word_1_1261' title='bbox 1598 639 1787 672; x_wconf 84' lang='lat' dir='ltr'>Ruminalem,</span> <span class='ocrx_word' id='word_1_1262' title='bbox 1817 643 1858 667; x_wconf 85' lang='lat' dir='ltr'>cui</span> <span class='ocrx_word' id='word_1_1263' title='bbox 1882 641 1970 676; x_wconf 83' lang='lat' dir='ltr'>puteal</span> <span class='ocrx_word' id='word_1_1264' title='bbox 1990 641 2054 668; x_wconf 83' lang='lat' dir='ltr'>1llud</span> <span class='ocrx_word' id='word_1_1265' title='bbox 2077 642 2234 668; x_wconf 86' lang='lat' dir='ltr'>Nauianum</span> <span class='ocrx_word' id='word_1_1266' title='bbox 2260 640 2380 676; x_wconf 72' lang='lat' dir='ltr'>adiungit</span> 
     </span>
     <span class='ocr_line' id='line_1_135' title="bbox 1313 678 1408 704; baseline -0.021 0"><span class='ocrx_word' id='word_1_1267' title='bbox 1313 678 1345 704; x_wconf 73' lang='lat' dir='ltr'>Fe</span> <span class='ocrx_word' id='word_1_1268' title='bbox 1370 686 1408 703; x_wconf 70' lang='lat' dir='ltr'>us.</span> 
     </span>
    </p>

    <p class='ocr_par' dir='ltr' id='par_1_51' title="bbox 1314 711 2381 812">
     <span class='ocr_line' id='line_1_136' title="bbox 1348 711 2380 750; baseline -0.002 -11"><span class='ocrx_word' id='word_1_1269' title='bbox 1348 719 1363 739; x_wconf 84' lang='lat' dir='ltr'>P</span> <span class='ocrx_word' id='word_1_1270' title='bbox 1373 720 1393 739; x_wconf 92' lang='lat' dir='ltr'>V</span> <span class='ocrx_word' id='word_1_1271' title='bbox 1404 718 1425 738; x_wconf 91' lang='lat' dir='ltr'><strong>T</strong></span> <span class='ocrx_word' id='word_1_1272' title='bbox 1434 719 1451 739; x_wconf 86' lang='lat' dir='ltr'>E</span> <span class='ocrx_word' id='word_1_1273' title='bbox 1460 719 1482 739; x_wconf 84' lang='lat' dir='ltr'>A</span> <span class='ocrx_word' id='word_1_1274' title='bbox 1491 719 1511 738; x_wconf 88' lang='lat' dir='ltr'><strong>R</strong></span> <span class='ocrx_word' id='word_1_1275' title='bbox 1520 718 1530 737; x_wconf 87' lang='grc'>1</span> <span class='ocrx_word' id='word_1_1276' title='bbox 1540 719 1563 738; x_wconf 95' lang='lat' dir='ltr'>V</span> <span class='ocrx_word' id='word_1_1277' title='bbox 1574 717 1598 743; x_wconf 77' lang='lat' dir='ltr'>S,</span> <span class='ocrx_word' id='word_1_1278' title='bbox 1617 711 1636 738; x_wconf 77' lang='lat' dir='ltr'>i.</span> <span class='ocrx_word' id='word_1_1279' title='bbox 1657 720 1694 738; x_wconf 83' lang='lat' dir='ltr'>m.</span> <span class='ocrx_word' id='word_1_1280' title='bbox 1732 711 1939 748; x_wconf 63' lang='grc' dir='ltr'>[φρεατορύκτης]</span> <span class='ocrx_word' id='word_1_1281' title='bbox 1977 714 2028 749; x_wconf 72' lang='lat' dir='ltr'>Qi</span> <span class='ocrx_word' id='word_1_1282' title='bbox 2038 720 2126 750; x_wconf 73' lang='lat' dir='ltr'>puteos·</span> <span class='ocrx_word' id='word_1_1283' title='bbox 2133 713 2218 750; x_wconf 78' lang='lat' dir='ltr'>fodit.</span> <span class='ocrx_word' id='word_1_1284' title='bbox 2260 712 2327 739; x_wconf 80' lang='lat' dir='ltr'>Plin.</span> <span class='ocrx_word' id='word_1_1285' title='bbox 2343 719 2380 744; x_wconf 79' lang='lat'>31,</span> 
     </span>
     <span class='ocr_line' id='line_1_137' title="bbox 1314 746 2381 785; baseline -0.002 -9"><span class='ocrx_word' id='word_1_1286' title='bbox 1314 757 1327 781; x_wconf 83' lang='lat'><em>3</em></span> <span class='ocrx_word' id='word_1_1287' title='bbox 1343 750 1368 782; x_wconf 58' lang='lat' dir='ltr'>s.‡</span> <span class='ocrx_word' id='word_1_1288' title='bbox 1377 754 1409 779; x_wconf 80' lang='lat'>28</span> <span class='ocrx_word' id='word_1_1289' title='bbox 1429 746 1556 784; x_wconf 79' lang='lat' dir='ltr'>Deprellis</span> <span class='ocrx_word' id='word_1_1290' title='bbox 1570 747 1657 783; x_wconf 81' lang='lat' dir='ltr'>puteis</span> <span class='ocrx_word' id='word_1_1291' title='bbox 1670 747 1824 783; x_wconf 81' lang='lat' dir='ltr'>sulphurata</span> <span class='ocrx_word' id='word_1_1292' title='bbox 1835 749 1879 776; x_wconf 90' lang='lat' dir='ltr'>vel</span> <span class='ocrx_word' id='word_1_1293' title='bbox 1892 749 2040 777; x_wconf 83' lang='lat' dir='ltr'>aluminosa</span> <span class='ocrx_word' id='word_1_1294' title='bbox 2051 751 2231 783; x_wconf 83' lang='lat' dir='ltr'>occurrentia,</span> <span class='ocrx_word' id='word_1_1295' title='bbox 2244 747 2381 785; x_wconf 70' lang='lat' dir='ltr'>putearios</span> 
     </span>
     <span class='ocr_line' id='line_1_138' title="bbox 1314 791 1416 812; baseline -0.01 0"><span class='ocrx_word' id='word_1_1296' title='bbox 1314 791 1416 812; x_wconf 87' lang='lat' dir='ltr'>necant.</span> 
     </span>
    </p>

    <p class='ocr_par' dir='ltr' id='par_1_52' title="bbox 1314 820 2385 1074">
     <span class='ocr_line' id='line_1_139' title="bbox 1350 820 2381 858; baseline -0.003 -10"><span class='ocrx_word' id='word_1_1297' title='bbox 1350 827 1500 848; x_wconf 78' lang='lat' dir='ltr'>PVTicv</span> <span class='ocrx_word' id='word_1_1298' title='bbox 1510 828 1526 847; x_wconf 84' lang='lat' dir='ltr'>L</span> <span class='ocrx_word' id='word_1_1299' title='bbox 1536 826 1602 854; x_wconf 78' lang='grc' dir='ltr'>ΑΕ,</span> <span class='ocrx_word' id='word_1_1300' title='bbox 1621 824 1706 848; x_wconf 70' lang='lat' dir='ltr'>arum.</span> <span class='ocrx_word' id='word_1_1301' title='bbox 1734 821 1755 847; x_wconf 86' lang='lat' dir='ltr'>f.</span> <span class='ocrx_word' id='word_1_1302' title='bbox 1794 821 1833 848; x_wconf 88' lang='lat' dir='ltr'>Pl.</span> <span class='ocrx_word' id='word_1_1303' title='bbox 1870 821 1948 847; x_wconf 78' lang='lat' dir='ltr'>Extra</span> <span class='ocrx_word' id='word_1_1304' title='bbox 1962 820 2061 856; x_wconf 87' lang='lat' dir='ltr'>oppida</span> <span class='ocrx_word' id='word_1_1305' title='bbox 2070 822 2134 858; x_wconf 79' lang='lat' dir='ltr'>sunt</span> <span class='ocrx_word' id='word_1_1306' title='bbox 2150 821 2288 858; x_wconf 78' lang='lat' dir='ltr'>appellatae</span> <span class='ocrx_word' id='word_1_1307' title='bbox 2305 829 2320 847; x_wconf 86' lang='lat' dir='ltr'>a</span> <span class='ocrx_word' id='word_1_1308' title='bbox 2333 827 2381 855; x_wconf 75' lang='lat' dir='ltr'>pu.</span> 
     </span>
     <span class='ocr_line' id='line_1_140' title="bbox 1314 856 2382 893; baseline -0.003 -8"><span class='ocrx_word' id='word_1_1309' title='bbox 1314 858 1380 891; x_wconf 85' lang='lat' dir='ltr'>teis,</span> <span class='ocrx_word' id='word_1_1310' title='bbox 1402 857 1476 892; x_wconf 89' lang='lat' dir='ltr'>quod</span> <span class='ocrx_word' id='word_1_1311' title='bbox 1494 856 1534 884; x_wconf 88' lang='lat' dir='ltr'>ibi</span> <span class='ocrx_word' id='word_1_1312' title='bbox 1548 858 1576 883; x_wconf 87' lang='lat' dir='ltr'>in</span> <span class='ocrx_word' id='word_1_1313' title='bbox 1588 857 1678 892; x_wconf 73' lang='lat' dir='ltr'>&#39;puteis</span> <span class='ocrx_word' id='word_1_1314' title='bbox 1692 856 1878 884; x_wconf 85' lang='lat' dir='ltr'>obruebantur</span> <span class='ocrx_word' id='word_1_1315' title='bbox 1891 856 2031 891; x_wconf 80' lang='lat' dir='ltr'>homines,</span> <span class='ocrx_word' id='word_1_1316' title='bbox 2044 857 2092 884; x_wconf 84' lang='lat' dir='ltr'>nisi</span> <span class='ocrx_word' id='word_1_1317' title='bbox 2109 859 2207 893; x_wconf 82' lang='lat' dir='ltr'>potius,</span> <span class='ocrx_word' id='word_1_1318' title='bbox 2221 857 2292 892; x_wconf 86' lang='lat' dir='ltr'>quod</span> <span class='ocrx_word' id='word_1_1319' title='bbox 2307 863 2382 891; x_wconf 87' lang='lat' dir='ltr'>pute·</span> 
     </span>
     <span class='ocr_line' id='line_1_141' title="bbox 1315 892 2383 929; baseline -0.004 -7"><span class='ocrx_word' id='word_1_1320' title='bbox 1315 895 1423 922; x_wconf 81' lang='lat' dir='ltr'>scebant</span> <span class='ocrx_word' id='word_1_1321' title='bbox 1442 893 1484 920; x_wconf 90' lang='lat' dir='ltr'>ibi</span> <span class='ocrx_word' id='word_1_1322' title='bbox 1500 893 1630 921; x_wconf 81' lang='lat' dir='ltr'>cadauera</span> <span class='ocrx_word' id='word_1_1323' title='bbox 1648 893 1789 929; x_wconf 62' lang='lat' dir='ltr'>promota:</span> <span class='ocrx_word' id='word_1_1324' title='bbox 1831 894 1879 928; x_wconf 87' lang='lat' dir='ltr'>qui</span> <span class='ocrx_word' id='word_1_1325' title='bbox 1898 893 1973 920; x_wconf 88' lang='lat' dir='ltr'>locus</span> <span class='ocrx_word' id='word_1_1326' title='bbox 1998 893 2122 928; x_wconf 86' lang='lat' dir='ltr'>publicus</span> <span class='ocrx_word' id='word_1_1327' title='bbox 2148 895 2216 921; x_wconf 84' lang='lat' dir='ltr'>vltra</span> <span class='ocrx_word' id='word_1_1328' title='bbox 2242 892 2383 927; x_wconf 79' lang='lat' dir='ltr'>Esquilias.</span> 
     </span>
     <span class='ocr_line' id='line_1_142' title="bbox 1316 928 2385 966; baseline -0.002 -9"><span class='ocrx_word' id='word_1_1329' title='bbox 1316 932 1385 958; x_wconf 80' lang='lat' dir='ltr'>Haec</span> <span class='ocrx_word' id='word_1_1330' title='bbox 1404 932 1491 958; x_wconf 86' lang='lat' dir='ltr'>Varro</span> <span class='ocrx_word' id='word_1_1331' title='bbox 1505 930 1536 956; x_wconf 88' lang='lat' dir='ltr'>de</span> <span class='ocrx_word' id='word_1_1332' title='bbox 1549 931 1578 957; x_wconf 91' lang='lat' dir='ltr'>L.</span> <span class='ocrx_word' id='word_1_1333' title='bbox 1587 930 1616 957; x_wconf 91' lang='lat' dir='ltr'>L.</span> <span class='ocrx_word' id='word_1_1334' title='bbox 1636 940 1666 964; x_wconf 88' lang='lat'>4,</span> <span class='ocrx_word' id='word_1_1335' title='bbox 1684 939 1697 963; x_wconf 88' lang='lat'>5</span> <span class='ocrx_word' id='word_1_1336' title='bbox 1711 940 1735 965; x_wconf 89' lang='lat' dir='ltr'>p.</span> <span class='ocrx_word' id='word_1_1337' title='bbox 1751 939 1786 962; x_wconf 86' lang='lat'>12,</span> <span class='ocrx_word' id='word_1_1338' title='bbox 1801 937 1836 956; x_wconf 84' lang='lat'>12.</span> <span class='ocrx_word' id='word_1_1339' title='bbox 1892 930 2018 963; x_wconf 84' lang='lat' dir='ltr'>Puticuli,</span> <span class='ocrx_word' id='word_1_1340' title='bbox 2036 933 2122 966; x_wconf 82' lang='lat' dir='ltr'>inquit</span> <span class='ocrx_word' id='word_1_1341' title='bbox 2140 930 2268 964; x_wconf 79' lang='lat' dir='ltr'>Pompon,</span> <span class='ocrx_word' id='word_1_1342' title='bbox 2283 928 2385 962; x_wconf 74' lang='lat' dir='ltr'>Festus,</span> 
     </span>
     <span class='ocr_line' id='line_1_143' title="bbox 1317 964 2383 1002; baseline -0.004 -8"><span class='ocrx_word' id='word_1_1343' title='bbox 1317 968 1377 995; x_wconf 90' lang='lat' dir='ltr'>sunt</span> <span class='ocrx_word' id='word_1_1344' title='bbox 1391 967 1526 1002; x_wconf 86' lang='lat' dir='ltr'>appellati,</span> <span class='ocrx_word' id='word_1_1345' title='bbox 1542 966 1615 1001; x_wconf 88' lang='lat' dir='ltr'>quod</span> <span class='ocrx_word' id='word_1_1346' title='bbox 1629 965 1830 993; x_wconf 73' lang='lat' dir='ltr'>vetustissimum</span> <span class='ocrx_word' id='word_1_1347' title='bbox 1845 974 1928 1000; x_wconf 84' lang='lat' dir='ltr'>genus</span> <span class='ocrx_word' id='word_1_1348' title='bbox 1949 965 2114 1000; x_wconf 78' lang='lat' dir='ltr'>sepulturae,</span> <span class='ocrx_word' id='word_1_1349' title='bbox 2133 971 2162 992; x_wconf 92' lang='lat' dir='ltr'>vt</span> <span class='ocrx_word' id='word_1_1350' title='bbox 2175 972 2269 1000; x_wconf 85' lang='lat' dir='ltr'>puteus</span> <span class='ocrx_word' id='word_1_1351' title='bbox 2284 964 2383 992; x_wconf 87' lang='lat' dir='ltr'>fuerit:</span> 
     </span>
     <span class='ocr_line' id='line_1_144' title="bbox 1317 1000 2383 1038; baseline -0.004 -7"><span class='ocrx_word' id='word_1_1352' title='bbox 1317 1004 1361 1031; x_wconf 90' lang='lat' dir='ltr'>vel</span> <span class='ocrx_word' id='word_1_1353' title='bbox 1375 1003 1442 1030; x_wconf 69' lang='lat' dir='ltr'>dieti</span> <span class='ocrx_word' id='word_1_1354' title='bbox 1455 1003 1582 1034; x_wconf 87' lang='lat' dir='ltr'>Puticuli‚</span> <span class='ocrx_word' id='word_1_1355' title='bbox 1596 1003 1658 1038; x_wconf 87' lang='lat' dir='ltr'>quia</span> <span class='ocrx_word' id='word_1_1356' title='bbox 1672 1002 1713 1030; x_wconf 93' lang='lat' dir='ltr'>ibi</span> <span class='ocrx_word' id='word_1_1357' title='bbox 1732 1002 1861 1030; x_wconf 86' lang='lat' dir='ltr'>cadauera</span> <span class='ocrx_word' id='word_1_1358' title='bbox 1873 1002 2033 1038; x_wconf 80' lang='lat' dir='ltr'>putrescent.</span> <span class='ocrx_word' id='word_1_1359' title='bbox 2069 1003 2103 1030; x_wconf 82' lang='lat' dir='ltr'>al.</span> <span class='ocrx_word' id='word_1_1360' title='bbox 2125 1002 2272 1029; x_wconf 86' lang='lat' dir='ltr'>Puticulae.</span> <span class='ocrx_word' id='word_1_1361' title='bbox 2306 1000 2383 1037; x_wconf 76' lang='lat' dir='ltr'>Conf-</span> 
     </span>
     <span class='ocr_line' id='line_1_145' title="bbox 1315 1039 1624 1074; baseline -0.01 -6"><span class='ocrx_word' id='word_1_1362' title='bbox 1315 1039 1471 1068; x_wconf 55' lang='lat' dir='ltr'>Hemesa.</span> <span class='ocrx_word' id='word_1_1363' title='bbox 1487 1047 1508 1072; x_wconf 88' lang='lat'>1,</span> <span class='ocrx_word' id='word_1_1364' title='bbox 1521 1044 1544 1072; x_wconf 79' lang='lat'>8,</span> <span class='ocrx_word' id='word_1_1365' title='bbox 1558 1045 1571 1070; x_wconf 82' lang='lat'>8</span> <span class='ocrx_word' id='word_1_1366' title='bbox 1586 1040 1624 1074; x_wconf 91' lang='lat' dir='ltr'>sq.</span> 
     </span>
    </p>

    <p class='ocr_par' dir='ltr' id='par_1_53' title="bbox 1352 1076 1865 1109">
     <span class='ocr_line' id='line_1_146' title="bbox 1352 1076 1865 1109; baseline 0.002 -8"><span class='ocrx_word' id='word_1_1367' title='bbox 1352 1081 1543 1109; x_wconf 69' lang='lat' dir='ltr'>evrinvs,</span> <span class='ocrx_word' id='word_1_1368' title='bbox 1568 1076 1620 1102; x_wconf 73' lang='lat' dir='ltr'>md.</span> <span class='ocrx_word' id='word_1_1369' title='bbox 1641 1080 1790 1105; x_wconf 82' lang='lat' dir='ltr'>PVTEO‚</span> <span class='ocrx_word' id='word_1_1370' title='bbox 1811 1078 1865 1102; x_wconf 70' lang='lat' dir='ltr'>ere.</span> 
     </span>
    </p>

    <p class='ocr_par' dir='ltr' id='par_1_54' title="bbox 1350 1109 2237 1147">
     <span class='ocr_line' id='line_1_147' title="bbox 1350 1109 2237 1147; baseline -0.003 -8"><span class='ocrx_word' id='word_1_1371' title='bbox 1350 1118 1367 1139; x_wconf 75' lang='grc' dir='ltr'>Ρ</span> <span class='ocrx_word' id='word_1_1372' title='bbox 1377 1118 1398 1137; x_wconf 84' lang='grc' dir='ltr'><strong><em>ν</em></strong></span> <span class='ocrx_word' id='word_1_1373' title='bbox 1407 1119 1428 1139; x_wconf 87' lang='lat' dir='ltr'>T</span> <span class='ocrx_word' id='word_1_1374' title='bbox 1438 1119 1447 1138; x_wconf 96' lang='lat'>1</span> <span class='ocrx_word' id='word_1_1375' title='bbox 1456 1118 1478 1138; x_wconf 85' lang='lat' dir='ltr'>T</span> <span class='ocrx_word' id='word_1_1376' title='bbox 1487 1119 1496 1138; x_wconf 87' lang='lat'>1</span> <span class='ocrx_word' id='word_1_1377' title='bbox 1506 1118 1527 1136; x_wconf 92' lang='grc' dir='ltr'><strong><em>ν</em></strong></span> <span class='ocrx_word' id='word_1_1378' title='bbox 1537 1118 1562 1145; x_wconf 87' lang='lat' dir='ltr'>s,</span> <span class='ocrx_word' id='word_1_1379' title='bbox 1579 1121 1629 1147; x_wconf 83' lang='lat' dir='ltr'>pro</span> <span class='ocrx_word' id='word_1_1380' title='bbox 1643 1111 1730 1139; x_wconf 87' lang='lat' dir='ltr'>Stulto</span> <span class='ocrx_word' id='word_1_1381' title='bbox 1743 1111 1813 1139; x_wconf 83' lang='lat' dir='ltr'>dixit</span> <span class='ocrx_word' id='word_1_1382' title='bbox 1829 1111 1936 1138; x_wconf 68' lang='lat' dir='ltr'>Plautus</span> <span class='ocrx_word' id='word_1_1383' title='bbox 1945 1131 1954 1144; x_wconf 92' lang='lat'><em>‚</em></span> <span class='ocrx_word' id='word_1_1384' title='bbox 1987 1110 2094 1138; x_wconf 78' lang='lat' dir='ltr'>Paullus</span> <span class='ocrx_word' id='word_1_1385' title='bbox 2107 1118 2137 1136; x_wconf 80' lang='lat' dir='ltr'>ex</span> <span class='ocrx_word' id='word_1_1386' title='bbox 2149 1109 2237 1138; x_wconf 76' lang='lat' dir='ltr'>Festo.</span> 
     </span>
    </p>

    <p class='ocr_par' dir='ltr' id='par_1_55' title="bbox 1318 1145 2386 1404">
     <span class='ocr_line' id='line_1_148' title="bbox 1354 1145 2384 1186; baseline -0.004 -11"><span class='ocrx_word' id='word_1_1387' title='bbox 1354 1154 1400 1176; x_wconf 81' lang='lat' dir='ltr'>PV</span> <span class='ocrx_word' id='word_1_1388' title='bbox 1411 1154 1480 1179; x_wconf 85' lang='lat' dir='ltr'>To,</span> <span class='ocrx_word' id='word_1_1389' title='bbox 1500 1152 1554 1175; x_wconf 73' lang='lat' dir='ltr'>are.</span> <span class='ocrx_word' id='word_1_1390' title='bbox 1593 1146 1742 1182; x_wconf 77' lang='grc' dir='ltr'>[κλαδεύω]</span> <span class='ocrx_word' id='word_1_1391' title='bbox 1784 1149 1857 1186; x_wconf 72' lang='lat' dir='ltr'>FalJa</span> <span class='ocrx_word' id='word_1_1392' title='bbox 1876 1154 1899 1175; x_wconf 78' lang='lat' dir='ltr'>et</span> <span class='ocrx_word' id='word_1_1393' title='bbox 1910 1147 2041 1184; x_wconf 77' lang='lat' dir='ltr'>superflua</span> <span class='ocrx_word' id='word_1_1394' title='bbox 2053 1153 2077 1173; x_wconf 81' lang='lat' dir='ltr'>et</span> <span class='ocrx_word' id='word_1_1395' title='bbox 2095 1145 2268 1185; x_wconf 55' lang='lat' dir='ltr'>infr-ubilferfz</span> <span class='ocrx_word' id='word_1_1396' title='bbox 2284 1152 2314 1171; x_wconf 77' lang='lat' dir='ltr'>ex</span> <span class='ocrx_word' id='word_1_1397' title='bbox 2325 1151 2384 1180; x_wconf 70' lang='lat' dir='ltr'>qua&gt;</span> 
     </span>
     <span class='ocr_line' id='line_1_149' title="bbox 1319 1180 2386 1222; baseline -0.006 -10"><span class='ocrx_word' id='word_1_1398' title='bbox 1319 1193 1413 1220; x_wconf 77' lang='lat' dir='ltr'>cunque</span> <span class='ocrx_word' id='word_1_1399' title='bbox 1424 1193 1451 1211; x_wconf 85' lang='lat' dir='ltr'>re</span> <span class='ocrx_word' id='word_1_1400' title='bbox 1466 1194 1481 1211; x_wconf 82' lang='lat' dir='ltr'>a</span> <span class='ocrx_word' id='word_1_1401' title='bbox 1493 1187 1563 1211; x_wconf 79' lang='lat' dir='ltr'>veris</span> <span class='ocrx_word' id='word_1_1402' title='bbox 1577 1192 1601 1211; x_wconf 79' lang='lat' dir='ltr'>et</span> <span class='ocrx_word' id='word_1_1403' title='bbox 1607 1184 1743 1222; x_wconf 75' lang='lat' dir='ltr'>fertilibus</span> <span class='ocrx_word' id='word_1_1404' title='bbox 1758 1193 1882 1221; x_wconf 74' lang='lat' dir='ltr'>rejecare,</span> <span class='ocrx_word' id='word_1_1405' title='bbox 1897 1193 1919 1210; x_wconf 76' lang='lat' dir='ltr'>et</span> <span class='ocrx_word' id='word_1_1406' title='bbox 1929 1191 2053 1220; x_wconf 75' lang='lat' dir='ltr'>purgare.</span> <span class='ocrx_word' id='word_1_1407' title='bbox 2090 1183 2150 1210; x_wconf 75' lang='lat' dir='ltr'>hinc</span> <span class='ocrx_word' id='word_1_1408' title='bbox 2170 1183 2260 1209; x_wconf 79' lang='lat' dir='ltr'>Putari</span> <span class='ocrx_word' id='word_1_1409' title='bbox 2275 1180 2386 1207; x_wconf 82' lang='lat' dir='ltr'>arbores</span> 
     </span>
     <span class='ocr_line' id='line_1_150' title="bbox 1321 1218 2385 1256; baseline -0.004 -9"><span class='ocrx_word' id='word_1_1410' title='bbox 1321 1226 1348 1247; x_wconf 90' lang='lat' dir='ltr'>et</span> <span class='ocrx_word' id='word_1_1411' title='bbox 1360 1221 1428 1247; x_wconf 85' lang='lat' dir='ltr'>vites</span> <span class='ocrx_word' id='word_1_1412' title='bbox 1441 1220 1568 1248; x_wconf 79' lang='lat' dir='ltr'>dicuntur.</span> <span class='ocrx_word' id='word_1_1413' title='bbox 1625 1222 1730 1253; x_wconf 72' lang='lat' dir='ltr'>Putate,</span> <span class='ocrx_word' id='word_1_1414' title='bbox 1739 1229 1852 1256; x_wconf 83' lang='lat' dir='ltr'>purgare</span> <span class='ocrx_word' id='word_1_1415' title='bbox 1864 1221 1913 1247; x_wconf 87' lang='lat' dir='ltr'>est:</span> <span class='ocrx_word' id='word_1_1416' title='bbox 1932 1220 2001 1246; x_wconf 87' lang='lat' dir='ltr'>vnde</span> <span class='ocrx_word' id='word_1_1417' title='bbox 2009 1225 2035 1246; x_wconf 89' lang='lat' dir='ltr'>et</span> <span class='ocrx_word' id='word_1_1418' title='bbox 2047 1218 2158 1246; x_wconf 85' lang='lat' dir='ltr'>arbores</span> <span class='ocrx_word' id='word_1_1419' title='bbox 2172 1224 2198 1245; x_wconf 88' lang='lat' dir='ltr'>et</span> <span class='ocrx_word' id='word_1_1420' title='bbox 2212 1219 2278 1245; x_wconf 88' lang='lat' dir='ltr'>vites</span> <span class='ocrx_word' id='word_1_1421' title='bbox 2292 1223 2385 1252; x_wconf 88' lang='lat' dir='ltr'>putare</span> 
     </span>
     <span class='ocr_line' id='line_1_151' title="bbox 1319 1254 2385 1294; baseline -0.004 -11"><span class='ocrx_word' id='word_1_1422' title='bbox 1319 1256 1436 1284; x_wconf 88' lang='lat' dir='ltr'>dicimus</span> <span class='ocrx_word' id='word_1_1423' title='bbox 1457 1257 1551 1284; x_wconf 82' lang='lat' dir='ltr'>Donat.</span> <span class='ocrx_word' id='word_1_1424' title='bbox 1565 1257 1595 1283; x_wconf 84' lang='lat' dir='ltr'>id</span> <span class='ocrx_word' id='word_1_1425' title='bbox 1607 1257 1773 1294; x_wconf 77' lang='lat' dir='ltr'>quodprobat</span> <span class='ocrx_word' id='word_1_1426' title='bbox 1782 1267 1811 1284; x_wconf 80' lang='lat' dir='ltr'>ex</span> <span class='ocrx_word' id='word_1_1427' title='bbox 1826 1257 1903 1291; x_wconf 86' lang='lat' dir='ltr'>Virg.</span> <span class='ocrx_word' id='word_1_1428' title='bbox 1913 1256 1966 1282; x_wconf 86' lang='lat' dir='ltr'>Ecl.</span> <span class='ocrx_word' id='word_1_1429' title='bbox 1981 1265 2004 1289; x_wconf 82' lang='lat'>2,</span> <span class='ocrx_word' id='word_1_1430' title='bbox 2019 1263 2064 1291; x_wconf 84' lang='lat'>70.</span> <span class='ocrx_word' id='word_1_1431' title='bbox 2125 1254 2259 1282; x_wconf 88' lang='lat' dir='ltr'>Columel.</span> <span class='ocrx_word' id='word_1_1432' title='bbox 2275 1263 2298 1286; x_wconf 67' lang='grc' dir='ltr'>ε,</span> <span class='ocrx_word' id='word_1_1433' title='bbox 2313 1259 2326 1283; x_wconf 88' lang='lat'><strong>8</strong></span> <span class='ocrx_word' id='word_1_1434' title='bbox 2339 1259 2385 1289; x_wconf 76' lang='lat' dir='ltr'>pr.</span> 
     </span>
     <span class='ocr_line' id='line_1_152' title="bbox 1318 1289 2384 1330; baseline -0.006 -9"><span class='ocrx_word' id='word_1_1435' title='bbox 1318 1293 1416 1329; x_wconf 85' lang='lat' dir='ltr'>Neque</span> <span class='ocrx_word' id='word_1_1436' title='bbox 1429 1299 1514 1326; x_wconf 90' lang='lat' dir='ltr'>arent,</span> <span class='ocrx_word' id='word_1_1437' title='bbox 1521 1302 1609 1328; x_wconf 88' lang='lat' dir='ltr'>neque</span> <span class='ocrx_word' id='word_1_1438' title='bbox 1623 1294 1707 1321; x_wconf 85' lang='lat' dir='ltr'>vitem</span> <span class='ocrx_word' id='word_1_1439' title='bbox 1722 1300 1767 1319; x_wconf 87' lang='grc'>3111</span> <span class='ocrx_word' id='word_1_1440' title='bbox 1780 1293 1905 1321; x_wconf 80' lang='lat' dir='ltr'>arborem</span> <span class='ocrx_word' id='word_1_1441' title='bbox 1922 1299 2024 1327; x_wconf 86' lang='lat' dir='ltr'>putent.</span> <span class='ocrx_word' id='word_1_1442' title='bbox 2086 1290 2161 1318; x_wconf 85' lang='lat' dir='ltr'>Idem</span> <span class='ocrx_word' id='word_1_1443' title='bbox 2176 1293 2193 1317; x_wconf 88' lang='lat'>6</span> <span class='ocrx_word' id='word_1_1444' title='bbox 2218 1291 2293 1324; x_wconf 74' lang='lat' dir='ltr'>Quin</span> <span class='ocrx_word' id='word_1_1445' title='bbox 2301 1289 2384 1330; x_wconf 64' lang='lat' dir='ltr'>etiaim</span> 
     </span>
     <span class='ocr_line' id='line_1_153' title="bbox 1319 1327 2385 1364; baseline -0.004 -8"><span class='ocrx_word' id='word_1_1446' title='bbox 1319 1329 1505 1364; x_wconf 81' lang='lat' dir='ltr'>compluribus</span> <span class='ocrx_word' id='word_1_1447' title='bbox 1524 1330 1600 1356; x_wconf 85' lang='lat' dir='ltr'>annis</span> <span class='ocrx_word' id='word_1_1448' title='bbox 1618 1329 1780 1364; x_wconf 78' lang='lat' dir='ltr'>interpositis</span> <span class='ocrx_word' id='word_1_1449' title='bbox 1793 1330 1926 1356; x_wconf 85' lang='lat' dir='ltr'>olinetum</span> <span class='ocrx_word' id='word_1_1450' title='bbox 1943 1328 2089 1364; x_wconf 85' lang='lat' dir='ltr'>putandum</span> <span class='ocrx_word' id='word_1_1451' title='bbox 2109 1327 2154 1354; x_wconf 85' lang='lat' dir='ltr'>est.</span> <span class='ocrx_word' id='word_1_1452' title='bbox 2231 1327 2385 1362; x_wconf 83' lang='lat' dir='ltr'>Disputatio</span> 
     </span>
     <span class='ocr_line' id='line_1_154' title="bbox 1318 1362 2386 1404; baseline -0.004 -12"><span class='ocrx_word' id='word_1_1453' title='bbox 1318 1372 1344 1392; x_wconf 88' lang='lat' dir='ltr'>et</span> <span class='ocrx_word' id='word_1_1454' title='bbox 1359 1372 1525 1400; x_wconf 80' lang='lat' dir='ltr'>computatio</span> <span class='ocrx_word' id='word_1_1455' title='bbox 1539 1375 1599 1393; x_wconf 88' lang='lat' dir='ltr'>cum</span> <span class='ocrx_word' id='word_1_1456' title='bbox 1614 1366 1821 1401; x_wconf 78' lang='lat' dir='ltr'>Praepositicne,</span> <span class='ocrx_word' id='word_1_1457' title='bbox 1836 1375 1849 1393; x_wconf 89' lang='lat' dir='ltr'>a</span> <span class='ocrx_word' id='word_1_1458' title='bbox 1864 1365 2000 1401; x_wconf 78' lang='lat' dir='ltr'>putando,</span> <span class='ocrx_word' id='word_1_1459' title='bbox 2017 1374 2073 1400; x_wconf 92' lang='lat' dir='ltr'>quo</span> <span class='ocrx_word' id='word_1_1460' title='bbox 2089 1364 2161 1391; x_wconf 85' lang='lat' dir='ltr'>valet</span> <span class='ocrx_word' id='word_1_1461' title='bbox 2173 1372 2270 1404; x_wconf 78' lang='lat' dir='ltr'>purum</span> <span class='ocrx_word' id='word_1_1462' title='bbox 2288 1362 2386 1394; x_wconf 79' lang='lat' dir='ltr'>facere,</span> 
     </span>
    </p>
   </div>
   <div class='ocr_carea' id='block_1_38' title="bbox 1319 1401 2407 1443">
    <p class='ocr_par' dir='ltr' id='par_1_56' title="bbox 1319 1401 2407 1443">
     <span class='ocr_line' id='line_1_155' title="bbox 1319 1401 2407 1443; baseline -0.003 -15"><span class='ocrx_word' id='word_1_1463' title='bbox 1319 1401 1382 1429; x_wconf 84' lang='lat' dir='ltr'>ideo</span> <span class='ocrx_word' id='word_1_1464' title='bbox 1397 1402 1503 1437; x_wconf 89' lang='lat' dir='ltr'>antiqui</span> <span class='ocrx_word' id='word_1_1465' title='bbox 1518 1411 1625 1443; x_wconf 82' lang='lat' dir='ltr'>purum,</span> <span class='ocrx_word' id='word_1_1466' title='bbox 1638 1409 1731 1437; x_wconf 88' lang='lat' dir='ltr'>putum</span> <span class='ocrx_word' id='word_1_1467' title='bbox 1746 1403 1930 1443; x_wconf 74' lang='lat' dir='ltr'>appellarunt:</span> <span class='ocrx_word' id='word_1_1468' title='bbox 1949 1402 2011 1428; x_wconf 82' lang='lat' dir='ltr'>ideo</span> <span class='ocrx_word' id='word_1_1469' title='bbox 2025 1407 2141 1436; x_wconf 84' lang='lat' dir='ltr'>putator,</span> <span class='ocrx_word' id='word_1_1470' title='bbox 2154 1408 2203 1435; x_wconf 81' lang='lat' dir='ltr'>qiu</span> <span class='ocrx_word' id='word_1_1471' title='bbox 2216 1402 2326 1427; x_wconf 85' lang='lat' dir='ltr'>arbores</span> <span class='ocrx_word' id='word_1_1472' title='bbox 2339 1406 2386 1434; x_wconf 87' lang='lat' dir='ltr'>pu·</span> <span class='ocrx_word' id='word_1_1473' title='bbox 2404 1402 2407 1404; x_wconf 79' lang='grc'><strong>’</strong></span> 
     </span>
    </p>
   </div>
   <div class='ocr_carea' id='block_1_39' title="bbox 1317 1434 2390 1872">
    <p class='ocr_par' dir='ltr' id='par_1_57' title="bbox 1317 1434 2390 1872">
     <span class='ocr_line' id='line_1_156' title="bbox 1317 1434 2385 1473; baseline -0.004 -8"><span class='ocrx_word' id='word_1_1474' title='bbox 1317 1447 1358 1465; x_wconf 78' lang='lat' dir='ltr'>ras</span> <span class='ocrx_word' id='word_1_1475' title='bbox 1373 1439 1451 1465; x_wconf 84' lang='lat' dir='ltr'>facit:</span> <span class='ocrx_word' id='word_1_1476' title='bbox 1477 1438 1541 1466; x_wconf 87' lang='lat' dir='ltr'>ideo</span> <span class='ocrx_word' id='word_1_1477' title='bbox 1553 1445 1624 1465; x_wconf 84' lang='lat' dir='ltr'>ratio</span> <span class='ocrx_word' id='word_1_1478' title='bbox 1640 1439 1728 1473; x_wconf 86' lang='lat' dir='ltr'>putari</span> <span class='ocrx_word' id='word_1_1479' title='bbox 1742 1439 1857 1472; x_wconf 83' lang='lat' dir='ltr'>dicitur,</span> <span class='ocrx_word' id='word_1_1480' title='bbox 1878 1448 1906 1465; x_wconf 83' lang='lat' dir='ltr'>in</span> <span class='ocrx_word' id='word_1_1481' title='bbox 1928 1447 1980 1473; x_wconf 87' lang='lat' dir='ltr'>qua</span> <span class='ocrx_word' id='word_1_1482' title='bbox 2001 1439 2102 1464; x_wconf 88' lang='lat' dir='ltr'>summa</span> <span class='ocrx_word' id='word_1_1483' title='bbox 2116 1436 2146 1463; x_wconf 85' lang='lat' dir='ltr'>fit</span> <span class='ocrx_word' id='word_1_1484' title='bbox 2161 1444 2226 1472; x_wconf 85' lang='lat' dir='ltr'>pura</span> <span class='ocrx_word' id='word_1_1485' title='bbox 2253 1437 2339 1462; x_wconf 85' lang='lat' dir='ltr'>Varro</span> <span class='ocrx_word' id='word_1_1486' title='bbox 2352 1434 2385 1461; x_wconf 85' lang='lat' dir='ltr'>de</span> 
     </span>
     <span class='ocr_line' id='line_1_157' title="bbox 1320 1473 2386 1511; baseline -0.004 -10"><span class='ocrx_word' id='word_1_1487' title='bbox 1320 1475 1350 1501; x_wconf 90' lang='lat' dir='ltr'>L.</span> <span class='ocrx_word' id='word_1_1488' title='bbox 1366 1475 1396 1501; x_wconf 95' lang='lat' dir='ltr'>L.</span> <span class='ocrx_word' id='word_1_1489' title='bbox 1417 1483 1440 1508; x_wconf 89' lang='lat'>5,</span> <span class='ocrx_word' id='word_1_1490' title='bbox 1459 1482 1485 1510; x_wconf 88' lang='lat'>7.</span> <span class='ocrx_word' id='word_1_1491' title='bbox 1555 1475 1624 1502; x_wconf 71' lang='lat' dir='ltr'>Add.</span> <span class='ocrx_word' id='word_1_1492' title='bbox 1639 1484 1700 1511; x_wconf 81' lang='lat' dir='ltr'>quac</span> <span class='ocrx_word' id='word_1_1493' title='bbox 1717 1475 1786 1502; x_wconf 78' lang='lat' dir='ltr'>Gell.</span> <span class='ocrx_word' id='word_1_1494' title='bbox 1800 1478 1832 1508; x_wconf 86' lang='lat'>6,</span> <span class='ocrx_word' id='word_1_1495' title='bbox 1851 1483 1863 1508; x_wconf 83' lang='lat'>5</span> <span class='ocrx_word' id='word_1_1496' title='bbox 1884 1474 1997 1511; x_wconf 70' lang='lat' dir='ltr'>dtsputat</span> <span class='ocrx_word' id='word_1_1497' title='bbox 2012 1474 2041 1500; x_wconf 80' lang='lat' dir='ltr'>de</span> <span class='ocrx_word' id='word_1_1498' title='bbox 2054 1483 2151 1500; x_wconf 78' lang='lat' dir='ltr'>nomme</span> <span class='ocrx_word' id='word_1_1499' title='bbox 2164 1474 2258 1499; x_wconf 85' lang='lat' dir='ltr'>Putus:</span> <span class='ocrx_word' id='word_1_1500' title='bbox 2291 1473 2386 1498; x_wconf 80' lang='lat' dir='ltr'>Putan</span> 
     </span>
     <span class='ocr_line' id='line_1_158' title="bbox 1317 1508 2385 1546; baseline -0.003 -9"><span class='ocrx_word' id='word_1_1501' title='bbox 1317 1517 1407 1538; x_wconf 88' lang='lat' dir='ltr'>autem</span> <span class='ocrx_word' id='word_1_1502' title='bbox 1423 1517 1527 1538; x_wconf 88' lang='lat' dir='ltr'>veteres</span> <span class='ocrx_word' id='word_1_1503' title='bbox 1540 1511 1665 1538; x_wconf 83' lang='lat' dir='ltr'>dixerunt</span> <span class='ocrx_word' id='word_1_1504' title='bbox 1685 1512 1806 1538; x_wconf 85' lang='lat' dir='ltr'>vacantia</span> <span class='ocrx_word' id='word_1_1505' title='bbox 1825 1520 1858 1539; x_wconf 86' lang='lat' dir='ltr'>ex</span> <span class='ocrx_word' id='word_1_1506' title='bbox 1882 1520 1987 1546; x_wconf 87' lang='lat' dir='ltr'>quaque</span> <span class='ocrx_word' id='word_1_1507' title='bbox 2006 1519 2036 1538; x_wconf 91' lang='lat' dir='ltr'>re</span> <span class='ocrx_word' id='word_1_1508' title='bbox 2055 1519 2084 1537; x_wconf 88' lang='lat' dir='ltr'>ac</span> <span class='ocrx_word' id='word_1_1509' title='bbox 2098 1518 2152 1536; x_wconf 91' lang='lat' dir='ltr'>non</span> <span class='ocrx_word' id='word_1_1510' title='bbox 2165 1508 2322 1541; x_wconf 73' lang='lat' dir='ltr'>neceli&#39;aria,</span> <span class='ocrx_word' id='word_1_1511' title='bbox 2338 1513 2385 1534; x_wconf 86' lang='lat' dir='ltr'>aut</span> 
     </span>
     <span class='ocr_line' id='line_1_159' title="bbox 1317 1543 2387 1584; baseline -0.004 -10"><span class='ocrx_word' id='word_1_1512' title='bbox 1317 1547 1399 1574; x_wconf 88' lang='lat' dir='ltr'>etiam</span> <span class='ocrx_word' id='word_1_1513' title='bbox 1414 1546 1546 1574; x_wconf 82' lang='lat' dir='ltr'>obstantia</span> <span class='ocrx_word' id='word_1_1514' title='bbox 1559 1553 1585 1575; x_wconf 88' lang='lat' dir='ltr'>et</span> <span class='ocrx_word' id='word_1_1515' title='bbox 1596 1547 1682 1575; x_wconf 86' lang='lat' dir='ltr'>aliena</span> <span class='ocrx_word' id='word_1_1516' title='bbox 1696 1548 1804 1575; x_wconf 88' lang='lat' dir='ltr'>auferre</span> <span class='ocrx_word' id='word_1_1517' title='bbox 1818 1555 1844 1575; x_wconf 89' lang='lat' dir='ltr'>et</span> <span class='ocrx_word' id='word_1_1518' title='bbox 1855 1548 1996 1580; x_wconf 83' lang='lat' dir='ltr'>excidere,</span> <span class='ocrx_word' id='word_1_1519' title='bbox 2017 1553 2043 1574; x_wconf 83' lang='lat' dir='ltr'>et</span> <span class='ocrx_word' id='word_1_1520' title='bbox 2057 1547 2129 1581; x_wconf 91' lang='lat' dir='ltr'>quod</span> <span class='ocrx_word' id='word_1_1521' title='bbox 2144 1547 2193 1572; x_wconf 74' lang='lat' dir='ltr'>else</span> <span class='ocrx_word' id='word_1_1522' title='bbox 2207 1545 2273 1572; x_wconf 88' lang='lat' dir='ltr'>vtile</span> <span class='ocrx_word' id='word_1_1523' title='bbox 2286 1554 2314 1571; x_wconf 84' lang='lat' dir='ltr'>ac</span> <span class='ocrx_word' id='word_1_1524' title='bbox 2333 1543 2387 1584; x_wconf 77' lang='lat' dir='ltr'>line</span> 
     </span>
     <span class='ocr_line' id='line_1_160' title="bbox 1317 1581 2387 1619; baseline -0.002 -9"><span class='ocrx_word' id='word_1_1525' title='bbox 1317 1583 1388 1610; x_wconf 88' lang='lat' dir='ltr'>vitio</span> <span class='ocrx_word' id='word_1_1526' title='bbox 1404 1583 1554 1617; x_wconf 85' lang='lat' dir='ltr'>videretur,</span> <span class='ocrx_word' id='word_1_1527' title='bbox 1570 1584 1732 1619; x_wconf 86' lang='lat' dir='ltr'>relinquere.</span> <span class='ocrx_word' id='word_1_1528' title='bbox 1769 1585 1811 1611; x_wconf 81' lang='lat' dir='ltr'>Sic</span> <span class='ocrx_word' id='word_1_1529' title='bbox 1823 1593 1940 1619; x_wconf 78' lang='lat' dir='ltr'>namque</span> <span class='ocrx_word' id='word_1_1530' title='bbox 1956 1584 2065 1610; x_wconf 86' lang='lat' dir='ltr'>arbores</span> <span class='ocrx_word' id='word_1_1531' title='bbox 2080 1589 2106 1610; x_wconf 88' lang='lat' dir='ltr'>et</span> <span class='ocrx_word' id='word_1_1532' title='bbox 2120 1583 2204 1614; x_wconf 75' lang='lat' dir='ltr'>vites,</span> <span class='ocrx_word' id='word_1_1533' title='bbox 2218 1581 2288 1609; x_wconf 78' lang='lat' dir='ltr'>etsie</span> <span class='ocrx_word' id='word_1_1534' title='bbox 2304 1589 2387 1608; x_wconf 84' lang='lat' dir='ltr'>etiam</span> 
     </span>
     <span class='ocr_line' id='line_1_161' title="bbox 1318 1616 2387 1658; baseline -0.003 -12"><span class='ocrx_word' id='word_1_1535' title='bbox 1318 1620 1437 1647; x_wconf 84' lang='lat' dir='ltr'>rationes</span> <span class='ocrx_word' id='word_1_1536' title='bbox 1445 1624 1535 1656; x_wconf 73' lang='lat' dir='ltr'>putari</span> <span class='ocrx_word' id='word_1_1537' title='bbox 1550 1620 1645 1647; x_wconf 62' lang='lat' dir='ltr'>dictae.</span> <span class='ocrx_word' id='word_1_1538' title='bbox 1681 1619 1802 1648; x_wconf 85' lang='lat' dir='ltr'>Verbum</span> <span class='ocrx_word' id='word_1_1539' title='bbox 1816 1629 1925 1656; x_wconf 87' lang='lat' dir='ltr'>quoque</span> <span class='ocrx_word' id='word_1_1540' title='bbox 1940 1620 2025 1655; x_wconf 82' lang='lat' dir='ltr'>ipsum</span> <span class='ocrx_word' id='word_1_1541' title='bbox 2037 1626 2108 1656; x_wconf 82' lang='lat' dir='ltr'>puto,</span> <span class='ocrx_word' id='word_1_1542' title='bbox 2128 1619 2200 1654; x_wconf 87' lang='lat' dir='ltr'>quod</span> <span class='ocrx_word' id='word_1_1543' title='bbox 2214 1616 2387 1658; x_wconf 71' lang='lat' dir='ltr'>declarandae</span> 
     </span>
     <span class='ocr_line' id='line_1_162' title="bbox 1318 1651 2388 1691; baseline -0.003 -9"><span class='ocrx_word' id='word_1_1544' title='bbox 1318 1657 1466 1683; x_wconf 82' lang='lat' dir='ltr'>sententiae</span> <span class='ocrx_word' id='word_1_1545' title='bbox 1481 1657 1587 1683; x_wconf 76' lang='lat' dir='ltr'>nostrae</span> <span class='ocrx_word' id='word_1_1546' title='bbox 1607 1657 1682 1684; x_wconf 85' lang='lat' dir='ltr'>causa</span> <span class='ocrx_word' id='word_1_1547' title='bbox 1698 1657 1826 1689; x_wconf 87' lang='lat' dir='ltr'>dicimus,</span> <span class='ocrx_word' id='word_1_1548' title='bbox 1846 1666 1901 1684; x_wconf 92' lang='lat' dir='ltr'>non</span> <span class='ocrx_word' id='word_1_1549' title='bbox 1917 1656 1998 1691; x_wconf 85' lang='lat' dir='ltr'>lignat</span> <span class='ocrx_word' id='word_1_1550' title='bbox 2013 1656 2137 1691; x_wconf 52' lang='lat' dir='ltr'>profecto</span> <span class='ocrx_word' id='word_1_1551' title='bbox 2152 1655 2225 1682; x_wconf 86' lang='lat' dir='ltr'>aliud</span> <span class='ocrx_word' id='word_1_1552' title='bbox 2236 1674 2242 1685; x_wconf 93' lang='lat'><em>‚</em></span> <span class='ocrx_word' id='word_1_1553' title='bbox 2263 1662 2341 1688; x_wconf 88' lang='lat' dir='ltr'>quam</span> <span class='ocrx_word' id='word_1_1554' title='bbox 2357 1651 2388 1680; x_wconf 77' lang='lat' dir='ltr'>id</span> 
     </span>
     <span class='ocr_line' id='line_1_163' title="bbox 1319 1690 2389 1729; baseline -0.004 -10"><span class='ocrx_word' id='word_1_1555' title='bbox 1319 1702 1398 1727; x_wconf 84' lang='lat' dir='ltr'>agere</span> <span class='ocrx_word' id='word_1_1556' title='bbox 1411 1702 1461 1719; x_wconf 87' lang='lat' dir='ltr'>nos</span> <span class='ocrx_word' id='word_1_1557' title='bbox 1474 1694 1503 1720; x_wconf 87' lang='lat' dir='ltr'>in</span> <span class='ocrx_word' id='word_1_1558' title='bbox 1516 1702 1545 1720; x_wconf 88' lang='lat' dir='ltr'>re</span> <span class='ocrx_word' id='word_1_1559' title='bbox 1559 1693 1642 1720; x_wconf 87' lang='lat' dir='ltr'>dubia</span> <span class='ocrx_word' id='word_1_1560' title='bbox 1653 1693 1827 1729; x_wconf 86' lang='lat' dir='ltr'>obscuraque,</span> <span class='ocrx_word' id='word_1_1561' title='bbox 1842 1699 1872 1720; x_wconf 90' lang='lat' dir='ltr'>vt</span> <span class='ocrx_word' id='word_1_1562' title='bbox 1884 1692 1975 1720; x_wconf 79' lang='lat' dir='ltr'>decisis</span> <span class='ocrx_word' id='word_1_1563' title='bbox 1989 1692 2185 1727; x_wconf 74' lang='lat' dir='ltr'>amputatisque</span> <span class='ocrx_word' id='word_1_1564' title='bbox 2199 1690 2269 1717; x_wconf 81' lang='lat' dir='ltr'>fallis</span> <span class='ocrx_word' id='word_1_1565' title='bbox 2282 1690 2389 1724; x_wconf 89' lang='lat' dir='ltr'>opinio-</span> 
     </span>
     <span class='ocr_line' id='line_1_164' title="bbox 1319 1727 2389 1764; baseline -0.003 -9"><span class='ocrx_word' id='word_1_1566' title='bbox 1319 1730 1408 1761; x_wconf 84' lang='lat' dir='ltr'>nibus,</span> <span class='ocrx_word' id='word_1_1567' title='bbox 1421 1729 1494 1763; x_wconf 87' lang='lat' dir='ltr'>quod</span> <span class='ocrx_word' id='word_1_1568' title='bbox 1512 1729 1637 1756; x_wconf 89' lang='lat' dir='ltr'>videatur</span> <span class='ocrx_word' id='word_1_1569' title='bbox 1652 1731 1701 1756; x_wconf 78' lang='lat' dir='ltr'>effe</span> <span class='ocrx_word' id='word_1_1570' title='bbox 1716 1738 1811 1757; x_wconf 86' lang='lat' dir='ltr'>verum</span> <span class='ocrx_word' id='word_1_1571' title='bbox 1825 1736 1850 1758; x_wconf 91' lang='lat' dir='ltr'>et</span> <span class='ocrx_word' id='word_1_1572' title='bbox 1863 1730 2000 1764; x_wconf 81' lang='lat' dir='ltr'>integrum</span> <span class='ocrx_word' id='word_1_1573' title='bbox 2019 1736 2043 1756; x_wconf 84' lang='lat' dir='ltr'>et</span> <span class='ocrx_word' id='word_1_1574' title='bbox 2057 1729 2260 1762; x_wconf 84' lang='lat' dir='ltr'>incorruptum,</span> <span class='ocrx_word' id='word_1_1575' title='bbox 2274 1727 2389 1753; x_wconf 79' lang='lat' dir='ltr'>retinca-</span> 
     </span>
     <span class='ocr_line' id='line_1_165' title="bbox 1319 1762 2388 1800; baseline 0 -11"><span class='ocrx_word' id='word_1_1576' title='bbox 1319 1774 1387 1790; x_wconf 88' lang='lat' dir='ltr'>mus.</span> <span class='ocrx_word' id='word_1_1577' title='bbox 1422 1766 1528 1800; x_wconf 80' lang='lat' dir='ltr'>Reliqua</span> <span class='ocrx_word' id='word_1_1578' title='bbox 1543 1765 1597 1791; x_wconf 75' lang='lat' dir='ltr'>vid.</span> <span class='ocrx_word' id='word_1_1579' title='bbox 1614 1768 1643 1790; x_wconf 85' lang='lat' dir='ltr'>in</span> <span class='ocrx_word' id='word_1_1580' title='bbox 1663 1772 1800 1793; x_wconf 76' lang='lat' dir='ltr'>PVTvs.</span> <span class='ocrx_word' id='word_1_1581' title='bbox 1898 1765 2000 1793; x_wconf 76' lang='lat' dir='ltr'>Festus:</span> <span class='ocrx_word' id='word_1_1582' title='bbox 2029 1766 2125 1792; x_wconf 87' lang='lat' dir='ltr'>Putum</span> <span class='ocrx_word' id='word_1_1583' title='bbox 2138 1764 2245 1798; x_wconf 83' lang='lat' dir='ltr'>antiqui</span> <span class='ocrx_word' id='word_1_1584' title='bbox 2264 1762 2388 1790; x_wconf 80' lang='lat' dir='ltr'>dicebant</span> 
     </span>
     <span class='ocr_line' id='line_1_166' title="bbox 1318 1799 2390 1837; baseline -0.001 -11"><span class='ocrx_word' id='word_1_1585' title='bbox 1318 1808 1368 1834; x_wconf 91' lang='lat' dir='ltr'>pro</span> <span class='ocrx_word' id='word_1_1586' title='bbox 1382 1799 1459 1825; x_wconf 86' lang='lat' dir='ltr'>Puro.</span> <span class='ocrx_word' id='word_1_1587' title='bbox 1478 1800 1548 1825; x_wconf 84' lang='lat' dir='ltr'>vnde</span> <span class='ocrx_word' id='word_1_1588' title='bbox 1563 1801 1670 1825; x_wconf 88' lang='lat' dir='ltr'>Putatae</span> <span class='ocrx_word' id='word_1_1589' title='bbox 1686 1802 1755 1827; x_wconf 78' lang='lat' dir='ltr'>vites</span> <span class='ocrx_word' id='word_1_1590' title='bbox 1768 1807 1794 1827; x_wconf 87' lang='lat' dir='ltr'>et</span> <span class='ocrx_word' id='word_1_1591' title='bbox 1806 1801 1925 1833; x_wconf 81' lang='lat' dir='ltr'>arbores,</span> <span class='ocrx_word' id='word_1_1592' title='bbox 1939 1801 2012 1837; x_wconf 89' lang='lat' dir='ltr'>quod</span> <span class='ocrx_word' id='word_1_1593' title='bbox 2028 1800 2118 1829; x_wconf 74' lang='lat' dir='ltr'>decisis</span> <span class='ocrx_word' id='word_1_1594' title='bbox 2132 1800 2334 1835; x_wconf 85' lang='lat' dir='ltr'>impedimentis</span> <span class='ocrx_word' id='word_1_1595' title='bbox 2349 1808 2390 1826; x_wconf 88' lang='lat' dir='ltr'>re-</span> 
     </span>
     <span class='ocr_line' id='line_1_167' title="bbox 1318 1835 2389 1872; baseline 0.001 -11"><span class='ocrx_word' id='word_1_1596' title='bbox 1318 1841 1457 1861; x_wconf 87' lang='lat' dir='ltr'>manerent</span> <span class='ocrx_word' id='word_1_1597' title='bbox 1471 1844 1561 1869; x_wconf 86' lang='lat' dir='ltr'>purae.</span> <span class='ocrx_word' id='word_1_1598' title='bbox 1600 1835 1670 1861; x_wconf 75' lang='lat' dir='ltr'>Haec</span> <span class='ocrx_word' id='word_1_1599' title='bbox 1688 1835 1739 1862; x_wconf 77' lang='lat' dir='ltr'>ille.</span> <span class='ocrx_word' id='word_1_1600' title='bbox 1781 1836 1857 1872; x_wconf 70' lang='lat' dir='ltr'>Cous.</span> <span class='ocrx_word' id='word_1_1601' title='bbox 1876 1837 1951 1863; x_wconf 91' lang='lat' dir='ltr'>Non.</span> <span class='ocrx_word' id='word_1_1602' title='bbox 1966 1847 1992 1870; x_wconf 86' lang='grc'>1,</span> <span class='ocrx_word' id='word_1_1603' title='bbox 2006 1845 2055 1864; x_wconf 74' lang='grc'>112.</span> <span class='ocrx_word' id='word_1_1604' title='bbox 2166 1837 2255 1864; x_wconf 86' lang='lat' dir='ltr'>Vitem</span> <span class='ocrx_word' id='word_1_1605' title='bbox 2269 1835 2389 1871; x_wconf 88' lang='lat' dir='ltr'>putando</span> 
     </span>
    </p>
   </div>
   <div class='ocr_carea' id='block_1_40' title="bbox 1316 1871 2389 2410">
    <p class='ocr_par' dir='ltr' id='par_1_58' title="bbox 1316 1871 2389 2376">
     <span class='ocr_line' id='line_1_168' title="bbox 1319 1871 2388 1907; baseline 0.002 -11"><span class='ocrx_word' id='word_1_1606' title='bbox 1319 1871 1397 1905; x_wconf 81' lang='lat' dir='ltr'>fingit</span> <span class='ocrx_word' id='word_1_1607' title='bbox 1422 1871 1497 1905; x_wconf 86' lang='lat' dir='ltr'>Virg.</span> <span class='ocrx_word' id='word_1_1608' title='bbox 1511 1872 1610 1905; x_wconf 86' lang='lat' dir='ltr'>Georg.</span> <span class='ocrx_word' id='word_1_1609' title='bbox 1632 1880 1660 1902; x_wconf 77' lang='lat'>2,</span> <span class='ocrx_word' id='word_1_1610' title='bbox 1677 1880 1739 1905; x_wconf 89' lang='lat'>407.</span> <span class='ocrx_word' id='word_1_1611' title='bbox 1849 1871 1917 1899; x_wconf 83' lang='lat' dir='ltr'>Olea</span> <span class='ocrx_word' id='word_1_1612' title='bbox 1933 1881 1988 1907; x_wconf 90' lang='lat' dir='ltr'>quo</span> <span class='ocrx_word' id='word_1_1613' title='bbox 2002 1881 2124 1907; x_wconf 83' lang='lat' dir='ltr'>tempore</span> <span class='ocrx_word' id='word_1_1614' title='bbox 2138 1880 2247 1907; x_wconf 83' lang='lat' dir='ltr'>putetur</span> <span class='ocrx_word' id='word_1_1615' title='bbox 2274 1874 2341 1899; x_wconf 86' lang='lat' dir='ltr'>Cato</span> <span class='ocrx_word' id='word_1_1616' title='bbox 2355 1872 2388 1898; x_wconf 82' lang='lat' dir='ltr'>de</span> 
     </span>
     <span class='ocr_line' id='line_1_169' title="bbox 1318 1906 2387 1945; baseline 0.001 -13"><span class='ocrx_word' id='word_1_1617' title='bbox 1318 1907 1351 1933; x_wconf 96' lang='lat' dir='ltr'>R.</span> <span class='ocrx_word' id='word_1_1618' title='bbox 1367 1907 1399 1932; x_wconf 89' lang='lat' dir='ltr'>R.</span> <span class='ocrx_word' id='word_1_1619' title='bbox 1412 1915 1433 1932; x_wconf 89' lang='lat' dir='ltr'>c.</span> <span class='ocrx_word' id='word_1_1620' title='bbox 1447 1916 1495 1941; x_wconf 82' lang='lat'>44.</span> <span class='ocrx_word' id='word_1_1621' title='bbox 1550 1907 1623 1933; x_wconf 78' lang='lat' dir='ltr'>idem</span> <span class='ocrx_word' id='word_1_1622' title='bbox 1637 1906 1671 1932; x_wconf 85' lang='lat' dir='ltr'>de</span> <span class='ocrx_word' id='word_1_1623' title='bbox 1685 1906 1796 1933; x_wconf 85' lang='lat' dir='ltr'>Vitibus</span> <span class='ocrx_word' id='word_1_1624' title='bbox 1814 1915 1836 1932; x_wconf 91' lang='lat' dir='ltr'>c.</span> <span class='ocrx_word' id='word_1_1625' title='bbox 1851 1916 1891 1940; x_wconf 81' lang='lat'>32.</span> <span class='ocrx_word' id='word_1_1626' title='bbox 2074 1906 2096 1945; x_wconf 59' lang='lat' dir='ltr'>q</span> <span class='ocrx_word' id='word_1_1627' title='bbox 2117 1917 2129 1934; x_wconf 66' lang='grc' dir='ltr'>ε</span> <span class='ocrx_word' id='word_1_1628' title='bbox 2167 1909 2277 1940; x_wconf 88' lang='lat' dir='ltr'>Putare,</span> <span class='ocrx_word' id='word_1_1629' title='bbox 2302 1908 2387 1941; x_wconf 76' lang='grc' dir='ltr'><strong><em>[νομί-</em></strong></span> 
     </span>
     <span class='ocr_line' id='line_1_170' title="bbox 1316 1940 2387 1978; baseline 0.004 -12"><span class='ocrx_word' id='word_1_1630' title='bbox 1316 1941 1361 1977; x_wconf 55' lang='lat' dir='ltr'>§uu</span> <span class='ocrx_word' id='word_1_1631' title='bbox 1379 1940 1459 1974; x_wconf 68' lang='grc' dir='ltr'>δοκέω,</span> <span class='ocrx_word' id='word_1_1632' title='bbox 1475 1944 1566 1974; x_wconf 47' lang='lat' dir='ltr'>ollium,</span> <span class='ocrx_word' id='word_1_1633' title='bbox 1583 1941 1707 1977; x_wconf 71' lang='grc' dir='ltr'>ἡγέομαι]</span> <span class='ocrx_word' id='word_1_1634' title='bbox 1725 1942 1853 1978; x_wconf 50' lang='lat' dir='ltr'>Cogunt,</span> <span class='ocrx_word' id='word_1_1635' title='bbox 1865 1942 2029 1977; x_wconf 75' lang='lat' dir='ltr'>considerare.</span> <span class='ocrx_word' id='word_1_1636' title='bbox 2102 1944 2173 1970; x_wconf 89' lang='lat' dir='ltr'>Ter.</span> <span class='ocrx_word' id='word_1_1637' title='bbox 2188 1946 2254 1970; x_wconf 85' lang='lat' dir='ltr'>Eun.</span> <span class='ocrx_word' id='word_1_1638' title='bbox 2273 1952 2302 1976; x_wconf 93' lang='lat'>4,</span> <span class='ocrx_word' id='word_1_1639' title='bbox 2322 1953 2347 1975; x_wconf 82' lang='lat'>2,</span> <span class='ocrx_word' id='word_1_1640' title='bbox 2367 1953 2387 1977; x_wconf 86' lang='lat'>4</span> 
     </span>
     <span class='ocr_line' id='line_1_171' title="bbox 1319 1977 2389 2013; baseline 0.001 -8"><span class='ocrx_word' id='word_1_1641' title='bbox 1319 1979 1390 2005; x_wconf 90' lang='lat' dir='ltr'>Dum</span> <span class='ocrx_word' id='word_1_1642' title='bbox 1403 1977 1468 2004; x_wconf 89' lang='lat' dir='ltr'>haec</span> <span class='ocrx_word' id='word_1_1643' title='bbox 1481 1983 1562 2012; x_wconf 89' lang='lat' dir='ltr'>puto,</span> <span class='ocrx_word' id='word_1_1644' title='bbox 1582 1979 1709 2012; x_wconf 83' lang='lat' dir='ltr'>praeterii</span> <span class='ocrx_word' id='word_1_1645' title='bbox 1728 1978 1885 2012; x_wconf 84' lang='lat' dir='ltr'>imprudens</span> <span class='ocrx_word' id='word_1_1646' title='bbox 1905 1979 2008 2005; x_wconf 84' lang='lat' dir='ltr'>villam.</span> <span class='ocrx_word' id='word_1_1647' title='bbox 2104 1979 2191 2006; x_wconf 84' lang='lat' dir='ltr'>Multa</span> <span class='ocrx_word' id='word_1_1648' title='bbox 2205 1984 2314 2013; x_wconf 85' lang='lat' dir='ltr'>putans,</span> <span class='ocrx_word' id='word_1_1649' title='bbox 2335 1979 2389 2006; x_wconf 87' lang='lat' dir='ltr'>sor·</span> 
     </span>
     <span class='ocr_line' id='line_1_172' title="bbox 1317 2014 2387 2050; baseline 0 -9"><span class='ocrx_word' id='word_1_1650' title='bbox 1317 2020 1426 2048; x_wconf 85' lang='lat' dir='ltr'>temque</span> <span class='ocrx_word' id='word_1_1651' title='bbox 1445 2015 1537 2041; x_wconf 87' lang='lat' dir='ltr'>animo</span> <span class='ocrx_word' id='word_1_1652' title='bbox 1556 2014 1694 2041; x_wconf 73' lang='lat' dir='ltr'>miseratus</span> <span class='ocrx_word' id='word_1_1653' title='bbox 1714 2014 1837 2048; x_wconf 88' lang='lat' dir='ltr'>iniquam</span> <span class='ocrx_word' id='word_1_1654' title='bbox 1864 2014 1941 2048; x_wconf 88' lang='lat' dir='ltr'>Virg.</span> <span class='ocrx_word' id='word_1_1655' title='bbox 1956 2015 2022 2040; x_wconf 83' lang='lat' dir='ltr'>Aen.</span> <span class='ocrx_word' id='word_1_1656' title='bbox 2043 2016 2076 2047; x_wconf 92' lang='lat'>6,</span> <span class='ocrx_word' id='word_1_1657' title='bbox 2090 2023 2141 2047; x_wconf 85' lang='grc'>331.</span> <span class='ocrx_word' id='word_1_1658' title='bbox 2246 2014 2387 2050; x_wconf 83' lang='lat' dir='ltr'>Multaque</span> 
     </span>
     <span class='ocr_line' id='line_1_173' title="bbox 1318 2049 2387 2086; baseline 0.002 -10"><span class='ocrx_word' id='word_1_1659' title='bbox 1318 2049 1384 2077; x_wconf 86' lang='lat' dir='ltr'>dura</span> <span class='ocrx_word' id='word_1_1660' title='bbox 1399 2051 1446 2077; x_wconf 88' lang='lat' dir='ltr'>suo</span> <span class='ocrx_word' id='word_1_1661' title='bbox 1461 2050 1531 2077; x_wconf 85' lang='lat' dir='ltr'>tristi</span> <span class='ocrx_word' id='word_1_1662' title='bbox 1545 2059 1605 2077; x_wconf 85' lang='lat' dir='ltr'>cum</span> <span class='ocrx_word' id='word_1_1663' title='bbox 1617 2049 1698 2077; x_wconf 89' lang='lat' dir='ltr'>corde</span> <span class='ocrx_word' id='word_1_1664' title='bbox 1711 2049 1840 2084; x_wconf 82' lang='lat' dir='ltr'>putabant</span> <span class='ocrx_word' id='word_1_1665' title='bbox 1857 2049 1897 2077; x_wconf 82' lang='lat' dir='ltr'>Id.</span> <span class='ocrx_word' id='word_1_1666' title='bbox 1912 2049 1981 2077; x_wconf 87' lang='lat' dir='ltr'>ibid.</span> <span class='ocrx_word' id='word_1_1667' title='bbox 1995 2055 2018 2082; x_wconf 86' lang='lat'>8,</span> <span class='ocrx_word' id='word_1_1668' title='bbox 2032 2058 2086 2083; x_wconf 81' lang='lat'>522.</span> <span class='ocrx_word' id='word_1_1669' title='bbox 2182 2050 2307 2086; x_wconf 79' lang='lat' dir='ltr'>Tegulae</span> <span class='ocrx_word' id='word_1_1670' title='bbox 2319 2050 2387 2078; x_wconf 87' lang='lat' dir='ltr'>duae</span> 
     </span>
     <span class='ocr_line' id='line_1_174' title="bbox 1318 2085 2386 2122; baseline 0.002 -9"><span class='ocrx_word' id='word_1_1671' title='bbox 1318 2095 1368 2122; x_wconf 85' lang='lat' dir='ltr'>pro</span> <span class='ocrx_word' id='word_1_1672' title='bbox 1385 2095 1438 2113; x_wconf 86' lang='lat' dir='ltr'>vua</span> <span class='ocrx_word' id='word_1_1673' title='bbox 1451 2087 1619 2121; x_wconf 89' lang='lat' dir='ltr'>putabuntur</span> <span class='ocrx_word' id='word_1_1674' title='bbox 1650 2087 1718 2114; x_wconf 83' lang='lat' dir='ltr'>Cato</span> <span class='ocrx_word' id='word_1_1675' title='bbox 1731 2087 1763 2113; x_wconf 90' lang='lat' dir='ltr'>R.</span> <span class='ocrx_word' id='word_1_1676' title='bbox 1779 2086 1810 2113; x_wconf 90' lang='lat' dir='ltr'>R.</span> <span class='ocrx_word' id='word_1_1677' title='bbox 1832 2095 1854 2113; x_wconf 90' lang='lat' dir='ltr'>c.</span> <span class='ocrx_word' id='word_1_1678' title='bbox 1869 2095 1908 2120; x_wconf 86' lang='lat'>14.</span> <span class='ocrx_word' id='word_1_1679' title='bbox 2019 2085 2104 2113; x_wconf 61' lang='lat' dir='ltr'>Recte</span> <span class='ocrx_word' id='word_1_1680' title='bbox 2117 2092 2192 2121; x_wconf 85' lang='lat' dir='ltr'>putas</span> <span class='ocrx_word' id='word_1_1681' title='bbox 2219 2088 2288 2115; x_wconf 78' lang='lat' dir='ltr'>Ter.</span> <span class='ocrx_word' id='word_1_1682' title='bbox 2302 2087 2386 2115; x_wconf 85' lang='lat' dir='ltr'>Andr.</span> 
     </span>
     <span class='ocr_line' id='line_1_175' title="bbox 1319 2123 2386 2159; baseline 0.001 -9"><span class='ocrx_word' id='word_1_1683' title='bbox 1319 2132 1341 2157; x_wconf 85' lang='lat'>1,</span> <span class='ocrx_word' id='word_1_1684' title='bbox 1362 2132 1388 2156; x_wconf 87' lang='lat'>1,</span> <span class='ocrx_word' id='word_1_1685' title='bbox 1409 2131 1461 2157; x_wconf 88' lang='lat'>114.</span> <span class='ocrx_word' id='word_1_1686' title='bbox 1581 2123 1638 2150; x_wconf 85' lang='lat' dir='ltr'>Cic.</span> <span class='ocrx_word' id='word_1_1687' title='bbox 1658 2123 1731 2150; x_wconf 85' lang='lat' dir='ltr'>Fam.</span> <span class='ocrx_word' id='word_1_1688' title='bbox 1752 2128 1781 2156; x_wconf 89' lang='lat'>8,</span> <span class='ocrx_word' id='word_1_1689' title='bbox 1801 2131 1818 2150; x_wconf 82' lang='lat'>2.</span> <span class='ocrx_word' id='word_1_1690' title='bbox 1855 2123 1939 2155; x_wconf 89' lang='lat' dir='ltr'>Puto,</span> <span class='ocrx_word' id='word_1_1691' title='bbox 1961 2128 1990 2149; x_wconf 89' lang='lat' dir='ltr'>vt</span> <span class='ocrx_word' id='word_1_1692' title='bbox 2011 2123 2087 2150; x_wconf 90' lang='lat' dir='ltr'>suum</span> <span class='ocrx_word' id='word_1_1693' title='bbox 2112 2124 2241 2158; x_wconf 81' lang='lat' dir='ltr'>gaudium</span> <span class='ocrx_word' id='word_1_1694' title='bbox 2260 2125 2386 2159; x_wconf 86' lang='lat' dir='ltr'>gaudere-</span> 
     </span>
     <span class='ocr_line' id='line_1_176' title="bbox 1317 2156 2386 2194; baseline 0.002 -9"><span class='ocrx_word' id='word_1_1695' title='bbox 1317 2168 1384 2186; x_wconf 83' lang='lat' dir='ltr'>mus.</span> <span class='ocrx_word' id='word_1_1696' title='bbox 1497 2156 1653 2192; x_wconf 75' lang='lat' dir='ltr'>Aestimare,</span> <span class='ocrx_word' id='word_1_1697' title='bbox 1672 2159 1804 2186; x_wconf 79' lang='lat' dir='ltr'>iudicare:</span> <span class='ocrx_word' id='word_1_1698' title='bbox 1841 2159 1959 2187; x_wconf 87' lang='lat' dir='ltr'>Terent.</span> <span class='ocrx_word' id='word_1_1699' title='bbox 1971 2159 2038 2186; x_wconf 84' lang='lat' dir='ltr'>Eun.</span> <span class='ocrx_word' id='word_1_1700' title='bbox 2058 2169 2087 2194; x_wconf 81' lang='lat'>4,</span> <span class='ocrx_word' id='word_1_1701' title='bbox 2107 2167 2135 2194; x_wconf 81' lang='lat'>7,</span> <span class='ocrx_word' id='word_1_1702' title='bbox 2151 2169 2179 2193; x_wconf 78' lang='lat'>43</span> <span class='ocrx_word' id='word_1_1703' title='bbox 2216 2161 2324 2189; x_wconf 86' lang='lat' dir='ltr'>Nolunt</span> <span class='ocrx_word' id='word_1_1704' title='bbox 2336 2161 2386 2189; x_wconf 84' lang='lat' dir='ltr'>vbi</span> 
     </span>
     <span class='ocr_line' id='line_1_177' title="bbox 1317 2194 2384 2233; baseline 0.002 -11"><span class='ocrx_word' id='word_1_1705' title='bbox 1317 2195 1408 2222; x_wconf 81' lang='lat' dir='ltr'>velis:</span> <span class='ocrx_word' id='word_1_1706' title='bbox 1442 2194 1490 2222; x_wconf 82' lang='lat' dir='ltr'>vbi</span> <span class='ocrx_word' id='word_1_1707' title='bbox 1515 2196 1602 2228; x_wconf 87' lang='lat' dir='ltr'>nolis,</span> <span class='ocrx_word' id='word_1_1708' title='bbox 1629 2196 1740 2230; x_wconf 84' lang='lat' dir='ltr'>cupiunt</span> <span class='ocrx_word' id='word_1_1709' title='bbox 1763 2195 1845 2222; x_wconf 87' lang='lat' dir='ltr'>vltro.</span> <span class='ocrx_word' id='word_1_1710' title='bbox 1886 2200 1966 2221; x_wconf 56' lang='grc' dir='ltr'>ΤΙ-111.</span> <span class='ocrx_word' id='word_1_1711' title='bbox 1991 2195 2060 2221; x_wconf 85' lang='lat' dir='ltr'>bene</span> <span class='ocrx_word' id='word_1_1712' title='bbox 2082 2203 2166 2230; x_wconf 75' lang='lat' dir='ltr'>putas.</span> <span class='ocrx_word' id='word_1_1713' title='bbox 2284 2197 2384 2233; x_wconf 76' lang='lat' dir='ltr'>virgil.</span> 
     </span>
     <span class='ocr_line' id='line_1_178' title="bbox 1317 2230 2385 2268; baseline 0.003 -10"><span class='ocrx_word' id='word_1_1714' title='bbox 1317 2233 1383 2259; x_wconf 89' lang='lat' dir='ltr'>Aen.</span> <span class='ocrx_word' id='word_1_1715' title='bbox 1405 2233 1438 2264; x_wconf 91' lang='lat'>6,</span> <span class='ocrx_word' id='word_1_1716' title='bbox 1460 2239 1507 2267; x_wconf 85' lang='lat'>719</span> <span class='ocrx_word' id='word_1_1717' title='bbox 1545 2233 1570 2259; x_wconf 91' lang='lat' dir='ltr'>O</span> <span class='ocrx_word' id='word_1_1718' title='bbox 1592 2238 1682 2268; x_wconf 85' lang='lat' dir='ltr'>pater,</span> <span class='ocrx_word' id='word_1_1719' title='bbox 1704 2240 1772 2258; x_wconf 88' lang='lat' dir='ltr'>anne</span> <span class='ocrx_word' id='word_1_1720' title='bbox 1793 2231 1896 2266; x_wconf 80' lang='lat' dir='ltr'>aliquas</span> <span class='ocrx_word' id='word_1_1721' title='bbox 1918 2230 1951 2257; x_wconf 90' lang='lat' dir='ltr'>ad.</span> <span class='ocrx_word' id='word_1_1722' title='bbox 1973 2231 2075 2257; x_wconf 88' lang='lat' dir='ltr'>caelum</span> <span class='ocrx_word' id='word_1_1723' title='bbox 2096 2231 2158 2259; x_wconf 88' lang='lat' dir='ltr'>hinc</span> <span class='ocrx_word' id='word_1_1724' title='bbox 2176 2233 2217 2260; x_wconf 89' lang='lat' dir='ltr'>ire</span> <span class='ocrx_word' id='word_1_1725' title='bbox 2236 2234 2385 2268; x_wconf 81' lang='lat' dir='ltr'>putandum</span> 
     </span>
     <span class='ocr_line' id='line_1_179' title="bbox 1318 2267 2386 2305; baseline 0.001 -9"><span class='ocrx_word' id='word_1_1726' title='bbox 1318 2268 1354 2296; x_wconf 86' lang='lat' dir='ltr'>est</span> <span class='ocrx_word' id='word_1_1727' title='bbox 1381 2267 1514 2295; x_wconf 87' lang='lat' dir='ltr'>Sublimes</span> <span class='ocrx_word' id='word_1_1728' title='bbox 1527 2269 1648 2296; x_wconf 73' lang='lat' dir='ltr'>animas?</span> <span class='ocrx_word' id='word_1_1729' title='bbox 1754 2269 1786 2294; x_wconf 86' lang='lat' dir='ltr'>Iu</span> <span class='ocrx_word' id='word_1_1730' title='bbox 1799 2276 1853 2302; x_wconf 89' lang='lat' dir='ltr'>quo</span> <span class='ocrx_word' id='word_1_1731' title='bbox 1868 2267 1987 2302; x_wconf 85' lang='lat' dir='ltr'>primum</span> <span class='ocrx_word' id='word_1_1732' title='bbox 2001 2267 2068 2294; x_wconf 88' lang='lat' dir='ltr'>illud</span> <span class='ocrx_word' id='word_1_1733' title='bbox 2084 2267 2163 2295; x_wconf 81' lang='lat' dir='ltr'>debes</span> <span class='ocrx_word' id='word_1_1734' title='bbox 2175 2275 2285 2305; x_wconf 85' lang='lat' dir='ltr'>putare,</span> <span class='ocrx_word' id='word_1_1735' title='bbox 2304 2271 2386 2297; x_wconf 88' lang='lat' dir='ltr'>comi-</span> 
     </span>
     <span class='ocr_line' id='line_1_180' title="bbox 1317 2303 2184 2341; baseline 0 -9"><span class='ocrx_word' id='word_1_1736' title='bbox 1317 2305 1364 2332; x_wconf 81' lang='lat' dir='ltr'>tiis</span> <span class='ocrx_word' id='word_1_1737' title='bbox 1377 2304 1492 2331; x_wconf 84' lang='lat' dir='ltr'>studium</span> <span class='ocrx_word' id='word_1_1738' title='bbox 1510 2305 1558 2332; x_wconf 80' lang='lat' dir='ltr'>effe</span> <span class='ocrx_word' id='word_1_1739' title='bbox 1573 2304 1676 2341; x_wconf 89' lang='lat' dir='ltr'>populi,</span> <span class='ocrx_word' id='word_1_1740' title='bbox 1688 2312 1742 2331; x_wconf 88' lang='lat' dir='ltr'>non</span> <span class='ocrx_word' id='word_1_1741' title='bbox 1756 2303 1888 2330; x_wconf 86' lang='lat' dir='ltr'>iudicium</span> <span class='ocrx_word' id='word_1_1742' title='bbox 1909 2303 1966 2330; x_wconf 89' lang='lat' dir='ltr'>Cic.</span> <span class='ocrx_word' id='word_1_1743' title='bbox 1980 2312 2030 2337; x_wconf 88' lang='lat' dir='ltr'>pro</span> <span class='ocrx_word' id='word_1_1744' title='bbox 2044 2303 2129 2331; x_wconf 84' lang='lat' dir='ltr'>Plane.</span> <span class='ocrx_word' id='word_1_1745' title='bbox 2142 2313 2184 2338; x_wconf 89' lang='grc'>30.</span> 
     </span>
     <span class='ocr_line' id='line_1_181' title="bbox 1317 2340 2096 2376; baseline -0.003 -9"><span class='ocrx_word' id='word_1_1746' title='bbox 1317 2342 1440 2376; x_wconf 82' lang='lat' dir='ltr'>quamuis</span> <span class='ocrx_word' id='word_1_1747' title='bbox 1463 2341 1563 2368; x_wconf 82' lang='lat' dir='ltr'>solidae</span> <span class='ocrx_word' id='word_1_1748' title='bbox 1584 2350 1625 2369; x_wconf 82' lang='lat' dir='ltr'>res</span> <span class='ocrx_word' id='word_1_1749' title='bbox 1643 2341 1692 2367; x_wconf 84' lang='lat' dir='ltr'>esse</span> <span class='ocrx_word' id='word_1_1750' title='bbox 1710 2346 1837 2376; x_wconf 86' lang='lat' dir='ltr'>putentur</span> <span class='ocrx_word' id='word_1_1751' title='bbox 1864 2340 1972 2366; x_wconf 82' lang='lat' dir='ltr'>Lucret.</span> <span class='ocrx_word' id='word_1_1752' title='bbox 1995 2347 2016 2372; x_wconf 85' lang='lat'>1,</span> <span class='ocrx_word' id='word_1_1753' title='bbox 2035 2347 2096 2374; x_wconf 80' lang='lat'>347.</span> 
     </span>
    </p>

    <p class='ocr_par' dir='ltr' id='par_1_59' title="bbox 1317 2377 1644 2410">
     <span class='ocr_line' id='line_1_182' title="bbox 1317 2377 1644 2410; baseline 0.003 -7"><span class='ocrx_word' id='word_1_1754' title='bbox 1317 2387 1360 2403; x_wconf 89' lang='lat' dir='ltr'>me</span> <span class='ocrx_word' id='word_1_1755' title='bbox 1374 2384 1420 2403; x_wconf 78' lang='lat' dir='ltr'>etc.</span> <span class='ocrx_word' id='word_1_1756' title='bbox 1442 2377 1499 2403; x_wconf 84' lang='lat' dir='ltr'>Cic.</span> <span class='ocrx_word' id='word_1_1757' title='bbox 1514 2378 1567 2404; x_wconf 85' lang='lat' dir='ltr'>Att.</span> <span class='ocrx_word' id='word_1_1758' title='bbox 1583 2380 1610 2410; x_wconf 80' lang='lat'>6,</span> <span class='ocrx_word' id='word_1_1759' title='bbox 1625 2387 1644 2404; x_wconf 89' lang='grc'>1.</span> 
     </span>
    </p>
   </div>
   <div class='ocr_carea' id='block_1_41' title="bbox 1316 2307 2386 3679">
    <p class='ocr_par' dir='ltr' id='par_1_60' title="bbox 1316 2307 2386 3679">
     <span class='ocr_line' id='line_1_183' title="bbox 2245 2307 2385 2335; baseline 0.014 -2"><span class='ocrx_word' id='word_1_1760' title='bbox 2245 2307 2385 2335; x_wconf 81' lang='lat' dir='ltr'>Praeterea</span> 
     </span>
     <span class='ocr_line' id='line_1_184' title="bbox 2203 2341 2385 2379; baseline 0.011 -10"><span class='ocrx_word' id='word_1_1761' title='bbox 2203 2342 2273 2370; x_wconf 89' lang='lat' dir='ltr'>Noli</span> <span class='ocrx_word' id='word_1_1762' title='bbox 2291 2341 2385 2379; x_wconf 84' lang='lat' dir='ltr'>putare</span> 
     </span>
     <span class='ocr_line' id='line_1_185' title="bbox 1750 2375 2385 2409; baseline 0.006 -5"><span class='ocrx_word' id='word_1_1763' title='bbox 1750 2377 1824 2404; x_wconf 86' lang='lat' dir='ltr'>Idem</span> <span class='ocrx_word' id='word_1_1764' title='bbox 1840 2375 1918 2402; x_wconf 85' lang='lat' dir='ltr'>Acad.</span> <span class='ocrx_word' id='word_1_1765' title='bbox 1939 2385 1972 2409; x_wconf 88' lang='lat'>4,</span> <span class='ocrx_word' id='word_1_1766' title='bbox 1992 2381 2025 2408; x_wconf 85' lang='lat'>48</span> <span class='ocrx_word' id='word_1_1767' title='bbox 2052 2377 2093 2403; x_wconf 88' lang='lat' dir='ltr'>An</span> <span class='ocrx_word' id='word_1_1768' title='bbox 2112 2385 2167 2404; x_wconf 89' lang='lat' dir='ltr'>non</span> <span class='ocrx_word' id='word_1_1769' title='bbox 2188 2379 2312 2407; x_wconf 69' lang='lat' dir='ltr'>videmus</span> <span class='ocrx_word' id='word_1_1770' title='bbox 2333 2380 2385 2407; x_wconf 86' lang='lat' dir='ltr'>hoc</span> 
     </span>
     <span class='ocr_line' id='line_1_186' title="bbox 1318 2411 2386 2451; baseline 0.005 -12"><span class='ocrx_word' id='word_1_1771' title='bbox 1318 2415 1365 2439; x_wconf 83' lang='lat' dir='ltr'>vsu</span> <span class='ocrx_word' id='word_1_1772' title='bbox 1382 2413 1485 2445; x_wconf 82' lang='lat' dir='ltr'>venire,</span> <span class='ocrx_word' id='word_1_1773' title='bbox 1500 2419 1528 2439; x_wconf 89' lang='lat' dir='ltr'>vt</span> <span class='ocrx_word' id='word_1_1774' title='bbox 1541 2423 1607 2448; x_wconf 90' lang='lat' dir='ltr'>quos</span> <span class='ocrx_word' id='word_1_1775' title='bbox 1623 2414 1770 2448; x_wconf 85' lang='lat' dir='ltr'>Nunquam</span> <span class='ocrx_word' id='word_1_1776' title='bbox 1785 2414 1940 2447; x_wconf 74' lang='lat' dir='ltr'>putassemus</span> <span class='ocrx_word' id='word_1_1777' title='bbox 1957 2420 1972 2438; x_wconf 91' lang='lat' dir='ltr'>a</span> <span class='ocrx_word' id='word_1_1778' title='bbox 1987 2411 2064 2438; x_wconf 83' lang='lat' dir='ltr'>nobis</span> <span class='ocrx_word' id='word_1_1779' title='bbox 2077 2414 2222 2442; x_wconf 87' lang='lat' dir='ltr'>internosci</span> <span class='ocrx_word' id='word_1_1780' title='bbox 2236 2417 2320 2451; x_wconf 75' lang='lat' dir='ltr'>posse,</span> <span class='ocrx_word' id='word_1_1781' title='bbox 2340 2425 2386 2444; x_wconf 69' lang='lat' dir='ltr'>eo!</span> 
     </span>
     <span class='ocr_line' id='line_1_187' title="bbox 1316 2447 2384 2486; baseline -0.002 -10"><span class='ocrx_word' id='word_1_1782' title='bbox 1316 2447 1508 2476; x_wconf 84' lang='lat' dir='ltr'>consuetudine</span> <span class='ocrx_word' id='word_1_1783' title='bbox 1521 2449 1643 2477; x_wconf 86' lang='lat' dir='ltr'>adhibita</span> <span class='ocrx_word' id='word_1_1784' title='bbox 1657 2457 1710 2476; x_wconf 87' lang='lat' dir='ltr'>tarn</span> <span class='ocrx_word' id='word_1_1785' title='bbox 1723 2449 1803 2476; x_wconf 84' lang='lat' dir='ltr'>facile</span> <span class='ocrx_word' id='word_1_1786' title='bbox 1819 2448 2069 2475; x_wconf 82' lang='lat' dir='ltr'>internosceremus.</span> <span class='ocrx_word' id='word_1_1787' title='bbox 2177 2452 2234 2479; x_wconf 79' lang='lat' dir='ltr'>Cic,</span> <span class='ocrx_word' id='word_1_1788' title='bbox 2248 2453 2301 2480; x_wconf 74' lang='lat' dir='ltr'>Offi</span> <span class='ocrx_word' id='word_1_1789' title='bbox 2321 2461 2341 2486; x_wconf 90' lang='lat'>1,</span> <span class='ocrx_word' id='word_1_1790' title='bbox 2357 2458 2384 2484; x_wconf 73' lang='lat'>81</span> 
     </span>
     <span class='ocr_line' id='line_1_188' title="bbox 1317 2484 2384 2523; baseline 0 -11"><span class='ocrx_word' id='word_1_1791' title='bbox 1317 2494 1340 2512; x_wconf 85' lang='lat' dir='ltr'>e.</span> <span class='ocrx_word' id='word_1_1792' title='bbox 1356 2493 1385 2517; x_wconf 82' lang='lat'>23</span> <span class='ocrx_word' id='word_1_1793' title='bbox 1408 2485 1474 2512; x_wconf 90' lang='lat' dir='ltr'>Non</span> <span class='ocrx_word' id='word_1_1794' title='bbox 1487 2487 1710 2513; x_wconf 82' lang='lat' dir='ltr'>committendum</span> <span class='ocrx_word' id='word_1_1795' title='bbox 1724 2487 1770 2519; x_wconf 81' lang='lat' dir='ltr'>est,</span> <span class='ocrx_word' id='word_1_1796' title='bbox 1781 2492 1808 2513; x_wconf 84' lang='lat' dir='ltr'>vt</span> <span class='ocrx_word' id='word_1_1797' title='bbox 1820 2485 1965 2520; x_wconf 77' lang='lat' dir='ltr'>aliquando</span> <span class='ocrx_word' id='word_1_1798' title='bbox 1978 2484 2119 2511; x_wconf 84' lang='lat' dir='ltr'>dicendum</span> <span class='ocrx_word' id='word_1_1799' title='bbox 2127 2484 2165 2518; x_wconf 83' lang='lat' dir='ltr'>fit,</span> <span class='ocrx_word' id='word_1_1800' title='bbox 2174 2486 2239 2514; x_wconf 87' lang='lat' dir='ltr'>Non</span> <span class='ocrx_word' id='word_1_1801' title='bbox 2251 2497 2384 2523; x_wconf 72' lang='lat' dir='ltr'>putaram,</span> 
     </span>
     <span class='ocr_line' id='line_1_189' title="bbox 1320 2521 2385 2557; baseline 0.003 -10"><span class='ocrx_word' id='word_1_1802' title='bbox 1320 2522 1409 2548; x_wconf 80' lang='lat' dir='ltr'>Senec.</span> <span class='ocrx_word' id='word_1_1803' title='bbox 1425 2521 1458 2547; x_wconf 89' lang='lat' dir='ltr'>de</span> <span class='ocrx_word' id='word_1_1804' title='bbox 1472 2522 1513 2549; x_wconf 85' lang='lat' dir='ltr'>Ira</span> <span class='ocrx_word' id='word_1_1805' title='bbox 1534 2531 1559 2555; x_wconf 85' lang='lat'>2,</span> <span class='ocrx_word' id='word_1_1806' title='bbox 1581 2531 1606 2555; x_wconf 89' lang='grc'>31</span> <span class='ocrx_word' id='word_1_1807' title='bbox 1631 2522 1825 2557; x_wconf 85' lang='lat' dir='ltr'>Turpiffirnam</span> <span class='ocrx_word' id='word_1_1808' title='bbox 1845 2521 1932 2548; x_wconf 84' lang='lat' dir='ltr'>aiebat</span> <span class='ocrx_word' id='word_1_1809' title='bbox 1951 2521 2049 2548; x_wconf 83' lang='lat' dir='ltr'>Fabius</span> <span class='ocrx_word' id='word_1_1810' title='bbox 2062 2521 2220 2556; x_wconf 81' lang='lat' dir='ltr'>Imperatori</span> <span class='ocrx_word' id='word_1_1811' title='bbox 2238 2525 2385 2552; x_wconf 77' lang='lat' dir='ltr'>exeusatio-</span> 
     </span>
     <span class='ocr_line' id='line_1_190' title="bbox 1319 2557 2383 2594; baseline 0.003 -11"><span class='ocrx_word' id='word_1_1812' title='bbox 1319 2566 1381 2584; x_wconf 85' lang='lat' dir='ltr'>nem</span> <span class='ocrx_word' id='word_1_1813' title='bbox 1403 2559 1469 2591; x_wconf 78' lang='lat' dir='ltr'>effe,</span> <span class='ocrx_word' id='word_1_1814' title='bbox 1493 2558 1558 2585; x_wconf 90' lang='lat' dir='ltr'>Non</span> <span class='ocrx_word' id='word_1_1815' title='bbox 1574 2559 1680 2593; x_wconf 87' lang='lat' dir='ltr'>putaui:</span> <span class='ocrx_word' id='word_1_1816' title='bbox 1708 2567 1758 2594; x_wconf 80' lang='lat' dir='ltr'>ego</span> <span class='ocrx_word' id='word_1_1817' title='bbox 1772 2557 1944 2593; x_wconf 69' lang='lat' dir='ltr'>turpissimam</span> <span class='ocrx_word' id='word_1_1818' title='bbox 1959 2557 2062 2584; x_wconf 82' lang='lat' dir='ltr'>homini</span> <span class='ocrx_word' id='word_1_1819' title='bbox 2079 2563 2149 2592; x_wconf 90' lang='lat' dir='ltr'>puto.</span> <span class='ocrx_word' id='word_1_1820' title='bbox 2192 2559 2291 2586; x_wconf 85' lang='lat' dir='ltr'>Omnia</span> <span class='ocrx_word' id='word_1_1821' title='bbox 2310 2564 2383 2594; x_wconf 72' lang='lat' dir='ltr'>puta,</span> 
     </span>
     <span class='ocr_line' id='line_1_191' title="bbox 1320 2594 2383 2630; baseline 0.002 -10"><span class='ocrx_word' id='word_1_1822' title='bbox 1320 2594 1413 2621; x_wconf 83' lang='lat' dir='ltr'>onmia</span> <span class='ocrx_word' id='word_1_1823' title='bbox 1430 2595 1562 2629; x_wconf 53' lang='lat' dir='ltr'>exspeclta.</span> <span class='ocrx_word' id='word_1_1824' title='bbox 1672 2595 1729 2621; x_wconf 84' lang='lat' dir='ltr'>Cic.</span> <span class='ocrx_word' id='word_1_1825' title='bbox 1742 2604 1791 2630; x_wconf 90' lang='lat' dir='ltr'>pro</span> <span class='ocrx_word' id='word_1_1826' title='bbox 1803 2595 1874 2629; x_wconf 75' lang='lat' dir='ltr'>Lege</span> <span class='ocrx_word' id='word_1_1827' title='bbox 1883 2594 1976 2621; x_wconf 86' lang='lat' dir='ltr'>Manil.</span> <span class='ocrx_word' id='word_1_1828' title='bbox 1990 2602 2028 2629; x_wconf 86' lang='lat'>47</span> <span class='ocrx_word' id='word_1_1829' title='bbox 2061 2595 2147 2626; x_wconf 68' lang='lat' dir='ltr'>Quem</span> <span class='ocrx_word' id='word_1_1830' title='bbox 2162 2594 2235 2620; x_wconf 88' lang='lat' dir='ltr'>enim</span> <span class='ocrx_word' id='word_1_1831' title='bbox 2250 2596 2383 2629; x_wconf 74' lang='lat' dir='ltr'>poss&#39;umu!</span> 
     </span>
     <span class='ocr_line' id='line_1_192' title="bbox 1321 2629 2384 2667; baseline -0.002 -11"><span class='ocrx_word' id='word_1_1832' title='bbox 1321 2631 1513 2665; x_wconf 82' lang='lat' dir='ltr'>imperatorem</span> <span class='ocrx_word' id='word_1_1833' title='bbox 1527 2631 1618 2666; x_wconf 87' lang='lat' dir='ltr'>aliquo</span> <span class='ocrx_word' id='word_1_1834' title='bbox 1633 2630 1661 2657; x_wconf 87' lang='lat' dir='ltr'>in</span> <span class='ocrx_word' id='word_1_1835' title='bbox 1675 2641 1788 2659; x_wconf 86' lang='lat' dir='ltr'>numero</span> <span class='ocrx_word' id='word_1_1836' title='bbox 1801 2638 1910 2667; x_wconf 85' lang='lat' dir='ltr'>putare,</span> <span class='ocrx_word' id='word_1_1837' title='bbox 1928 2630 2005 2655; x_wconf 85' lang='lat' dir='ltr'>cuius</span> <span class='ocrx_word' id='word_1_1838' title='bbox 2020 2630 2047 2655; x_wconf 88' lang='lat' dir='ltr'>in</span> <span class='ocrx_word' id='word_1_1839' title='bbox 2061 2629 2179 2655; x_wconf 79' lang='lat' dir='ltr'>exercitu</span> <span class='ocrx_word' id='word_1_1840' title='bbox 2200 2637 2312 2656; x_wconf 82' lang='lat' dir='ltr'>veneant</span> <span class='ocrx_word' id='word_1_1841' title='bbox 2325 2639 2384 2657; x_wconf 84' lang='lat' dir='ltr'>cen.</span> 
     </span>
     <span class='ocr_line' id='line_1_193' title="bbox 1320 2664 2384 2703; baseline 0.001 -10"><span class='ocrx_word' id='word_1_1842' title='bbox 1320 2667 1444 2700; x_wconf 83' lang='lat' dir='ltr'>turiatus,</span> <span class='ocrx_word' id='word_1_1843' title='bbox 1460 2674 1540 2703; x_wconf 85' lang='lat' dir='ltr'>atque</span> <span class='ocrx_word' id='word_1_1844' title='bbox 1562 2668 1713 2697; x_wconf 70' lang='lat' dir='ltr'>venierint?</span> <span class='ocrx_word' id='word_1_1845' title='bbox 1787 2668 1873 2695; x_wconf 80' lang='lat' dir='ltr'>Simile</span> <span class='ocrx_word' id='word_1_1846' title='bbox 1884 2664 1918 2697; x_wconf 77' lang='lat' dir='ltr'>est</span> <span class='ocrx_word' id='word_1_1847' title='bbox 1937 2665 2007 2690; x_wconf 77' lang='lat' dir='ltr'>Ter·</span> <span class='ocrx_word' id='word_1_1848' title='bbox 2024 2665 2119 2691; x_wconf 84' lang='lat' dir='ltr'>Heaut.</span> <span class='ocrx_word' id='word_1_1849' title='bbox 2134 2673 2152 2696; x_wconf 78' lang='grc' dir='ltr'>Ι,</span> <span class='ocrx_word' id='word_1_1850' title='bbox 2168 2674 2186 2697; x_wconf 84' lang='lat'>1,</span> <span class='ocrx_word' id='word_1_1851' title='bbox 2200 2674 2212 2698; x_wconf 78' lang='lat'>5</span> <span class='ocrx_word' id='word_1_1852' title='bbox 2235 2666 2328 2693; x_wconf 76' lang='lat' dir='ltr'>Putate</span> <span class='ocrx_word' id='word_1_1853' title='bbox 2343 2666 2384 2694; x_wconf 85' lang='lat' dir='ltr'>vi·</span> 
     </span>
     <span class='ocr_line' id='line_1_194' title="bbox 1320 2700 2384 2740; baseline 0.001 -11"><span class='ocrx_word' id='word_1_1854' title='bbox 1320 2704 1458 2730; x_wconf 78' lang='lat' dir='ltr'>ciuitatem</span> <span class='ocrx_word' id='word_1_1855' title='bbox 1474 2705 1500 2730; x_wconf 89' lang='lat' dir='ltr'>in</span> <span class='ocrx_word' id='word_1_1856' title='bbox 1515 2706 1666 2740; x_wconf 85' lang='lat' dir='ltr'>propinqua</span> <span class='ocrx_word' id='word_1_1857' title='bbox 1681 2710 1754 2738; x_wconf 74' lang='lat' dir='ltr'>parte</span> <span class='ocrx_word' id='word_1_1858' title='bbox 1770 2701 1914 2732; x_wconf 82' lang='lat' dir='ltr'>amicitiae,</span> <span class='ocrx_word' id='word_1_1859' title='bbox 1933 2708 1980 2735; x_wconf 83' lang='lat' dir='ltr'>pro</span> <span class='ocrx_word' id='word_1_1860' title='bbox 1992 2700 2154 2733; x_wconf 56' lang='lat' dir='ltr'>Affirmando</span> <span class='ocrx_word' id='word_1_1861' title='bbox 2168 2709 2269 2737; x_wconf 61' lang='lat' dir='ltr'>ponere.</span> <span class='ocrx_word' id='word_1_1862' title='bbox 2325 2703 2384 2730; x_wconf 83' lang='lat' dir='ltr'>Cic.</span> 
     </span>
     <span class='ocr_line' id='line_1_195' title="bbox 1319 2737 2386 2775; baseline 0.002 -10"><span class='ocrx_word' id='word_1_1863' title='bbox 1319 2748 1370 2775; x_wconf 87' lang='lat' dir='ltr'>pro</span> <span class='ocrx_word' id='word_1_1864' title='bbox 1386 2740 1462 2767; x_wconf 80' lang='lat' dir='ltr'>Rosc.</span> <span class='ocrx_word' id='word_1_1865' title='bbox 1476 2742 1565 2767; x_wconf 83' lang='lat' dir='ltr'>Amer.</span> <span class='ocrx_word' id='word_1_1866' title='bbox 1585 2749 1611 2772; x_wconf 89' lang='grc'>33</span> <span class='ocrx_word' id='word_1_1867' title='bbox 1636 2740 1721 2765; x_wconf 82' lang='grc' dir='ltr'>Ε113111</span> <span class='ocrx_word' id='word_1_1868' title='bbox 1738 2737 1835 2764; x_wconf 79' lang='lat' dir='ltr'>videtis</span> <span class='ocrx_word' id='word_1_1869' title='bbox 1848 2737 1967 2770; x_wconf 84' lang='lat' dir='ltr'>Iudices,</span> <span class='ocrx_word' id='word_1_1870' title='bbox 1987 2742 2016 2763; x_wconf 83' lang='lat' dir='ltr'>vt</span> <span class='ocrx_word' id='word_1_1871' title='bbox 2029 2746 2123 2764; x_wconf 70' lang='lat' dir='ltr'>omues</span> <span class='ocrx_word' id='word_1_1872' title='bbox 2138 2739 2281 2772; x_wconf 81' lang='lat' dir='ltr'>despiciat,</span> <span class='ocrx_word' id='word_1_1873' title='bbox 2294 2746 2323 2766; x_wconf 90' lang='lat' dir='ltr'>vt</span> <span class='ocrx_word' id='word_1_1874' title='bbox 2337 2739 2386 2767; x_wconf 87' lang='lat' dir='ltr'>ho-</span> 
     </span>
     <span class='ocr_line' id='line_1_196' title="bbox 1319 2773 2385 2811; baseline 0.002 -10"><span class='ocrx_word' id='word_1_1875' title='bbox 1319 2776 1421 2802; x_wconf 84' lang='lat' dir='ltr'>minem</span> <span class='ocrx_word' id='word_1_1876' title='bbox 1435 2785 1497 2811; x_wconf 79' lang='lat' dir='ltr'>prae</span> <span class='ocrx_word' id='word_1_1877' title='bbox 1512 2778 1539 2807; x_wconf 30' lang='lat' dir='ltr'>se,</span> <span class='ocrx_word' id='word_1_1878' title='bbox 1552 2775 1696 2802; x_wconf 78' lang='lat' dir='ltr'>Neminem</span> <span class='ocrx_word' id='word_1_1879' title='bbox 1713 2781 1801 2809; x_wconf 68' lang='lat' dir='ltr'>puter,</span> <span class='ocrx_word' id='word_1_1880' title='bbox 1820 2780 1849 2800; x_wconf 86' lang='lat' dir='ltr'>vt</span> <span class='ocrx_word' id='word_1_1881' title='bbox 1864 2774 1888 2799; x_wconf 87' lang='lat' dir='ltr'>se</span> <span class='ocrx_word' id='word_1_1882' title='bbox 1903 2773 1989 2800; x_wconf 86' lang='lat' dir='ltr'>solum</span> <span class='ocrx_word' id='word_1_1883' title='bbox 2004 2773 2127 2806; x_wconf 85' lang='lat' dir='ltr'>beatum,</span> <span class='ocrx_word' id='word_1_1884' title='bbox 2147 2775 2233 2801; x_wconf 88' lang='lat' dir='ltr'>solum</span> <span class='ocrx_word' id='word_1_1885' title='bbox 2247 2783 2385 2810; x_wconf 73' lang='lat' dir='ltr'>potentem</span> 
     </span>
     <span class='ocr_line' id='line_1_197' title="bbox 1320 2810 2385 2846; baseline 0.003 -9"><span class='ocrx_word' id='word_1_1886' title='bbox 1320 2818 1402 2846; x_wconf 86' lang='lat' dir='ltr'>putet.</span> <span class='ocrx_word' id='word_1_1887' title='bbox 1512 2811 1585 2838; x_wconf 81' lang='lat' dir='ltr'>Idem</span> <span class='ocrx_word' id='word_1_1888' title='bbox 1601 2812 1654 2837; x_wconf 70' lang='lat' dir='ltr'>Ait.</span> <span class='ocrx_word' id='word_1_1889' title='bbox 1668 2819 1693 2843; x_wconf 87' lang='lat'>9,</span> <span class='ocrx_word' id='word_1_1890' title='bbox 1710 2818 1734 2838; x_wconf 71' lang='lat'>¹8</span> <span class='ocrx_word' id='word_1_1891' title='bbox 1754 2811 1826 2836; x_wconf 86' lang='lat' dir='ltr'>Haec</span> <span class='ocrx_word' id='word_1_1892' title='bbox 1841 2818 1890 2844; x_wconf 78' lang='lat' dir='ltr'>pro</span> <span class='ocrx_word' id='word_1_1893' title='bbox 1907 2816 1980 2836; x_wconf 85' lang='lat' dir='ltr'>certo</span> <span class='ocrx_word' id='word_1_1894' title='bbox 1994 2810 2155 2845; x_wconf 81' lang='lat' dir='ltr'>putauirnus.</span> <span class='ocrx_word' id='word_1_1895' title='bbox 2252 2812 2309 2838; x_wconf 83' lang='lat' dir='ltr'>Cic.</span> <span class='ocrx_word' id='word_1_1896' title='bbox 2325 2812 2385 2840; x_wconf 86' lang='lat' dir='ltr'>Phi-</span> 
     </span>
     <span class='ocr_line' id='line_1_198' title="bbox 1320 2846 2385 2885; baseline -0.003 -11"><span class='ocrx_word' id='word_1_1897' title='bbox 1320 2849 1386 2882; x_wconf 85' lang='lat' dir='ltr'>lipp.</span> <span class='ocrx_word' id='word_1_1898' title='bbox 1408 2857 1446 2880; x_wconf 84' lang='lat'>13,</span> <span class='ocrx_word' id='word_1_1899' title='bbox 1465 2856 1499 2874; x_wconf 84' lang='lat'>21.</span> <span class='ocrx_word' id='word_1_1900' title='bbox 1526 2848 1623 2880; x_wconf 81' lang='lat' dir='ltr'>Neque</span> <span class='ocrx_word' id='word_1_1901' title='bbox 1636 2855 1681 2873; x_wconf 86' lang='lat' dir='ltr'>eos</span> <span class='ocrx_word' id='word_1_1902' title='bbox 1695 2846 1782 2873; x_wconf 89' lang='lat' dir='ltr'>solum</span> <span class='ocrx_word' id='word_1_1903' title='bbox 1797 2847 1958 2881; x_wconf 81' lang='lat' dir='ltr'>praesentes,</span> <span class='ocrx_word' id='word_1_1904' title='bbox 1973 2846 2016 2872; x_wconf 89' lang='lat' dir='ltr'>sed</span> <span class='ocrx_word' id='word_1_1905' title='bbox 2031 2846 2116 2873; x_wconf 84' lang='lat' dir='ltr'>multo</span> <span class='ocrx_word' id='word_1_1906' title='bbox 2130 2846 2213 2882; x_wconf 84' lang='lat' dir='ltr'>magis</span> <span class='ocrx_word' id='word_1_1907' title='bbox 2225 2857 2284 2881; x_wconf 71' lang='lat' dir='ltr'>noe,</span> <span class='ocrx_word' id='word_1_1908' title='bbox 2298 2857 2317 2875; x_wconf 89' lang='lat' dir='ltr'>a-</span> <span class='ocrx_word' id='word_1_1909' title='bbox 2326 2849 2385 2885; x_wconf 88' lang='lat' dir='ltr'>qui.</span> 
     </span>
     <span class='ocr_line' id='line_1_199' title="bbox 1320 2881 2385 2920; baseline 0.003 -10"><span class='ocrx_word' id='word_1_1910' title='bbox 1320 2884 1368 2910; x_wconf 83' lang='lat' dir='ltr'>bns</span> <span class='ocrx_word' id='word_1_1911' title='bbox 1383 2884 1424 2911; x_wconf 88' lang='lat' dir='ltr'>illi</span> <span class='ocrx_word' id='word_1_1912' title='bbox 1439 2889 1514 2911; x_wconf 87' lang='lat' dir='ltr'>erant</span> <span class='ocrx_word' id='word_1_1913' title='bbox 1529 2883 1594 2909; x_wconf 81' lang='lat' dir='ltr'>miffi</span> <span class='ocrx_word' id='word_1_1914' title='bbox 1604 2903 1612 2915; x_wconf 93' lang='lat'>,</span> <span class='ocrx_word' id='word_1_1915' title='bbox 1632 2883 1746 2917; x_wconf 87' lang='lat' dir='ltr'>spreuit,</span> <span class='ocrx_word' id='word_1_1916' title='bbox 1766 2889 1791 2909; x_wconf 87' lang='lat' dir='ltr'>et</span> <span class='ocrx_word' id='word_1_1917' title='bbox 1805 2891 1853 2917; x_wconf 89' lang='lat' dir='ltr'>pro</span> <span class='ocrx_word' id='word_1_1918' title='bbox 1867 2881 1957 2909; x_wconf 82' lang='lat' dir='ltr'>nihilo</span> <span class='ocrx_word' id='word_1_1919' title='bbox 1972 2883 2083 2917; x_wconf 88' lang='lat' dir='ltr'>putauit.</span> <span class='ocrx_word' id='word_1_1920' title='bbox 2119 2883 2178 2909; x_wconf 73' lang='lat' dir='ltr'>add.</span> <span class='ocrx_word' id='word_1_1921' title='bbox 2200 2884 2239 2910; x_wconf 89' lang='lat' dir='ltr'>Id.</span> <span class='ocrx_word' id='word_1_1922' title='bbox 2260 2893 2310 2920; x_wconf 86' lang='lat' dir='ltr'>pro</span> <span class='ocrx_word' id='word_1_1923' title='bbox 2324 2885 2385 2914; x_wconf 83' lang='lat' dir='ltr'>Mil.</span> 
     </span>
     <span class='ocr_line' id='line_1_200' title="bbox 1321 2918 2384 2955; baseline 0.003 -9"><span class='ocrx_word' id='word_1_1924' title='bbox 1321 2929 1343 2946; x_wconf 85' lang='lat' dir='ltr'>c.</span> <span class='ocrx_word' id='word_1_1925' title='bbox 1361 2928 1402 2952; x_wconf 86' lang='lat'>24.</span> <span class='ocrx_word' id='word_1_1926' title='bbox 1480 2918 1613 2952; x_wconf 69' lang='lat' dir='ltr'>Qunffil.</span> <span class='ocrx_word' id='word_1_1927' title='bbox 1630 2922 1654 2946; x_wconf 92' lang='lat'>6.</span> <span class='ocrx_word' id='word_1_1928' title='bbox 1670 2928 1685 2946; x_wconf 83' lang='lat'>2</span> <span class='ocrx_word' id='word_1_1929' title='bbox 1710 2919 1786 2946; x_wconf 88' lang='lat' dir='ltr'>Alius</span> <span class='ocrx_word' id='word_1_1930' title='bbox 1805 2919 1950 2953; x_wconf 80' lang='lat' dir='ltr'>imaginem</span> <span class='ocrx_word' id='word_1_1931' title='bbox 1962 2919 2054 2946; x_wconf 86' lang='lat' dir='ltr'>mariti</span> <span class='ocrx_word' id='word_1_1932' title='bbox 2068 2927 2117 2954; x_wconf 90' lang='lat' dir='ltr'>pro</span> <span class='ocrx_word' id='word_1_1933' title='bbox 2132 2928 2176 2946; x_wconf 85' lang='lat' dir='ltr'>rea</span> <span class='ocrx_word' id='word_1_1934' title='bbox 2190 2921 2312 2955; x_wconf 88' lang='lat' dir='ltr'>proferre</span> <span class='ocrx_word' id='word_1_1935' title='bbox 2327 2923 2384 2949; x_wconf 87' lang='lat' dir='ltr'>Ma-</span> 
     </span>
     <span class='ocr_line' id='line_1_201' title="bbox 1323 2955 2385 2991; baseline 0.002 -9"><span class='ocrx_word' id='word_1_1936' title='bbox 1323 2956 1369 2991; x_wconf 82' lang='lat' dir='ltr'>gni</span> <span class='ocrx_word' id='word_1_1937' title='bbox 1384 2956 1496 2989; x_wconf 88' lang='lat' dir='ltr'>putauit.</span> <span class='ocrx_word' id='word_1_1938' title='bbox 1592 2956 1681 2990; x_wconf 78' lang='lat' dir='ltr'>Magni</span> <span class='ocrx_word' id='word_1_1939' title='bbox 1698 2963 1790 2991; x_wconf 89' lang='lat' dir='ltr'>putare</span> <span class='ocrx_word' id='word_1_1940' title='bbox 1802 2955 1920 2983; x_wconf 85' lang='lat' dir='ltr'>honores</span> <span class='ocrx_word' id='word_1_1941' title='bbox 1937 2956 1993 2983; x_wconf 86' lang='lat' dir='ltr'>Cic.</span> <span class='ocrx_word' id='word_1_1942' title='bbox 2008 2965 2057 2991; x_wconf 90' lang='lat' dir='ltr'>pro</span> <span class='ocrx_word' id='word_1_1943' title='bbox 2071 2955 2157 2983; x_wconf 79' lang='lat' dir='ltr'>Plane.</span> <span class='ocrx_word' id='word_1_1944' title='bbox 2174 2964 2207 2983; x_wconf 89' lang='grc'>11.</span> <span class='ocrx_word' id='word_1_1945' title='bbox 2315 2958 2385 2986; x_wconf 84' lang='grc' dir='ltr'><strong>ΝοΙὶ</strong></span> 
     </span>
     <span class='ocr_line' id='line_1_202' title="bbox 1324 2992 2385 3027; baseline 0.004 -9"><span class='ocrx_word' id='word_1_1946' title='bbox 1324 2994 1455 3027; x_wconf 87' lang='lat' dir='ltr'>spernere,</span> <span class='ocrx_word' id='word_1_1947' title='bbox 1469 3000 1516 3017; x_wconf 87' lang='lat' dir='ltr'>nec</span> <span class='ocrx_word' id='word_1_1948' title='bbox 1531 2997 1623 3026; x_wconf 85' lang='lat' dir='ltr'>putare</span> <span class='ocrx_word' id='word_1_1949' title='bbox 1636 2993 1711 3026; x_wconf 74' lang='lat' dir='ltr'>parui</span> <span class='ocrx_word' id='word_1_1950' title='bbox 1732 2992 1819 3019; x_wconf 83' lang='lat' dir='ltr'>Catul.</span> <span class='ocrx_word' id='word_1_1951' title='bbox 1834 3001 1869 3023; x_wconf 83' lang='lat'>21,</span> <span class='ocrx_word' id='word_1_1952' title='bbox 1883 2999 1922 3025; x_wconf 79' lang='lat'>25.</span> <span class='ocrx_word' id='word_1_1953' title='bbox 2032 2992 2096 3018; x_wconf 92' lang='lat' dir='ltr'>Plin.</span> <span class='ocrx_word' id='word_1_1954' title='bbox 2114 2997 2137 3024; x_wconf 89' lang='lat'>8,</span> <span class='ocrx_word' id='word_1_1955' title='bbox 2153 3001 2165 3025; x_wconf 88' lang='grc'>3</span> <span class='ocrx_word' id='word_1_1956' title='bbox 2186 2993 2385 3022; x_wconf 82' lang='lat' dir='ltr'>Circumuenti-</span> 
     </span>
     <span class='ocr_line' id='line_1_203' title="bbox 1323 3028 2385 3064; baseline 0.002 -10"><span class='ocrx_word' id='word_1_1957' title='bbox 1323 3037 1375 3063; x_wconf 88' lang='lat' dir='ltr'>que</span> <span class='ocrx_word' id='word_1_1958' title='bbox 1390 3037 1403 3054; x_wconf 89' lang='lat' dir='ltr'>a</span> <span class='ocrx_word' id='word_1_1959' title='bbox 1417 3028 1576 3055; x_wconf 86' lang='lat' dir='ltr'>venantibus</span> <span class='ocrx_word' id='word_1_1960' title='bbox 1591 3028 1690 3062; x_wconf 84' lang='lat' dir='ltr'>primos</span> <span class='ocrx_word' id='word_1_1961' title='bbox 1703 3028 1884 3061; x_wconf 76' lang='lat' dir='ltr'>constituunt,</span> <span class='ocrx_word' id='word_1_1962' title='bbox 1905 3028 2003 3064; x_wconf 85' lang='lat' dir='ltr'>quibus</span> <span class='ocrx_word' id='word_1_1963' title='bbox 2018 3029 2076 3055; x_wconf 87' lang='lat' dir='ltr'>sunt</span> <span class='ocrx_word' id='word_1_1964' title='bbox 2095 3029 2204 3055; x_wconf 84' lang='lat' dir='ltr'>minimi</span> <span class='ocrx_word' id='word_1_1965' title='bbox 2217 3050 2226 3063; x_wconf 85' lang='lat'>,</span> <span class='ocrx_word' id='word_1_1966' title='bbox 2247 3039 2280 3056; x_wconf 90' lang='lat' dir='ltr'>ne</span> <span class='ocrx_word' id='word_1_1967' title='bbox 2295 3031 2385 3059; x_wconf 79' lang='lat' dir='ltr'>Tanti</span> 
     </span>
     <span class='ocr_line' id='line_1_204' title="bbox 1320 3064 2383 3101; baseline 0.003 -10"><span class='ocrx_word' id='word_1_1968' title='bbox 1320 3064 1452 3100; x_wconf 87' lang='lat' dir='ltr'>praelium</span> <span class='ocrx_word' id='word_1_1969' title='bbox 1466 3071 1583 3101; x_wconf 77' lang='lat' dir='ltr'>putetur.</span> <span class='ocrx_word' id='word_1_1970' title='bbox 1690 3065 1757 3092; x_wconf 92' lang='lat' dir='ltr'>Non</span> <span class='ocrx_word' id='word_1_1971' title='bbox 1771 3070 1844 3100; x_wconf 84' lang='lat' dir='ltr'>putat</span> <span class='ocrx_word' id='word_1_1972' title='bbox 1856 3071 1900 3091; x_wconf 88' lang='lat' dir='ltr'>tua</span> <span class='ocrx_word' id='word_1_1973' title='bbox 1914 3065 1984 3091; x_wconf 88' lang='lat' dir='ltr'>dona</span> <span class='ocrx_word' id='word_1_1974' title='bbox 1995 3066 2045 3092; x_wconf 74' lang='lat' dir='ltr'>esl&#39;e</span> <span class='ocrx_word' id='word_1_1975' title='bbox 2058 3065 2145 3092; x_wconf 84' lang='lat' dir='ltr'>Tanti</span> <span class='ocrx_word' id='word_1_1976' title='bbox 2174 3066 2230 3093; x_wconf 86' lang='lat' dir='ltr'>Cic.</span> <span class='ocrx_word' id='word_1_1977' title='bbox 2246 3075 2295 3101; x_wconf 86' lang='lat' dir='ltr'>pro</span> <span class='ocrx_word' id='word_1_1978' title='bbox 2310 3067 2383 3094; x_wconf 90' lang='lat' dir='ltr'>Cael.</span> 
     </span>
     <span class='ocr_line' id='line_1_205' title="bbox 1320 3100 2385 3138; baseline 0 -10"><span class='ocrx_word' id='word_1_1979' title='bbox 1320 3110 1342 3128; x_wconf 86' lang='lat' dir='ltr'>c.</span> <span class='ocrx_word' id='word_1_1980' title='bbox 1360 3110 1394 3134; x_wconf 77' lang='lat'>15.</span> <span class='ocrx_word' id='word_1_1981' title='bbox 1503 3100 1587 3128; x_wconf 90' lang='lat' dir='ltr'>Ouid.</span> <span class='ocrx_word' id='word_1_1982' title='bbox 1600 3100 1662 3127; x_wconf 88' lang='lat' dir='ltr'>Met.</span> <span class='ocrx_word' id='word_1_1983' title='bbox 1680 3109 1719 3134; x_wconf 88' lang='lat'>10,</span> <span class='ocrx_word' id='word_1_1984' title='bbox 1737 3104 1782 3131; x_wconf 86' lang='lat'>618</span> <span class='ocrx_word' id='word_1_1985' title='bbox 1808 3101 1891 3135; x_wconf 66' lang='lat' dir='ltr'>Qud,</span> <span class='ocrx_word' id='word_1_1986' title='bbox 1906 3101 1979 3136; x_wconf 89' lang='lat' dir='ltr'>quod</span> <span class='ocrx_word' id='word_1_1987' title='bbox 1992 3107 2071 3135; x_wconf 85' lang='lat' dir='ltr'>amat,</span> <span class='ocrx_word' id='word_1_1988' title='bbox 2085 3101 2226 3136; x_wconf 83' lang='lat' dir='ltr'>Tantique</span> <span class='ocrx_word' id='word_1_1989' title='bbox 2237 3109 2311 3138; x_wconf 84' lang='lat' dir='ltr'>putat</span> <span class='ocrx_word' id='word_1_1990' title='bbox 2323 3109 2385 3130; x_wconf 82' lang='lat' dir='ltr'>con.</span> 
     </span>
     <span class='ocr_line' id='line_1_206' title="bbox 1320 3136 2386 3172; baseline 0.002 -8"><span class='ocrx_word' id='word_1_1991' title='bbox 1320 3138 1403 3164; x_wconf 83' lang='lat' dir='ltr'>nubia</span> <span class='ocrx_word' id='word_1_1992' title='bbox 1419 3136 1518 3170; x_wconf 88' lang='lat' dir='ltr'>nostra,</span> <span class='ocrx_word' id='word_1_1993' title='bbox 1555 3137 1592 3163; x_wconf 90' lang='lat' dir='ltr'>Vt</span> <span class='ocrx_word' id='word_1_1994' title='bbox 1605 3139 1711 3171; x_wconf 73' lang='lat' dir='ltr'>pereat?</span> <span class='ocrx_word' id='word_1_1995' title='bbox 1828 3138 1897 3165; x_wconf 85' lang='lat' dir='ltr'>Ter.</span> <span class='ocrx_word' id='word_1_1996' title='bbox 1908 3137 2019 3172; x_wconf 85' lang='lat' dir='ltr'>Adelph.</span> <span class='ocrx_word' id='word_1_1997' title='bbox 2033 3146 2057 3172; x_wconf 85' lang='grc' dir='ltr'>ς,</span> <span class='ocrx_word' id='word_1_1998' title='bbox 2068 3146 2090 3170; x_wconf 87' lang='grc'>3,</span> <span class='ocrx_word' id='word_1_1999' title='bbox 2103 3146 2132 3164; x_wconf 78' lang='grc'>10</span> <span class='ocrx_word' id='word_1_2000' title='bbox 2152 3139 2235 3165; x_wconf 84' lang='lat' dir='ltr'>Mitto</span> <span class='ocrx_word' id='word_1_2001' title='bbox 2243 3138 2386 3167; x_wconf 65' lang='lat' dir='ltr'>maledieta</span> 
     </span>
     <span class='ocr_line' id='line_1_207' title="bbox 1319 3173 2385 3209; baseline 0.003 -9"><span class='ocrx_word' id='word_1_2002' title='bbox 1319 3175 1421 3207; x_wconf 87' lang='lat' dir='ltr'>onmia,</span> <span class='ocrx_word' id='word_1_2003' title='bbox 1434 3182 1491 3200; x_wconf 87' lang='lat' dir='ltr'>rem</span> <span class='ocrx_word' id='word_1_2004' title='bbox 1509 3173 1592 3209; x_wconf 86' lang='lat' dir='ltr'>ipsam</span> <span class='ocrx_word' id='word_1_2005' title='bbox 1613 3181 1744 3207; x_wconf 74' lang='lat' dir='ltr'>putemus.</span> <span class='ocrx_word' id='word_1_2006' title='bbox 1806 3175 1855 3201; x_wconf 85' lang='lat' dir='ltr'>Vbi</span> <span class='ocrx_word' id='word_1_2007' title='bbox 1872 3174 1992 3201; x_wconf 84' lang='lat' dir='ltr'>Donatus</span> <span class='ocrx_word' id='word_1_2008' title='bbox 2007 3185 2014 3200; x_wconf 84' lang='lat'>:</span> <span class='ocrx_word' id='word_1_2009' title='bbox 2049 3175 2190 3208; x_wconf 83' lang='lat' dir='ltr'>Putemus,</span> <span class='ocrx_word' id='word_1_2010' title='bbox 2209 3173 2385 3209; x_wconf 61' lang='lat' dir='ltr'>Tractemus,</span> 
     </span>
     <span class='ocr_line' id='line_1_208' title="bbox 1320 3209 2383 3246; baseline 0.003 -9"><span class='ocrx_word' id='word_1_2011' title='bbox 1320 3211 1471 3244; x_wconf 82' lang='lat' dir='ltr'>Pin-gemus.</span> <span class='ocrx_word' id='word_1_2012' title='bbox 1546 3209 1620 3236; x_wconf 85' lang='lat' dir='ltr'>Idem</span> <span class='ocrx_word' id='word_1_2013' title='bbox 1635 3210 1742 3237; x_wconf 86' lang='lat' dir='ltr'>Phorm.</span> <span class='ocrx_word' id='word_1_2014' title='bbox 1757 3219 1787 3244; x_wconf 82' lang='lat'>4,</span> <span class='ocrx_word' id='word_1_2015' title='bbox 1807 3217 1831 3243; x_wconf 79' lang='grc' dir='ltr'>ς,</span> <span class='ocrx_word' id='word_1_2016' title='bbox 1851 3212 1868 3236; x_wconf 87' lang='lat'>6</span> <span class='ocrx_word' id='word_1_2017' title='bbox 1889 3211 1960 3237; x_wconf 87' lang='lat' dir='ltr'>Nam</span> <span class='ocrx_word' id='word_1_2018' title='bbox 1975 3210 1992 3236; x_wconf 84' lang='lat' dir='ltr'>si</span> <span class='ocrx_word' id='word_1_2019' title='bbox 2008 3210 2091 3238; x_wconf 77' lang='lat' dir='ltr'>altera</span> <span class='ocrx_word' id='word_1_2020' title='bbox 2105 3209 2152 3235; x_wconf 85' lang='lat' dir='ltr'>illa</span> <span class='ocrx_word' id='word_1_2021' title='bbox 2166 3211 2249 3245; x_wconf 73' lang='lat' dir='ltr'>tnagis</span> <span class='ocrx_word' id='word_1_2022' title='bbox 2262 3211 2383 3246; x_wconf 81' lang='lat' dir='ltr'>instabit,</span> 
     </span>
     <span class='ocr_line' id='line_1_209' title="bbox 1320 3245 2383 3280; baseline 0.002 -7"><span class='ocrx_word' id='word_1_2023' title='bbox 1320 3247 1431 3273; x_wconf 83' lang='lat' dir='ltr'>forsitan</span> <span class='ocrx_word' id='word_1_2024' title='bbox 1449 3255 1497 3273; x_wconf 88' lang='lat' dir='ltr'>nos</span> <span class='ocrx_word' id='word_1_2025' title='bbox 1517 3246 1631 3273; x_wconf 79' lang='lat' dir='ltr'>reliciat.</span> <span class='ocrx_word' id='word_1_2026' title='bbox 1671 3251 1700 3272; x_wconf 89' lang='lat' dir='ltr'>G.</span> <span class='ocrx_word' id='word_1_2027' title='bbox 1727 3255 1783 3273; x_wconf 90' lang='lat' dir='ltr'>rem</span> <span class='ocrx_word' id='word_1_2028' title='bbox 1804 3246 1887 3280; x_wconf 78' lang='lat' dir='ltr'>ipsam</span> <span class='ocrx_word' id='word_1_2029' title='bbox 1907 3245 2013 3280; x_wconf 87' lang='lat' dir='ltr'>putasti.</span> <span class='ocrx_word' id='word_1_2030' title='bbox 2131 3245 2218 3273; x_wconf 82' lang='lat' dir='ltr'>Bestia</span> <span class='ocrx_word' id='word_1_2031' title='bbox 2233 3246 2383 3275; x_wconf 80' lang='lat' dir='ltr'>damnatio-</span> 
     </span>
     <span class='ocr_line' id='line_1_210' title="bbox 1321 3281 2383 3319; baseline -0.001 -10"><span class='ocrx_word' id='word_1_2032' title='bbox 1321 3292 1382 3309; x_wconf 89' lang='lat' dir='ltr'>nem</span> <span class='ocrx_word' id='word_1_2033' title='bbox 1400 3291 1449 3318; x_wconf 86' lang='lat' dir='ltr'>pro</span> <span class='ocrx_word' id='word_1_2034' title='bbox 1463 3283 1586 3310; x_wconf 88' lang='lat' dir='ltr'>Praetura</span> <span class='ocrx_word' id='word_1_2035' title='bbox 1600 3288 1671 3316; x_wconf 87' lang='lat' dir='ltr'>putat</span> <span class='ocrx_word' id='word_1_2036' title='bbox 1692 3281 1748 3309; x_wconf 90' lang='lat' dir='ltr'>Cic.</span> <span class='ocrx_word' id='word_1_2037' title='bbox 1758 3282 1874 3316; x_wconf 86' lang='lat' dir='ltr'>Philipp.</span> <span class='ocrx_word' id='word_1_2038' title='bbox 1886 3291 1918 3314; x_wconf 85' lang='lat'>11,</span> <span class='ocrx_word' id='word_1_2039' title='bbox 1939 3289 1970 3307; x_wconf 89' lang='lat'>11.</span> <span class='ocrx_word' id='word_1_2040' title='bbox 2009 3283 2028 3307; x_wconf 82' lang='lat' dir='ltr'>i.</span> <span class='ocrx_word' id='word_1_2041' title='bbox 2047 3281 2239 3309; x_wconf 75' lang='lat' dir='ltr'>Damnationem</span> <span class='ocrx_word' id='word_1_2042' title='bbox 2248 3290 2323 3319; x_wconf 71' lang='lat' dir='ltr'>putat</span> <span class='ocrx_word' id='word_1_2043' title='bbox 2338 3283 2383 3318; x_wconf 77' lang='lat' dir='ltr'>effe</span> 
     </span>
     <span class='ocr_line' id='line_1_211' title="bbox 1320 3317 2382 3354; baseline 0 -9"><span class='ocrx_word' id='word_1_2044' title='bbox 1320 3320 1480 3346; x_wconf 77' lang='lat' dir='ltr'>Praeturam.</span> <span class='ocrx_word' id='word_1_2045' title='bbox 1586 3319 1680 3345; x_wconf 82' lang='lat' dir='ltr'>Putare</span> <span class='ocrx_word' id='word_1_2046' title='bbox 1693 3328 1751 3345; x_wconf 85' lang='lat' dir='ltr'>cum</span> <span class='ocrx_word' id='word_1_2047' title='bbox 1766 3318 1859 3352; x_wconf 82' lang='lat' dir='ltr'>aliquo</span> <span class='ocrx_word' id='word_1_2048' title='bbox 1875 3317 2037 3350; x_wconf 72' lang='lat' dir='ltr'>argumentis</span> <span class='ocrx_word' id='word_1_2049' title='bbox 2062 3317 2145 3344; x_wconf 86' lang='lat' dir='ltr'>Plaut.</span> <span class='ocrx_word' id='word_1_2050' title='bbox 2160 3319 2257 3354; x_wconf 83' lang='lat' dir='ltr'>Amph.</span> <span class='ocrx_word' id='word_1_2051' title='bbox 2271 3329 2293 3353; x_wconf 69' lang='grc' dir='ltr'>ρ,</span> <span class='ocrx_word' id='word_1_2052' title='bbox 2309 3330 2327 3353; x_wconf 79' lang='grc' dir='ltr'>ι,</span> <span class='ocrx_word' id='word_1_2053' title='bbox 2340 3328 2382 3354; x_wconf 78' lang='lat'>45.</span> 
     </span>
     <span class='ocr_line' id='line_1_212' title="bbox 1320 3353 2384 3390; baseline 0.001 -8"><span class='ocrx_word' id='word_1_2054' title='bbox 1320 3354 1393 3382; x_wconf 85' lang='lat' dir='ltr'>Idem</span> <span class='ocrx_word' id='word_1_2055' title='bbox 1409 3355 1469 3382; x_wconf 87' lang='lat' dir='ltr'>Aul.</span> <span class='ocrx_word' id='word_1_2056' title='bbox 1484 3363 1508 3390; x_wconf 80' lang='lat'>3,</span> <span class='ocrx_word' id='word_1_2057' title='bbox 1523 3362 1546 3388; x_wconf 79' lang='grc' dir='ltr'>ς,</span> <span class='ocrx_word' id='word_1_2058' title='bbox 1563 3362 1594 3387; x_wconf 86' lang='lat'>52</span> <span class='ocrx_word' id='word_1_2059' title='bbox 1612 3353 1690 3381; x_wconf 83' lang='lat' dir='ltr'>Cedit</span> <span class='ocrx_word' id='word_1_2060' title='bbox 1704 3354 1797 3387; x_wconf 83' lang='lat' dir='ltr'>miles,</span> <span class='ocrx_word' id='word_1_2061' title='bbox 1810 3362 1852 3380; x_wconf 80' lang='lat' dir='ltr'>aes</span> <span class='ocrx_word' id='word_1_2062' title='bbox 1868 3354 1949 3387; x_wconf 75' lang='lat' dir='ltr'>petit,</span> <span class='ocrx_word' id='word_1_2063' title='bbox 1966 3353 2035 3385; x_wconf 84' lang='lat' dir='ltr'>itur,</span> <span class='ocrx_word' id='word_1_2064' title='bbox 2054 3359 2162 3389; x_wconf 81' lang='lat' dir='ltr'>putatur</span> <span class='ocrx_word' id='word_1_2065' title='bbox 2176 3355 2256 3382; x_wconf 82' lang='lat' dir='ltr'>Ratio</span> <span class='ocrx_word' id='word_1_2066' title='bbox 2270 3365 2328 3382; x_wconf 89' lang='lat' dir='ltr'>cum</span> <span class='ocrx_word' id='word_1_2067' title='bbox 2341 3365 2384 3383; x_wconf 77' lang='lat' dir='ltr'>ar-</span> 
     </span>
     <span class='ocr_line' id='line_1_213' title="bbox 1320 3389 2384 3427; baseline 0.001 -9"><span class='ocrx_word' id='word_1_2068' title='bbox 1320 3392 1450 3427; x_wconf 84' lang='lat' dir='ltr'>gentario.</span> <span class='ocrx_word' id='word_1_2069' title='bbox 1522 3393 1590 3418; x_wconf 83' lang='lat' dir='ltr'>Cato</span> <span class='ocrx_word' id='word_1_2070' title='bbox 1604 3399 1645 3423; x_wconf 79' lang='lat' dir='ltr'>c.5</span> <span class='ocrx_word' id='word_1_2071' title='bbox 1668 3391 1809 3417; x_wconf 83' lang='lat' dir='ltr'>Rationem</span> <span class='ocrx_word' id='word_1_2072' title='bbox 1823 3398 1883 3416; x_wconf 86' lang='lat' dir='ltr'>cum</span> <span class='ocrx_word' id='word_1_2073' title='bbox 1900 3389 2013 3417; x_wconf 89' lang='lat' dir='ltr'>domino</span> <span class='ocrx_word' id='word_1_2074' title='bbox 2028 3390 2123 3417; x_wconf 84' lang='lat' dir='ltr'>crebro</span> <span class='ocrx_word' id='word_1_2075' title='bbox 2137 3397 2218 3425; x_wconf 87' lang='lat' dir='ltr'>putet.</span> <span class='ocrx_word' id='word_1_2076' title='bbox 2291 3393 2384 3420; x_wconf 83' lang='lat' dir='ltr'>Ratio-</span> 
     </span>
     <span class='ocr_line' id='line_1_214' title="bbox 1320 3425 2382 3464; baseline 0.002 -11"><span class='ocrx_word' id='word_1_2077' title='bbox 1320 3437 1380 3454; x_wconf 72' lang='lat' dir='ltr'>nem</span> <span class='ocrx_word' id='word_1_2078' title='bbox 1395 3429 1481 3454; x_wconf 86' lang='lat' dir='ltr'>secum</span> <span class='ocrx_word' id='word_1_2079' title='bbox 1496 3433 1598 3462; x_wconf 80' lang='lat' dir='ltr'>putare,</span> <span class='ocrx_word' id='word_1_2080' title='bbox 1611 3434 1657 3463; x_wconf 81' lang='lat' dir='ltr'>pro</span> <span class='ocrx_word' id='word_1_2081' title='bbox 1672 3428 1796 3464; x_wconf 73' lang='lat' dir='ltr'>Cogitare,</span> <span class='ocrx_word' id='word_1_2082' title='bbox 1810 3425 1964 3458; x_wconf 72' lang='lat' dir='ltr'>considerare</span> <span class='ocrx_word' id='word_1_2083' title='bbox 1984 3426 2068 3453; x_wconf 89' lang='lat' dir='ltr'>Plaut.</span> <span class='ocrx_word' id='word_1_2084' title='bbox 2084 3427 2142 3453; x_wconf 88' lang='lat' dir='ltr'>Cas.</span> <span class='ocrx_word' id='word_1_2085' title='bbox 2156 3435 2179 3460; x_wconf 86' lang='grc'>3,</span> <span class='ocrx_word' id='word_1_2086' title='bbox 2194 3436 2216 3461; x_wconf 83' lang='lat'>2,</span> <span class='ocrx_word' id='word_1_2087' title='bbox 2230 3435 2269 3462; x_wconf 64' lang='grc' dir='ltr'>ις.</span> <span class='ocrx_word' id='word_1_2088' title='bbox 2322 3430 2382 3455; x_wconf 60' lang='lat' dir='ltr'>,Ele-</span> 
     </span>
     <span class='ocr_line' id='line_1_215' title="bbox 1319 3462 2382 3501; baseline 0.004 -14"><span class='ocrx_word' id='word_1_2089' title='bbox 1319 3471 1411 3501; x_wconf 71' lang='lat' dir='ltr'>ganter</span> <span class='ocrx_word' id='word_1_2090' title='bbox 1434 3463 1533 3490; x_wconf 77' lang='lat' dir='ltr'>uerbum</span> <span class='ocrx_word' id='word_1_2091' title='bbox 1553 3464 1619 3490; x_wconf 80' lang='lat' dir='ltr'>Puto</span> <span class='ocrx_word' id='word_1_2092' title='bbox 1637 3472 1704 3488; x_wconf 79' lang='lat' dir='ltr'>nuuc</span> <span class='ocrx_word' id='word_1_2093' title='bbox 1719 3462 1870 3498; x_wconf 77' lang='lat' dir='ltr'>ahfhlutum,</span> <span class='ocrx_word' id='word_1_2094' title='bbox 1889 3472 1955 3490; x_wconf 75' lang='lat' dir='ltr'>nzenc</span> <span class='ocrx_word' id='word_1_2095' title='bbox 1968 3472 2022 3489; x_wconf 85' lang='lat' dir='ltr'>cum</span> <span class='ocrx_word' id='word_1_2096' title='bbox 2038 3465 2166 3498; x_wconf 75' lang='lat' dir='ltr'>particula</span> <span class='ocrx_word' id='word_1_2097' title='bbox 2180 3465 2230 3497; x_wconf 90' lang='lat' dir='ltr'>Vt,</span> <span class='ocrx_word' id='word_1_2098' title='bbox 2249 3464 2382 3500; x_wconf 74' lang='lat' dir='ltr'>infiritur,</span> 
     </span>
     <span class='ocr_line' id='line_1_216' title="bbox 1321 3498 2382 3535; baseline 0.001 -9"><span class='ocrx_word' id='word_1_2099' title='bbox 1321 3502 1361 3527; x_wconf 72' lang='lat' dir='ltr'>uel</span> <span class='ocrx_word' id='word_1_2100' title='bbox 1373 3498 1503 3534; x_wconf 77' lang='lat' dir='ltr'>modestiae</span> <span class='ocrx_word' id='word_1_2101' title='bbox 1517 3499 1590 3535; x_wconf 69' lang='lat' dir='ltr'>causta</span> <span class='ocrx_word' id='word_1_2102' title='bbox 1607 3499 1645 3525; x_wconf 81' lang='lat' dir='ltr'>vel</span> <span class='ocrx_word' id='word_1_2103' title='bbox 1656 3505 1702 3532; x_wconf 79' lang='lat' dir='ltr'>per</span> <span class='ocrx_word' id='word_1_2104' title='bbox 1716 3501 1832 3525; x_wconf 61' lang='lat' dir='ltr'>ironiam.</span> <span class='ocrx_word' id='word_1_2105' title='bbox 1942 3499 2010 3526; x_wconf 86' lang='lat' dir='ltr'>Pers.</span> <span class='ocrx_word' id='word_1_2106' title='bbox 2022 3508 2050 3532; x_wconf 78' lang='lat'>4,</span> <span class='ocrx_word' id='word_1_2107' title='bbox 2065 3507 2082 3532; x_wconf 91' lang='lat'>9</span> <span class='ocrx_word' id='word_1_2108' title='bbox 2101 3500 2170 3533; x_wconf 87' lang='lat' dir='ltr'>Hoc,</span> <span class='ocrx_word' id='word_1_2109' title='bbox 2184 3507 2259 3535; x_wconf 88' lang='lat' dir='ltr'>puto,</span> <span class='ocrx_word' id='word_1_2110' title='bbox 2273 3507 2326 3527; x_wconf 87' lang='lat' dir='ltr'>non</span> <span class='ocrx_word' id='word_1_2111' title='bbox 2341 3501 2382 3527; x_wconf 87' lang='lat' dir='ltr'>iu-</span> 
     </span>
     <span class='ocr_line' id='line_1_217' title="bbox 1321 3533 2383 3570; baseline 0 -7"><span class='ocrx_word' id='word_1_2112' title='bbox 1321 3537 1389 3563; x_wconf 83' lang='lat' dir='ltr'>stum</span> <span class='ocrx_word' id='word_1_2113' title='bbox 1404 3537 1450 3563; x_wconf 84' lang='lat' dir='ltr'>est.</span> <span class='ocrx_word' id='word_1_2114' title='bbox 1546 3535 1627 3562; x_wconf 84' lang='lat' dir='ltr'>Ouid.</span> <span class='ocrx_word' id='word_1_2115' title='bbox 1639 3533 1726 3560; x_wconf 73' lang='lat' dir='ltr'>Trist.</span> <span class='ocrx_word' id='word_1_2116' title='bbox 1740 3542 1763 3567; x_wconf 84' lang='lat'>5,</span> <span class='ocrx_word' id='word_1_2117' title='bbox 1778 3542 1801 3567; x_wconf 84' lang='lat'>5,</span> <span class='ocrx_word' id='word_1_2118' title='bbox 1815 3543 1827 3568; x_wconf 80' lang='lat'>5</span> <span class='ocrx_word' id='word_1_2119' title='bbox 1847 3534 1949 3570; x_wconf 87' lang='lat' dir='ltr'>Lingua</span> <span class='ocrx_word' id='word_1_2120' title='bbox 1962 3535 2054 3562; x_wconf 83' lang='lat' dir='ltr'>fauens</span> <span class='ocrx_word' id='word_1_2121' title='bbox 2069 3535 2133 3562; x_wconf 79' lang='lat' dir='ltr'>adsit</span> <span class='ocrx_word' id='word_1_2122' title='bbox 2145 3536 2298 3563; x_wconf 81' lang='lat' dir='ltr'>nostrormn</span> <span class='ocrx_word' id='word_1_2123' title='bbox 2312 3536 2383 3564; x_wconf 87' lang='lat' dir='ltr'>obli-</span> 
     </span>
     <span class='ocr_line' id='line_1_218' title="bbox 1321 3570 2381 3605; baseline 0 -6"><span class='ocrx_word' id='word_1_2124' title='bbox 1321 3578 1347 3599; x_wconf 87' lang='grc'>13</span> <span class='ocrx_word' id='word_1_2125' title='bbox 1362 3572 1507 3604; x_wconf 86' lang='lat' dir='ltr'>malorum,</span> <span class='ocrx_word' id='word_1_2126' title='bbox 1543 3573 1633 3605; x_wconf 73' lang='lat' dir='ltr'>Qnae,</span> <span class='ocrx_word' id='word_1_2127' title='bbox 1647 3577 1719 3604; x_wconf 79' lang='lat' dir='ltr'>put0,</span> <span class='ocrx_word' id='word_1_2128' title='bbox 1733 3570 1862 3597; x_wconf 79' lang='lat' dir='ltr'>dedidicit</span> <span class='ocrx_word' id='word_1_2129' title='bbox 1877 3571 1929 3597; x_wconf 89' lang='lat' dir='ltr'>iam</span> <span class='ocrx_word' id='word_1_2130' title='bbox 1944 3570 2014 3598; x_wconf 83' lang='lat' dir='ltr'>bona</span> <span class='ocrx_word' id='word_1_2131' title='bbox 2029 3571 2110 3599; x_wconf 87' lang='lat' dir='ltr'>verba</span> <span class='ocrx_word' id='word_1_2132' title='bbox 2124 3572 2210 3605; x_wconf 87' lang='lat' dir='ltr'>loqui.</span> <span class='ocrx_word' id='word_1_2133' title='bbox 2283 3572 2381 3600; x_wconf 85' lang='lat' dir='ltr'>Catull.</span> 
     </span>
     <span class='ocr_line' id='line_1_219' title="bbox 1322 3607 2380 3644; baseline 0.001 -9"><span class='ocrx_word' id='word_1_2134' title='bbox 1322 3616 1357 3642; x_wconf 77' lang='grc' dir='ltr'>ις,</span> <span class='ocrx_word' id='word_1_2135' title='bbox 1372 3617 1395 3641; x_wconf 92' lang='grc'>13</span> <span class='ocrx_word' id='word_1_2136' title='bbox 1416 3609 1493 3635; x_wconf 81' lang='lat' dir='ltr'>Hunc</span> <span class='ocrx_word' id='word_1_2137' title='bbox 1507 3617 1590 3635; x_wconf 87' lang='lat' dir='ltr'>vnum</span> <span class='ocrx_word' id='word_1_2138' title='bbox 1604 3607 1718 3640; x_wconf 65' lang='lat' dir='ltr'>eiicipzo,</span> <span class='ocrx_word' id='word_1_2139' title='bbox 1736 3614 1764 3633; x_wconf 86' lang='lat' dir='ltr'>vt</span> <span class='ocrx_word' id='word_1_2140' title='bbox 1778 3614 1851 3641; x_wconf 80' lang='lat' dir='ltr'>puto,</span> <span class='ocrx_word' id='word_1_2141' title='bbox 1866 3608 2005 3643; x_wconf 86' lang='lat' dir='ltr'>pudenter.</span> <span class='ocrx_word' id='word_1_2142' title='bbox 2100 3608 2180 3642; x_wconf 79' lang='lat' dir='ltr'>Apul.</span> <span class='ocrx_word' id='word_1_2143' title='bbox 2197 3609 2273 3644; x_wconf 89' lang='lat' dir='ltr'>Apol.</span> <span class='ocrx_word' id='word_1_2144' title='bbox 2303 3609 2380 3642; x_wconf 76' lang='lat' dir='ltr'>Satis,</span> 
     </span>
     <span class='ocr_line' id='line_1_220' title="bbox 1321 3643 2380 3679; baseline 0.001 -8"><span class='ocrx_word' id='word_1_2145' title='bbox 1321 3651 1350 3671; x_wconf 86' lang='lat' dir='ltr'>vt</span> <span class='ocrx_word' id='word_1_2146' title='bbox 1365 3651 1445 3679; x_wconf 87' lang='lat' dir='ltr'>puto,</span> <span class='ocrx_word' id='word_1_2147' title='bbox 1466 3644 1583 3670; x_wconf 90' lang='lat' dir='ltr'>crinium</span> <span class='ocrx_word' id='word_1_2148' title='bbox 1604 3643 1702 3670; x_wconf 83' lang='lat' dir='ltr'>crimen</span> <span class='ocrx_word' id='word_1_2149' title='bbox 1718 3643 1863 3670; x_wconf 83' lang='lat' dir='ltr'>refutatum</span> <span class='ocrx_word' id='word_1_2150' title='bbox 1877 3644 1923 3671; x_wconf 83' lang='lat' dir='ltr'>est.</span> <span class='ocrx_word' id='word_1_2151' title='bbox 2029 3644 2110 3672; x_wconf 90' lang='lat' dir='ltr'>Ouid.</span> <span class='ocrx_word' id='word_1_2152' title='bbox 2126 3644 2158 3670; x_wconf 86' lang='lat' dir='ltr'>de</span> <span class='ocrx_word' id='word_1_2153' title='bbox 2172 3645 2250 3672; x_wconf 82' lang='lat' dir='ltr'>Nuce</span> <span class='ocrx_word' id='word_1_2154' title='bbox 2265 3652 2297 3679; x_wconf 83' lang='lat'>57</span> <span class='ocrx_word' id='word_1_2155' title='bbox 2319 3645 2380 3678; x_wconf 84' lang='lat' dir='ltr'>Sed,</span> 
     </span>
    </p>
   </div>
   <div class='ocr_carea' id='block_1_42' title="bbox 983 3678 2380 3715">
    <p class='ocr_par' dir='ltr' id='par_1_61' title="bbox 983 3678 2380 3715">
     <span class='ocr_line' id='line_1_221' title="bbox 983 3678 2380 3715; baseline 0.001 -10"><span class='ocrx_word' id='word_1_2156' title='bbox 983 3686 1014 3715; x_wconf 81' lang='lat' dir='ltr'>ap</span> <span class='ocrx_word' id='word_1_2157' title='bbox 1033 3686 1102 3710; x_wconf 75' lang='lat' dir='ltr'>aret,</span> <span class='ocrx_word' id='word_1_2158' title='bbox 1119 3688 1135 3705; x_wconf 78' lang='lat' dir='ltr'>a</span> <span class='ocrx_word' id='word_1_2159' title='bbox 1154 3678 1257 3706; x_wconf 88' lang='lat' dir='ltr'>Scribo·</span> <span class='ocrx_word' id='word_1_2160' title='bbox 1272 3680 1304 3705; x_wconf 75' lang='lat'>95</span> <span class='ocrx_word' id='word_1_2161' title='bbox 1321 3686 1397 3715; x_wconf 86' lang='lat' dir='ltr'>puto,</span> <span class='ocrx_word' id='word_1_2162' title='bbox 1413 3689 1508 3715; x_wconf 83' lang='lat' dir='ltr'>magna</span> <span class='ocrx_word' id='word_1_2163' title='bbox 1523 3681 1576 3708; x_wconf 86' lang='lat' dir='ltr'>mei</span> <span class='ocrx_word' id='word_1_2164' title='bbox 1590 3679 1625 3707; x_wconf 85' lang='lat' dir='ltr'>est</span> <span class='ocrx_word' id='word_1_2165' title='bbox 1636 3681 1749 3713; x_wconf 80' lang='lat' dir='ltr'>operoso</span> <span class='ocrx_word' id='word_1_2166' title='bbox 1762 3689 1824 3706; x_wconf 85' lang='lat' dir='ltr'>cura</span> <span class='ocrx_word' id='word_1_2167' title='bbox 1839 3680 1953 3712; x_wconf 86' lang='lat' dir='ltr'>colono,</span> <span class='ocrx_word' id='word_1_2168' title='bbox 1988 3681 2114 3709; x_wconf 85' lang='lat' dir='ltr'>Inueuies</span> <span class='ocrx_word' id='word_1_2169' title='bbox 2134 3681 2181 3715; x_wconf 89' lang='lat' dir='ltr'>qui</span> <span class='ocrx_word' id='word_1_2170' title='bbox 2203 3681 2247 3707; x_wconf 84' lang='lat' dir='ltr'>det</span> <span class='ocrx_word' id='word_1_2171' title='bbox 2259 3681 2296 3708; x_wconf 88' lang='lat' dir='ltr'>nil</span> <span class='ocrx_word' id='word_1_2172' title='bbox 2311 3681 2380 3708; x_wconf 82' lang='lat' dir='ltr'>mihi</span> 
     </span>
    </p>
   </div>
   <div class='ocr_carea' id='block_1_43' title="bbox 1321 3715 2381 4040">
    <p class='ocr_par' dir='ltr' id='par_1_62' title="bbox 1321 3715 2381 4040">
     <span class='ocr_line' id='line_1_222' title="bbox 1321 3715 2379 3752; baseline 0.003 -11"><span class='ocrx_word' id='word_1_2173' title='bbox 1321 3722 1426 3750; x_wconf 87' lang='lat' dir='ltr'>praeter</span> <span class='ocrx_word' id='word_1_2174' title='bbox 1438 3716 1559 3743; x_wconf 89' lang='lat' dir='ltr'>humum.</span> <span class='ocrx_word' id='word_1_2175' title='bbox 1602 3715 1659 3742; x_wconf 75' lang='lat' dir='ltr'>Vid.</span> <span class='ocrx_word' id='word_1_2176' title='bbox 1680 3717 1749 3742; x_wconf 52' lang='lat' dir='ltr'>Paul.</span> <span class='ocrx_word' id='word_1_2177' title='bbox 1763 3716 1886 3752; x_wconf 74' lang='lat' dir='ltr'>Leopard.</span> <span class='ocrx_word' id='word_1_2178' title='bbox 1898 3716 1995 3743; x_wconf 73' lang='lat' dir='ltr'>Emend.</span> <span class='ocrx_word' id='word_1_2179' title='bbox 2010 3725 2032 3748; x_wconf 86' lang='grc'>3,</span> <span class='ocrx_word' id='word_1_2180' title='bbox 2046 3719 2071 3743; x_wconf 91' lang='lat'>6.</span> <span class='ocrx_word' id='word_1_2181' title='bbox 2165 3715 2379 3744; x_wconf 74' lang='lat' dir='ltr'>Cic.deAn1icit.</span> 
     </span>
     <span class='ocr_line' id='line_1_223' title="bbox 1321 3751 2380 3788; baseline 0.002 -10"><span class='ocrx_word' id='word_1_2182' title='bbox 1321 3754 1339 3778; x_wconf 83' lang='lat'>6</span> <span class='ocrx_word' id='word_1_2183' title='bbox 1358 3752 1406 3779; x_wconf 85' lang='lat' dir='ltr'>Sed</span> <span class='ocrx_word' id='word_1_2184' title='bbox 1421 3759 1533 3788; x_wconf 85' lang='lat' dir='ltr'>vterque</span> <span class='ocrx_word' id='word_1_2185' title='bbox 1545 3753 1600 3780; x_wconf 88' lang='lat' dir='ltr'>alio</span> <span class='ocrx_word' id='word_1_2186' title='bbox 1616 3751 1729 3786; x_wconf 84' lang='lat' dir='ltr'>quodam</span> <span class='ocrx_word' id='word_1_2187' title='bbox 1744 3753 1841 3779; x_wconf 84' lang='lat' dir='ltr'>modo:</span> <span class='ocrx_word' id='word_1_2188' title='bbox 1864 3752 1995 3786; x_wconf 64' lang='lat' dir='ltr'>Aciilius,</span> <span class='ocrx_word' id='word_1_2189' title='bbox 2009 3753 2073 3788; x_wconf 85' lang='lat' dir='ltr'>quia</span> <span class='ocrx_word' id='word_1_2190' title='bbox 2087 3753 2203 3788; x_wconf 79' lang='lat' dir='ltr'>prudens</span> <span class='ocrx_word' id='word_1_2191' title='bbox 2217 3754 2265 3780; x_wconf 81' lang='lat' dir='ltr'>else</span> <span class='ocrx_word' id='word_1_2192' title='bbox 2280 3753 2307 3780; x_wconf 90' lang='lat' dir='ltr'>in</span> <span class='ocrx_word' id='word_1_2193' title='bbox 2321 3754 2380 3780; x_wconf 82' lang='lat' dir='ltr'>iure</span> 
     </span>
     <span class='ocr_line' id='line_1_224' title="bbox 1321 3788 2380 3825; baseline 0.002 -11"><span class='ocrx_word' id='word_1_2194' title='bbox 1321 3788 1406 3815; x_wconf 85' lang='lat' dir='ltr'>Ciuili</span> <span class='ocrx_word' id='word_1_2195' title='bbox 1422 3794 1538 3824; x_wconf 85' lang='lat' dir='ltr'>putatur.</span> <span class='ocrx_word' id='word_1_2196' title='bbox 1574 3790 1676 3824; x_wconf 72' lang='lat' dir='ltr'>Legitur</span> <span class='ocrx_word' id='word_1_2197' title='bbox 1689 3796 1713 3815; x_wconf 79' lang='lat' dir='ltr'>et</span> <span class='ocrx_word' id='word_1_2198' title='bbox 1727 3788 1881 3815; x_wconf 84' lang='lat' dir='ltr'>Putabatur.</span> <span class='ocrx_word' id='word_1_2199' title='bbox 1988 3789 2095 3816; x_wconf 88' lang='lat' dir='ltr'>Lucret.</span> <span class='ocrx_word' id='word_1_2200' title='bbox 2111 3798 2132 3823; x_wconf 75' lang='grc' dir='ltr'>ς,</span> <span class='ocrx_word' id='word_1_2201' title='bbox 2146 3799 2215 3825; x_wconf 86' lang='lat'>1044</span> <span class='ocrx_word' id='word_1_2202' title='bbox 2238 3789 2380 3824; x_wconf 79' lang='lat' dir='ltr'>Tempore</span> 
     </span>
     <span class='ocr_line' id='line_1_225' title="bbox 1323 3823 2380 3887; baseline 0 -37"><span class='ocrx_word' id='word_1_2203' title='bbox 1323 3824 1418 3851; x_wconf 82' lang='lat' dir='ltr'>eodem</span> <span class='ocrx_word' id='word_1_2204' title='bbox 1433 3825 1481 3852; x_wconf 90' lang='lat' dir='ltr'>alii</span> <span class='ocrx_word' id='word_1_2205' title='bbox 1494 3825 1583 3853; x_wconf 81' lang='lat' dir='ltr'>facere</span> <span class='ocrx_word' id='word_1_2206' title='bbox 1598 3823 1626 3850; x_wconf 90' lang='lat' dir='ltr'>id</span> <span class='ocrx_word' id='word_1_2207' title='bbox 1639 3833 1691 3850; x_wconf 83' lang='lat' dir='ltr'>non</span> <span class='ocrx_word' id='word_1_2208' title='bbox 1706 3825 1788 3860; x_wconf 76' lang='lat' dir='ltr'>quisse</span> <span class='ocrx_word' id='word_1_2209' title='bbox 1801 3824 1945 3860; x_wconf 72' lang='lat' dir='ltr'>putentur?</span> <span class='ocrx_word' id='word_1_2210' title='bbox 2121 3823 2143 3862; x_wconf 63' lang='lat' dir='ltr'>q</span> <span class='ocrx_word' id='word_1_2211' title='bbox 2164 3834 2176 3858; x_wconf 91' lang='grc'>3</span> <span class='ocrx_word' id='word_1_2212' title='bbox 2213 3825 2286 3855; x_wconf 84' lang='lat' dir='ltr'>Puta,</span> <span class='ocrx_word' id='word_1_2213' title='bbox 2301 3827 2380 3887; x_wconf 59' lang='lat' dir='ltr'>Impli-</span> 
     </span>
     <span class='ocr_line' id='line_1_226' title="bbox 2238 3862 2381 3888; baseline -0.014 0"><span class='ocrx_word' id='word_1_2214' title='bbox 2238 3862 2300 3888; x_wconf 89' lang='lat' dir='ltr'>Pom</span> <span class='ocrx_word' id='word_1_2215' title='bbox 2321 3869 2356 3886; x_wconf 88' lang='lat' dir='ltr'>on</span> <span class='ocrx_word' id='word_1_2216' title='bbox 2371 3876 2381 3882; x_wconf 95' lang='lat'><em>-</em></span> 
     </span>
     <span class='ocr_line' id='line_1_227' title="bbox 1323 3870 2380 3934; baseline 0.001 -12"><span class='ocrx_word' id='word_1_2217' title='bbox 1323 3906 1353 3922; x_wconf 81' lang='lat' dir='ltr'>us</span> <span class='ocrx_word' id='word_1_2218' title='bbox 1368 3897 1396 3923; x_wconf 90' lang='lat' dir='ltr'>in</span> <span class='ocrx_word' id='word_1_2219' title='bbox 1410 3897 1427 3923; x_wconf 89' lang='lat' dir='ltr'>l.</span> <span class='ocrx_word' id='word_1_2220' title='bbox 1447 3897 1473 3924; x_wconf 88' lang='lat' dir='ltr'>Si</span> <span class='ocrx_word' id='word_1_2221' title='bbox 1489 3897 1549 3932; x_wconf 87' lang='lat' dir='ltr'>quis</span> <span class='ocrx_word' id='word_1_2222' title='bbox 1564 3895 1675 3934; x_wconf 85' lang='lat' dir='ltr'>§.Item</span> <span class='ocrx_word' id='word_1_2223' title='bbox 1689 3896 1707 3923; x_wconf 83' lang='lat' dir='ltr'>si</span> <span class='ocrx_word' id='word_1_2224' title='bbox 1727 3897 1759 3923; x_wconf 92' lang='lat' dir='ltr'>D.</span> <span class='ocrx_word' id='word_1_2225' title='bbox 1775 3896 1807 3923; x_wconf 86' lang='lat' dir='ltr'>de</span> <span class='ocrx_word' id='word_1_2226' title='bbox 1821 3896 1912 3924; x_wconf 84' lang='lat' dir='ltr'>hered.</span> <span class='ocrx_word' id='word_1_2227' title='bbox 1927 3896 2009 3924; x_wconf 82' lang='lat' dir='ltr'>instit.</span> <span class='ocrx_word' id='word_1_2228' title='bbox 2035 3896 2061 3924; x_wconf 84' lang='lat' dir='ltr'>Si</span> <span class='ocrx_word' id='word_1_2229' title='bbox 2076 3896 2094 3923; x_wconf 91' lang='lat' dir='ltr'>il</span> <span class='ocrx_word' id='word_1_2230' title='bbox 2108 3906 2131 3928; x_wconf 81' lang='lat' dir='ltr'>e,</span> <span class='ocrx_word' id='word_1_2231' title='bbox 2145 3903 2217 3931; x_wconf 85' lang='lat' dir='ltr'>puta,</span> <span class='ocrx_word' id='word_1_2232' title='bbox 2230 3870 2330 3923; x_wconf 62' lang='lat' dir='ltr'>Consiil</span> <span class='ocrx_word' id='word_1_2233' title='bbox 2341 3896 2380 3923; x_wconf 80' lang='lat' dir='ltr'>fa-</span> 
     </span>
     <span class='ocr_line' id='line_1_228' title="bbox 1323 3931 2379 3966; baseline 0.002 -8"><span class='ocrx_word' id='word_1_2234' title='bbox 1323 3932 1382 3959; x_wconf 70' lang='lat' dir='ltr'>&amp;us</span> <span class='ocrx_word' id='word_1_2235' title='bbox 1395 3933 1487 3960; x_wconf 88' lang='lat' dir='ltr'>fuerit.</span> <span class='ocrx_word' id='word_1_2236' title='bbox 1506 3939 1567 3960; x_wconf 84' lang='lat' dir='ltr'>tunc</span> <span class='ocrx_word' id='word_1_2237' title='bbox 1580 3939 1625 3960; x_wconf 78' lang='lat' dir='ltr'>etc.</span> <span class='ocrx_word' id='word_1_2238' title='bbox 1662 3935 1700 3960; x_wconf 82' lang='lat' dir='ltr'>De</span> <span class='ocrx_word' id='word_1_2239' title='bbox 1711 3934 1755 3959; x_wconf 85' lang='lat' dir='ltr'>hoc</span> <span class='ocrx_word' id='word_1_2240' title='bbox 1768 3935 1806 3959; x_wconf 79' lang='lat' dir='ltr'>ita</span> <span class='ocrx_word' id='word_1_2241' title='bbox 1820 3933 1968 3960; x_wconf 78' lang='lat' dir='ltr'>Priscianus</span> <span class='ocrx_word' id='word_1_2242' title='bbox 1985 3940 2011 3966; x_wconf 86' lang='lat'>15</span> <span class='ocrx_word' id='word_1_2243' title='bbox 2030 3931 2063 3958; x_wconf 87' lang='lat' dir='ltr'>de</span> <span class='ocrx_word' id='word_1_2244' title='bbox 2077 3932 2231 3963; x_wconf 82' lang='lat' dir='ltr'>Aduerbiis,</span> <span class='ocrx_word' id='word_1_2245' title='bbox 2250 3939 2272 3959; x_wconf 82' lang='grc' dir='ltr'>Α</span> <span class='ocrx_word' id='word_1_2246' title='bbox 2295 3932 2379 3966; x_wconf 81' lang='lat' dir='ltr'>igitur</span> 
     </span>
     <span class='ocr_line' id='line_1_229' title="bbox 1324 3968 2380 4004; baseline 0.001 -9"><span class='ocrx_word' id='word_1_2247' title='bbox 1324 3969 1496 3996; x_wconf 85' lang='lat' dir='ltr'>terminantia</span> <span class='ocrx_word' id='word_1_2248' title='bbox 1511 3970 1552 3996; x_wconf 88' lang='lat' dir='ltr'>vel</span> <span class='ocrx_word' id='word_1_2249' title='bbox 1565 3968 1705 4004; x_wconf 83' lang='lat' dir='ltr'>primitiua</span> <span class='ocrx_word' id='word_1_2250' title='bbox 1721 3969 1792 4001; x_wconf 90' lang='lat' dir='ltr'>sunt,</span> <span class='ocrx_word' id='word_1_2251' title='bbox 1817 3975 1845 3995; x_wconf 92' lang='lat' dir='ltr'>vt</span> <span class='ocrx_word' id='word_1_2252' title='bbox 1867 3969 1920 3999; x_wconf 87' lang='lat' dir='ltr'>Ita,</span> <span class='ocrx_word' id='word_1_2253' title='bbox 1934 3969 2005 4004; x_wconf 86' lang='lat' dir='ltr'>quod</span> <span class='ocrx_word' id='word_1_2254' title='bbox 2017 3968 2101 3995; x_wconf 89' lang='lat' dir='ltr'>solum</span> <span class='ocrx_word' id='word_1_2255' title='bbox 2125 3976 2146 3996; x_wconf 82' lang='grc' dir='ltr'>Α</span> <span class='ocrx_word' id='word_1_2256' title='bbox 2169 3973 2317 4002; x_wconf 81' lang='lat' dir='ltr'>correptam</span> <span class='ocrx_word' id='word_1_2257' title='bbox 2335 3968 2380 3996; x_wconf 88' lang='lat' dir='ltr'>ha-</span> 
     </span>
     <span class='ocr_line' id='line_1_230' title="bbox 1324 4004 2380 4040; baseline -0.001 -9"><span class='ocrx_word' id='word_1_2258' title='bbox 1324 4004 1394 4037; x_wconf 90' lang='lat' dir='ltr'>buit,</span> <span class='ocrx_word' id='word_1_2259' title='bbox 1409 4005 1532 4040; x_wconf 74' lang='lat' dir='ltr'>quamuit</span> <span class='ocrx_word' id='word_1_2260' title='bbox 1545 4004 1653 4040; x_wconf 88' lang='lat' dir='ltr'>quidam</span> <span class='ocrx_word' id='word_1_2261' title='bbox 1668 4005 1730 4031; x_wconf 81' lang='lat' dir='ltr'>Puta</span> <span class='ocrx_word' id='word_1_2262' title='bbox 1745 4013 1853 4040; x_wconf 85' lang='lat' dir='ltr'>quoque</span> <span class='ocrx_word' id='word_1_2263' title='bbox 1866 4005 2032 4032; x_wconf 87' lang='lat' dir='ltr'>Aduerbium</span> <span class='ocrx_word' id='word_1_2264' title='bbox 2045 4004 2093 4030; x_wconf 77' lang='lat' dir='ltr'>else</span> <span class='ocrx_word' id='word_1_2265' title='bbox 2109 4005 2249 4038; x_wconf 83' lang='lat' dir='ltr'>accipiant,</span> <span class='ocrx_word' id='word_1_2266' title='bbox 2263 4004 2380 4039; x_wconf 88' lang='lat' dir='ltr'>ideoque</span> 
     </span>
    </p>
   </div>
   <div class='ocr_carea' id='block_1_44' title="bbox 727 4026 2379 4077">
    <p class='ocr_par' dir='ltr' id='par_1_63' title="bbox 727 4026 2379 4077">
     <span class='ocr_line' id='line_1_231' title="bbox 727 4026 2379 4077; baseline 0.008 -25"><span class='ocrx_word' id='word_1_2267' title='bbox 727 4026 754 4053; x_wconf 85' lang='lat' dir='ltr'>bi</span> <span class='ocrx_word' id='word_1_2268' title='bbox 767 4027 860 4055; x_wconf 75' lang='lat' dir='ltr'>adesses</span> <span class='ocrx_word' id='word_1_2269' title='bbox 872 4030 904 4057; x_wconf 81' lang='lat' dir='ltr'>ad</span> <span class='ocrx_word' id='word_1_2270' title='bbox 915 4033 1002 4060; x_wconf 76' lang='lat' dir='ltr'>Puteal</span> <span class='ocrx_word' id='word_1_2271' title='bbox 1015 4044 1079 4063; x_wconf 73' lang='lat' dir='ltr'>cras.</span> <span class='ocrx_word' id='word_1_2272' title='bbox 1100 4039 1158 4066; x_wconf 86' lang='lat' dir='ltr'>Vct.</span> <span class='ocrx_word' id='word_1_2273' title='bbox 1169 4039 1256 4067; x_wconf 85' lang='lat' dir='ltr'>Schol.</span> <span class='ocrx_word' id='word_1_2274' title='bbox 1268 4040 1310 4067; x_wconf 79' lang='lat'>105</span> <span class='ocrx_word' id='word_1_2275' title='bbox 1323 4040 1440 4069; x_wconf 84' lang='lat' dir='ltr'>Persium</span> <span class='ocrx_word' id='word_1_2276' title='bbox 1459 4043 1508 4075; x_wconf 87' lang='lat'>(4,</span> <span class='ocrx_word' id='word_1_2277' title='bbox 1529 4043 1564 4073; x_wconf 92' lang='lat'>9)</span> <span class='ocrx_word' id='word_1_2278' title='bbox 1584 4040 1612 4068; x_wconf 87' lang='lat' dir='ltr'>id</span> <span class='ocrx_word' id='word_1_2279' title='bbox 1626 4040 1781 4077; x_wconf 73' lang='lat' dir='ltr'>corripuisse</span> <span class='ocrx_word' id='word_1_2280' title='bbox 1794 4051 1800 4067; x_wconf 73' lang='grc' dir='ltr'><strong>ε</strong></span> <span class='ocrx_word' id='word_1_2281' title='bbox 1829 4046 1858 4068; x_wconf 84' lang='grc' dir='ltr'>ν1</span> <span class='ocrx_word' id='word_1_2282' title='bbox 1869 4061 1878 4074; x_wconf 85' lang='grc'>,</span> <span class='ocrx_word' id='word_1_2283' title='bbox 1909 4042 1969 4068; x_wconf 85' lang='lat' dir='ltr'>Hoc</span> <span class='ocrx_word' id='word_1_2284' title='bbox 1983 4045 2045 4074; x_wconf 77' lang='lat' dir='ltr'>puta</span> <span class='ocrx_word' id='word_1_2285' title='bbox 2057 4049 2113 4067; x_wconf 90' lang='lat' dir='ltr'>non</span> <span class='ocrx_word' id='word_1_2286' title='bbox 2126 4040 2224 4067; x_wconf 80' lang='lat' dir='ltr'>iustum</span> <span class='ocrx_word' id='word_1_2287' title='bbox 2236 4040 2291 4076; x_wconf 84' lang='lat' dir='ltr'>est,</span> <span class='ocrx_word' id='word_1_2288' title='bbox 2311 4039 2379 4067; x_wconf 83' lang='lat' dir='ltr'>illud</span> 
     </span>
    </p>
   </div>
   <div class='ocr_carea' id='block_1_45' title="bbox 2299 4077 2380 4110">
    <p class='ocr_par' dir='ltr' id='par_1_64' title="bbox 2299 4077 2380 4110">
     <span class='ocr_line' id='line_1_232' title="bbox 2299 4077 2380 4110; baseline 0 -6"><span class='ocrx_word' id='word_1_2289' title='bbox 2299 4077 2380 4110; x_wconf 83' lang='lat' dir='ltr'>male,</span> 
     </span>
    </p>
   </div>
   <div class='ocr_carea' id='block_1_46' title="bbox 2409 2274 2517 3865">
    <p class='ocr_par' dir='ltr' id='par_1_65' title="bbox 2409 2274 2517 3865">
     <span class='ocr_line' id='line_1_233' title="bbox 2409 2274 2517 3865; baseline 0 0"><span class='ocrx_word' id='word_1_2290' title='bbox 2409 2274 2517 3865; x_wconf 95' lang='lat' dir='ltr'> </span> 
     </span>
    </p>
   </div>
  </div>
 </body>
</html>
