2517 4231
43 225 116 265 993
433 185 734 258 PR'AE
1564 204 1863 248 PRAE
2147 231 2232 271 994

43 298 249 330 consolationis,
266 303 355 325 tamen
370 297 451 324 ctiam
465 296 606 333 praecipua
618 295 701 325 multa
715 296 790 327 sunt,
806 301 873 328 quae
886 299 914 320 tu
928 293 1051 328 prosc-&0
1066 292 1106 320 vi·
1167 297 1222 324 21¹²,
1236 299 1317 333 quem
1330 301 1385 321 ποῦ
1397 294 1488 322 minus
1501 294 1602 322 constat
1618 296 1754 332 optimum
1770 296 1831 330 else,
1844 306 1923 332 quam
1937 304 2093 334 maximum.
2165 308 2232 337 Vim

47 336 93 363 des
107 341 134 362 et
147 334 296 369 grauiffima
308 334 367 360 effe.
448 334 506 360 Cic.
528 334 582 360 Att.
603 334 628 364 6,
648 333 666 358 6
686 329 812 371 Decreuit
826 329 952 363 Senatus,
967 337 996 358 vt
1009 329 1106 371 1¹¹⁵.‘¹l·
1168 328 1333 368 praeclarior
1358 330 1458 357 Sallust.
1476 331 1596 366 Iugurth.
1616 341 1639 358 c.
1651 337 1690 374 85.
1769 333 1800 360 Id
1821 334 1892 368 quod
1915 338 2000 364 musto
2020 343 2179 375 praeclarius
2191 345 2230 372 est

45 377 150 400 teretur
163 371 210 398 ista
221 368 386 405 syngrapha,
399 378 469 396 nunc
482 369 530 396 ista
541 368 622 396 habet
635 367 703 394 iuris
715 365 787 392 idem
801 365 873 400 quod
887 373 1021 399 caeterae,
1036 365 1107 393 nihil
1167 363 1242 391 Idem
1256 364 1323 391 ibid.
1395 367 1500 394 Lucret.
1516 376 1542 400 i,
1566 376 1611 400 730
1637 368 1686 395 Nil
1700 374 1788 395 tamen
1799 369 1850 396 hoc
1864 369 1980 398 habuiffc
1994 375 2054 401 viro
2071 380 2231 412 praedam„

17 408 31 424 “-
64 406 191 442 raecipiii.
246 406 328 432 Ouid.
343 414 375 432 ex
390 406 465 432 Pom.
479 413 503 438 3,
515 415 543 439 4,
559 406 589 431 ι6
611 402 785 436 Praecipuum
798 402 892 428 veniae
905 403 946 429 ius
963 403 1044 430 habet
1059 402 1106 428 ille
1171 399 1200 426 in
1214 399 1248 425 se.
1266 400 1295 425 de
1310 402 1459 435 Empedocle.
1532 405 1629 438 Superi.
1665 405 1737 431 Hirt.
1752 405 1816 432 Bell.
1831 406 1906 433 Alex.
1920 415 1943 432 c.
1957 415 1992 441 24
2016 411 2100 438 Patria
2118 417 2232 448 praeda,

58 442 124 470 iber.
179 440 314 468 Laborem
326 441 496 477 praecipuum
511 438 664 476 iinpendEre
684 438 950 473 Virg.Geoi·g.3‚74.
994 438 1107 465 Pseudo·
1131 436 1146 463 5
1171 434 1278 462 rissima.
1352 438 1458 472 Vopisc,
1479 437 1507 464 in
1520 439 1636 467 prome·
1650 449 1678 467 22
1698 441 1784 468 Duces
1799 442 2005 478 phalariffimi·
2031 447 2099 482 conf
2122 450 2178 478 Cic·
2197 451 2231 479 de

46 479 104 507 Cic.
123 483 211 512 anteq.
227 478 279 504 iret
294 478 322 504 in
342 478 404 504 exii.
425 485 454 512 ¹7
482 478 578 512 Neque
591 482 658 502 vcro
677 473 715 500 M.
729 473 840 500 Tullius
862 475 937 501 suuni
957 475 1077 501 animum
1095 482 1111 500 a
1174 471 1251 499 Orat.
1266 480 1275 497 i
1290 480 1312 497 c.
1327 479 1349 504 ς.

45 514 132 543 vestra
144 513 308 541 abalienauit
322 514 459 549 potestate,
467 521 551 547 quum
562 510 735 546 praecipuum
749 510 826 537 vobis
833 510 959 538 Obfldcm
972 511 1055 544 animi
1069 509 1110 536 sui
1209 513 1224 533 P
1235 513 1252 532 R
1263 514 1310 548 Axi?
1320 514 1337 535 c
1347 515 1362 534 L
1372 516 1393 534 A
1402 515 1421 535 R
1433 510 1565 538 1³..Adu.
1604 512 1771 547 [περιφανῶς]
1806 513 1863 540 Cic.
1872 514 1951 542 Verr.
1964 523 1993 549 4,
2007 517 2043 548 96
2064 516 2095 542 In
2109 525 2141 544 eo
2150 519 2233 553 Chry.

47 550 162 578 vestram
175 549 317 584 reliquerit
337 550 501 577 libertatem.
573 547 661 581 Opera
676 545 813 581 singularis
834 553 860 573 ct
881 547 1021 581 praecipua
1051 546 1108 572 Cic.
1173 542 1264 583 sae-cst
1278 544 1462 578 hinniat-rum,
1480 547 1613 581 praeclare
1631 548 1732 575 facium
1752 558 1766 575 e
1781 558 1926 577 marmore.
1997 550 2072 578 Idem
2093 552 2160 580 ibid.
2180 563 2201 587 ι,
2217 564 2234 589 9

48 587 121 615 Fam.
138 594 183 619 10,
202 593 229 619 9.
301 587 389 613 Partes
407 594 482 612 meac
499 584 528 610 in
541 591 571 609 ca
585 583 659 608 causa
672 583 828 617 praecipuae
841 583 952 609 fuerunt
970 582 1043 609 Idem
1057 589 1108 615 pro
1173 579 1242 611 Qus
1257 579 1306 605 hoc
1322 589 1375 606 iioii
1392 582 1524 615 perspicit,
1537 584 1669 618 praeclare
1682 584 1821 612 nobiscum
1833 586 1930 614 Aeium
1945 586 1990 619 iri,
2003 587 2021 614 si
2034 588 2149 624 Populus
2156 589 2237 618 Rom.

37 622 137 651 ,Domo
152 630 181 648 10
198 631 220 649 c.
232 631 254 652 ς.
326 621 455 649 Remedia
473 619 629 655 praecipua.
650 620 766 645 Omnium
779 620 851 654 longe
869 617 1000 654 vtiliffima
1041 618 1108 644 Plin.
1128 618 1157 636 ¹0
1173 614 1249 641 istius
1261 615 1338 642 vnius
1353 617 1484 651 supplicio
1496 621 1700 647 contentus-erit
1715 623 1724 647 ’ἐ
1760 622 1930 649 Conditiom‘m
1948 622 2056 657 nostram
2075 624 2121 661 sat
2133 625 2236 660 felicem

48 665 83 692 n,
96 666 128 691 49
148 658 223 685 ossea
238 658 296 684 sunt
311 658 397 693 lupis,
414 655 556 696 vulpibus,
571 654 711 688 mustelis,
726 655 858 686 vinei-ris,
878 653 946 680 vnde
960 655 1042 681 etiam
1059 653 1110 681 cal·
1165 649 1298 687 suturam.
1335 652 1410 686 Conf.
1431 653 1469 678 ld.
1487 654 1558 680 Fam.
1581 664 1607 688 9,
1622 665 1655 690 24
1669 664 1734 683 extr.
1808 657 1914 685 Dicitur
1934 660 2069 694 praeclare
2085 669 2100 688 a
2114 661 2238 697 sapienti-

0 721 1 730 }
47 692 109 721 culo
130 693 248 721 humano
267 694 386 721 remedia
405 697 555 726 praecipua.
583 690 611 717 dc
630 690 790 722 (genitalibus.
883 690 938 716 Cic.
954 690 986 716 dc
1000 690 1109 717 Prouin.
1173 687 1238 718 biis,
1259 686 1340 714 Vultu
1360 688 1434 722 saepe
1454 688 1569 716 laeditur
1587 692 1669 726 pietas
1693 693 1751 720 Cic.
1765 701 1815 728 pro
1832 694 1907 721 itote.
1925 697 2016 722 Amer.
2032 704 2073 731 37.
2154 697 2238 724 Datur

49 730 159 757 Consul.
175 739 187 758 2
207 731 380 764 Praecipuum
394 728 472 754 illum
488 734 514 754 et
528 722 667 762 propritim
682 727 784 753 sensum
797 724 899 752 doloris
912 727 982 758 mci,
997 734 1043 753 etc.
1069 725 1110 759 lad
1172 722 1325 758 praeclare,
1352 723 1486 750 Praeclare
1508 725 1646 760 medetur,
1670 729 1695 755 h.
1715 738 1734 755 e.
1756 731 1897 763 Commode,
1923 735 2013 766 optime
2047 733 2115 759 Plin.
2132 734 2181 766 26,
2203 740 2237 767 ις.

0 761 1 765 ’
48 764 192 793 vlciscendi
206 772 326 800 tempora
338 763 491 792 reseriiabo.
562 764 738 798 Praecipuum
752 761 784 788 ad
799 762 927 795 serpentis
942 761 1020 795 icius,
1035 763 1110 798 Opti·
1173 759 1312 800 Explicare
1328 759 1461 800 praeclare
1488 761 1545 787 Cic.
1560 762 1638 789 Acad.
1654 772 1674 795 i,
1688 772 1722 796 33.
1800 765 1875 792 Idem
1888 767 1920 792 de
1936 767 1993 794 Fin.
2009 776 2037 800 3,
2055 777 2072 801 9
2085 777 2107 795 c.
2122 777 2138 795 2.
2163 769 2239 797 Prae-

47 811 113 830 mum
134 802 202 829 Plin,
214 807 237 835 8,
255 810 298 837 27.
370 800 546 835 Praecipuum
562 807 655 826 contra
673 799 774 824 morsus
789 796 949 830 remedium,
973 799 1111 826 Salzcberri-
1130 802 1156 829 ις
1173 794 1251 836 clare,
1267 801 1365 829 inquit,
1382 796 1466 835 Facis,
1481 806 1564 831 quum
1579 804 1604 825 ct
1618 807 1712 825 eorum
1726 802 1886 828 memoriam
1901 809 1981 836 tenes,
1995 813 2111 838 quorum
2124 810 2239 840 vterque

45 847 114 865 mum
141 839 215 865 Idem
231 843 255 870 8,
268 845 303 864 22.
376 836 476 863 Rerum
492 836 632 871 praecipua
650 834 742 861 Tacit.
757 834 825 860 Ann.
841 842 869 866 4,
886 842 931 867 40.
1005 834 1111 860 Vitium
1174 830 1227 859 tibi
1241 831 1397 858 testamento
1411 831 1512 859 liberos
1528 835 1588 860 suos
1602 837 1823 869 couimendauits
1846 840 1865 863 i.
1886 839 1971 865 Laude
1983 840 2095 876 dignum.
2159 841 2240 868 Geffit

48 874 220 909 praecipuum
244 872 366 900 scribon.
383 877 430 902 118.
466 875 485 899 i.
506 869 744 906 Perniciosiffimum.
919 866 939 906 ἢ
962 877 975 895 2
1013 870 1114 896 Praeci-
1174 867 1308 903 praeclare
1320 868 1394 894 suum
1408 870 1548 903 negoiium
1568 871 1626 897 Cic.
1647 880 1696 905 pro
1711 872 1787 899 itote.
1802 873 1880 899 Com.
1901 882 1943 908 34.
2016 876 2090 902 Idem
2111 877 2190 904 Verr.
2212 886 2240 911 2,

48 919 144 945 puum,
156 909 272 971 agsolutr,
288 909 481 944 Iuris-conjiiltir
493 911 645 938 nominatur,
666 905 731 942 quod
744 905 811 931 aliar
825 905 945 940 Legatum
955 912 1003 939 per
1015 912 1113 940 praece·
1157 926 1163 928 -
1176 912 1225 937 ¹49
1245 903 1367 931 Omnino
1382 905 1514 945 praeclare
1528 912 1554 933 te
1569 906 1674 938 Habes,
1686 917 1769 949 quum
1783 908 1804 934 is
1818 908 1902 942 ordo,
1921 916 2000 945 atquc
2015 911 2042 937 id
2055 921 2136 946 geniis
2151 913 2240 940 homi-

42 949 156 982 ptionem
186 949 264 971 icutzt.
322 945 440 971 Scaeuol.
455 945 581 979 inprinc.
600 943 617 969 l.
632 941 680 983 vlt.
700 941 732 982 D:
752 940 784 982 de
803 940 881 975 legat.
897 949 908 967 2
935 941 1112 968 Testamento
1174 948 1258 980 nuni,
1287 939 1360 975 quod
1380 946 1520 984 optimum
1532 948 1558 982 et
1573 943 1781 970 honestissimum
1794 944 1850 977 est,
1877 952 1904 971 et
1946 955 1980 972 iio
2008 956 2061 974 vno
2094 955 2119 974 et
2137 949 2240 978 sumina

47 981 146 1014 tilium,
166 988 213 1007 etc.
251 987 277 1008 et
289 980 397 1014 adiecit,
417 981 443 1007 se
457 980 598 1015 praecipua
611 979 705 1013 suique
720 983 831 1008 iiiris‚et
845 977 901 1012 post
909 983 1025 1004 mortem
1039 978 1111 1004 suam
1126 983 1161 1001 20
1176 976 1253 1010 Reip.
1267 982 1314 1002 etc.
1368 977 1509 1004 Peculaearta
1516 980 1591 1014 sunt,
1603 986 1626 1006 et
1639 989 1694 1006 cum
1709 981 1813 1016 quodam
1829 982 1910 1021 lepore
1938 981 2001 1015 teia,
2019 984 2075 1010 Cic.
2091 985 2162 1011 Fam.
2177 995 2210 1019 ¹3,
2226 991 2242 1016 8

17 1046 25 1054 Ι
46 1016 146 1044 habere
160 1017 239 1044 velie.
301 1015 550 1051 Sidon.Apollinar.
565 1017 583 1042 6
596 1014 676 1049 Epist.
689 1013 738 1041 vlt.
765 1012 835 1040 Illud
849 1020 938 1040 autem
954 1013 1046 1040 deberi
1061 1013 1113 1040 tibi
1176 1011 1228 1038 Etsi
1242 1020 1296 1038 non
1312 1012 1369 1038 siim
1382 1013 1484 1040 nescius
1499 1022 1524 1041 et
1538 1024 1606 1050 quae
1621 1022 1773 1051 temporum
1788 1022 1872 1048 ratio,
1893 1024 1919 1044 et
1933 1027 2000 1053 quac
2015 1025 2060 1047 tua
2075 1021 2186 1055 potestas
2200 1022 2242 1055 fit,

46 1053 173 1090 quodam,
181 1059 211 1080 vt
224 1052 410 1080 Iurisconsulti
424 1052 528 1085 dicunt,
541 1049 678 1086 praecipui
691 1049 783 1082 titulo,
796 1056 842 1090 etc.
899 1050 969 1076 Suet.
978 1050 1055 1077 Galb.
1069 1059 1091 1077 c.
1101 1057 1115 1083 ς
1175 1047 1281 1088 tibique
1296 1049 1435 1083 negotium
1449 1049 1540 1077 datum
1555 1052 1604 1078 esse
1619 1061 1633 1078 a
1647 1053 1774 1085 Caesare,
1794 1061 1848 1079 iion
1863 1053 1994 1081 iudicium
2015 1056 2148 1090 praeclare
2163 1058 2244 1085 Intel-

45 1098 76 1117 n.
89 1098 102 1123 3
128 1090 255 1124 Namque
274 1089 442 1124 quingenties
463 1095 532 1114 i-i-S.
553 1096 614 1113 cum
633 1085 806 1121 praecipuum
825 1092 896 1112 inter
910 1086 1052 1120 legatarios
1068 1086 1112 1113 ha·
1177 1083 1244 1118 ligo.
1302 1085 1334 1110 Et
1352 1085 1424 1111 Fam.
1444 1095 1478 1119 4,
1500 1096 1512 1118 7
1537 1088 1593 1122 Ego
1607 1097 1669 1114 euni
1689 1095 1714 1115 te
1734 1089 1799 1121 css'e,
1819 1090 1867 1123 qui
1888 1090 1986 1116 horum
2005 1092 2141 1119 malorum
2161 1093 2243 1122 initia

46 1124 154 1158 buiffet,
167 1125 231 1161 quia
243 1130 334 1152 notata
347 1133 402 1151 non
415 1124 560 1158 perscripta
572 1128 629 1150 erat
641 1123 751 1150 sumina.
786 1121 858 1162 conf:
884 1123 993 1149 Turneb.
1006 1122 1114 1158 Aduers.
1178 1119 1265 1160 inulto
1285 1126 1346 1147 ante
1359 1120 1471 1162 videris,
1490 1123 1667 1163 Consulatum
1681 1124 1934 1159 magnificentiss‘ime
1956 1133 2035 1162 atque
2051 1130 2153 1163 optime
2166 1131 2244 1164 gesse-

46 1172 72 1197 ς,
86 1172 108 1189 2.
127 1169 152 1188 et
168 1162 258 1189 Barth.
272 1160 380 1197 Aduers.
395 1170 477 1194 29‚5.
678 1155 699 1195 ff
718 1166 731 1190 3
767 1157 911 1192 Praecipua
931 1168 946 1185 a
967 1159 1060 1186 Stoicis
1075 1160 1115 1185 di.
1133 1168 1164 1195 ²5
1179 1164 1228 1189 ris,
1241 1156 1376 1191 praeclare
1390 1158 1512 1200 Memini.
1574 1160 1616 1200 Sjc
1633 1163 1708 1186 etiam
1728 1159 1761 1194 <ji
1783 1161 1931 1193 Praeclare3
1957 1164 2119 1199 approbantis
2139 1165 2245 1192 vocabu-

47 1205 148 1230 σφωιν,
161 1202 220 1234 φωρ
233 1198 266 1224 al,
283 1197 356 1230 bona,
376 1195 549 1228 Cie.Tusc.5
564 1204 586 1221 c.
596 1196 626 1222 16
643 1194 791 1229 προηγμένα,
800 1193 938 1230 produlia.
1179 1193 1247 1225 lum,
1270 1200 1294 1219 et
1309 1197 1444 1220 annuentis
1473 1195 1530 1221 Cic.
1544 1195 1660 1230 Philipp.
1676 1204 1712 1229 13,
1732 1205 1749 1230 9
1776 1198 1868 1224 Pacem
1883 1198 1941 1224 vult
1955 1199 1992 1225 M.
2007 1200 2130 1234 Lepidus.
2168 1202 2245 1229 Prae-

85 1240 100 1260 P
110 1240 210 1261 RAEC
220 1239 253 1259 11²
263 1239 318 1260 VE.
351 1232 420 1259 Adii.
460 1231 614 1267 [ἓξαιρέτως,
629 1231 776 1265 προκρίτως]
805 1232 874 1257 Ante
886 1233 948 1264 alia,
960 1228 1116 1266 potffmum.
1178 1228 1264 1260 clare,
1286 1228 1304 1255 si
1327 1229 1408 1256 talem
1428 1230 1513 1264 potest
1527 1229 1647 1265 efficere,
1668 1232 1772 1266 qualem
1792 1242 1878 1267 nuper
1889 1234 1978 1262 effecit
2001 1236 2076 1263 Idem
2090 1237 2156 1264 ibid.
2171 1243 2196 1271 8,
2209 1243 2246 1270 a.

47 1269 106 1297 Cic.
122 1270 193 1297 Fam.
207 1277 230 1302 2,
243 1276 256 1302 ς
279 1269 343 1296 Νοη
353 1269 429 1296 enim
443 1268 513 1294 mihi
527 1273 580 1294 tam
593 1275 651 1293 mea
665 1267 732 1293 salus
747 1275 806 1294 cara
820 1267 887 1300 snit,
907 1267 934 1293 in
950 1276 1001 1302 qua
1016 1267 1117 1302 praeci·
1176 1265 1273 1301 Superi·
1292 1265 1331 1292 Re
1346 1266 1548 1301 praeclariffime
1563 1267 1632 1303 gesta
1653 1268 1881 1296 Hirt.Bell.Alex.
1894 1279 1916 1297 c.
1929 1280 1969 1303 30.
1980 1278 2005 1298 et
2020 1281 2064 1307 47.
2120 1273 2202 1301 Nihil
2216 1275 2246 1300 in

65 1300 100 1332 ue
112 1306 168 1333 sum
183 1304 216 1332 ab
229 1305 278 1331 illo
291 1305 413 1337 adiutus,
436 1313 517 1339 quam
531 1304 613 1339 pietas
626 1303 678 1329 erit
693 1303 726 1333 in,
735 1302 877 1330 referenda
893 1304 978 1337 gratia
990 1303 1114 1330 iucunda.
1177 1301 1234 1328 vita
1247 1300 1296 1327 nili
1319 1302 1520 1336 praeclariffime
1536 1303 1624 1330 fecisse
1655 1305 1712 1332 Cic.
1728 1314 1777 1339 pro
1790 1306 1850 1332 Mil.
1864 1315 1885 1331 c.
1899 1314 1936 1340 35.

45 1314 191 1376 llraecipue
203 1341 327 1368 onmium
349 1340 416 1368 Cels.
432 1341 516 1368 Praef.
526 1349 545 1366 i.
587 1340 706 1366 Decorus
720 1338 861 1374 praecipue
874 1340 911 1366 est
924 1340 976 1366 deo
989 1340 1066 1367 color
1082 1340 1118 1367 al·
1133 1348 1165 1373 30
1214 1343 1231 1363 P
1240 1344 1260 1364 R
1271 1344 1294 1364 A
1305 1344 1321 1365 E
1331 1344 1348 1365 c
1360 1345 1376 1365 1.
1386 1346 1407 1365 A
1416 1346 1435 1365 R
1448 1337 1492 1365 i‘T
1501 1346 1517 1365 Ε
1528 1346 1558 1366 R.
1574 1339 1645 1367 Adii.
1678 1342 1841 1376 Qiadrigar.
1856 1343 1905 1369 An.
1926 1351 1946 1376 4
1973 1343 2041 1380 apud
2057 1343 2132 1373 Non.
2153 1351 2193 1377 n,
2213 1345 2246 1378 56

47 1377 98 1405 bus
123 1377 180 1405 Cic.
195 1376 228 1404 de
240 1377 334 1412 chib.
356 1386 385 1410 2,
404 1384 447 1411 45.
539 1375 640 1402 Infelix
661 1376 803 1411 praecipue
830 1376 907 1411 Virg.
927 1377 993 1403 Aen.
1014 1385 1037 1409 i,
1059 1378 1115 1411 716.
1177 1372 1268 1400 Rebus
1283 1374 1456 1415 praeclariter
1467 1375 1554 1409 gestis.
1593 1375 1668 1412 Conf.
1682 1377 1748 1403 Enn.
1760 1378 1829 1414 apud
1842 1378 1966 1406 Priscian.
1981 1387 2005 1412 ις
2019 1388 2042 1414 p.
2057 1388 2129 1406 1010.

47 1412 167 1441 Colenda
187 1413 224 1440 est
244 1414 324 1440 nobis
344 1412 485 1448 diligentia
504 1413 645 1447 praecipue
688 1412 746 1438 Cic.
768 1411 802 1438 de
822 1413 898 1439 Orat.
919 1421 952 1445 2,
973 1417 1019 1446 148
1040 1421 1062 1439 c.
1077 1420 1114 1446 33.
1215 1415 1430 1437 PRAECLAR
1442 1418 1452 1437 1
1464 1417 1486 1438 'r
1497 1419 1519 1438 A
1528 1419 1553 1445 s,
1570 1413 1628 1439 atis.
1647 1413 1669 1440 f.
1707 1414 1786 1449 Vulg.
1800 1415 1914 1451 interpr.
1929 1415 2044 1450 Sapient.
2065 1421 2087 1448 8,
2103 1421 2138 1446 18-

45 1449 245 1477 Commendare
263 1450 407 1485 praecipue
420 1448 550 1484 quosdam
565 1448 646 1475 alicui
671 1447 745 1474 Idem
759 1448 832 1475 Fam.
847 1457 887 1482 13,
906 1458 941 1481 ³3-
1014 1449 1115 1475 Datum
1217 1451 1233 1472 P
1246 1452 1266 1472 R
1276 1453 1323 1473 ΑΕ
1334 1452 1352 1473 C
1365 1453 1382 1472 L
1391 1454 1412 1474 Α
1422 1454 1443 1474 V
1453 1454 1474 1473 V
1487 1454 1527 1481 M,
1547 1448 1566 1474 i.
1588 1457 1614 1475 n.
1651 1450 1897 1485 [προπλατύσημυν]
1933 1452 1993 1478 Pars
2003 1452 2089 1483 vestis,
2104 1460 2174 1487 quae
2187 1457 2248 1480 ante

45 1486 115 1513 nihil
138 1486 283 1521 praecipue
299 1487 348 1512 efl‘e
371 1485 479 1512 homini
498 1494 512 1511 a
530 1490 626 1511 natura
645 1483 763 1510 dicemus
801 1485 875 1511 Idem
894 1485 926 1511 de
942 1485 998 1511 Pin.
1017 1494 1038 1517 2,
1058 1493 1115 1518 109.
1177 1481 1285 1509 clauum
1300 1482 1450 1510 texebatur.
1467 1484 1560 1511 Afrati.
1633 1484 1743 1512 Totum
1759 1486 1831 1513 diem
1852 1487 2023 1521 praeclauum
2043 1497 2128 1515 vnum
2149 1496 2248 1515 texere.

46 1521 154 1550 Debere
171 1523 313 1558 praecipue
327 1522 370 1549 isli
385 1521 478 1557 generi
491 1520 635 1547 hominum
648 1520 773 1547 videmur
803 1521 861 1548 Cic.
875 1522 928 1555 Qi.
946 1522 1032 1548 Fratr.
1054 1530 1074 1554 i,
1097 1531 1117 1549 1.
1134 1527 1163 1553 35
1180 1519 1250 1545 Haec
1263 1518 1337 1545 Non.
1351 1527 1371 1551 1,
1383 1521 1439 1552 326.
1459 1522 1493 1547 ai.
1515 1520 1708 1549 Praeclauium.
1752 1522 1811 1550 Vid.
1827 1523 1930 1560 Salmas.
1944 1524 1979 1550 ad
1992 1524 2062 1551 Hist.
2075 1526 2142 1559 Aug.
2151 1534 2175 1560 p.
2185 1527 2248 1558 406.

46 1558 200 1588 Obseruare
213 1559 354 1594 praecipue
363 1558 483 1593 aliquem
503 1558 578 1584 Brut.
593 1556 626 1583 ad
641 1556 698 1582 Cic.
711 1557 785 1583 Fam.
799 1565 831 1588 ti,
845 1566 882 1591 19.
943 1558 1021 1591 Rogo
1033 1566 1118 1583 vnum
1178 1556 1221 1593 vel
1234 1556 1294 1581 Lex.
1309 1554 1400 1591 Pitisc.

31 1621 34 1623 .
47 1594 119 1624 illud
132 1601 158 1622 te
171 1595 312 1630 praecipue
333 1595 390 1622 Cic.
404 1595 477 1621 Fam.
490 1602 519 1626 3,
533 1598 556 1623 8.
627 1591 808 1625 Timendum,
824 1602 856 1620 ne
870 1593 936 1628 quid
953 1594 1006 1620 tibi
1021 1593 1120 1628 praeci·
1218 1594 1433 1625 PRAECWDO,
1453 1590 1486 1623 fl,
1505 1593 1570 1624 siim,
1592 1594 1646 1620 ere.
1683 1591 1838 1630 [διακλείω]
1874 1596 1943 1622 Ante
1955 1595 2070 1627 cludere,
2089 1606 2119 1623 ne
2136 1595 2251 1623 accedere

64 1636 100 1659 ‘ue
114 1637 196 1666 putes,
209 1640 243 1658 eo
256 1631 347 1658 animo
363 1631 394 1658 fis
407 1630 492 1657 velim
514 1629 589 1656 Idem
603 1627 671 1655 ibid.
685 1637 714 1662 4,
727 1637 767 1662 14.
840 1630 977 1656 Contraria
997 1630 1054 1656 Cic.
1069 1638 1119 1665 pro
1180 1627 1222 1653 vel
1233 1630 1332 1653 intrare
1344 1627 1427 1663 pqffis.
1471 1629 1528 1656 Cic.
1542 1638 1592 1663 pro
1606 1630 1692 1657 Plane.
1705 1632 1739 1663 96
1753 1640 1774 1657 c.
1787 1640 1825 1663 40
1839 1638 1904 1658 extr.
1932 1631 2004 1659 Nam
2019 1633 2170 1659 maritimos
2191 1641 2251 1659 ciir-

74 1667 141 1694 abir.
155 1667 228 1702 perd.
244 1677 263 1701 4
288 1667 378 1696 Labor
392 1667 420 1693 in
434 1666 485 1693 hoc
500 1663 669 1692 defendendo
683 1666 826 1700 praecipue
840 1674 914 1692 meus
929 1666 980 1697 est,
1000 1666 1117 1693 studium
1181 1664 1223 1689 siis
1239 1663 1428 1698 praecludebat
1440 1664 1538 1691 hiemis
1551 1666 1718 1700 magnitudo.
1780 1667 1892 1693 Aditum
1903 1667 2007 1694 custodi
2020 1669 2121 1702 patriae
2140 1668 2252 1694 Pseudo-

48 1706 117 1731 νει-ο
131 1703 306 1730 conset-nandi
322 1703 441 1730 honuuis
455 1709 599 1729 commune
611 1699 687 1730 mihi·
696 1701 837 1728 vobiscum
852 1703 901 1728 effe
915 1701 1033 1728 debebit.
1130 1708 1169 1734 40
1182 1699 1240 1725 Cic.
1255 1706 1398 1734 antequam
1408 1700 1460 1727 iret
1475 1700 1504 1726 in
1519 1701 1582 1726 exil.
1603 1735 1607 1740 .
1620 1721 1628 1727 .
1674 1701 1788 1727 Animus
1802 1702 1834 1728 ad
1848 1704 2035 1736 exponendam
2046 1704 2091 1729 rei
2106 1703 2253 1737 indignita-

86 1745 129 1766 PR
137 1746 183 1766 ΑΕ
194 1745 310 1766 011>1T
320 1747 342 1766 A
354 1745 376 1766 Τ
388 1747 399 1766 1
408 1745 428 1767 0
436 1758 446 1772 ‚
484 1744 500 1764 Ρ
510 1744 530 1764 R
540 1744 562 1765 A
570 1742 588 1763 Ε
596 1741 615 1763 C
627 1742 663 1762 11²
673 1742 683 1762 1
694 1742 717 1763 T
727 1744 738 1762 1
748 1743 769 1762 v
778 1743 804 1764 M
813 1757 823 1770 ,
859 1744 873 1762 Ρ
884 1744 903 1764 R
911 1744 933 1764 A
943 1744 960 1763 ε
968 1744 985 1764 c
994 1744 1003 1762 1
1012 1744 1028 1763 P
1038 1744 1048 1763 1
1058 1743 1079 1762 T
1088 1743 1118 1763 o.
1183 1739 1238 1760 tem
1258 1734 1441 1768 praecluditur
1461 1735 1634 1762 Pseudo-Cic.
1650 1743 1739 1770 anteq.
1758 1737 1810 1763 iret
1824 1737 1854 1762 in
1870 1738 1935 1764 exil.
1949 1746 1975 1770 9.
2049 1739 2107 1764 Cic.
2121 1739 2150 1765 in
2164 1740 2253 1766 Pison.

51 1774 114 1803 vid,
136 1781 152 1801 p
164 1782 182 1802 R
193 1783 215 1802 Α
225 1782 242 1802 E
251 1782 292 1802 CE
301 1782 316 1801 p
326 1782 348 1802 3·
1181 1777 1220 1801 40
1242 1769 1323 1802 Qiod
1338 1769 1356 1794 fi
1369 1778 1431 1795 non.
1440 1769 1493 1795 tuis
1507 1770 1618 1796 nefariis
1634 1771 1662 1797 in
1675 1770 1747 1797 hunc
1765 1772 1891 1799 ordinem
1912 1774 2103 1807 contumeliis,
2120 1775 2149 1800 in
2163 1783 2255 1810 perpe·

85 1808 269 1839 PRAECn’i
279 1808 361 1842 Τὲς,
397 1809 500 1836 Milites
519 1817 535 1833 a
547 1808 636 1834 Mario
656 1806 789 1840 constituti
795 1825 804 1838 ,
834 1809 879 1841 qui
894 1805 964 1841 illias
983 1805 1120 1840 czfiodmm
1181 1809 1261 1830 tuum
1276 1803 1328 1830 tibi
1344 1804 1457 1831 Cui-iam
1472 1805 1659 1840 praecliifiss'es,
1671 1813 1719 1834 etc.
1779 1807 1916 1843 Effugium
1930 1809 2013 1837 alicui
2034 1811 2141 1837 Luci-et.
2156 1819 2174 1841 1,
2189 1819 2254 1846 974.

40 1843 304 1883 studiofifaciebam.
349 1845 410 1872 Mo,
430 1847 494 1871 enim
506 1852 593 1878 regum
605 1842 728 1878 hia-suit,
749 1849 774 1868 et
787 1839 838 1875 est,
860 1848 890 1868 vt
901 1841 936 1868 ad
946 1843 991 1885 sui
1005 1845 1121 1879 corporis
1180 1841 1201 1880 ἐς
1220 1839 1369 1876 Effugiendi
1384 1844 1452 1867 viam
1465 1842 1639 1886 intercludere.
1711 1843 1772 1887 Iter¹
1785 1844 1869 1871 Ouid.
1883 1846 1951 1872 Met.
1973 1855 2013 1879 14,
2027 1854 2090 1881 790.
2162 1847 2256 1882 Nego-

45 1880 183 1916 custodiam
201 1881 334 1916 fideliores
351 1879 470 1916 quosdam
489 1879 601 1907 homines
621 1878 787 1915 deputarent,
813 1877 842 1904 de
860 1886 907 1914 quo
927 1878 984 1906 vide
998 1880 1074 1907 Alex.
1088 1879 1120 1906 ab
1133 1890 1168 1917 45
1181 1882 1292 1903 tiatores
1311 1886 1404 1904 omnes
1425 1878 1577 1912 praeclusit,
1614 1889 1633 1905 ι.
1662 1878 1785 1910 Claullrzs
1803 1884 1916 1908 co'e‘rcuit
1952 1882 2023 1909 Suet.
2046 1883 2152 1910 Neron.
2170 1893 2192 1910 c.
2213 1892 2255 1916 32.

46 1919 122 1946 Alex,
136 1920 162 1949 ὅ,
174 1927 213 1944 22,
1181 1912 1283 1939 Omnia
1296 1913 1468 1949 praecludere
1480 1914 1581 1949 effugio
1601 1914 1684 1942 Ouid.
1697 1915 1731 1942 de
1746 1918 1803 1943 Art.
1818 1917 1878 1944 Am.
1897 1927 1920 1951 2,
1939 1926 1966 1944 21
2002 1919 2051 1946 Sed
2061 1919 2255 1953 praestruxerat

78 1959 99 1980 ,p
107 1960 128 1981 R
137 1960 160 1981 A
168 1960 184 1980 E
194 1960 211 1981 C
220 1960 230 1979 l
240 1960 254 1980 S
264 1960 285 1980 v
293 1959 317 1983 S,
337 1951 392 1978 vid.
413 1959 429 1979 P
438 1958 456 1978 R
467 1958 486 1978 A
498 1957 515 1977 Ε
524 1957 541 1978 C
551 1957 561 1976 1
571 1957 590 1977 D
600 1957 630 1978 Ο.
1184 1949 1272 1975 Burm.
1322 1949 1385 1989 Cic.
1400 1951 1478 1977 Verr.
1488 1958 1512 1983 ς,
1528 1953 1572 1983 167
1587 1960 1608 1977 c.
1616 1954 1649 1984 65
1667 1953 1724 1978 Iam
1736 1961 1845 1979 omnem
1853 1951 2112 1986 Orbem‘terrarum,
2128 1955 2175 1990 qui
2190 1957 2256 1983 sem-

83 1995 159 2017 PRA
168 1996 211 2016 Ec
220 1996 236 2014 1.
246 1990 269 2015 Ᾰ
277 1995 301 2015 Μ
313 1996 332 2015 0
341 2007 348 2019 ‚
364 1992 418 2014 are.
438 1989 507 2014 Ante
518 1989 642 2019 clamare,
656 1987 763 2013 clamore
769 1992 939 2021 praemonere.
976 1985 1048 2011 Paul.
1061 1985 1119 2012 ICt.
1183 1993 1232 2018 per
1245 1983 1342 2010 nostris
1355 1985 1513 2011 hominibus
1527 1987 1643 2012 maxime
1657 1987 1750 2020 patuit,
1765 1988 1871 2015 ciuibus
1883 1990 2012 2016 Romanis
2033 1990 2081 2017 ista
2100 1990 2255 2018 defensione

47 2025 68 2052 Ι.
82 2033 100 2059 7
114 2025 175 2058 Dig.
194 2025 221 2051 Si
235 2030 345 2059 putator
359 2031 392 2049 ex
404 2021 518 2054 arbore,
532 2018 592 2048 cum
605 2030 710 2048 ramum
725 2021 869 2053 deiecerit,
891 2029 946 2046 non
960 2020 1121 2055 praeclama-
1183 2020 1365 2053 praecluseris.
1439 2021 1532 2047 Portus
1553 2022 1727 2056 praecludere
1739 2023 1805 2049 classi
1833 2025 1934 2052 Lucan.
1949 2034 1972 2058 9,
1992 2034 2033 2060 39.
2106 2026 2212 2054 Lucret.
2232 2035 2254 2060 1,

48 2060 138 2093 verit,
158 2066 185 2087 et
204 2065 420 2094 praetereuntem
433 2056 573 2084 occiderit.
599 2056 676 2092 Conf.
693 2056 743 2083 Iul.
759 2057 869 2083 Firmic.
887 2056 918 2082 de
932 2056 1032 2083 Errore
1048 2056 1119 2091 prof.
1136 2069 1168 2095 50
1183 2062 1233 2087 322
1257 2056 1335 2089 Qiae
1349 2065 1463 2090 corpora
1478 2057 1614 2090 decedant,
1633 2059 1729 2085 Inuida
1745 2060 2010 2096 praeclusitSpeciem
2024 2067 2118 2090 natura
2132 2062 2254 2091 videndi.

51 2093 109 2123 Rei.
125 2104 152 2131 p,
165 2103 206 2130 37,
604 2111 605 2115 ,
1182 2092 1240 2118 Alii
1252 2094 1335 2133 minu-5
1348 2091 1416 2119 reHe
1436 2093 1609 2134 Praccludit.-
1669 2095 1828 2122 Tranfitum
1841 2097 2014 2131 praecludere
2032 2098 2167 2126 Columel.
2176 2102 2204 2133 6,
2218 2105 2255 2131 18.

85 2139 102 2158 Ρ
111 2139 162 2159 RA
172 2137 212 2159 EC
222 2137 238 2158 r.
248 2137 304 2158 AM
313 2137 323 2156 1
335 2135 385 2157 TA
395 2135 417 2155 Τ
426 2135 446 2156 0
455 2136 493 2162 R,
512 2128 579 2155 oris.
605 2137 643 2154 m.
664 2150 666 2153 .
682 2129 778 2155 Nomen
793 2161 795 2163 ι
810 2133 916 2163 putatur
942 2126 1120 2160 restituendum
1182 2126 1251 2153 Vsus
1266 2136 1340 2155 vocis
1354 2128 1538 2163 praecluditur
1557 2130 1639 2157 Ouid.
1655 2131 1721 2158 Met.
1736 2140 1762 2164 2,
1777 2135 1833 2164 658.

48 2167 137 2201 Festo,
156 2167 224 2203 apud
236 2176 305 2202 quem
319 2170 356 2192 ita
369 2167 477 2200 legitur:
499 2164 747 2192 Praeciamitatorcs
759 2163 951 2198 dicunttir,qui
965 2164 1120 2191 flaminibus
1224 2170 1241 2189 Ρ
1252 2170 1271 2190 R
1281 2171 1303 2191 A
1312 2171 1329 2191 E
1338 2171 1355 2192 C
1365 2172 1381 2191 L
1391 2166 1411 2191 *J
1420 2172 1433 2191 S
1444 2172 1464 2191 v
1473 2173 1486 2193 s
1496 2185 1503 2197 ,
1521 2174 1546 2199 a,
1564 2175 1620 2194 iim.
1658 2167 1754 2194 Partic.
1790 2166 1970 2205 [amantias]
2006 2170 2089 2198 Fores
2102 2171 2254 2207 praeclusae

47 2204 140 2235 Dialis
154 2202 304 2237 Quirinali,
318 2202 437 2229 Martiali
452 2201 615 2228 antecedent.
629 2201 776 2227 exclamant
792 2201 856 2236 (leg.
870 2200 1056 2227 antecedentes
1070 2200 1121 2227 cla-
1182 2199 1303 2234 Propert.
1317 2209 1343 2233 2,
1359 2209 1382 2234 ς,
1396 2209 1439 2228 22.
1490 2203 1539 2229 Per
1553 2204 1747 2230 translationem
1772 2204 1830 2231 Cic.
1844 2206 1922 2232 Verr.
1938 2214 1960 2239 5,
1977 2214 2001 2232 21
2017 2216 2039 2233 c.
2053 2212 2067 2237 8
2082 2214 2147 2235 extr.
2166 2208 2255 2235 Facile

48 2242 141 2271 mant)
165 2237 243 2265 feriis
254 2238 390 2274 publicis,
411 2244 439 2264 vt
454 2237 580 2264 homines
594 2236 743 2263 abstineant
757 2237 782 2262 se
797 2244 897 2271 opere,
918 2237 983 2271 quia
995 2236 1037 2263 his
1050 2245 1119 2278 opus
1137 2247 1166 2274 55·
1183 2235 1321 2263 ostendam
1336 2243 1381 2263 tua
1394 2237 1551 2265 crudelitate
1566 2239 1594 2265 in
1607 2238 1692 2272 alios,
1712 2248 1805 2267 omnes
1817 2240 1870 2268 tibi
1883 2241 1978 2269 Aditus
1997 2243 2200 2270 misericordiae
2213 2245 2254 2271 iu.

48 2275 193 2302 facientem
206 2274 301 2302 videte
314 2274 472 2309 religiosum
487 2273 532 2300 est.
573 2274 641 2299 Haec
654 2276 693 2298 ita
707 2271 811 2298 Paullus
824 2274 915 2299 extulit
928 2283 935 2298 .·
962 2273 1119 2300 Praeclami-
1182 2271 1272 2298 dicum
1292 2272 1453 2308 iampridem
1472 2275 1524 2301 effe
1544 2274 1703 2309 praeclusos.
1793 2277 1962 2312 Exspe&atio
1975 2279 2168 2307 incolumitatis
2182 2289 2254 2315 prae-

47 2304 148 2339 ratores
162 2310 473 2343 (Praeciannuntiatores
493 2311 536 2336 vel
555 2308 800 2336 Praeciamitatores
816 2310 864 2340 al.)
880 2308 1049 2342 dicebantur,
1061 2309 1119 2344 Qii
1181 2307 1253 2335 clusa
1267 2309 1373 2335 ciuibus
1395 2309 1567 2337 Pseudo-cic.
1583 2317 1725 2346 antequam
1738 2312 1790 2340 iret
1803 2313 1832 2340 in
1846 2314 1944 2347 exil.9.
2017 2316 2149 2350 Quinctii.
2159 2325 2179 2349 1,
2195 2325 2229 2349 ιι,
2240 2326 2253 2350 7

0 2377 2 2379 ,
47 2348 187 2374 flaminem
202 2346 323 2380 Dialem,
340 2345 392 2373 hoc
404 2346 458 2379 est,
476 2345 640 2372 sacerdotem
654 2345 728 2372 louis
741 2344 947 2376 antecedebant,
967 2345 1120 2379 clamantes,
1183 2345 1282 2371 Cantus
1296 2344 1435 2378 tibiarum,
1448 2355 1517 2381 quae
1533 2347 1679 2381 praeclusis,
1705 2349 1805 2384 quibus
1818 2349 1963 2378 clarescunt
1975 2352 2164 2379 Foraniinibus
2179 2353 2254 2380 reeio

0 2396 2 2403 >
47 2389 78 2411 vt
92 2383 216 2410 homines
231 2382 264 2409 ab
276 2382 405 2419 operibus
418 2382 596 2411 abstinerent:
624 2381 688 2416 quia
703 2380 774 2408 hunc
786 2389 853 2417 opus
868 2381 1010 2408 facientem
1026 2381 1119 2409 videre
1183 2380 1267 2409 modo
1280 2381 1355 2408 exitu
1376 2383 1532 2417 grauiorem
1550 2384 1675 2418 spiritum
1695 2385 1818 2413 reddunt.
1913 2387 1996 2414 Fores
2015 2388 2164 2422 praeclusae
2190 2389 2254 2415 Pro-

47 2418 232 2453 irreligiosum
246 2419 398 2446 videbatur.
434 2418 557 2445 Praeciae
570 2423 714 2445 metatores
728 2420 834 2445 coniicit
847 2418 976 2454 Scaliger,
996 2425 1027 2445 vt
1038 2416 1121 2455 poste·
1135 2422 1170 2448 60
1184 2421 1252 2450 pert.
1272 2425 1305 2450 2,
1328 2425 1356 2451 ς,
1374 2426 1418 2445 22.
1510 2420 1593 2447 Ianua
1610 2419 1694 2447 Ouid.
1709 2422 1775 2449 Met.
1790 2431 1812 2455 i,
1826 2424 1885 2450 662.
1977 2424 2040 2451 Vox
2061 2424 2157 2452 Claud.
2171 2425 2253 2454 Cons.

31 2469 34 2473 ⁴
48 2456 148 2490 n'usjit
164 2460 413 2490 interpretamentum
429 2458 539 2490 prioris:
1182 2454 1256 2480 Hori.
1271 2455 1295 2485 6,
1309 2456 1364 2487 265.
1743 2468 1745 2471 ⁴

0 2520 4 2524 ί
49 2496 129 2519 '³21²ss
140 2498 240 2519 AECL
253 2492 332 2518 ARV
343 2498 372 2522 ς,
391 2499 422 2523 a,
444 2499 500 2517 um.
537 2489 599 2516 Adi.
636 2488 798 2524 [περιφανῆῃ
816 2491 1003 2525 πολυτίμητος]
1041 2488 1120 2516 Valde
1221 2495 1439 2524 PRAECLVSIO,
1459 2490 1529 2518 onis.
1550 2491 1571 2518 f.
1607 2491 1716 2519 Vitruu.
1730 2501 1757 2526 9,
1771 2502 1788 2527 9
1808 2493 2003 2522 Praeclusiones
2018 2503 2158 2530 aquarum.

47 2523 142 2558 florui.
180 2530 274 2563 Nempe
295 2527 441 2560 ordinarie,
459 2532 490 2552 vt
505 2525 615 2558 Clarus,
634 2528 672 2551 ita
686 2532 711 2551 et
725 2525 886 2557 Praeclarus,
899 2525 1014 2562 figurate
1027 2529 1121 2560 accipi·
1222 2531 1238 2551 i>
1250 2532 1301 2552 RA
1310 2532 1327 2552 E
1336 2533 1354 2554 c
1363 2533 1379 2552 L
1388 2527 1411 2554 ἢ
1419 2533 1432 2554 s
1442 2534 1462 2555 ο
1471 2534 1502 2561 R,
1523 2528 1589 2555 oris.
1610 2537 1647 2557 m.
1683 2529 1805 2557 Tertull.
1818 2529 1922 2558 aduers.
1931 2531 2015 2559 Marc.
2028 2541 2057 2566 4,
2069 2540 2105 2568 27
2133 2532 2255 2561 Praeclu-

48 2569 126 2592 'tmtur
141 2570 188 2599 pro
210 2565 257 2596 Eo,
278 2566 323 2599 qui
345 2570 464 2598 tanquam
471 2561 577 2599 fulgore
591 2560 696 2597 quodam
708 2560 797 2597 famae
810 2567 835 2587 et
852 2563 948 2597 gloriae
967 2561 1121 2597 resplende&
1183 2561 1255 2588 sores
1269 2561 1344 2596 legis.

24 2612 32 2618 -
46 2600 112 2630 vnde
126 2599 272 2627 Clarissima
286 2606 310 2626 et
325 2598 525 2626 Praeclarissima
539 2596 608 2634 gesta
621 2597 737 2625 dicimus.
781 2596 829 2624 sed
840 2598 991 2624 Praeclarus
1009 2607 1120 2624 nonnun-
1134 2601 1166 2634 63
1223 2603 1239 2623 Ρ
1249 2604 1268 2624 R
1277 2605 1299 2624 A
1308 2604 1350 2625 Ec
1359 2604 1404 2625 LV
1415 2605 1433 2625 Ε
1442 2605 1474 2632 Ο,
1494 2600 1548 2627 ere.
1583 2601 1648 2628 Prae
1661 2601 1723 2628 aliis
1734 2602 1826 2636 cluere,
1846 2605 1864 2629 i.
1880 2602 2010 2631 celebrari.
2047 2603 2099 2631 Vel
2107 2604 2153 2640 qui
2171 2604 2200 2632 in
2207 2614 2254 2632 ve-

0 2657 2 2660 ,
47 2641 122 2672 qaam
131 2643 180 2671 pro
198 2637 266 2663 Bono
278 2637 403 2672 reperatur
416 2634 484 2670 apud
495 2634 672 2666 Ciceronem,
687 2633 755 2667 ficut
775 2632 892 2670 Philipp.
905 2642 928 2666 3,
946 2641 978 2668 ²7
1005 2634 1030 2660 O
1045 2642 1120 2668 prae·
1181 2632 1249 2660 tusta
1265 2634 1418 2669 praecluent
1430 2636 1571 2664 ‚comoedia
1584 2637 1747 2665 Terentian.
1770 2638 1800 2665 de
1818 2639 1917 2667 iambis.

49 2671 151 2698 clarum
163 2671 298 2698 custodem
313 2670 408 2697 ouium
424 2674 465 2702 (vt
479 2670 568 2700 aiunt)
584 2669 697 2705 lupum?
734 2671 795 2696 Nan
807 2670 912 2696 ciarim
925 2673 953 2696 in
967 2667 1065 2703 custode
1077 2669 1125 2696 de-r
1218 2675 1234 2695 P
1244 2676 1369 2698 R-AECL
1381 2678 1426 2698 VE
1436 2679 1458 2698 N
1468 2679 1498 2706 s,
1516 2673 1592 2700 entis.
1623 2674 1718 2702 Partic.
1756 2674 1799 2702 Sic
1814 2674 1882 2702 olim
1900 2681 1946 2702 tua
1966 2675 2121 2711 praecluens
2139 2675 2252 2711 potestas

40 2706 188 2742 fideratur,
197 2707 245 2743 sed
255 2707 382 2742 probitas.
417 2708 483 2743 Ergo
502 2706 670 2733 Praeclarum
689 2711 737 2740 pro
760 2706 830 2732 Bona
844 2705 938 2741 posteit.
994 2705 1071 2733 Idem
1085 2706 1119 2733 de
1183 2705 1306 2733 Prudent.
1322 2707 1422 2740 Hymn.
1441 2708 1499 2743 post
1512 2708 1564 2736 cib.
1585 2719 1611 2737 v.
1624 2718 1666 2745 37.

50 2743 161 2771 Amicit.
179 2751 204 2776 ις
225 2743 294 2769 Cum
309 2742 357 2768 illo
370 2750 437 2769 vero
454 2743 513 2776 quis
527 2748 605 2777 neget
622 2741 712 2768 aetum
726 2742 775 2768 effe
813 2743 929 2768 raeclare
942 2743 951 2769 3
987 2744 1018 2769 Et
1030 2742 1118 2783 paullo
1217 2748 1232 2768 Ρ
1243 2749 1294 2770 RA
1305 2749 1323 2769 E
1333 2750 1350 2771 C
1361 2750 1377 2770 L
1387 2750 1408 2769 V
1418 2751 1460 2777 Is,
1483 2753 1506 2771 e.
1527 2744 1590 2772 Adi.
1627 2746 1721 2774 Liberi
1741 2746 1876 2781 praeclues
1890 2747 2000 2773 Deorum
2025 2747 2104 2774 Mart.
2119 2747 2226 2784 Capella
2241 2755 2253 2776 1

0 2805 2 2808 ,
43 2778 120 2817 post,
140 2780 210 2806 Cum
229 2779 280 2806 illo
293 2777 403 2813 quidem
423 2781 470 2810 (vt
481 2778 559 2814 supra
573 2777 649 2810 dixi)
662 2777 752 2805 aetum
769 2786 782 2804 e
822 2778 942 2813 optime,
958 2787 1064 2805 mecum
1078 2788 1118 2805 m-
1131 2787 1166 2817 70
1181 2787 1206 2813 p.
1223 2787 1248 2806 2.
1305 2779 1344 2806 Id.
1360 2779 1429 2807 ibid.
1444 2790 1467 2815 p.
1478 2789 1507 2807 10
1528 2782 1604 2809 Paret
1616 2783 1784 2818 praecluibus
1797 2782 1890 2808 lubens
1905 2783 2029 2817 profatis.
2086 2783 2124 2811 Id.
2138 2793 2155 2817 9
2166 2793 2191 2820 p.
2205 2793 2254 2818 304

39 2815 228 2843 commodius.
285 2815 353 2841 Nam
373 2823 422 2840 non
437 2814 519 2876 fiffm
538 2814 654 2845 dixerat,
675 2813 772 2840 Αξὶιιῐη
792 2823 852 2840 cum
872 2814 922 2841 illo
940 2815 1058 2849 optime,
1071 2815 1120 2851 sed
1182 2814 1315 2842 Praecluiu
1329 2816 1492 2844 eruditionis
1507 2817 1618 2846 adserta.
1657 2825 1681 2845 et
1706 2826 1720 2852 ς
1740 2828 1766 2853 p.
1783 2823 1823 2851 ¹38
1846 2819 1886 2846 Ita
1897 2819 2033 2853 praeclues
2047 2819 2156 2855 linguae
2169 2820 2253 2848 excel-

50 2852 196 2880 Praeclare.
239 2851 331 2877 Verum
345 2850 399 2876 ideo
406 2848 446 2884 fic
477 2853 537 2883 ixit,
551 2853 610 2887 quia
624 2850 759 2877 Praeclare
771 2856 795 2877 et
808 2851 918 2885 Optime
938 2851 1002 2878 idem
1021 2851 1120 2878 roboris
1182 2850 1266 2878 lentia
1282 2853 1437 2880 floruerant.

51 2893 76 2915 et
88 2891 183 2915 virium
195 2886 418 2923 insignificatione
430 2885 550 2912 obtinent.
591 2887 659 2913 Haec
676 2885 757 2912 Valla.
811 2885 855 2912 Ad
866 2887 973 2922 gloriam
989 2893 1013 2914 et
1017 2887 1120 2924 famam
1219 2894 1296 2915 PRA
1306 2895 1323 2915 E
1333 2894 1351 2915 C
1362 2896 1391 2920 Ο,
1410 2889 1478 2915 onis.
1497 2897 1534 2915 m.
1571 2887 1670 2924 [κῆρυξ
1690 2888 1801 2924 βρεχδς]
1836 2890 1981 2918 Praecones
2001 2900 2018 2918 a
2029 2891 2198 2928 praecinendo
2214 2891 2253 2918 di-

49 2924 163 2960 refertur
184 2923 330 2950 Cic.Vei·r.
348 2921 405 2949 Aet.
420 2930 439 2953 1,
453 2931 485 2955 42
524 2922 549 2949 O
562 2921 805 2949 Commemoranda
818 2922 930 2956 iudicia,
944 2924 1119 2958 praeclaram·
1181 2921 1237 2949 Hos
1250 2925 1348 2956 volunt,
1360 2923 1430 2959 quast
1442 2925 1597 2955 Praecanes‚
1615 2924 1681 2960 quod
1694 2932 1752 2952 ante
1765 2932 1859 2953 canant
1870 2934 1894 2953 et
1904 2931 2072 2962 annuntient,
2103 2927 2151 2954 uod
2163 2926 2252 2963 estfa-

51 2962 103 2996 que
117 2959 343 2987 existimationem
357 2958 442 2985 nostri
457 2957 561 2985 ordinis
577 2958 582 2984 l
638 2959 681 2986 Sic
701 2958 757 2984 Cic.
770 2957 884 2995 Philipp.
899 2968 926 2992 4,
942 2967 954 2991 ς
981 2960 1118 2987 Praeclara
1132 2964 1165 2992 75
1181 2959 1302 2985 ciendum.
1345 2961 1398 2990 Vel,
1418 2966 1448 2985 vt
1461 2963 1500 2986 ait
1515 2960 1640 2987 Priscian.
1661 2969 1692 2994 14
1706 2971 1730 2996 p.
1743 2969 1797 2997 997
1816 2971 1832 2989 a
1846 2963 1925 2996 Prae,
1940 2962 1969 2990 id
1982 2963 2019 2990 cst
2031 2965 2072 2991 val
2093 2972 2107 2989 e
2121 2963 2250 2991 canendo.

0 3003 4 3006 “
44 3002 77 3032 Γει
89 2996 222 3023 luculenta
229 2995 420 3033 reclamatione
434 2994 520 3021 vestra
534 2994 635 3027 facium
647 2993 858 3029 pulcherrimum
867 2995 1033 3022 Martialium
1045 3004 1119 3022 com-
1180 2994 1245 3021 Sunt
1257 2998 1331 3027 enim,
1351 2998 1395 3030 qui
1406 2994 1468 3029 iuffiae
1481 2994 1645 3033 magistratus
1663 2998 1758 3032 publice
1776 2998 1875 3034 aliquid
1894 3009 1935 3026 ore
1948 2999 2138 3032 denuntiabant,
2151 3002 2196 3035 qui
2207 3009 2251 3026 au-

51 3032 221 3070 Probauistis.
285 3032 317 3058 Et
336 3030 467 3058 Praeclari
479 3036 505 3057 et
519 3030 624 3057 nobiles
637 3030 666 3056 in
679 3029 851 3067 philosophia
873 3032 948 3059 Idem
962 3030 995 3057 de
1007 3032 1082 3058 Orat.
1097 3040 1118 3064 1,
1179 3027 1287 3057 filonem
1300 3031 1450 3066 faciebant,
1480 3036 1523 3067 qui
1542 3032 1696 3059 audientiam
1714 3037 1742 3060 in
1759 3034 1867 3062 theatris
1883 3035 2041 3067 indicebant,
2063 3042 2109 3062 etc.
2163 3035 2248 3063 Plaiit.

50 3070 88 3101 46
101 3077 124 3096 c.
137 3078 169 3096 11.
262 3067 353 3094 Armis
367 3066 497 3102 praeclari
517 3067 579 3093 Stat.
592 3066 685 3094 Theb.
701 3075 724 3099 3,
739 3072 798 3101 284.
890 3068 1076 3102 Eloquentiae,
1089 3076 1119 3094 ac
1180 3066 1261 3093 Poen.
1283 3066 1352 3101 prol.
1367 3076 1391 3094 11
1421 3068 1537 3102 Exsurge
1550 3077 1661 3103 praeco,
1680 3069 1721 3096 fac
1734 3071 1835 3105 populo
1850 3068 2022 3098 audientiam.
2095 3069 2154 3097 Cic.
2166 3072 2248 3099 Verr.

71 3103 115 3132 dei
129 3104 278 3141 praeclarus
296 3100 393 3131 Tacit.
410 3105 478 3130 Ann.
493 3112 527 3137 4,
543 3112 590 3138 34,
614 3112 641 3137 4.
734 3103 838 3130 Eximia
852 3104 989 3140 plerisque
1003 3110 1028 3130 et
1062 3112 1119 3130 rae·
1183 3110 1204 3135 1,
1220 3110 1252 3138 75
1272 3103 1350 3130 Tum
1363 3110 1488 3138 repente,
1509 3104 1556 3131 iste
1572 3105 1648 3132 testes
1661 3106 1738 3133 citari
1753 3106 1844 3138 iubet3
1871 3106 1935 3133 dicit
1949 3115 2016 3132 vnus
2034 3112 2061 3134 et
2075 3107 2143 3133 alter
2156 3106 2248 3134 breui-

105 3150 130 3174 a,
143 3136 225 3177 parua
240 3140 346 3170 ducere,
360 3148 445 3174 eaque
460 3140 566 3166 ratione
579 3139 668 3166 stabili
684 3137 815 3174 firmaque
833 3146 1022 3173 contemnere,
1048 3139 1116 3166 ortis
1131 3142 1164 3169 80
1180 3144 1236 3171 ter;
1258 3139 1328 3166 nihil
1342 3140 1562 3175 interrogantur3
1583 3150 1679 3176 praeco
1701 3149 1820 3169 Dixissiz
1841 3143 2006 3176 pronuntiat.
2076 3143 2174 3170 Praeco
2188 3143 2248 3178 plus

57 3181 72 3200 ὃ
95 3204 103 3207 7,
127 3178 137 3203 i
149 3177 292 3212 magnique
301 3176 451 3203 ducendum
463 3175 499 3202 est
521 3177 579 3202 Cic.
587 3175 639 3202 Off.
655 3185 674 3207 1,
687 3178 730 3210 67.
764 3175 817 3203 Sed
824 3175 1038 3211 praeliantium&
1051 3175 1119 3203 boni·
1181 3174 1262 3202 debet
1274 3176 1337 3202 voci
1351 3177 1421 3209 suae,
1435 3185 1515 3212 quam
1530 3184 1623 3205 orator
1641 3178 1774 3213 Qiinffil.
1789 3180 1815 3210 6,
1834 3186 1862 3211 4.
1935 3178 2008 3205 Citat
2022 3187 2117 3213 praeco
2129 3180 2248 3207 maxima

54 3212 285 3248 memfimpiiciter
296 3219 369 3239 notat
398 3212 473 3239 Idem
486 3213 564 3239 Verr.
578 3221 607 3245 4,
622 3220 663 3246 117
678 3221 701 3238 c.
715 3219 741 3245 52
768 3212 798 3238 Et
811 3211 859 3238 fitu
874 3212 910 3239 est
923 3221 984 3239 cum
999 3212 1115 3245 munito,
1178 3220 1246 3238 voce
1265 3212 1366 3247 legatos
1386 3214 1564 3241 Aenionenses
1592 3214 1649 3242 Cic.
1670 3223 1719 3249 pro
1733 3214 1817 3241 Flacc.
1832 3222 1874 3247 34.
1950 3214 2092 3242 Declarare
2110 3215 2247 3243 vifiorem

57 3241 114 3272 tuin
125 3256 158 3273 ex
171 3249 246 3274 omni
256 3248 330 3275 aditu
344 3249 385 3275 vel
399 3254 471 3275 terra
481 3248 524 3275 vel
537 3249 606 3274 mari
628 3247 765 3283 praeclaro
777 3247 811 3274 ad
822 3248 984 3284 adspec‘ium.
1057 3249 1116 3275 Cic.
1178 3256 1246 3274 voce
1261 3249 1401 3282 praeconis
1422 3249 1498 3285 Virg.
1508 3251 1574 3277 Aen.
1589 3259 1612 3284 ς,
1626 3258 1684 3283 243.
1757 3250 1813 3276 Cic.
1828 3258 1877 3284 pro
1892 3250 1987 3283 Quint.
2001 3259 2033 3283 50
2046 3259 2068 3277 c.
2085 3259 2110 3281 ις
2134 3251 2173 3278 De
2188 3259 2245 3287 quo

55 3284 111 3307 Ait.
127 3289 167 3314 ιο,
178 3292 198 3317 4
212 3284 346 3311 Praeclara
360 3284 531 3313 Conscientia
545 3284 685 3317 sustentor,
699 3293 782 3319 quum
796 3285 895 3319 cogito,
903 3293 945 3311 me
959 3284 991 3311 de
999 3285 1115 3320 Republ.
1179 3282 1290 3312 homine
1310 3286 1448 3319 praeconis
1462 3295 1516 3313 vox
1532 3287 1680 3322 praedicat,
1699 3291 1725 3312 et
1745 3285 1863 3320 pretium
1885 3285 2009 3319 conficit,
2034 3286 2064 3313 de
2082 3295 2108 3313 eo
2122 3287 2245 3324 loquitur,

55 3323 100 3343 aut
114 3318 232 3345 meruisse
244 3321 353 3355 optime,
367 3320 611 3356 qiium‘potuerim‚
625 3328 671 3347 etc.
726 3320 801 3347 Idem
813 3322 890 3348 Verr.
906 3332 934 3355 4,
962 3341 968 3348 .
1007 3343 1013 3348 .
1037 3321 1063 3348 O
1075 3321 1115 3347 dii
1133 3322 1162 3352 85
1179 3321 1253 3347 cuius
1269 3320 1339 3348 bona
1352 3330 1384 3349 ex
1400 3322 1491 3350 edicio
1506 3322 1673 3358 possidentur.
1727 3323 1766 3348 De
1770 3321 1852 3356 simili
1864 3332 1892 3349 re
1912 3323 1968 3350 Cic.
1983 3331 2032 3357 pro
2039 3323 2110 3350 Sext.
2123 3331 2152 3356 57
2167 3324 2244 3350 Prae-

34 3364 39 3369 -
55 3353 222 3380 immortales
241 3357 403 3390 praeclaram
416 3356 618 3384 Defenssonem!
636 3363 683 3384 etc.
758 3357 849 3384 Facies
872 3356 980 3384 Lucret.
1001 3364 1014 3390 ς
1024 3377 1032 3389 ,
1050 3365 1115 3392 1173.
1177 3358 1242 3384 coni
1254 3357 1364 3392 publico
1379 3358 1564 3386 subiiceretur.
1612 3360 1643 3384 Et
1663 3357 1801 3384 Subiicere
1816 3358 1863 3384 sub
1876 3367 2007 3392 praecone
2020 3367 2076 3386 non
2088 3359 2175 3386 solum
2187 3359 2245 3387 for-

54 3389 136 3416 Fama
153 3388 245 3416 Claud.
260 3390 292 3416 de
300 3392 386 3427 Nupt.
396 3393 502 3418 Honor.
516 3401 571 3420 120.
643 3393 725 3420 Fama
735 3393 867 3429 praeclara
882 3394 914 3420 de
924 3393 1037 3420 Afranio
1057 3394 1116 3420 Cic.
1177 3398 1263 3427 turias,
1276 3393 1320 3420 scd
1333 3395 1414 3422 etiam
1422 3395 1524 3422 vidium
1533 3393 1710 3428 vestitumque
1725 3394 1895 3421 necessarium
1909 3394 2020 3422 alicuius
2041 3395 2080 3424 Id.
2089 3404 2138 3430 pro
2148 3396 2245 3430 Qiint.

19 3454 22 3455 .
55 3426 109 3452 Att.
123 3434 146 3457 7,
159 3432 196 3458 25.
268 3426 354 3454 Funus
376 3428 459 3454 Ouid.
473 3428 560 3455 Trist.
574 3437 598 3461 3,
613 3436 637 3462 ς,
652 3439 693 3462 40.
768 3430 858 3456 Genus
875 3429 982 3456 dicendi
994 3429 1116 3464 magnifi—
1178 3437 1224 3463 49.
1286 3430 1423 3458 Subiicere
1438 3433 1499 3458 voci
1513 3430 1650 3466 praeconis
1664 3430 1735 3456 bona
1750 3430 1861 3462 ciuium,
1872 3436 1898 3457 et
1911 3430 2010 3458 hastam
2024 3431 2052 3458 in
2066 3431 2129 3458 foro
2143 3440 2244 3466 ponere

54 3470 114 3488 eum
128 3467 154 3487 ct
168 3460 330 3496 praeclarum
350 3464 407 3490 Cic.
422 3464 455 3490 de
468 3463 544 3490 Orat.
558 3472 581 3497 2,
595 3470 635 3497 89.
706 3465 811 3492 Indoles
825 3466 930 3502 egregia
946 3465 1076 3499 quaedam
1089 3471 1115 3492 et
1179 3466 1236 3492 Cic.
1250 3465 1304 3493 Off.
1317 3476 1340 3498 2,
1354 3474 1382 3500 83
1396 3477 1418 3494 c.
1429 3477 1463 3500 23.
1536 3465 1660 3493 Vendere
1674 3466 1778 3501 aliquid
1795 3475 1842 3500 per
1856 3475 2015 3501 praeconem
2041 3467 2116 3495 Idem
2130 3467 2163 3494 de
2176 3468 2241 3496 Nat.

0 3502 5 3520 θ
42 3497 186 3560 'praeclara
206 3496 280 3523 Idem
294 3498 359 3525 ibid.
378 3508 398 3532 1,
413 3508 447 3532 ¹31
463 3508 485 3525 c.
497 3507 540 3531 29.
610 3501 704 3528 Indole
718 3503 850 3538 praeclara
866 3502 986 3531 iuuenis.
1000 3501 1115 3529 admira·
1129 3506 1163 3532 90
1180 3503 1262 3529 Deor.
1271 3511 1294 3536 3,
1302 3508 1344 3537 84.
1380 3503 1449 3540 conf.
1476 3502 1517 3529 Id.
1533 3502 1605 3529 Fam.
1622 3504 1647 3533 6,
1663 3507 1697 3532 18.
1771 3502 1917 3530 Aciionum
1930 3512 2026 3538 praeco
2034 3504 2241 3531 Iurisconsultus

0 3541 3 3548 ¹
36 3531 40 3536 “
75 3533 159 3569 ilique
179 3532 324 3560 constantia
350 3535 406 3561 Cic.
424 3536 456 3562 ad
474 3535 549 3562 Brut.
570 3543 604 3561 10.
692 3538 825 3565 Laudatio
846 3539 919 3566 Idem
935 3539 1012 3564 Verr.
1027 3547 1055 3571 ε,
1076 3547 1111 3571 13.
1176 3539 1232 3566 Cic.
1254 3538 1287 3565 de
1307 3540 1383 3567 Orat.
1397 3549 1417 3573 1,
1439 3541 1481 3571 136
1498 3547 1520 3564 c.
1535 3546 1572 3571 53.
1645 3538 1720 3565 Idem
1743 3538 1815 3565 Fam.
1829 3546 1859 3572 ς,
1880 3547 1907 3566 12
1927 3539 2008 3566 Nulli
2019 3538 2136 3575 denique
2149 3540 2240 3576 depre-

12 3589 15 3598 .
54 3569 119 3596 Lux,
134 3570 239 3596 Lucrct.
252 3577 276 3597 2.
290 3577 342 3600 1031
354 3574 463 3606 proprie.
502 3570 548 3597 Sed
560 3572 694 3606 metaphor.
720 3575 887 3602 Praeclarum
940 3574 1051 3601 Nomen
1074 3574 1113 3601 Id.
1175 3573 1300 3608 hendant,
1312 3581 1339 3602 et
1352 3575 1451 3607 dicant,
1466 3573 1672 3601 verecundiores
1686 3574 1735 3600 else
1747 3583 1890 3608 praecones
1905 3574 2031 3603 ludorum
2044 3577 2240 3610 gymnicorum,

4 3619 8 3626 =
54 3607 82 3638 6,
95 3613 119 3632 2.
192 3605 327 3640 Operibus
341 3605 393 3631 suis
405 3606 547 3640 praeclaris
565 3606 655 3634 laetari
676 3610 732 3636 Cic.
746 3611 819 3638 Fam.
840 3620 865 3644 1,
884 3619 909 3645 7.
975 3610 1047 3636 Idem
1062 3619 1112 3646 pro
1174 3611 1232 3644 qui,
1246 3620 1330 3646 quum
1343 3611 1453 3638 caeteris
1466 3619 1577 3637 coronas
1592 3609 1769 3645 imposuerint
1782 3610 1950 3644 victoribus,
1965 3620 2025 3638 cum
2042 3612 2089 3647 ipfi
2103 3618 2163 3639 ante
2176 3613 2239 3640 mis-

54 3641 235 3668 Roschmer.
251 3644 267 3667 6
289 3642 311 3667 1⁵
324 3650 337 3667 ³
351 3641 430 3668 vobis
446 3642 557 3674 iudices,
571 3641 622 3668 hoc
634 3644 755 3680 postulat,
769 3653 798 3674 vt
814 3648 942 3682 quoniam
954 3655 981 3672 in
996 3647 1112 3674 alienam
1175 3647 1275 3674 sionem
1296 3648 1422 3674 ludorum
1443 3655 1542 3673 corona
1562 3647 1712 3679 donentur,
1737 3646 1820 3673 alium
1841 3655 1998 3681 praeconem
2016 3648 2178 3679 adhibeant,
2203 3657 2237 3674 ne

53 3677 192 3718 Pecuniam
205 3684 258 3705 tani
274 3677 379 3712 plenam
392 3684 470 3712 atque
483 3678 732 3713 praeclaram'nullo
746 3683 804 3709 iure
818 3682 961 3715 innasci-it,
980 3683 1110 3717 quoniam
1126 3687 1158 3713 93
1175 3685 1220 3710 sua
1233 3693 1300 3710 voce
1313 3683 1359 3718 ipfi
1375 3684 1399 3709 se
1412 3681 1530 3709 victores
1542 3683 1591 3708 elie
1606 3681 1768 3717 praedicent.
1804 3682 1882 3717 Poffis
1894 3686 1977 3719 itaque
1992 3691 2093 3720 putare,
2106 3695 2121 3711 a
2135 3683 2236 3719 praedi-

53 3721 80 3738 ei
100 3721 227 3748 pecuniae
248 3714 303 3740 vita
323 3721 368 3740 etc.
459 3713 557 3740 Praeda
576 3714 671 3748 opima.
684 3721 710 3742 et
728 3716 860 3752 praeclara
885 3719 941 3745 Cic.
963 3727 1013 3753 pro
1033 3720 1110 3747 Rosc.
1174 3720 1259 3747 cando
1273 3728 1414 3755 praecones
1432 3717 1515 3744 ateias
1533 3716 1666 3745 contraHa
1684 3728 1751 3745 voce.
1823 3719 1879 3746 Cic.
1896 3728 1946 3754 pro
1965 3720 2046 3748 Arch.
2061 3728 2098 3753 24
2119 3729 2139 3746 c.
2156 3728 2184 3745 10
2208 3718 2233 3744 Ο

54 3749 144 3775 Amer.
160 3752 191 3775 6:
257 3749 331 3777 Idem
347 3748 414 3776 ibid.
435 3757 473 3781 133
493 3749 570 3775 Plura
584 3756 720 3785 praeterea
735 3753 853 3788 Praedia,
867 3763 954 3789 neque
969 3761 1058 3781 tamen
1072 3756 1112 3782 vl-
1173 3757 1327 3787 fortunate,
1341 3754 1446 3789 inquit,
1466 3754 1632 3787 adolescens,
1673 3756 1701 3781 ui
1715 3762 1776 3781 tuae
1789 3753 1898 3782 virtutis
1915 3765 2072 3790 praeconem
2086 3756 2235 3792 Homerum

54 3783 109 3810 lum
122 3783 346 3819 nifipraeciarum
360 3792 385 3812 et
400 3785 592 3820 propinquum.
684 3787 773 3815 Proles
794 3792 881 3818 Valer.
896 3793 996 3821 Areon.
1011 3792 1111 3824 2,‘i49.
1175 3790 1326 3820 inueneris!
1484 3788 1505 3828 q
1527 3798 1542 3816 2
1580 3791 1657 3818 Praec
1669 3800 1743 3817 iones
1762 3800 1815 3816 cum
1828 3785 1999 3827 adspiratione
2022 3789 2179 3827 quibusdam
2192 3796 2232 3813 iii-

54 3819 105 3846 Res
125 3820 194 3846 Hor.
206 3820 288 3849 Serm.
307 3831 328 3855 1,
341 3831 366 3855 2,
379 3827 401 3852 8.
475 3822 526 3847 Res
538 3821 569 3846 ad
585 3820 737 3860 discendum
751 3825 883 3854 iuuentuti
901 3827 1033 3862 praeclara
1054 3828 1111 3855 Cic.
1174 3827 1365 3863 scriptionibus
1378 3825 1500 3852 manebat
1514 3825 1600 3853 adhuc
1611 3834 1719 3862 tempore
1733 3826 1924 3860 Qiinciiliani,
1937 3828 2002 3863 quod
2013 3834 2083 3854 notat
2102 3834 2120 3855 1,
2135 3832 2157 3856 5,
2172 3832 2212 3849 20·

14 3854 15 3874 l
55 3864 104 3890 pro
118 3855 188 3882 Sext.
205 3858 240 3887 96
254 3866 276 3886 c.
288 3867 336 3890 44.
409 3857 520 3884 Senator
540 3857 609 3883 Hor.
620 3857 702 3884 Sei-m.
723 3867 742 3889 i,
754 3862 779 3891 6.
798 3866 820 3891 8.
898 3863 941 3889 Sol
968 3863 1073 3889 Luci-et.
1087 3867 1166 3896 5‚¹00
1209 3868 1336 3892 PRAEc
1347 3869 1367 3889 o
1380 3868 1499 3893 NiVM,
1518 3862 1538 3888 i.
1559 3871 1586 3889 n.
1624 3862 1769 3897 [κήρυγμα,
1789 3861 1949 3899 affraninga]
1984 3863 2188 3899 Praeconislopus
2208 3865 2232 3885 et

55 3899 104 3918 izi.
183 3890 265 3926 Stirps
290 3895 366 3929 Virg.
383 3894 481 3927 Georg.
495 3902 530 3927 4,
550 3901 602 3924 32².
692 3895 862 3932 Triumphus
882 3898 974 3926 Claud.
989 3898 1021 3925 de
1035 3899 1112 3934 Rapt.
1173 3904 1242 3928 uitae
1255 3902 1331 3927 ratio.
1369 3898 1439 3924 Suet.
1449 3898 1515 3924 Ner.
1530 3907 1552 3925 c.
1566 3907 1603 3932 24
1622 3899 1653 3925 Et
1666 3898 1811 3933 praeconio
1818 3899 1920 3934 vbique
1936 3897 2079 3926 contendit·
2093 3896 2148 3921 Cle·
2158 3895 2227 3935 fam»

53 3927 173 3961 Proserp.
196 3935 225 3958 3,
241 3936 297 3961 329-
382 3930 484 3957 Vrbem
504 3928 665 3964 praeclaram
681 3930 795 3957 statuere
820 3935 894 3970 Virg.
912 3937 977 3962 Aen.
999 3943 1033 3968 4,
1054 3937 1109 3967 655.
1174 3939 1240 3970 6,18
1261 3933 1400 3968 Rescripfit
1415 3942 1470 3966 eos,
1483 3934 1531 3968 qui
1546 3934 1662 3961 facerent
1676 3935 1859 3968 praeconium,
1874 3936 1960 3962 vetari
1974 3935 2020 3960 esse
2033 3932 2062 3958 in
2070 3931 2229 3957 Decurioni-

52 3963 151 3988 Vultsss
183 3962 288 3990 Lucret.
308 3974 338 3997 4,
358 3975 430 4001 1027.
516 3966 658 3999 Comparae.
695 3967 871 4003 praeclarior,
894 3972 1110 4006 [πεοιφκνέςερος]
1172 3972 1236 4000 bus:
1253 3972 1300 4007 qui
1315 3970 1440 4004 feciisent,
1453 3978 1508 3996 non
1521 3970 1617 3997 vetari.
1671 3970 1783 3997 Furtum
1798 3972 1942 4005 praeconio
1957 3967 2101 4004 quaesitum
2123 3967 2226 3993 Petron.

53 3998 118 4024 Plin.
140 3998 168 4024 in
191 3998 316 4033 Paiiegyr.
335 4010 355 4026 c.
378 4007 406 4032 88
436 4001 554 4036 Ideoque
574 4000 622 4027 ille
641 4010 733 4036 parens
754 4002 908 4039 hominum,
941 4007 1109 4041 deorumque
1172 4018 1194 4035 c.
1208 4016 1251 4042 97.
1289 4005 1364 4042 Conf-
1382 4006 1489 4033 Erhard.
1505 4006 1540 4032 ad
1550 4006 1575 4033 h.
1589 4007 1607 4032 Ι.
1679 4006 1855 4034 Praeconium
1869 4007 1987 4042 praesens
2008 4003 2049 4029 SS.
2063 4003 2093 4028 L.
2121 4003 2178 4028 Cat.
2195 4001 2237 4027 de'

51 4034 150 4069 optimi
170 4033 262 4098 &53⁵5
270 4034 509 4099 1‹leinIdIeImaximi
527 4037 638 4064 nomine
655 4037 755 4065 colitur
768 4047 774 4063 :
804 4048 858 4075 quo
873 4044 1036 4077 praeclarior
1049 4043 1108 4070 laus
1122 4045 1165 4071 105
1173 4045 1212 4073 Re
1224 4043 1297 4072 Rust,
1314 4052 1337 4072 c,
1352 4043 1443 4106 1456,Ki.
1491 4041 1623 4070 Turnebus
1636 4050 1670 4069 10.
1686 4049 1714 4073 ιε
1731 4042 1863 4070 mercedem
1871 4039 2002 4077 praeconis
2016 4035 2231 4109 intelligctgzjmsr'rg
