2517 4231
687 183 913 225 MER

266 279 302 305 ob
315 278 415 304 causam
433 275 597 310 nauigarent.
634 274 711 301 Verti
726 274 755 300 in
767 279 914 300 mercatura
928 266 1217 299 Plaut.Most.3,1‚109.
1254 264 1324 291 Hor.

267 315 349 341 Serm.
366 321 387 346 2,
402 321 423 344 ς,
437 321 479 344 107
493 312 614 338 Auersus
632 311 805 342 mercaturis,
831 310 850 334 i.
870 308 963 332 alienus
984 315 999 330 a
1016 309 1164 342 mercatura.
1237 302 1326 340 (Quae-

267 349 351 376 stuosa
372 347 427 374 Cic.
441 348 524 374 Tusc.
539 357 550 377 5
571 357 592 373 c.
610 356 629 378 3¹
646 353 688 381 pr.
725 342 951 378 Quaestuossffima
964 338 1069 366 emendi
1084 344 1109 364 et
1117 336 1326 365 vendendimer-

268 391 355 412 catura
374 383 412 410 Id.
427 383 458 410 de
473 383 561 410 Finib.
570 391 634 415 ς,91.
754 389 775 414 Q

266 193 334 240 263

305 426 330 446 M
343 426 358 445 E
371 426 389 446 R
400 425 416 446 C
426 422 447 446 Ᾱ
456 426 472 445 1.
484 427 494 445 1
506 426 518 445 S
528 440 535 453 ‚
559 428 581 445 e.
604 416 664 443 Adi.
701 416 718 441 i.
736 414 852 446 venalis,
871 413 981 439 mercede
993 408 1178 446 comparabilis,
1199 416 1230 435 vt
1237 408 1326 444 statim
1350 413 1364 435 5

265 457 296 483 de
313 455 454 484 Mercabili
467 455 609 480 videbimus.
647 454 730 485 Impp.
744 449 858 476 Dioclet.
873 455 898 475 et
911 447 1022 474 Maxim.
1049 447 1065 473 1.
1080 456 1092 478 5
1112 447 1141 474 C.
1163 446 1195 473 dc
1210 443 1326 484 conditi.

265 492 302 519 ob
316 499 385 526 turp.
402 492 469 518 caus.
483 490 623 517 Mercalem
637 494 661 514 te
676 486 793 513 habuiss'e
808 493 921 511 vxorem
940 484 1082 518 proponis:
1107 482 1177 509 vnde
1197 481 1327 520 intelligis

265 535 292 555 et
306 527 493 555 confeffionem
510 524 638 553 lenocinii
661 531 749 557 preces
768 527 826 547 tuas
846 521 1001 552 continere,
1022 525 1047 546 et
1061 526 1151 545 cautae
1172 518 1327 553 quantitatis

265 565 409 599 (pecuniae,
425 573 498 599 quam
514 562 561 587 tibi
572 560 708 595 stipulatus
721 559 756 590 es)
783 557 819 584 ob
839 564 944 592 turpem
958 556 1061 583 causam
1080 554 1217 581 cxaGtioni
1240 553 1328 579 locum

264 609 320 627 non
346 600 403 626 ess'e.

303 643 328 662 M
339 642 356 662 Ε
370 643 384 662 ιι
397 641 413 660 C
425 639 445 660 A
460 639 476 660 Β
490 630 526 658 i'L
540 638 549 657 1
563 638 594 663 s,
611 639 634 657 e.
670 631 748 657 Idem.
787 628 869 656 Ouid.
883 629 976 655 Amor.
992 636 1011 661 1,
1026 636 1062 659 10,
1076 635 1099 651 21
1126 626 1180 652 Stat
1199 623 1328 651 meretrix

264 678 338 700 certo
351 670 436 698 cuiuis
450 667 600 694 mercabilis
620 675 689 693 aere.
739 670 742 671 ’
1292 695 1297 699 ι

301 714 350 734 ME
362 713 378 732 iz
392 712 409 732 c
421 711 439 732 v
453 711 471 730 R
483 711 490 729 1
502 705 524 729 Ᾱ
536 709 552 729 1.
567 710 577 729 1
591 709 617 736 s,
640 702 699 729 is.f.
720 700 876 736 [Αινὸζωςις]
904 700 998 726 Herba.
1037 697 1121 725 Scrib.
1137 707 1158 729 ¹3
1179 697 1327 735 Mercuria-

265 744 297 770 lis
312 742 394 769 herba
414 749 460 773 135,
482 744 527 771 ¹84.
601 738 668 766 Plin.
683 748 719 771 25,
734 747 745 768 5
765 736 915 763 Linozostis
935 735 988 761 fine
1009 733 1172 769 parthenion
1193 735 1326 759 Mercurii

264 780 300 806 est
313 780 462 809 inuentum,
482 775 545 801 ideo
557 774 627 809 apud
641 775 758 802 Graecos
774 773 940 806 hermupoan
954 770 1033 796 multi
1047 776 1145 797 vocant
1159 778 1217 796 eam
1228 789 1235 801 ‚
1256 767 1326 801 apud
1348 772 1373 794 ¹5

264 824 312 841 nos
327 821 419 839 omnes
431 811 630 844 mercurialem,
650 819 694 837 etc.
736 810 792 836 Vid.
808 808 884 843 Apul.
904 807 936 832 de
950 806 1034 833 Herb.
1053 815 1074 832 c.
1095 813 1131 839 83.
1205 806 1236 830 Et
1257 804 1326 830 Cato

261 849 523 917 degblsshzlgtzs’
542 883 562 910 i.
576 893 611 910 m.
632 882 746 917 [“Εςμιῖς,
759 880 877 913 Ἑρμείας]
898 877 983 914 Qafi
993 877 1177 905 Medicum-ius
1191 876 1208 902 s.
1219 874 1325 915 Medius

261 922 331 947 inter
344 921 450 946 homines
470 927 589 953 currens,
610 918 760 954 quod-[erma
774 922 862 941 currat
871 917 938 940 inter
946 914 1052 939 homines
1067 913 1169 944 mulius,
1188 911 1231 936 vel
1244 918 1273 936 vt
1288 916 1327 935 ait

260 957 333 983 Seru.
353 958 388 982 eni
406 957 472 985 Aen,
495 962 525 988 Β,
551 962 588 987 ¹38
615 953 696 988 Qod
716 953 787 978 inter
807 951 909 977 caelum
922 956 947 976 et
961 949 1066 976 inferos
1078 949 1180 983 semper
1195 947 1324 973 incurrat.
1338 957 1370 974 20

262 991 300 1028 Est
312 995 378 1019 enim
391 993 491 1027 superis
508 992 619 1018 deorum
634 996 722 1024 gratus
735 995 760 1015 et
774 988 835 1014 imis
856 988 926 1014 Hor.
939 986 992 1013 Od.
1008 995 1033 1021 1,
1050 995 1078 1012 10
1098 991 1166 1011 extr.
1188 992 1250 1018 quae
1272 989 1324 1008 totu

259 1028 293 1064 est
306 1029 332 1053 in
346 1029 516 1054 Mercurium:
536 1028 579 1054 vel
590 1034 619 1052 vt
633 1025 772 1052 Claudian.
787 1023 819 1050 de
828 1023 993 1058 RaptuPros.
1008 1032 1026 1056 1,
1040 1027 1072 1055 89
1093 1021 1245 1047 Commune
1263 1026 1325 1053 pro-

256 1063 349 1091 fundis
363 1065 393 1090 Et
406 1063 507 1098 superis
522 1072 631 1097 numen,
651 1061 697 1096 qui
713 1061 750 1087 fas
764 1069 811 1095 per
824 1060 907 1086 limen
920 1066 1064 1093 Vtrumque
1079 1057 1150 1083 solus
1167 1055 1263 1087 habet,
1282 1062 1325 1088 ge-

257 1101 388 1134 minoque
401 1099 464 1126 facit
486 1100 648 1126 commercia
671 1097 783 1124 mundo.
863 1096 955 1121 Graeci
976 1096 1018 1120 boc
1042 1095 1140 1120 nomine
1166 1094 1325 1124 ψυχσπημπόυ

255 1145 355 1163 vacuat.
1301 1162 1306 1167 .

255 1179 300 1208 pro
320 1171 486 1198 Carminum.
558 1171 663 1197 Artium
680 1170 785 1196 omnium
803 1167 918 1203 praeses,
944 1176 971 1192 m
988 1166 1080 1202 primis
1099 1171 1181 1192 autem
1195 1164 1324 1199 sermonis.

257 1210 317 1236 Ideo
329 1215 353 1234 et
367 1208 422 1233 alas
435 1208 463 1233 in
475 1208 556 1242 capite
571 1214 594 1232 et
605 1206 706 1242 pedibus
717 1211 822 1240 ponunt,
834 1204 943 1229 volentes
949 1203 1067 1238 signare,
1081 1202 1187 1227 velocem
1200 1199 1323 1239 fei-ripes-

259 1246 319 1271 μέγα
329 1244 477 1278 sermonem.
509 1245 566 1269 Ideo
580 1243 693 1268 nuntium
702 1240 899 1272 voluntait‘lum,
913 1240 1027 1274 quoniam
1035 1246 1078 1273 per
1087 1237 1223 1273 sermonem
1243 1243 1324 1260 omma

257 1281 366 1315 cogitata
378 1279 551 1305 enuntiantur.
628 1278 716 1303 Didus
728 1276 762 1312 est
772 1283 844 1311 porro
857 1278 914 1301 deus
929 1282 1102 1306 mercatorum,
1117 1271 1266 1308 palaestrae,
1277 1270 1323 1304 fu-

258 1326 324 1349 rum,
345 1315 410 1348 musi.
418 1325 484 1340 orum
492 1315 560 1347 item,
569 1314 612 1348 qui
620 1315 703 1347 lyram
712 1313 838 1337 inuenerit
846 1318 891 1337 etc.

258 1352 323 1378 rium
335 1351 453 1384 voluerit,
465 1350 501 1376 illi
517 1351 633 1385 legendus
641 1348 675 1385 est
687 1347 792 1374 Homeri
803 1347 830 1372 in
844 1345 911 1372 illum
924 1347 1050 1381 Hymnus,
1066 1353 1089 1371 et
1102 1345 1224 1372 Larianus
1243 1343 1270 1368 in
1292 1343 1322 1366 z!-

259 1388 292 1414 lis
317 1390 422 1413 Durum
455 1393 650 1420 mortuorumque
680 1383 803 1417 dialogis,
834 1382 922 1416 quibus
948 1383 1084 1416 loquentem
1111 1380 1177 1407 illum
1209 1379 1321 1406 introdu-

258 1423 301 1450 cit.
395 1424 464 1450 And.
478 1421 586 1448 Seruius
604 1423 640 1447 ad
657 1419 719 1445 illud
731 1420 804 1453 Virg.
826 1420 892 1445 Aen.
913 1425 944 1450 8,
965 1423 1002 1450 138
1031 1417 1124 1443 Vobis:
1143 1415 1322 1447 (Arcadibus)

257 1459 410 1486 Mercurius
441 1465 514 1493 pater
533 1458 586 1492 est,
623 1465 703 1492 quem
731 1455 841 1482 candida
866 1455 936 1480 Maia
970 1453 1097 1485 Cyllenae
1135 1451 1225 1486 gelido
1257 1458 1321 1476 con-

257 1502 362 1529 ceptum
389 1495 490 1521 vertice
509 1493 589 1520 fudit.

257 1533 290 1565 56
328 1538 505 1563 numerantur,
531 1529 575 1555 vbi
594 1529 673 1555 dehoc
694 1530 746 1554 Deo
767 1528 811 1553 vel
833 1527 880 1553 Dis
906 1528 965 1552 adeo
981 1526 1067 1561 plura.
1162 1523 1239 1558 Apul.
1259 1522 1325 1560 Met.

256 1575 271 1598 5
299 1576 324 1600 p.
349 1575 387 1598 175
416 1574 482 1591 extr.
512 1565 667 1590 Mercurium
700 1566 739 1588 ita
771 1562 909 1597 alloquitur
947 1564 1025 1588 Venus
1038 1582 1047 1595 ,
1084 1561 1176 1588 Frater
1212 1558 1323 1598 Arcadi,

258 1603 306 1629 scis
329 1610 434 1636 nempe,
469 1601 589 1627 sororem
614 1606 687 1626 tuam
700 1600 833 1625 Venerem
854 1598 907 1624 fine
929 1597 1060 1624 Mercurii
1081 1595 1227 1632 praesentia
1253 1593 1323 1620 mhll

256 1646 374 1672 vnquam
389 1637 476 1664 feciffe
511 1652 558 1657 —-
596 1636 694 1662 Deinde
704 1638 864 1670 praeconium
872 1634 944 1668 facit
957 1634 1112 1660 Mercurius.
1187 1633 1224 1661 ld.
1244 1629 1322 1666 Apol.

256 1684 281 1709 p.
296 1683 332 1705 3¹5
343 1674 429 1710 statua
439 1680 523 1709 parua
537 1671 653 1699 Mecurii
668 1672 706 1697 ita
726 1670 892 1707 describitur,
919 1671 958 1696 En
971 1669 1050 1703 vide,
1070 1679 1149 1704 quam
1165 1669 1246 1695 facies
1264 1667 1322 1693 eius
1333 1676 1367 1701 40

257 1710 364 1742 decora,
384 1717 409 1736 et
423 1710 490 1735 succi
507 1708 653 1744 palaestrici
667 1708 745 1742 plena
758 1706 798 1740 fit,
812 1715 891 1741 quam
907 1705 1001 1732 hilaris
1014 1706 1057 1732 dei
1072 1706 1172 1738 vultus,
1193 1703 1321 1731 vtdecen-

257 1751 298 1772 ter
312 1746 438 1779 vtrinque
451 1745 548 1780 lanugo
562 1745 638 1771 malis
653 1744 783 1777 deferpat,
805 1750 834 1769 vt
853 1743 882 1768 in
897 1742 981 1777 capite
1001 1742 1128 1777 crispatus
1149 1741 1260 1776 capillus
1276 1738 1323 1765 sub

257 1781 315 1808 imo
328 1780 393 1815 pilei
408 1780 565 1806 vmbraculo
578 1786 709 1814 appareat,
730 1787 809 1813 quam
823 1778 909 1813 lepide
931 1779 1008 1813 super
1024 1786 1146 1813 tempora
1169 1786 1243 1812 pares
1265 1776 1322 1810 pin-

258 1817 337 1843 nulae
353 1816 501 1847 emineant3
523 1824 603 1850 quam
616 1821 703 1841 autem
718 1814 787 1840 circa
801 1814 928 1840 humeros
943 1815 1021 1840 vestis
1036 1814 1155 1841 susti-ibta
1169 1814 1207 1840 fit.
1255 1816 1322 1838 Com-

254 1860 350 1891 parare
363 1853 459 1878 iuuabit
470 1852 594 1887 pifluram
614 1849 872 1885 Martiamcapellae
887 1859 893 1875 1
916 1857 1024 1890 ρ.5.ριν
1036 1852 1103 1884 quod
1114 1856 1252 1884 tntumopus
1260 1849 1322 1873 mul-
1345 1856 1373 1880 45

257 1897 285 1916 te
297 1890 326 1914 de
339 1889 467 1914 Mercurio
473 1887 565 1923 sparsa
581 1888 657 1922 legas.
676 1888 708 1912 de
721 1887 789 1912 cuius
801 1894 825 1911 et
841 1885 1006 1920 philologtae
1021 1886 1120 1919 nuptiis
1137 1894 1212 1911 totum
1228 1883 1324 1919 (pustu-

257 1926 307 1951 lum
321 1924 466 1960 inscriptum
473 1924 520 1956 fit.
556 1925 587 1950 ln
598 1923 755 1958 prouerbium
767 1923 830 1948 abiit
844 1931 893 1947 vox
907 1923 1063 1956 Pythagorae
1076 1925 1143 1957 apud
1160 1921 1237 1954 Apul.
1247 1919 1325 1953 Apol.

256 1970 282 1995 p.
297 1969 352 1992 302,
368 1969 379 1989 5
401 1960 466 1986 Non
479 1968 512 1985 ex
524 1960 601 1985 omni
615 1959 690 1993 ligno
705 1957 783 1984 debet
797 1957 949 1984 Mercurius
965 1957 1090 1991 exsculpi.
1123 1953 1127 1958 ’
1162 1955 1323 1983 communis

256 1995 409 2023 Mercurius
431 1996 552 2019 Graecum
565 1993 606 2028 ess,
620 2002 665 2026 quo
678 2000 796 2025 munitur,
812 1994 854 2018 vbi
862 1993 945 2027 subito
957 1994 1059 2026 aliquid
1063 1994 1120 2018 boni
1129 1990 1324 2018 inumtumL-om-

256 2040 329 2056 mune
338 2029 381 2064 ff
393 2029 490 2054 volunt.
519 2028 575 2053 Visl.
585 2027 720 2062 Spanh.ad
733 2027 875 2051 Callimach.
886 2029 976 2057 Hymn.
984 2029 1011 2050 in
1021 2028 1099 2052 Dian.
1112 2037 1153 2058 70.
1175 2030 1233 2052 Otto
1248 2029 1278 2051 de
1285 2034 1321 2050 tu·
1343 2037 1375 2058 50
1388 2035 1453 2062 puer
1466 2028 1618 2060 meritorius,
1638 2036 1703 2052 nunc
1715 2027 1768 2051 leno
1778 2025 1840 2061 suu
1853 2025 1941 2051 vxoris
1962 2026 2041 2060 Apul.
2056 2026 2134 2060 Apol.
2149 2035 2173 2060 p.
2185 2035 2236 2061 322,
2249 2036 2280 2055 12.

257 2067 359 2092 telavr'a
377 2085 383 2091 .
392 2073 410 2097 1,
419 2073 434 2097 9
454 2065 520 2098 quod
532 2069 609 2088 totum
623 2062 714 2097 agitde
722 2061 857 2086 Mercurio.
876 2059 967 2093 Aliger
980 2060 1042 2085 Stat.
1051 2060 1143 2084 Theb.
1153 2068 1175 2091 2,
1187 2070 1203 2084 1.
1243 2060 1322 2084 Arcas

253 2094 421 2135 *Tegeaticus
441 2099 481 2126 Id.
493 2098 557 2126 Silu.
571 2109 589 2131 1,
604 2107 627 2131 2,
642 2104 674 2127 18.
747 2095 879 2128 Mercuri,
898 2094 1012 2121 facunde
1025 2103 1107 2129 nepos
1116 2093 1230 2120 Atlantis
1252 2093 1322 2118 Hor.

257 2138 348 2165 Carni.
365 2146 383 2172 1,
397 2145 435 2169 ιο,
452 2146 468 2162 1.
541 2134 621 2162 Celer
634 2133 785 2160 Mercurius
802 2133 870 2159 Hor.
893 2131 982 2157 Carni.
998 2139 1021 2163 2,
1035 2140 1058 2163 7,
1078 2139 1110 2162 13.
1183 2128 1323 2161 Cyllenius

257 2180 284 2201 et
300 2173 443 2207 Maiugena
457 2171 580 2197 Martian.
594 2172 658 2204 Cap.
673 2179 682 2195 1
701 2179 727 2204 p.
744 2179 773 2199 ις.
847 2167 1037 2195 MERCVRIO
1058 2166 1207 2193 MAXIMO
1233 2164 1323 2192 CON-

257 2208 468 2236 SERVATORI
497 2206 598 2232 ORBIS
624 2205 705 2231 statua
726 2210 751 2230 et
772 2213 817 2230 ara
836 2204 985 2230 consecrata
1008 2206 1076 2238 apud
1094 2202 1190 2236 Reines.
1205 2200 1361 2240 ‘'fir-‚¹255

258 2251 294 2275 81.
454 2239 475 2279 fl
497 2252 508 2268 2
529 2241 680 2268 Mercurius
694 2241 798 2266 Planeta
805 2239 856 2274 soli
866 2240 1003 2272 proximus.
1028 2240 1083 2264 Vid.
1099 2238 1198 2269 Plin.2,
1207 2243 1228 2268 8.
1266 2238 1324 2263 Cic.

259 2281 292 2307 de
304 2280 369 2306 Nat.
381 2279 465 2305 Deor.
482 2286 505 2310 2,
519 2287 556 2309 54.
578 2278 625 2303 Gr.
641 2280 733 2308 ςίλβων.
885 2270 906 2311 ff
929 2283 939 2305 3
960 2274 1092 2299 Mercurii
1108 2277 1137 2300 in
1156 2275 1208 2299 vtis
1221 2272 1323 2308 statuae

259 2317 302 2342 vel
312 2316 367 2341 cubi
377 2315 469 2350 potius,
486 2321 531 2339 aut
542 2313 676 2348 prismata,
695 2311 783 2346 quibus
796 2316 868 2341 caput
880 2309 990 2335 iuuenile
1003 2309 1140 2343 impositum
1153 2317 1177 2335 et
1185 2309 1270 2343 rigens
1278 2307 1325 2340 fh-

253 2352 350 2387 scinum
366 2351 476 2382 affixum.
520 2351 575 2374 Vid.
597 2349 671 2374 Seru.
687 2350 723 2372 ad
738 2347 803 2372 Aen.
818 2351 841 2375 8,
857 2351 904 2377 138.
923 2352 948 2370 et
964 2344 1083 2371 Macrob.
1094 2346 1144 2372 Sat.
1156 2350 1214 2375 1,18.
1253 2343 1324 2377 Nep.

259 2386 347 2414 Alcib.
362 2396 372 2418 3
393 2385 505 2415 Accidit,
520 2391 549 2411 vt
562 2392 614 2410 vna
628 2382 707 2410 noGte
721 2390 812 2408 omnes
822 2382 948 2413 Hermae,
962 2381 1008 2415 qui
1018 2381 1045 2406 in
1053 2380 1155 2415 oppido
1162 2384 1237 2407 erant
1245 2379 1324 2406 Atbe-
1334 2381 1369 2406 60

261 2424 312 2456 uis,
328 2422 517 2453 deiicerentur,
532 2426 638 2455 praeter
652 2428 746 2450 vnum,
763 2417 810 2450 qui
825 2423 885 2443 ante
898 2417 1006 2443 ianuam
1019 2423 1076 2443 erat
1091 2417 1234 2443 Andocidi.
1260 2420 1267 2427 ‘·
1277 2416 1326 2441 Ita-

429 1135 587 1162 Animarum
603 1134 697 1161 vector
712 1133 789 1168 Apul.
805 1132 881 1166 Apol.
896 1140 921 1166 p.
936 1140 991 1172 295,
1005 1140 1018 1164 7
1037 1140 1069 1156 ex
1081 1132 1175 1156 emend.
1190 1125 1325 1162 scaligeri,
1346 1135 1374 1158 25

964 1311 1019 1347 Qi
1032 1310 1095 1346 ntff’
1105 1309 1322 1346 penitiusA‘Jerqr-
1332 1314 1363 1338 30

664 1491 792 1526 Qtinque
813 1490 944 1517 Mercurii
965 1490 1023 1516 Cic.
1051 1489 1083 1515 de
1110 1489 1171 1515 Nat.
1194 1488 1278 1513 Deor.
1301 1494 1322 1517 3,
1343 1494 1370 1517 35

1800 173 2024 214 MER

1390 266 1501 292 meritus
1522 266 1570 292 effe
1591 264 1741 292 videbatur.
1821 262 1939 290 Laudem
1960 263 2055 298 pietate
2084 261 2167 289 Ouid.
2189 268 2220 286 ex
2240 260 2314 287 Pont.
2337 267 2358 293 2,
2378 259 2403 292 6,
2417 267 2448 290 3¹-

1390 302 1520 328 Lauream
1535 302 1640 336 linguae
1654 302 1751 327 Cicero
1777 299 1843 326 Plin.
1866 310 1887 331 7,
1903 308 1940 330 30·
2013 301 2108 333 Magna
2127 305 2232 324 merens
2258 296 2319 322 Stat.
2340 294 2405 321 Siln.
2428 303 2450 327 5,

1391 345 1411 368 ¹,
1426 346 1469 363 112.
1543 338 1645 364 Necern
1658 337 1780 363 meruiss'e
1802 336 1884 362 Ouid.
1900 334 1978 369 Epist.
2000 345 2029 367 11,
2052 345 2103 369 ¹09-
2177 334 2275 360 Noram
2296 330 2451 357 exhaereda-

1391 371 1475 398 tionis
1489 382 1541 400 non
1558 381 1715 400 meruerunt
1738 372 1844 407 leian.
1859 372 1887 397 in
1904 372 1920 397 l.
1939 381 1954 396 ι.
1975 371 2002 396 111
2019 371 2133 405 Princip.
2156 371 2187 396 D.
2202 369 2234 395 de
2248 367 2372 401 coniung.
2388 375 2448 392 cum

1392 416 1493 434 einanc.
1507 409 1584 437 liber.
1598 410 1665 436 eius.
1705 409 1805 436 Odium
1830 407 1963 441 Qiinffil.
1976 417 2025 439 4,1.
2099 406 2232 433 Offensam
2252 403 2289 430 Id.
2306 415 2329 436 4,
2343 412 2364 429 2.
2403 402 2450 428 Of.

1394 443 1457 468 ficio
1475 446 1572 471 meruit
1586 455 1599 471 a
1613 445 1735 480 quolibet
1749 446 1797 471 hoc
1814 444 1858 470 sibi
1877 443 1979 470 donari.
2001 442 2119 469 Flore-nt.
2137 442 2163 468 in
2179 442 2195 468 l.
2212 439 2348 467 Peculium
2362 447 2393 465 ex
2414 447 2448 464 eo

1391 478 1516 505 confiuit.
1538 479 1612 509 D.‚de
1625 482 1710 516 pecul.
1786 483 1883 507 l’ocnas
1898 480 2004 505 meritas
2020 478 2081 504 dare
2095 477 2248 504 Ouid.Fast.
2258 487 2280 509 4,
2291 486 2337 509 239.
2378 474 2450 501 Caes.

1394 515 1458 542 Bell·
1476 514 1542 541 Gall·
1552 524 1575 547 7,
1589 526 1613 547 34
1634 519 1730 552 anue,
1739 526 1806 551 quae
1819 516 1972 543 mei-intrent
1982 514 2109 546 Praemia,
2118 513 2150 539 ab
2162 515 2184 539 se
2199 513 2305 539 deiiiela
2314 511 2449 539 Galliaex·

1395 552 1538 586 peotarent.
1612 552 1694 581 Suet..
1711 574 1716 580 .
1732 577 1735 581 ,
1752 554 1838 580 Prima
1854 551 1989 587 Stipendia
2001 550 2109 576 meruit.
2147 550 2203 576 Cic.
2217 549 2248 576 de
2258 550 2356 582 Sen.49
2378 548 2449 573 Eme.

1393 588 1440 614 riti
1456 585 1655 622 stipendia,Qi
1669 591 1762 614 militia
1773 589 1979 624 pnfuntslzsunt.
2001 588 2123 613 Budaeus.
2159 587 2228 612 Adel.
2243 586 2303 613 Liu.
2319 607 2324 612 .
2342 605 2348 611 .
2386 584 2450 617 Sup-

1392 624 1504 659 plicium
1517 622 1640 648 meruiffe
1657 622 1737 649 Ouid.
1752 627 1815 652 Met.
1831 636 1853 660 ς,
1877 627 1935 651 666.
2009 623 2124 648 Veniam
2154 630 2275 648 meruere
2305 621 2403 647 Lucan.
2420 630 2450 651 4,

1394 669 1439 692 ¹23·
1517 659 1614 684 Virum
1628 658 1689 684 dote
1712 659 1791 687 Plaut.
1805 661 1881 688 Most.
1899 671 1917 693 1,
1932 670 1953 693 3,
1968 669 2018 693 ¹²4·
2097 658 2209 690 Meteri,
2231 658 2262 684 de
2281 657 2351 692 turpi
2374 656 2451 682 lucro

1392 695 1506 728 dietum,
1526 704 1575 729 pro
1592 694 1736 728 Quaestum
1752 695 1885 723 sordidum
1901 698 1997 723 facere.
2069 695 2157 720 Varro
2172 692 2375 725 Eumenidibus,
2396 691 2450 718 Pri-

1395 741 1470 758 mum
1485 731 1540 763 iste,
1553 731 1600 765 qui
1612 737 1697 757 meret
1712 731 1842 756 sestertios
1855 734 1964 760 vicenos
1986 732 2058 759 Non.
2074 741 2097 764 4,
2109 733 2165 763 296.
2239 730 2308 756 Suet.
2324 728 2408 762 Calig.
2430 737 2451 754 c.

1396 778 1429 800 40
1450 768 1486 794 Ex
1502 767 1616 801 capturis
1625 766 1837 801 prostitutarum,
1850 775 1976 800 quantum
1985 776 2104 802 quaeque
2113 776 2167 793 vno
2174 765 2319 793 concubitu
2328 769 2452 790 mereret.

1392 803 1413 842 ff
1437 813 1449 830 2
1472 803 1573 830 Mereri
1588 803 1620 829 de
1634 803 1735 836 aliquo,
1759 803 1878 835 eonferrr
1890 804 1989 836 aliquid
2001 805 2027 829 in
2047 806 2163 838 aliquem.
2237 802 2318 829 Plaut.
2341 799 2400 827 Aul.
2421 807 2452 831 2,

1391 850 1414 871 2,
1429 849 1457 872 45
1480 840 1551 866 Nam
1567 838 1598 865 de
1613 846 1648 873 te,
1667 848 1753 873 neque
1770 846 1809 870 re,
1830 846 1916 872 neque
1932 839 2020 865 verbis
2032 839 2119 866 merui
2133 846 2162 866 vt
2175 838 2274 865 faceres
2287 836 2359 872 quod
2379 836 2453 868 facis,

1391 878 1410 903 i.
1430 878 1563 909 Nunquam
1578 876 1606 900 in
1619 883 1643 901 te
1656 875 1790 909 quidquam
1804 874 1918 909 commisi,
1935 880 2034 908 propter
2047 879 2113 909 quod
2124 875 2178 900 iure
2192 884 2258 900 nunc
2276 884 2311 899 me
2332 873 2452 899 irrideas.

1391 913 1461 939 Ter.
1476 912 1572 937 Heaut.
1587 921 1604 944 1,
1616 921 1633 943 1,
1646 911 1783 944 33Q1aeso
1797 909 1862 945 quid
1876 910 1907 936 de
1920 915 1945 935 te
1960 911 2205 937 tantummeruisti3
2233 910 2306 947 Qid
2320 912 2348 935 in
2362 915 2386 934 te
2407 909 2451 933 ad-

1391 946 1493 981 misssi?
1531 948 1579 971 Sed
1588 948 1615 971 in
1629 949 1713 971 bonam
1725 954 1825 981 partem
1851 946 1907 972 Cic.
1922 947 2001 971 Verr.
2021 956 2044 978 4,
2059 951 2081 975 81
2101 947 2182 973 Talis
2197 947 2242 974 ille
2265 948 2308 973 vir
2325 945 2395 978 fuit,
2417 943 2455 970 ita

1393 984 1424 1009 de
1441 984 1503 1016 Pop.
1518 983 1597 1008 Rom.
1612 983 1724 1008 meritus
1739 982 1784 1015 est,
1804 988 1832 1008 vt
1847 991 1902 1008 non
1916 982 1963 1008 vni
1977 982 2105 1014 famniae,
2129 983 2170 1009 sed
2191 983 2332 1010 vniuersae
2351 979 2454 1007 ciuitati

1391 1018 1590 1046 commendatus
1605 1019 1654 1044 effe
1668 1017 1770 1044 debeat.
1843 1021 1881 1044 De
1897 1020 1926 1044 P.
1946 1018 2084 1052 Africano.
2158 1019 2227 1046 Bene
2246 1019 2347 1046 mereri
2374 1019 2454 1053 [5⁴⁷²-

1391 1056 1509 1091 Qommi]
1530 1054 1562 1080 de
1579 1055 1682 1089 aliquo,
1704 1054 1823 1087 Conferre
1837 1055 1978 1089 beneficium
1991 1055 2019 1079 in
2031 1054 2145 1088 aliquem.
2200 1055 2276 1089 Virg.
2292 1056 2356 1082 Aen.
2371 1064 2400 1088 4,
2416 1063 2454 1088 317

1392 1093 1418 1119 Si
1435 1092 1501 1118 bene
1515 1091 1580 1125 quid
1593 1091 1625 1117 de
1638 1098 1663 1117 te
1677 1090 1774 1116 merui.
1850 1089 1906 1118 Cic.
1928 1090 1997 1116 Fam.
2019 1099 2044 1123 1,,
2067 1100 2081 1123 9
2102 1090 2163 1116 Erat
2185 1089 2323 1117 infinitum
2336 1091 2403 1118 bene
2423 1090 2455 1117 de

1392 1138 1435 1155 me
1450 1128 1561 1154 meritos
1575 1136 1667 1153 omnes
1684 1125 1835 1152 nominare.
1908 1126 2003 1152 Define
2015 1126 2048 1152 de
2063 1134 2200 1160 quoquam
2219 1126 2365 1160 quidquam
2384 1127 2455 1154 Bene

1392 1165 1463 1191 velle
1477 1164 1575 1190 mereri
1590 1162 1686 1191 Catuli.
1702 1173 1739 1195 74,
1758 1172 1774 1187 ι.
1847 1161 1876 1188 L.
1894 1161 1988 1189 BAEss.
2008 1162 2143 1189 PARDVS
2166 1163 2266 1189 OMNI
2285 1162 2389 1190 BONO
2410 1163 2455 1190 DE

1392 1202 1428 1228 SE
1450 1200 1619 1227 MERITAE
1640 1199 1749 1226 FECIT
1769 1198 1848 1225 Inscr.
1865 1198 1943 1225 Grut.
1961 1207 1986 1233 p.
2007 1204 2050 1230 787
2071 1207 2099 1224 n.
2124 1207 2145 1229 5.
2219 1198 2290 1225 Male
2307 1199 2408 1225 mereri
2425 1198 2457 1225 de

1391 1238 1483 1271 aliquo
1493 1260 1501 1273 ,
1523 1236 1656 1269 offendere
1669 1235 1776 1269 aliquem
1785 1255 1793 1267 ,
1812 1235 1994 1260 incommodare
2013 1234 2099 1259 alicui.
2191 1235 2247 1262 Cic.
2261 1235 2294 1261 de
2307 1234 2396 1261 Finib.
2414 1245 2432 1268 ι,
2444 1244 2458 1267 7

1391 1274 1461 1300 Male
1476 1273 1556 1300 credo
1569 1280 1690 1298 mererer
1704 1272 1735 1297 de
1750 1271 1816 1297 meis
1832 1270 1948 1303 ciuibus,
1967 1269 1985 1296 fi
1997 1269 2030 1296 ad
2051 1278 2145 1296 eorum
2161 1271 2345 1304 cognitionem
2365 1271 2459 1297 diuina

1390 1309 1436 1335 illa
1450 1308 1557 1343 ingenia
1572 1308 1752 1335 transferrem.
1826 1307 1929 1333 Meteri
1943 1315 2004 1340 erga
2018 1305 2142 1340 aliquem.
2158 1306 2242 1333 Plaut.
2263 1306 2382 1341 Amphit.
2401 1317 2424 1342 5,
2438 1316 2458 1340 ι,

1391 1355 1431 1379 49.
1506 1344 1620 1374 Met-eri,
1643 1343 1775 1378 Praestare
1789 1342 1939 1377 beneficium.
1994 1343 2063 1369 Ter.
2084 1343 2149 1369 Hec.
2171 1351 2191 1376 3,
2211 1352 2233 1375 5,
2252 1352 2277 1376 37
2300 1344 2376 1376 Quae
2390 1352 2457 1369 nun-

1391 1390 1470 1416 quam
1485 1380 1630 1415 quidquam
1645 1387 1706 1412 erga
1720 1388 1763 1404 me
1777 1379 1936 1405 commerita
1949 1379 1984 1405 est
2005 1384 2079 1413 pater
2098 1378 2172 1412 quod
2192 1378 2308 1413 nollem,
2339 1385 2365 1406 et
2384 1379 2458 1414 saepe

1390 1417 1462 1453 quod
1476 1416 1574 1444 vellem
1590 1415 1713 1442 meritam
1728 1414 1801 1440 scios
1869 1415 1914 1440 Vbi
1926 1416 2022 1441 Donat.
2035 1415 2136 1441 Meteri
2151 1414 2221 1441 bona
2233 1415 2358 1446 dicimus,
2377 1417 2458 1442 Com-

1390 1454 1491 1480 mereri
1506 1453 1589 1487 mala,
1624 1453 1642 1479 i.
1659 1451 1836 1483 Delinquere,
1855 1459 1972 1485 peccare.
2045 1450 2115 1485 Ergo
2123 1450 2166 1477 hic
2176 1452 2312 1482 Meritam,
2325 1461 2375 1486 pro
2383 1452 2457 1478 Prae-

1391 1490 1479 1516 stitisse
1495 1489 1572 1515 dixit.
1646 1488 1720 1515 Idem
1733 1486 1788 1513 alio
1804 1487 1876 1521 loco,
1894 1488 1930 1512 ad
1943 1486 2056 1521 Adelph.
2071 1496 2094 1519 2,
2109 1496 2128 1521 t,
2141 1497 2168 1520 47
2185 1488 2216 1514 Et
2238 1488 2341 1514 Mereri
2356 1494 2382 1514 et
2396 1497 2458 1522 pro.

1391 1526 1502 1558 mereri,
1524 1525 1559 1550 est
1572 1524 1702 1559 praestare
1716 1522 1887 1549 beneficium.
1943 1522 2019 1557 Virg.
2035 1524 2101 1550 Aen.
2117 1528 2143 1558 6,
2158 1526 2207 1556 664
2227 1523 2337 1557 Qiique
2351 1524 2390 1550 sui
2404 1532 2460 1550 me-

1392 1571 1480 1588 mores
1493 1561 1561 1587 alios
1577 1560 1665 1586 fecere
1679 1559 1818 1585 merendo.
2020 1556 2040 1597 ff
2063 1569 2074 1592 3
2093 1560 2222 1586 Phi-mulae
2239 1560 2323 1592 aliae,
2348 1560 2461 1596 Mereri,

1391 1598 1522 1632 Stipendia
1532 1597 1630 1630 facere,
1650 1596 1708 1622 Cic.
1723 1597 1801 1621 Verr.
1819 1604 1841 1625 ς,
1859 1596 1903 1621 160
1921 1594 2059 1621 Clamabat
2071 1595 2234 1629 illemiser,
2254 1596 2279 1621 se
2299 1597 2387 1622 ciuem
2408 1597 2459 1623 effe

1393 1634 1545 1660 Romanum
1559 1653 1567 1665 ‚
1599 1632 1765 1666 municipem
1782 1631 1934 1661 Coss‘anurm
1973 1632 2097 1657 meruisse
2104 1640 2164 1657 cum
2172 1632 2256 1658 Lucio
2269 1632 2363 1659 Precio
2376 1632 2460 1667 splen-

1391 1670 1524 1696 didiffimo
1540 1669 1636 1703 Equite
1650 1669 1784 1701 Romano,
1804 1667 1851 1701 qui
1864 1667 1990 1693 Panormi
2004 1667 2196 1701 negotiaretur.
2267 1668 2340 1694 Idem
2355 1678 2404 1703 pro
2412 1669 2461 1695 Ra.

1390 1706 1443 1732 bir.
1460 1715 1481 1731 21
1505 1707 1569 1737 Qto
1584 1711 1612 1730 tu
1626 1705 1790 1738 imperatore
1799 1703 1915 1729 Labiene
1929 1704 2060 1730 meruisti.
2093 1703 2147 1737 Qti
2157 1703 2281 1730 incastris
2295 1704 2392 1731 11116101·
2405 1714 2460 1731 me-

1390 1742 1447 1768 ruit
1467 1741 1612 1768 Tac.Ann.
1621 1749 1642 1770 2,
1653 1749 1690 1771 ιο,
1703 1749 1726 1771 4.
1765 1740 1806 1764 Sic
1813 1739 1916 1770 Liu.21‚
1928 1749 1941 1769 4
1969 1739 2111 1765 Triennio
2125 1739 2172 1766 sub
2187 1739 2335 1768 Asdrubale
2345 1741 2459 1775 impera-

1391 1784 1450 1804 tore
1458 1777 1565 1803 meruit.
1605 1776 1703 1802 Lucan.
1717 1776 1742 1807 6,
1752 1783 1789 1806 144
1810 1773 1964 1799 Castrorum
1979 1774 2007 1799 in
2022 1774 2098 1808 plebe
2105 1775 2233 1808 merebat,
2242 1777 2379 1811 gregarius
2390 1777 2462 1803 miles

1392 1820 1457 1840 erat.
1484 1812 1759 1846 Merere‚cumAblat.
1797 1809 1853 1836 Cic.
1869 1818 1918 1844 pro
1926 1809 2139 1836 Rosc.c0moed.
2153 1816 2180 1841 28
2201 1811 2273 1837 Nam
2281 1812 2327 1838 illa
2340 1812 2461 1839 membra

1392 1858 1497 1876 merere
1505 1858 1552 1884 per
1565 1849 1590 1874 se
1605 1857 1660 1874 non
1668 1845 1781 1881 amplius
1790 1851 1914 1880 poterant
1922 1844 2065 1872 duodecim
2074 1847 2157 1873 aeris:
2174 1846 2315 1882 disciplina
2322 1857 2389 1883 quae
2404 1854 2461 1876 erat

1390 1885 1423 1912 ab
1437 1886 1488 1912 hoc
1503 1885 1609 1917 tradita,
1629 1882 1733 1910 locabat
1752 1883 1777 1909 se
1797 1890 1852 1908 non
1871 1881 1961 1907 minus
1979 1881 2103 1908 sestertiis
2125 1888 2287 1913 cccmus.
2359 1885 2460 1911 Lucan.

1391 1931 1430 1954 10,
1443 1931 1494 1955 409
1516 1922 1585 1947 Aere
1596 1926 1701 1946 merent
1715 1927 1809 1953 paruo.
1880 1918 1987 1944 Mei-ere
2000 1926 2081 1952 equo,
2102 1926 2126 1944 et
2141 1919 2247 1945 Merere
2254 1928 2326 1953 equo
2340 1920 2461 1954 publico,

1395 1960 1431 1983 ad
1443 1958 1561 1984 militium
1573 1956 1686 1992 pertinet
1708 1954 1776 1980 Plin.
1786 1963 1819 1986 ³3,
1832 1962 1848 1980 1.
1886 1955 1956 1980 Add.
1971 1953 2079 1988 Liu.27‚
2094 1963 2113 1980 ιι
2134 1962 2199 1980 extr.
2238 1955 2295 1982 Cic.
2311 1954 2426 1991 Philipp.
2442 1965 2462 1989 1,

1391 2002 1433 2019 20.
1507 1993 1575 2018 Hinc
1595 1992 1718 2025 Corpore
1738 1989 1805 2016 olim
1826 1989 1889 2022 suo,
1909 1998 1980 2015 nunc
2000 1990 2124 2024 coniugis
2143 1990 2224 2024 vulgo
2246 1998 2347 2023 meret,
2371 1992 2387 2018 i.
2402 1993 2461 2018 olim

2319 2028 2369 2054 Vul
2389 2036 2406 2053 o
2427 2037 2440 2053 e

1393 2063 1514 2086 Datiuus.
1586 2063 1693 2086 Mei-ere
1702 2061 1814 2094 pedibus
1834 2060 1896 2086 Liu.
1911 2070 1954 2094 24,
1969 2067 2003 2090 13.
2077 2063 2138 2088 Stat.
2147 2062 2241 2089 Theb.
2257 2073 2282 2096 4,
2295 2072 2336 2096 237
2358 2026 2461 2090 bientii

1390 2093 1441 2120 tibi
1457 2094 1544 2119 solum
1560 2095 1721 2127 Amphiara'e’
1733 2102 1847 2126 merent,
1865 2097 2014 2122 iminium.
2087 2098 2127 2132 Est
2134 2097 2225 2131 forma
2237 2099 2352 2133 loquendi
2363 2101 2461 2133 elegan-

1391 2127 1499 2162 tifflma,
1525 2129 1717 2155 Nonmeream
1731 2128 1783 2155 hoc
1795 2129 1837 2154 vel
1849 2129 1914 2159 hoc3
1944 2136 1973 2156 vt
1995 2132 2056 2157 Hoc
2070 2134 2113 2159 vel
2133 2133 2201 2159 illud
2227 2134 2334 2160 faciam.
2378 2132 2461 2162 Plaut.

1391 2166 1464 2192 Men.
1480 2174 1499 2198 t,
1520 2175 1531 2197 3
1551 2173 1616 2191 extr.
1638 2164 1735 2199 Neque
1750 2164 1832 2191 hodie
1845 2170 1874 2191 vt
1887 2170 1912 2191 te
1925 2165 2045 2200 perdam,
2062 2176 2180 2194 meream
2194 2169 2281 2195 Deum
2296 2170 2404 2197 diuitias
2412 2170 2462 2197 mi-

1391 2201 1429 2228 hi.
1501 2200 1575 2226 Idem
1593 2200 1671 2227 Most.
1686 2210 1711 2231 4,
1722 2209 1745 2233 2,
1762 2210 1796 2240 7¹·
1816 2201 1890 2233 Quid
1905 2210 2010 2228 merear
2023 2205 2199 2237 quamobrem
2219 2206 2354 2234 mentiar?
2426 2208 2459 2233 Et

1392 2235 1484 2264 Bacch.
1497 2246 1519 2269 5,
1539 2244 1562 2269 2,
1583 2238 1614 2265 65
1641 2235 1730 2268 Qnem
1751 2235 1861 2275 quidem
1876 2245 1925 2275 ego
1939 2244 1968 2263 vt
1981 2246 2037 2264 non
2052 2241 2214 2274 excruciem,
2227 2241 2341 2269 alterum
2355 2248 2461 2269 tantum

1391 2273 1452 2300 auri
1466 2281 1522 2298 non
1537 2280 1663 2298 meream.
1737 2272 1794 2297 cic.
1808 2270 1839 2296 de
1853 2271 1943 2297 Finib.
1956 2281 1979 2305 2,
1999 2282 2028 2305 74
2051 2275 2124 2307 Qid
2138 2277 2266 2302 merearis
2274 2277 2366 2311 igitur,
2385 2284 2415 2304 vt
2432 2284 2459 2304 te

1390 2309 1461 2335 dicas
1474 2308 1502 2334 in
1516 2317 1549 2334 eo
1565 2307 1717 2342 magistratu
1731 2306 1823 2333 omnia
1837 2307 1981 2341 voluptatis
1995 2310 2068 2335 causa
2076 2310 2228 2338 faeturum3
2302 2314 2333 2338 Et
2346 2313 2378 2339 de
2393 2313 2459 2340 Nat.

1390 2345 1473 2371 Deor.
1487 2353 1506 2377 1,
1520 2346 1549 2376 67
1572 2353 1594 2370 c.
1609 2353 1637 2375 24
1659 2343 1731 2376 Quid
1745 2343 1818 2369 enim
1833 2351 1946 2376 mereas,
1971 2349 2000 2370 vt
2014 2345 2160 2379 Epicureus
2173 2347 2222 2373 ess'e
2234 2347 2339 2375 defluas,
2377 2348 2459 2374 Nihil

1392 2380 1530 2415 equidem,
1551 2386 1581 2406 vt
1599 2379 1734 2405 rationem
1748 2379 1819 2406 vitae
1832 2378 1922 2405 beatae
1937 2380 2132 2415 veritatemque
2151 2381 2278 2409 deseram.
2350 2385 2380 2409 In
2395 2384 2462 2409 dela.

1392 2417 1503 2442 tionibus
1516 2417 1643 2450 honorum,
1658 2415 1837 2450 praemiorum,
1857 2416 2003 2448 alaudam,
2024 2417 2121 2443 urbane
2133 2419 2267 2444 utebamur
2286 2419 2397 2454 Antiqui
2417 2419 2463 2445 hac

2371 172 2448 218 264

1387 2453 1485 2487 firma,
1505 2451 1531 2479 Si
1552 2460 1688 2477 meruero.
1725 2450 1795 2476 Suet.
1808 2449 1914 2476 Neron.
1928 2460 1949 2475 c.
1960 2459 1986 2476 to
2005 2452 2102 2485 Agenti
2116 2454 2340 2489 Senatuigratias,
2354 2452 2471 2490 respon?

255 2503 346 2531 genter
359 2496 475 2520 laudatus
490 2495 557 2519 Otto.
737 2488 758 2526 ἢ
780 2501 793 2521 4
815 2488 967 2517 Mercurius
979 2489 1007 2514 in
1026 2488 1083 2524 equi
1091 2487 1325 2523 partibusquissit,
1391 2488 1440 2521 dit,
1461 2489 1530 2515 Cum
1545 2496 1681 2513 meruero.
1752 2485 1826 2513 Idem
1848 2486 1913 2520 Aug.
1934 2495 1956 2512 c.
1975 2489 2005 2517 56
2027 2487 2175 2522 Nunquam
2193 2490 2264 2516 filios
2283 2491 2342 2517 suos
2361 2491 2463 2526 populo

259 2531 321 2558 mihi
334 2540 381 2555 non
398 2531 485 2564 liquet.
558 2528 651 2562 Veget.
671 2526 785 2554 Mulom.
802 2537 826 2558 4,
843 2535 864 2558 2,
880 2535 896 2551 ι.
1393 2524 1602 2557 commendauit,
1624 2529 1652 2550 vt
1667 2531 1722 2549 non
1737 2522 1874 2555 adiiceret,
1893 2521 1919 2548 Si
1937 2522 2121 2550 merebuntur.
2301 2523 2322 2563 ff
2341 2536 2355 2558 4
2375 2528 2462 2553 Mete-

297 2574 321 2593 Μ
332 2573 348 2592 E
359 2573 377 2592 R
388 2572 404 2592 C
417 2572 437 2591 V
450 2572 468 2591 R
481 2573 489 2591 1
503 2571 523 2590 Α
534 2571 550 2591 L
563 2570 580 2590 Ε
593 2571 614 2591 S.
636 2562 780 2596 [Ἑρμαίοις]
802 2563 858 2588 Cic.
867 2562 906 2594 Q
916 2561 1000 2587 Fratr.
1014 2569 1037 2593 2,
1047 2570 1058 2591 5
1081 2559 1118 2586 Μ.
1132 2559 1245 2585 Furium
1254 2558 1325 2585 Flac·
1336 2559 1365 2589 65
1394 2560 1419 2587 ri
1433 2561 1509 2586 etiam
1522 2559 1555 2595 est
1565 2562 1622 2595 plus
1635 2569 1707 2594 quam
1720 2559 1839 2592 ὰξιῖςῶαι,
1858 2557 1889 2594 est
1902 2561 2029 2590 τυγχάαιν
2056 2559 2191 2595 Consequi3
2230 2561 2305 2595 idque
2316 2563 2390 2588 etiam
2411 2563 2462 2592 lt'ne

260 2612 331 2635 cum,
351 2602 474 2636 Equitem
488 2601 651 2633 Romanum,
671 2598 810 2624 hominem
824 2606 949 2631 nequam,
971 2595 1120 2631 Capitolini
1135 2603 1160 2621 et
1182 2594 1328 2621 Mercuria-
1390 2597 1554 2632 praecedenti
1566 2596 1651 2630 aliquo
1664 2596 1759 2628 merita,
1778 2594 1869 2630 gratia
1883 2594 2004 2629 consequi.
2047 2596 2103 2622 Vid.
2126 2595 2227 2630 Casaub.
2244 2600 2279 2622 ad
2293 2597 2360 2624 Plin.
2381 2591 2462 2633 Epist.

260 2640 297 2666 les
313 2639 345 2665 de
361 2637 477 2672 collegio
490 2637 635 2663 eiecerunt.
710 2634 840 2669 Collegium
852 2641 906 2659 erat
919 2641 1097 2665 mercatorum,
1116 2631 1254 2668 institutum
1273 2634 1327 2666 Ap·
1395 2642 1414 2663 1,
1429 2638 1443 2662 8
1473 2641 1500 2658 n.
1515 2642 1545 2665 ¹4-
1565 2633 1601 2657 ad
1611 2632 1698 2664 verbu,
1718 2630 1744 2657 Si
1757 2631 1814 2657 casu
1827 2629 1918 2665 aliquo
1933 2639 1988 2657 non
2002 2631 2135 2667 sequatur,
2156 2632 2258 2659 idcirco
2266 2633 2338 2667 quod
2345 2633 2462 2668 gloriam

280 2677 302 2701 io
316 2676 432 2707 Cluuio,
452 2681 475 2699 et
490 2672 595 2699 Seruilio
610 2670 672 2706 Cqffi
712 2672 770 2697 Vicl.
784 2669 844 2696 Liu.
865 2678 887 2702 2,
902 2678 923 2695 21
938 2676 962 2695 et
975 2678 1012 2702 27.
1088 2669 1129 2694 Sic
1141 2668 1243 2701 dmum,
1263 2668 1330 2701 quod
1394 2677 1449 2695 non
1464 2668 1572 2703 meruit,
1592 2667 1681 2694 minus
1698 2667 1818 2701 pulcrum
1833 2666 1877 2693 est.
1949 2668 2019 2693 Atld.
2035 2668 2102 2695 Plin.
2115 2677 2153 2701 10,
2167 2678 2188 2700 3,
2202 2678 2229 2702 4.
2266 2678 2304 2702 10,
2323 2678 2349 2702 19
2381 2679 2401 2702 3.
2438 2677 2462 2697 ee

258 2682 422 2742 (ocrearius,
443 2708 560 2734 mercibus
573 2715 597 2733 et
609 2705 744 2743 quaestibus
755 2713 882 2741 praeerat.
922 2707 960 2731 De
974 2715 1022 2740 qua
1035 2715 1063 2730 re
1074 2707 1134 2730 vide
1143 2705 1234 2739 plura,
1257 2702 1329 2730 Prol.
1396 2705 1492 2739 Paneg.
1507 2710 1549 2738 89,
1571 2713 1590 2735 3.
1664 2703 1787 2729 Prudent.
1801 2702 1920 2729 Cathem.
1935 2712 1956 2738 3,
1972 2712 1995 2734 15
2021 2703 2105 2730 Edere
2128 2713 2241 2739 namque
2263 2704 2343 2732 deum
2357 2693 2462 2733 'merita

881 2740 1054 2768 Mercuriales
1070 2741 1135 2771 viri,
1152 2748 1198 2775 pru
1213 2740 1328 2765 Izi-oditis
1338 2747 1370 2771 70
1396 2741 1486 2767 omnia
1496 2739 1581 2772 Virgo
1594 2747 1697 2764 venena
1712 2738 1813 2772 domat,
1833 2742 1851 2765 i.
1866 2741 1966 2766 Maria.
2040 2740 2168 2768 Dracont.
2184 2741 2314 2768 Hexae'm.
2335 2751 2372 2773 125
2392 2743 2462 2770 Exsi-

1394 2776 1427 2802 lit
1439 2774 1502 2801 inde
1519 2775 1611 2800 volans
1624 2782 1688 2808 gens
1702 2774 1881 2809 plumealacta
1895 2784 1942 2810 per
1955 2784 2032 2801 auras
2068 2791 2115 2797 —
2139 2777 2290 2804 collaudans
2309 2777 2463 2813 dominum,

1394 2811 1517 2837 meruiss'e
1537 2811 1638 2836 creari:
1696 2820 1762 2844 aues,
1775 2821 1835 2845 quae
1851 2817 1955 2837 nondum
1969 2811 2061 2846 fuere,
2079 2813 2145 2838 nihil
2155 2813 2246 2847 facere
2262 2820 2396 2848 potuerunt
2415 2823 2472 2844 etc..

1394 2847 1503 2873 quenc.
1518 2856 1540 2878 3,
1555 2855 1599 2879 495
1618 2848 1648 2872 de
1660 2846 1812 2883 infamibus,
1831 2847 1916 2874 Tales
1933 2846 2045 2874 affirmat
2060 2857 2140 2883 regna
2159 2849 2260 2876 mereri
2278 2849 2362 2877 Aulae
2378 2851 2461 2878 caele.

1521 2882 1617 2909 Alcim.
1632 2882 1705 2909 Auit.
1719 2882 1751 2909 de
1764 2882 1878 2918 Virgine
1893 2884 1989 2916 Matre,
2008 2884 2041 2910 ad
2056 2885 2146 2912 Soror.
2159 2894 2186 2912 v.
2200 2894 2240 2918 214

1710 2934 1757 2939 —
1775 2928 1842 2953 quae
1856 2920 1975 2954 pondere
1989 2920 2059 2946 casto

1592 2954 1732 2982 Pauorem
1746 2963 1853 2989 portare
1865 2956 1952 2990 suum,
1972 2956 2175 2991 nominumque
2188 2965 2335 2992 perennem

1595 2991 1680 3018 Edere
1693 2992 1865 3018 commeruit.

1393 3028 1455 3054 aliis
1466 3034 1523 3054 erat
1529 3028 1655 3062 praelata,
1669 3030 1798 3055 mederet.
1871 3028 1995 3055 Similiter
2017 3029 2144 3063 Legatum
2159 3032 2258 3056 mereri
2277 3030 2373 3057 dicitur
2385 3030 2461 3058 Paul-

300 3077 324 3096 M
336 3075 352 3095 1-1
364 3074 383 3094 R
396 3073 413 3094 Ε
427 3074 447 3094 Ν
462 3074 481 3093 D
491 3074 513 3094 A
524 3089 532 3102 ,
556 3074 594 3093 ae.
615 3066 634 3092 f.
662 3066 770 3100 [ὀειλυνιὶ
803 3067 885 3094 Gloss'.
906 3067 954 3093 Gr.
974 3066 1054 3101 Lat.]
1080 3065 1188 3092 Dicitur
1210 3066 1325 3097 (aut‘iore
1395 3064 1422 3091 lo
1435 3065 1452 3091 1.
1469 3073 1501 3091 21.
1521 3064 1552 3090 D.
1567 3062 1598 3089 ad
1613 3063 1675 3098 Leg.
1688 3064 1848 3099 Falcid.‘qui
1861 3064 2015 3098 accipitfiue
2027 3064 2307 3101 consequiturlegatum.
2345 3068 2387 3092 lta
2402 3076 2460 3100 quo-

263 3105 359 3133 Nonio
375 3114 392 3135 1,
408 3108 456 3138 118)
478 3102 572 3136 Cibus,
588 3102 635 3137 qui
653 3102 709 3137 post
719 3102 860 3128 meridiem
874 3103 960 3129 datur.
1035 3102 1117 3129 Plaut.
1131 3101 1211 3129 Most.
1225 3113 1248 3135 4,
1263 3112 1285 3133 2,
1293 3111 1324 3133 50
1336 3104 1369 3129 80
1393 3110 1439 3135 que
1453 3099 1633 3126 Donationem
1642 3109 1753 3127 merere.
1775 3101 1791 3127 Ι.
1807 3110 1844 3127 10.
1865 3100 1898 3127 de
1913 3100 2006 3127 Pistor.
2022 3100 2239 3128 Cod.Theodos.
2278 3102 2351 3135 Confi
2367 3102 2461 3130 Claud.

264 3140 448 3174 Eiamastigia‚
461 3138 593 3174 numquid
602 3137 794 3165 admerendam
815 3138 872 3164 istic
885 3140 949 3164 ero?
971 3139 1075 3165 Festus:
1095 3138 1251 3165 Merendam
1260 3139 1325 3165 anti·
1393 3138 1423 3163 in
1438 3137 1548 3171 Eutrop.
1570 3145 1586 3169 ι,
1610 3139 1659 3168 176.
1734 3136 1893 3172 Elmenhwst.
1914 3140 1949 3163 acl
1968 3136 2070 3164 Arnob.
2091 3146 2100 3163 1
2126 3147 2152 3172 p.
2175 3147 2207 3169 ¹5·
2279 3136 2411 3165 Muncker.
2425 3140 2463 3165 ad

262 3178 309 3212 qui
331 3176 454 3203 dicebant
474 3184 524 3210 pro
545 3175 675 3202 Prandio:
693 3174 766 3209 quod
779 3174 878 3201 scilicet
891 3174 982 3201 medio
996 3175 1039 3201 die
1051 3181 1196 3209 caperetur.
1233 3178 1272 3200 At
1287 3185 1326 3200 re·
1393 3173 1468 3207 Fulg.
1483 3170 1595 3204 Mythol.
1619 3181 1640 3203 2,
1660 3182 1680 3203 5.

263 3214 324 3239 mus
342 3212 386 3247 los.
401 3213 465 3238 Scal.
480 3221 495 3236 a
512 3211 643 3237 Merendo
655 3211 739 3240 dacin
757 3213 822 3245 quod
832 3211 874 3240 iis,
886 3210 929 3244 qui
940 3212 1137 3243 riterebantaere,
1150 3219 1280 3245 antequam
1288 3212 1325 3236 la·
1432 3215 1457 3235 M
1476 3215 1493 3235 Ε
1512 3215 1531 3235 R
1548 3214 1565 3235 Ε
1580 3215 1602 3234 N
1620 3215 1649 3241 S,
1667 3209 1745 3236 entis.
1784 3208 1878 3235 Panic.
1935 3207 2011 3243 Virg.
2033 3210 2098 3236 Aen.
2120 3218 2142 3241 2,
2162 3217 2206 3241 229
2226 3216 2250 3235 et
2269 3214 2322 3243 583.

263 3250 317 3274 bore
331 3249 491 3274 mitteremur
503 3257 518 3272 a
531 3248 627 3283 domino
637 3247 753 3274 dabatur.
826 3247 912 3280 Neque
925 3247 988 3271 enim
1010 3247 1037 3271 in
1054 3247 1197 3280 meridiem,
1217 3247 1265 3281 sed
1272 3246 1327 3283 post
1386 3245 1436 3279 sim
1450 3246 1476 3270 in
1505 3244 1621 3279 Inscript.
1639 3246 1713 3271 ctiam
1732 3248 1760 3271 in
1775 3246 1900 3280 Super-lat.
1917 3251 1946 3270 vt
1966 3244 2074 3271 Gruter.
2099 3253 2124 3279 p.
2146 3253 2189 3279 932
2209 3254 2236 3271 n.
2257 3254 2279 3278 7.

265 3284 400 3316 meridiem,
414 3283 460 3319 sub
473 3282 598 3317 vesperam
605 3282 715 3317 scilicet,
735 3283 852 3308 merenda
870 3282 1042 3317 appmebatur.
1121 3282 1178 3308 Via.
1198 3282 1325 3316 Calpurn.
1336 3287 1364 3313 85
1393 3282 1433 3309 Cl.
1451 3283 1476 3307 16
1496 3281 1573 3308 Inscr.
1588 3288 1610 3309 8.

265 3318 318 3346 Ecl.
338 3328 360 3352 5,
379 3323 420 3345 60.
493 3318 586 3345 Ifidor.
597 3322 643 3351 '20‚
665 3327 686 3344 2.
723 3319 875 3344 Mercurial.
914 3319 972 3345 Var.
994 3317 1056 3344 Lea.
1075 3328 1104 3350 4,
1123 3326 1156 3349 17.
1229 3320 1326 3345 Mum.
1430 3323 1454 3343 M
1467 3323 1484 3343 Ε
1496 3324 1534 3344 R}
1548 3323 1569 3344 T
1581 3323 1601 3341 v
1613 3323 1630 3342 R
1644 3323 1665 3342 V
1679 3323 1703 3343 s.
1742 3315 1798 3343 Cic.
1815 3314 1894 3342 Acad.
1911 3324 1929 3351 1,
1944 3318 1973 3343 26
1991 3324 2012 3342 c.
2025 3323 2039 3348 7
2059 3315 2110 3342 Tu
2125 3325 2191 3343 vero
2206 3317 2287 3345 etiam
2301 3316 2456 3344 benemeri-

269 3357 328 3381 Var.
350 3354 412 3380 Lea.
428 3366 451 3389 q,
466 3363 498 3381 12.
540 3354 646 3380 Turneb.
659 3353 766 3389 Adims.
781 3364 814 3388 ¹7,
828 3364 849 3386 7.
887 3360 912 3379 et
931 3353 993 3388 Voffl
1011 3353 1090 3388 instit.
1112 3355 1187 3380 Orat.
1203 3364 1217 3386 4
1237 3363 1262 3388 p.
1283 3363 1324 3380 222
1396 3359 1471 3381 turus
1488 3352 1555 3381 mihi
1570 3353 1669 3379 videris
1683 3353 1714 3379 de
1727 3351 1779 3378 tuis
1792 3351 1905 3378 ciuibus.

304 3396 329 3416 M
344 3396 358 3415 ιε
371 3395 391 3415 ιι
405 3396 420 3415 ε
431 3397 453 3415 N
463 3396 481 3416 i>
492 3397 541 3417 AR
551 3397 561 3416 1
572 3397 593 3416 v
603 3396 633 3422 s,
657 3389 677 3416 i.
696 3398 732 3416 m.
769 3391 866 3422 Seruus,
879 3390 924 3424 qui
937 3391 1053 3414 merenda
1065 3388 1183 3424 vescitur.
1223 3390 1281 3417 Sen.
1298 3390 1328 3416 in
1431 3397 1456 3417 M
1469 3397 1485 3417 Ε
1497 3387 1538 3416 1³1⁹
1551 3395 1572 3415 Τ
1586 3395 1606 3414 ν
1618 3396 1646 3421 s,
1666 3398 1689 3419 a,
1711 3397 1765 3414 um.
1785 3387 1879 3414 Pax-tic.
1901 3385 1984 3421 [ἄξιος
1998 3387 2079 3414 61οηί
2094 3388 2151 3414 Lat.
2165 3389 2233 3424 Gn]
2261 3389 2327 3416 Ter.
2348 3387 2455 3416 Phorm.

265 3426 396 3452 Controu.
417 3434 438 3456 ς,
459 3434 486 3458 33
506 3433 570 3452 extr.
599 3424 715 3453 Ostende
735 3424 813 3451 nobis
829 3425 1014 3451 merendarios
1032 3430 1101 3458 tuos,
1121 3426 1257 3452 Mutilatos
1276 3437 1291 3452 a
1304 3434 1328 3452 re
1394 3434 1416 3459 5,
1432 3436 1457 3461 9,
1471 3436 1498 3457 25
1523 3426 1576 3461 Ego
1590 3424 1751 3451 Nausistrata
1764 3423 1812 3449 ess'e
1828 3423 1856 3449 in
1873 3423 1919 3449 hac
1935 3432 1963 3449 re
1976 3424 2079 3459 culpam
2094 3424 2219 3450 meritam
2234 3433 2286 3451 non
2307 3431 2390 3459 nego,
2410 3425 2454 3452 sed

265 3461 382 3496 miseros,
408 3471 460 3486 cum
479 3460 528 3487 illis
544 3461 595 3497 pist
612 3468 669 3497 opus
693 3462 828 3493 diurnum,
855 3471 906 3486 cum
925 3461 973 3486 tibi
990 3471 1098 3487 meruere
1111 3460 1205 3497 stipes,
1233 3471 1325 3488 meren·
1337 3472 1372 3497 90
1396 3471 1466 3495 eam,
1481 3470 1546 3497 quae
1559 3461 1589 3488 fit
1603 3459 1770 3495 ignoscenda,
1790 3459 1807 3485 i.
1822 3460 1878 3485 Non
1893 3469 1917 3485 eo
1930 3461 2038 3495 inficias,
2059 3470 2094 3486 me
2114 3461 2141 3485 in
2164 3462 2209 3486 har
2227 3469 2254 3486 re
2266 3459 2408 3495 deliqtiff»,
2428 3468 2455 3487 et

265 3498 323 3523 dam
335 3497 475 3532 distribuis.
1393 3500 1494 3533 aliquid
1504 3498 1551 3524 tale
1565 3495 1712 3530 commisisti,
1731 3497 1797 3520 vmlc
1815 3496 1915 3529 culpari
1927 3505 2032 3522 merear.
2106 3497 2160 3523 Diu
2175 3494 2284 3522 meritus
2305 3496 2373 3522 Tac.
2383 3497 2453 3523 Arm.

302 3539 326 3558 M
339 3539 355 3558 t:
367 3539 385 3558 R
397 3539 412 3558 15
424 3539 444 3559 N
458 3539 476 3559 n
489 3537 508 3558 o
519 3550 528 3563 ,
549 3536 601 3559 ire.
1393 3542 1424 3566 n,
1441 3540 1474 3569 18,
1488 3543 1508 3560 2.
1526 3534 1544 3560 ἰ.
1557 3539 1630 3568 opera
1643 3531 1755 3556 militm-i
1767 3531 1899 3567 praestita.
1972 3532 2085 3558 Meritus
2103 3530 2238 3559 nouiffima
2247 3530 2372 3566 Exempla
2380 3531 2454 3559 Idem

239 3574 242 3577 ·
266 3567 356 3595 lfldor.
373 3578 412 3601 20,
430 3578 450 3595 2.
504 3604 509 3608 ῃ
1393 3569 1460 3597 ibid.
1476 3580 1508 3603 12,
1522 3577 1562 3602 20,
1575 3578 1597 3600 4.
1671 3567 1807 3601 Stipendia
1823 3567 1913 3594 meriti
1935 3567 1972 3594 Id.
1987 3567 2053 3594 ibid.
2068 3577 2094 3603 1,
2114 3571 2157 3600 36,
2175 3576 2197 3598 4-
2269 3567 2310 3593 Sic
2332 3568 2456 3601 merum,

303 3610 330 3631 M
343 3610 413 3630 ERF
425 3611 462 3637 Ο,
484 3613 522 3635 ιιι,
543 3605 627 3637 itum,
645 3611 670 3630 et
692 3610 739 3630 ML·
751 3610 772 3630 R
783 3610 799 3630 Ε
810 3610 829 3630 0
841 3609 879 3635 R,
899 3603 951 3630 itus
971 3604 1043 3636 sum,
1062 3604 1112 3630 eri.
1135 3605 1201 3639 Dep.
1230 3606 1327 3639 [μιῶσ-
1392 3608 1460 3640 apud
1472 3608 1572 3632 Portas:
1590 3603 1643 3628 vid.
1660 3604 1745 3629 Burm.
1760 3611 1793 3628 au
1809 3603 1892 3631 Ouid.
1910 3605 1975 3631 Her.
1989 3615 2013 3638 4,
2028 3614 2074 3637 ¹27·
2110 3602 2176 3629 Plin.
2205 3611 2227 3634 7,
2249 3612 2278 3634 30
2303 3603 2407 3630 Primus
2422 3604 2454 3630 in

264 3643 354 3672 Φορέω,
379 3641 565 3675 'instabo-rium]
584 3640 719 3674 Significat
740 3642 786 3672 (vt
801 3640 839 3665 ait
858 3640 995 3671 Donatus)
1017 3639 1124 3674 Aliquid
1139 3641 1267 3667 mercedis
1277 3649 1326 3675 pro
1347 3651 1376 3676 95
1393 3647 1454 3675 toga
1470 3639 1644 3675 triumphum,
1666 3638 1824 3673 linguaeque
1840 3640 1957 3667 lauream
1972 3640 2076 3667 merite.
2154 3637 2247 3664 Grates
2269 3639 2375 3666 meritas
2397 3649 2454 3674 age-

265 3675 357 3702 labore
371 3684 462 3710 parare
478 3677 519 3702 vel
535 3677 645 3710 sumere,
666 3676 775 3711 dignum
796 3677 859 3702 ess'e:
886 3675 963 3711 estque
976 3676 1091 3709 medium,
1104 3679 1168 3710 quod
1182 3685 1232 3702 ium
1247 3678 1326 3702 adbu-
1393 3686 1422 3703 re
1437 3677 1520 3704 Ouid.
1534 3677 1564 3703 in
1576 3675 1636 3702 Ibin
1651 3679 1688 3701 26.
1761 3676 1875 3702 Meritos
1889 3677 1943 3703 aris
1964 3675 2079 3710 imponit
2097 3671 2229 3709 bonores,
2255 3675 2273 3701 i.
2289 3677 2414 3710 congruos
2428 3683 2453 3702 et

265 3721 308 3745 na,
323 3718 374 3736 tum
387 3712 421 3736 ad
433 3713 498 3737 mala
509 3713 646 3746 pertineat.
718 3712 800 3738 Plaut.
814 3712 900 3739 Trin.
915 3721 938 3745 5,
953 3721 975 3746 2,
991 3721 1002 3742 5
1020 3712 1085 3738 Non
1102 3711 1198 3738 videor
1217 3711 1328 3739 meruis-
1391 3715 1557 3740 conuenientes
1576 3711 1651 3745 Virg.
1666 3713 1732 3737 Aen.
1746 3721 1765 3745 3,
1783 3720 1827 3741 118.
1901 3713 2026 3739 Honores
2045 3708 2154 3735 meritos
2174 3710 2270 3737 indicit
2289 3710 2363 3738 Idem
2385 3711 2452 3738 ibid.

265 3745 419 3788 se'laudem,
440 3747 513 3781 culpa
533 3747 641 3774 caruiss‘e
655 3747 782 3774 arbitror.
853 3748 923 3774 Ter.
937 3747 1018 3775 Andr.
1040 3757 1057 3779 1,
1077 3757 1098 3780 ς,
1119 3750 1149 3781 4⁶
1173 3750 1260 3775 Vnum
1275 3747 1326 3773 hoc
1391 3758 1413 3780 3,
1427 3753 1481 3781 ²⁶4·
1555 3747 1677 3781 Aliquam
1692 3748 1857 3774 iracundiam
1872 3757 1927 3775 non
1942 3746 2078 3777 iniustam,
2098 3745 2141 3772 sed
2156 3747 2277 3773 meritam
2292 3755 2320 3772 ac
2334 3746 2450 3773 debitam

267 3784 332 3816 seio,
350 3782 416 3808 hanc
431 3784 553 3809 meritam
568 3784 627 3816 effe,
642 3790 671 3809 vt
685 3793 792 3810 memor
803 3784 865 3810 effes
878 3785 926 3811 sui.
999 3784 1068 3810 Aera
1090 3792 1192 3810 merere
1212 3785 1280 3810 Hor.
1293 3783 1326 3809 de
1391 3785 1467 3811 fnisse
1481 3783 1624 3811 defendere
1644 3783 1700 3809 Cic.
1721 3784 1753 3810 de
1773 3785 1849 3811 Orat.
1871 3794 1895 3815 2,
1914 3793 1958 3815 203
1977 3791 1997 3807 c·
2019 3789 2059 3810 50-
2151 3783 2242 3809 Morte
2256 3782 2343 3808 iacent
2355 3783 2452 3809 merita

269 3821 334 3846 Arte
350 3819 422 3857 Po‘e't.
438 3827 486 3857 3:³5·
560 3820 689 3845 Amorem
710 3820 748 3846 ld.
765 3820 848 3845 Serm.
866 3830 909 3852 1,1,
922 3826 958 3852 37.
996 3819 1132 3846 Coronam
1147 3820 1323 3853 primamlau-
1335 3828 1382 3846 100
1392 3821 1463 3846 Ouid
1489 3820 1553 3847 Fast.
1567 3829 1587 3853 3,
1603 3828 1658 3851 707.
1730 3821 1840 3847 Meritas
1855 3820 1917 3846 darc
1931 3815 2054 3849 sanguine
2068 3817 2168 3844 Poenas
2190 3819 2262 3845 Idem
2278 3818 2343 3845 ibid·
2359 3829 2384 3852 4,
2398 3828 2451 3852 239·

266 3855 298 3881 de
313 3863 401 3880 merui
417 3855 492 3887 Vlrg.
506 3857 569 3880 Aen.
590 3864 611 3887 5,
625 3864 673 3886 355.
747 3855 833 3881 Decus
847 3864 970 3882 meruere
983 3865 1038 3883 non
1045 3855 1188 3882 minimum
1211 3856 1279 3881 Hor.
1289 3855 1321 3881 de
1390 3855 1493 3889 Paffiue.
1531 3856 1596 3882 Plin.
1610 3865 1632 3887 7,
1647 3861 1678 3884 ¹8.
1753 3857 1849 3892 superi.
1888 3854 1952 3882 Plin.
1965 3851 2042 3885 Epist.
2057 3862 2078 3886 5,
2094 3863 2115 3881 ις
2135 3854 2215 3888 Qiod
2226 3853 2294 3880 mihi
2311 3855 2449 3889 cognitum

268 3892 329 3917 Arte
343 3891 482 3929 Poet3286.
554 3890 678 3925 Exempla
700 3891 839 3917 nouiffima
861 3892 988 3924 meritus,
1011 3893 1035 3919 h.
1051 3902 1071 3918 e.
1096 3891 1211 3917 Vltimum
1223 3891 1320 3925 suppli.
1388 3891 1425 3918 est
1440 3902 1495 3918 non
1509 3893 1588 3924 fama,
1608 3900 1657 3925 qua
1673 3891 1777 3926 alioqui
1791 3893 1891 3927 optima
1910 3895 1935 3914 et
1956 3888 2121 3916 meritissima
2145 3890 2262 3923 fruitur,
2285 3890 2329 3916 sed
2353 3889 2448 3924 longis,

268 3927 331 3952 cium
351 3926 441 3952 Tacit.
456 3926 526 3964 Ann.
540 3934 572 3964 13³,
589 3935 629 3957 2ο,
643 3940 665 3956 4.
739 3927 858 3953 Exitium
873 3927 954 3953 Ouid.
971 3929 1034 3954 Met.
1049 3937 1070 3960 2,
1085 3936 1142 3960 ²90·
1215 3927 1321 3954 Famam
1387 3928 1543 3962 magnisque
1556 3927 1754 3961 experimentis.
1792 3927 1864 3960 Confi
1878 3923 1983 3950 Reines.
1998 3925 2116 3961 Inscript.
2137 3935 2160 3959 5,
2173 3935 2207 3958 35.
2245 3932 2271 3952 et
2298 3929 2377 3952 Index
2397 3927 2448 3960 Af:

266 3962 334 3995 apud
349 3962 465 3988 Graecos
473 3960 620 3988 Alcibiades
642 3961 707 3989 Plin.
723 3971 757 3996 14,
771 3971 806 3988 22.
879 3963 1009 3990 Fauorem
1030 3963 1141 3996 Quin&
1156 3973 1178 3996 4,
1196 3972 1213 3989 1.
1250 3963 1321 3989 Caes.
1380 3965 1492 3998 flauum
1506 3967 1540 3990 ad
1559 3965 1623 3998 Opus
1645 3964 1718 3991 Grut.

266 3997 329 4023 Bell.
346 3997 414 4024 Gall.
424 4008 441 4029 1,
454 4007 486 4031 4ο
495 3996 561 4024 Non
574 3997 708 4024 minorem
721 3998 839 4026 Laudem
852 3998 994 4033 exercitus,
1009 4008 1087 4034 quain
1102 3999 1322 4034 ipseimperator,
1335 4013 1378 4034 105
1423 4006 1449 4027 M
1459 4007 1476 4028 Ε
1488 4006 1507 4028 R
1519 3997 1533 4025 ἰ
1542 4005 1565 4026 ‘r
1580 4006 1599 4026 v
1613 4006 1636 4026 M
1647 4021 1656 4035 ‚
1677 3999 1696 4026 i.
1718 4009 1744 4027 n.
1767 3997 1939 4032 [ἂγαθοημίω
1953 3997 2120 4032 interemta]
2142 3997 2292 4033 praestitum
2299 3997 2447 4064 benficium,

2328 4033 2350 4058 Ο
2377 4033 2448 4060 cium.

260 2469 311 2494 que
327 2458 372 2485 ille
386 2457 474 2493 postea
488 2457 639 2483 Mercurius
653 2454 800 2481 Andocidis
816 2459 924 2479 vocatus
937 2452 981 2479 est.
1055 2452 1159 2487 Collegit
1172 2454 1255 2478 omnia
1263 2451 1324 2477 dili-

261 2746 396 2781 Amphitr.
410 2745 495 2771 Plaut.
513 2750 536 2769 et
554 2744 705 2769 Tautmann.
717 2745 752 2769 ad
764 2743 808 2769 loc.

260 2784 329 2809 Hor.
344 2782 434 2808 Carm.
449 2789 472 2813 2,
493 2789 525 2812 17,
539 2788 578 2811 29.

298 2825 324 2844 Μ
335 2821 385 2844 E‘R
400 2823 418 2843 D
431 2824 453 2844 Λ
465 2836 473 2849 ,
493 2824 531 2842 ae.
550 2815 570 2841 f.
591 2814 679 2849 [curig.
698 2818 794 2848 σκατδν,
808 2815 905 2849 μίνθης]
920 2814 962 2850 fist
969 2813 1025 2839 Cibi
1037 2812 1218 2839 retrimentum.

263 2854 346 2880 Serm.
363 2862 382 2886 1,
395 2859 419 2885 8,
431 2862 456 2884 37
1111 2883 1116 2888 .
1417 2883 1421 2887 ι

421 2887 542 2915 Mentior
556 2892 581 2914 at
595 2886 612 2913 fi
627 2886 703 2921 quid,
722 2886 821 2913 merdis
835 2884 1049 2921 caputinquiner
1064 2882 1130 2909 albis
1393 2883 1446 2910 stis.

421 2925 586 2957 Coruorum,
605 2930 683 2958 atque
698 2923 727 2950 in
739 2932 781 2949 me
797 2922 887 2948 veniat
906 2920 1018 2948 mierum
1041 2926 1118 2953 atque
1138 2924 1255 2945 cacatum
1306 2952 1311 2957 Π
1336 2927 1365 2952 75

420 2960 515 2993 Iulius,
534 2966 580 2985 cte.
780 2958 875 2986 Phaed.
896 2969 928 2992 4,
949 2967 973 2991 17
999 2955 1120 2984 Odorem
1139 2964 1207 2981 cum
1227 2952 1326 2981 merdis

260 3001 360 3025 eacant.
433 2994 535 3022 Eubula
550 2996 640 3028 Veget.
653 3003 676 3025 2,
690 3001 713 3027 8,
728 3006 750 3026 4.

299 3041 323 3060 Μ
336 3038 353 3058 Ε
368 3038 386 3058 R
403 3030 599 3059 1-:.Adn.vid.
624 3037 673 3056 ME
690 3038 706 3057 R
721 3037 772 3058 VS.

1258 2812 1327 2839 Hor.

2397 3210 2459 3245 Pas-

2353 3245 2456 3272 Reinel‘.

659 3532 738 3567 Qtasi
758 3530 875 3559 Meridie
896 3530 990 3565 edere,
1015 3533 1057 3559 vel
1079 3533 1233 3560 merendam
1246 3533 1326 3560 cdere

1973 2993 1991 3019 i.
2006 2992 2137 3028 Consecuta
2150 2992 2185 3029 est
2193 2996 2374 3029 pergratiam,
2396 2996 2464 3029 quot
2509 3013 2512 3019 .
