2517 4231
118 107 163 149 73
552 94 742 136 LIB

156 190 174 210 Ι.
189 190 197 211 1
214 190 229 211 Β
240 191 258 212 Λ
268 191 291 211 N
301 191 311 211 1
322 189 342 212 0
355 189 379 212 S.
410 184 469 212 Adi.
508 187 546 212 De
560 186 633 212 odore
645 193 708 211 vuue
719 185 761 210 vel
771 183 851 210 turis:
872 184 925 211 vid.
942 184 1008 211 Plin.
1026 193 1062 217 14,
1078 190 1111 214 ¹8.

141 223 191 247 'Ll
206 226 223 247 B
237 227 258 247 Α
272 228 293 247 Ν
307 227 317 246 1
336 227 358 247 Τ
373 228 382 248 1
396 227 422 252 s,
442 219 503 248 i'dis.
525 221 544 249 f.
566 221 661 248 Folium
674 227 779 246 vocatur
790 221 858 254 apud
878 220 995 254 Apul.dc
1011 219 1094 247 Herb.
1111 229 1132 246 c.
1141 229 1176 253 57.

157 263 173 283 Ι.
185 263 193 282 1
205 263 221 283 B
232 263 253 283 Α
265 263 288 284 N
301 262 321 283 0
335 263 352 284 C
367 263 387 283 H
399 264 420 284 N
436 263 453 284 Β
467 263 480 283 S
492 278 499 291 ‚
520 257 550 284 is.
573 256 591 283 f.
614 257 724 288 Gemma,
743 264 805 290 quae
824 255 889 280 turIs
902 256 1095 289 stmilitmlinem
1103 256 1177 292 osten-

120 292 169 325 dit,
182 292 230 327 secl
234 291 333 327 succum
345 292 429 319 mellis.
467 294 534 320 Pliu.
549 301 585 326 37,
600 301 637 319 10.
703 301 730 317 uo
742 293 792 317 loco
804 291 899 326 legitur
912 301 925 318 11
939 292 1082 327 quibusdam
1102 291 1179 319 Liba-

120 327 251 354 nochros;
289 335 313 353 et
327 328 365 354 ita
378 329 473 364 legitur
486 330 513 355 in
528 329 594 355 Edit.
611 329 622 353 I
625 328 737 353 Iarduin.

159 365 356 390 ιιΒΑΝσΤ
371 371 422 398 15,
450 364 509 392 ¹idis.
536 364 555 390 f.

120 408 184 434 quue
195 406 300 434 putatur
313 409 329 425 a
342 399 438 436 nostris,
458 397 609 435 rustum-Inus
621 398 724 425 dicitur.
761 397 828 424 Plin.
844 406 878 432 19,
894 407 925 425 12.

121 437 160 468 26,
175 440 198 463 8.
235 434 313 469 Apul.
333 435 365 462 de
380 435 463 471 Herb.
477 444 499 461 c.
519 444 550 469 79
572 442 595 460 ct
609 437 662 460 106.

159 477 176 497 1.
188 477 200 497 1v
211 475 227 496 B
238 478 258 498 Α
269 477 292 496 N
303 469 323 499 ὅ
332 478 354 498 Τ
366 477 386 498 V
401 477 414 498 s
426 491 435 504 ‚
459 471 478 498 i.
491 479 526 497 m.
569 472 659 497 Ventus
672 468 742 505 flans
762 469 829 495 inter
848 470 917 503 Liba,
937 470 966 496 id
978 468 1011 504 est
1023 466 1144 501 Africum
1159 474 1182 493 et

122 507 224 533 Notum.
261 506 326 533 Plin.
347 516 369 540 2,
388 516 428 540 47.

160 548 176 568 1.
189 549 199 568 1
211 548 227 568 B
236 539 260 569 K
272 549 294 568 N
307 549 328 569 v
341 549 354 569 s
364 559 372 573 ,
394 542 413 568 i.
435 551 470 568 m.
491 541 606 575 [Λίβανος
617 541 630 575 ]
652 541 725 566 Mons
738 540 805 566 inter
824 541 925 566 Arabes
936 545 960 564 et
975 538 1122 571 Phomises,
1142 548 1184 564 ex.

120 577 196 614 celsus
209 579 308 604 arbores
315 577 411 603 habens.
431 576 548 603 Libanus
556 577 631 602 etiam
640 576 772 610 Arborusl,
782 586 844 610 quae
851 583 890 602 tus
897 574 1021 608 producit,
1031 580 1082 598 tam
1090 574 1181 610 mastu-

121 613 172 639 lini
183 623 256 648 quam
263 612 355 647 fenu'n.
359 613 467 647 generis.
493 613 612 648 Vntleptv
621 619 677 637 ture
685 612 817 674 accipitur,
826 610 918 644 quode!
926 608 1059 635 Libanum
1070 610 1177 639 dicitur,

161 655 178 676 1.
189 656 198 674 1
211 654 227 674 Β
238 655 260 674 A
272 654 294 674 Ν
305 653 325 673 v
335 654 364 681 S,
383 656 407 681 a,
426 657 480 675 11111.
501 646 562 674 Adi.
584 647 683 674 Libana
698 656 726 673 ce
748 656 792 674 rus
812 643 898 672 Sedul.
917 653 942 677 4,
957 652 995 679 ςς.

159 689 362 716 1111311111,
382 683 436 710 vid.
465 689 595 711 1.113RA.

158 719 651 752 L1nELLvs,vid.1.11313R‚
676 716 748 745 libri.
913 751 917 756 ι

159 760 333 788 ιῙΒΕΝε,
358 761 604 785 ιῙΒΕΝΤΕκ,
629 756 869 784 ιιΒΕΝΤιΛ,
888 752 941 777 md.
971 757 1109 778 LiBET.

157 796 174 816 L
184 796 194 816 1
210 795 225 816 Β
239 796 288 818 ΒΝ
302 796 323 817 Τ
336 792 347 817 I
359 797 382 816 N
395 797 418 818 A
429 809 437 822 ‚
458 800 496 818 ae.
519 791 537 818 f.
577 793 629 816 Dea
647 789 741 820 Venus,
755 786 799 822 seu
814 785 973 822 Proserpina.
1017 788 1072 814 Vid.
1086 788 1142 815 Cic.
1151 787 1184 815 de

117 824 179 853 Nat.
195 826 276 853 Deor.
292 835 322 859 2,
341 828 378 853 61.
434 828 512 854 Varr.
525 826 558 852 de
569 825 599 851 L.
607 823 636 849 L.
653 831 682 856 5,
697 823 721 847 6.
775 822 913 856 Augustin.
928 821 960 850 de
975 823 1005 849 C.
1022 823 1054 849 D.
1069 833 1100 856 4,
1122 831 1145 854 8.

154 861 197 888 Li
208 867 284 888 BER
299 879 308 893 ,
335 863 385 889 ‘eq-i,
419 872 455 890 m.
492 862 625 894 [abach
651 859 783 891 Διόνυσος]
822 858 926 883 Dicitur
948 859 1070 893 lim-chus,
1096 862 1183 886 multos

115 904 197 923 autem
205 897 286 932 suff
294 897 475 932 Liberos,fiue
483 894 608 926 Bacchos,
623 893 748 919 Diodorus
756 893 856 929 scribit.
893 894 1048 920 Celcbt'atior
1066 905 1125 921 'vero
1139 896 1183 929 qui

115 942 146 958 cx
161 933 251 959 Semele
266 941 289 959 et
303 936 358 960 Ioue
373 934 468 959 ire-nitus
474 931 580 964 ftrtur,
599 937 669 963 quem
682 929 784 955 tertium
796 928 876 964 fuiffi’
888 937 1034 962 autumant,
1053 937 1078 956 et
1094 931 1182 956 Thebis

113 968 222 995 Boeotiis
241 976 327 995 uatum
340 980 348 994 .·
366 957 428 1002 sqm,
441 966 523 993 Liber
536 965 670 1001 appellatus
685 964 718 1001 cst
737 975 753 991 a
773 963 935 992 Libernndo.
973 974 1031 991 mim
1055 966 1183 992 libertatis

114 1005 172 1030 deus
185 1003 232 1039 est,
247 1004 302 1037 stiae
314 1004 382 1038 quo-‘l
392 1002 505 1028 Boeotiae
518 1002 591 1027 vrbes
603 1001 694 1027 liberas
708 1000 818 1035 fecerit:
857 1001 908 1036 ipse
921 1001 986 1026 enim
1004 1008 1050 1036 pro
1070 1002 1182 1028 Boeotiae

113 1035 230 1066 libertate
236 1039 376 1074 pugnauit,
399 1037 443 1063 vel
453 1038 512 1072 quia
526 1037 613 1063 vinum
629 1046 702 1062 curus
709 1036 811 1072 soluat,
839 1044 862 1062 et
881 1043 984 1063 tuentem
1002 1037 1033 1062 ab
1053 1036 1103 1062 illis
1122 1038 1182 1063 libe.

114 1083 168 1110 ret,
191 1082 215 1100 et
227 1073 385 1100 audaciorem
397 1073 425 1099 in
438 1083 517 1100 omnes
531 1081 630 1099 conatus
638 1072 734 1106 faciat.
790 1073 880 1098 Senec.
893 1071 927 1106 ¹de
943 1072 1102 1106 Tranquill.
1112 1073 1183 1099 vitae

114 1119 137 1137 c.
152 1120 175 1142 ¹5
202 1110 280 1136 varr.
293 1119 309 1135 a
321 1109 448 1137 Labcndo
460 1109 574 1143 dolui-it,
596 1107 678 1142 Quod
698 1107 800 1134 lubrica
820 1117 895 1134 mens
910 1116 965 1142 quo
978 1107 1052 1134 lubet·
1065 1109 1182 1143 prolabi-

113 1153 165 1173 tur.
223 1144 383 1180 Augustinus
398 1145 429 1172 de
445 1146 474 1172 C.
488 1146 521 1172 D.
530 1146 560 1179 6„
570 1154 595 1179 9.
615 1148 682 1170 docet
698 1144 826 1171 Liberum
839 1144 943 1177 vocari,
965 1144 1037 1178 quod
1052 1153 1137 1171 mares
1152 1145 1181 1171 in

113 1181 254 1214 coeundo,
275 1190 322 1216 per
339 1181 396 1209 eius
415 1181 591 1213 beneficium,
611 1179 704 1206 emiffis
723 1179 885 1212 seminibus,
903 1179 1061 1207 liberentur.
1121 1182 1181 1208 Hoc

582 362 739 398 [λιὲανωτὶς]
768 362 854 388 llerlm
874 364 968 389 odorem
987 364 1052 389 turis
1066 363 1180 396 reddens,

962 407 1004 433 20,
1018 400 1053 425 16.
1091 405 1126 429 21,
1141 404 1180 430 10,

112 1217 186 1244 idem
196 1217 289 1244 dicunt
308 1227 336 1244 111
358 1217 466 1244 feminis
488 1226 565 1252 agere
579 1215 723 1250 Liberam,
745 1225 824 1251 quam
837 1216 917 1242 etiam
932 1217 1067 1243 Venerem
1078 1223 1181 1252 putant.
1197 1226 1228 1250 30

113 1254 204 1280 Sunius
216 1254 347 1288 aliquanto
373 1254 430 1281 Cic.
446 1253 478 1280 de
490 1254 554 1280 Nat.
567 1253 649 1280 Dcor.
663 1254 693 1279 62
714 1263 736 1279 c.
751 1262 776 1284 23
811 1252 884 1279 Hinc
907 1251 986 1279 Liber
1007 1254 1087 1279 etiam
1114 1253 1148 1286 (i.
1163 1262 1182 1281 e.

114 1299 215 1316 nimiter-o
235 1288 404 1322 excelle-cium
422 1290 545 1325 benefic-iss
564 1289 695 1320 virorum)
717 1288 787 1315 hunc
805 1288 867 1315 dico
883 1288 1010 1314 Liberum
1020 1289 1122 1316 Semele
1136 1298 1181 1316 na-

104 1330 181 1358 ¹tum,
202 1333 257 1352 non
271 1333 343 1359 eum,
362 1335 442 1360 quem
456 1325 541 1352 nostri
555 1325 672 1351 maiores
691 1325 798 1359 auguste
817 1324 959 1358 sanfthue
972 1323 1103 1352 Liberum
1119 1335 1181 1352 cum

115 1361 216 1388 Cerere
229 1367 255 1388 et
271 1361 369 1388 Libera
380 1362 612 1394 consecrant-trum,
633 1360 706 1395 quod
725 1360 802 1395 quale
817 1360 861 1393 sit,
875 1369 907 1386 ex
922 1361 1055 1392 mysteriis
1064 1361 1181 1396 intelligi

111 1404 174 1460 {iiis
177 1397 321 1460 ί1101111113ίί
344 1435 402 1460 sunt
422 1434 493 1460 Liber
512 1440 538 1460 et
555 1433 659 1460 Libera.-
691 1432 763 1466 quod
782 1433 812 1459 in
840 1432 938 1459 Libera
958 1434 1063 1460 seruant
1090 1437 1181 1468 (quam

112 1476 196 1505 nempe
216 1474 294 1495 omnes
309 1470 408 1495 Cereris
415 1470 499 1506 filiam
511 1470 609 1501 colunt)
628 1469 656 1494 in
671 1467 773 1495 Libero
787 1478 841 1495 non
856 1469 931 1496 item.
1004 1469 1086 1496 Liber
1108 1476 1183 1504 pater

114 1505 183 1532 Hor.
197 1505 278 1540 Epist.
294 1514 317 1537 2,
329 1515 349 1539 1,
365 1515 386 1536 5.
425 1505 509 1532 Iocosi
523 1514 635 1531 munera
647 1504 740 1531 Liberi
762 1506 831 1532 Hor.
841 1506 962 1537 Carm.4,
977 1513 1009 1538 ις,
1025 1509 1063 1532 26.
1120 1506 1181 1531 Μο-

116 1541 169 1568 dici
184 1541 314 1568 transilire
327 1550 437 1568 munera
452 1540 547 1567 Liberi
571 1540 646 1568 Idem
664 1540 767 1568 ibidem
789 1551 808 1572 1,
833 1547 867 1576 18,
882 1551 905 1574 7.
962 1541 1079 1568 Ornatus
1096 1540 1182 1568 viridi

114 1583 235 1612 tempora
247 1577 375 1612 pampino
390 1577 473 1604 Liber
487 1576 559 1604 Idem
573 1576 677 1603 ibidem
690 1586 714 1608 4,
728 1583 751 1609 8,
765 1586 797 1608 33.

109 1619 156 1648 pro
169 1613 220 1648 ipso
238 1615 313 1639 Vino:
334 1613 383 1647 sed
395 1621 493 1638 tantum
509 1613 579 1647 apud
594 1614 697 1644 Paetus,
719 1611 775 1647 teste
801 1612 936 1645 Quintffil.
955 1619 985 1646 8,
1010 1615 1034 1640 6.
1109 1614 1180 1640 Ter.

112 1648 178 1675 Eun.
197 1659 220 1680 4,
240 1657 262 1681 5,
281 1651 298 1674 6
317 1649 380 1675 Sine
393 1649 491 1674 Cerere
508 1654 534 1673 et
547 1647 647 1674 Libero
660 1647 742 1682 friget
755 1649 854 1675 Venus.
929 1648 1012 1675 Liber
1019 1649 1116 1675 dicitur
1130 1651 1182 1682 Sol,

110 1683 187 1716 Virg.
202 1684 301 1717 Georg.
317 1693 335 1717 1,
347 1693 361 1716 7
382 1684 437 1710 Vos
446 1681 463 1709 ὁ
484 1682 622 1709 clariffima
633 1682 728 1710 mundi
736 1684 861 1717 Lumina,
874 1684 1007 1711 labentem
1022 1685 1096 1712 caelo
1109 1694 1177 1720 quae

110 1718 207 1746 ducitis
220 1727 339 1754 annum,
370 1718 452 1745 Liber
464 1719 566 1746 etalma
580 1720 670 1747 Ceres.
749 1720 804 1748 Vid.
824 1720 945 1747 Macrob.
969 1722 1019 1748 Sat.
1039 1731 1064 1754 1,
1087 1728 1110 1752 ¹8
1131 1732 1177 1756 quo

75 1784 85 1791 Γ
109 1762 159 1782 toto
173 1754 284 1790 ostendit,
305 1755 348 1781 bor
360 1756 436 1781 etiam
450 1756 500 1781 loco
512 1756 540 1781 in
556 1762 645 1790 partes
663 1762 748 1781 vocato
767 1763 792 1782 et
813 1757 916 1783 Graecis
933 1757 1049 1792 pluribus
1061 1758 1178 1784 Liberum
1197 1766 1225 1790 45

105 1798 204 1827 patrem
213 1791 289 1825 solem
303 1791 358 1826 effi’.
397 1793 465 1819 Add.
480 1792 555 1818 Seru.
573 1793 610 1817 ad
623 1794 688 1818 Aen.
704 1793 728 1828 6,
744 1797 772 1825 78
793 1799 817 1818 et
836 1793 872 1819 al.

148 1833 166 1854 L
178 1833 187 1853 1
200 1832 217 1853 B
229 1832 247 1853 Ε
261 1832 281 1852 R
294 1834 316 1854 A
327 1834 344 1853 L
356 1834 365 1853 1
378 1834 416 1858 Λ,
436 1829 524 1854 orum.
551 1836 578 1854 n.
603 1826 742 1862 [moniam]
763 1828 824 1854 Dies
843 1828 930 1854 Libero
941 1828 1027 1865 sacer,
1047 1838 1093 1864 quo
1107 1837 1179 1865 togae

104 1863 190 1899 pueris
203 1863 332 1889 dabantur
344 1865 411 1890 XVI
428 1864 535 1891 Kalend.
553 1864 638 1898 April.
660 1864 743 1891 Ouid.
765 1864 831 1891 Fast.
846 1873 868 1900 3,
881 1874 927 1898 713.
984 1865 1041 1892 Cic.
1057 1866 1129 1893 Fam.
1145 1874 1179 1900 12,

109 1908 138 1930 25
156 1898 324 1926 Liberalibus
338 1899 428 1926 literas
442 1899 530 1934 accepi
550 1905 616 1926 tuas.

144 1941 162 1961 L
172 1936 187 1961 1‘
194 1941 211 1962 Β
222 1941 240 1962 E
251 1941 269 1961 R
281 1957 290 1970 ,
311 1936 371 1970 era,
390 1937 476 1963 erum.
498 1936 658 1970 [ἐλεύθερος]
679 1944 727 1961 non
735 1937 804 1961 modo
812 1935 886 1971 serim
900 1937 1047 1971 opponitur,
1063 1937 1176 1970 sed-vni.
1192 1944 1224 1965 50

106 1971 203 2006 cuique,
216 1971 260 2006 qui
273 1981 320 1997 non
333 1971 418 2007 potest,
430 1973 473 1997 vel
485 1980 628 2005 quacunque
639 1974 669 1996 cle
682 1971 755 2005 causa
768 1980 816 1996 mm
829 1973 904 1997 audet
912 1992 921 2004 ,
947 1973 1015 2003 quod
1026 1972 1084 1995 vult
1095 1972 1177 1995 dicere

107 2014 151 2032 aut
160 2006 266 2040 facere:
306 2008 412 2041 itemque
422 2006 517 2042 paffiue
537 2006 655 2032 liberum
673 2005 720 2039 est,
745 2005 773 2028 in
788 2013 834 2037 quo
853 2004 947 2036 aliquis
965 2004 1013 2028 non
1032 2003 1176 2037 impeditur,

108 2039 153 2075 qui
165 2040 257 2066 nullius
267 2043 349 2067 habito
364 2041 484 2074 ›·espe1‘7u‚
497 2042 562 2073 quod
568 2039 657 2072 sentit²
675 2037 740 2063 dicit
753 2037 866 2071 etfacit.
905 2038 946 2063 Sic
965 2037 1063 2064 Libera
1078 2037 1117 2063 vti
1128 2037 1178 2067 lin-

107 2083 159 2109 gua
182 2075 264 2102 Plaut.
278 2075 342 2104 Cist.
359 2085 377 2109 1,
393 2084 414 2108 2,
431 2083 456 2108 9.
528 2073 630 2100 Libero
649 2072 729 2098 corde
749 2072 864 2098 fabulari
883 2072 957 2098 Idem
977 2072 1054 2107 Epid.
1077 2082 1097 2105 1,
1115 2082 1138 2106 2,
1153 2084 1177 2106 4.

108 2111 202 2136 Homo
217 2110 286 2136 liber

107 2145 192 2172 vitam
207 2145 250 2172 cui
264 2145 327 2172 licet
341 2151 371 2171 vt
385 2144 474 2171 voluit
494 2144 562 2170 Pers.
576 2152 598 2175 5,
613 2148 648 2174 83.
723 2141 805 2168 Plaut.
821 2143 894 2169 Men.
909 2151 932 2175 5,
945 2152 968 2176 7,
984 2153 1018 2176 40
1038 2143 1099 2170 Mea
1117 2153 1176 2178 qm.

110 2182 170 2209 dem
183 2181 273 2207 hercle
287 2181 362 2207 causa
375 2179 445 2206 liber
459 2179 523 2213 esto,
543 2184 622 2213 atque
634 2177 709 2204 abito
724 2186 778 2211 quo
792 2178 875 2204 voles.
931 2179 1032 2205 Omnes
1054 2180 1178 2214 profecto

107 2217 188 2246 liberi
203 2217 330 2244 libentius
343 2217 431 2243 sumus
446 2224 526 2251 quam
539 2215 675 2241 seruemus
688 2213 855 2248 Planecapt.
871 2223 889 2247 1,
898 2222 920 2246 2,
937 2224 974 2241 10.
1011 2215 1081 2241 Statu
1097 2215 1178 2249 liber,

107 2255 162 2281 vid.
176 2254 271 2286 Status,
293 2253 320 2278 in
335 2258 411 2279 STO.
456 2251 580 2286 Ambigue
601 2249 717 2277 Martial.
730 2259 748 2284 1,
762 2251 793 2278 68
819 2250 902 2276 Liber
916 2250 1001 2278 homo
1014 2260 1040 2277 es
1049 2251 1176 2284 nimium,

107 2289 257 2318 dicismihi
273 2288 402 2316 Choerile
411 2308 418 2321 ,
439 2288 551 2321 semper.
573 2287 598 2314 b.
611 2295 632 2312 e.
655 2285 769 2311 Nimium
782 2286 860 2311 libere
873 2286 983 2320 loqueris
1002 2297 1032 2313 ac
1039 2286 1132 2322 scribis
1145 2292 1176 2314 de
1189 2288 1225 2313 60
1240 2291 1370 2325 quaedam
1384 2312 1392 2325 ‚

220 2326 252 2355 In
267 2331 292 2352 te
306 2325 353 2359 qui
369 2324 450 2355 dicit,
468 2321 605 2355 Choerile,
626 2320 695 2348 liber
709 2320 793 2348 homo
807 2321 852 2348 est.
872 2323 896 2348 h.
909 2332 928 2348 e.
955 2324 1048 2349 Vacuus
1062 2324 1176 2359 negotiis,

483 2358 558 2392 Conf.
572 2368 594 2389 ς,
608 2360 647 2385 62.
666 2364 690 2383 et
701 2367 734 2392 12,
749 2361 789 2385 62.
810 2358 854 2383 vbi
861 2358 978 2393 indignos
985 2358 1040 2394 suis
1047 2357 1176 2393 versiculis

107 2326 180 2352 aliis:

105 2369 130 2389 et
145 2362 206 2396 quid
216 2368 276 2396 agat
282 2369 329 2385 non
345 2361 443 2387 habens.

106 2398 224 2433 quosdam
234 2396 393 2432 pronunciat.
432 2394 514 2422 Dolet
526 2393 693 2429 imprudenti
708 2393 876 2421 Adolescenti
889 2400 917 2420 et
927 2393 1094 2423 libcroTcr.
1109 2396 1176 2424 Eun.

106 2441 132 2466 3,
145 2442 165 2467 1,
179 2441 220 2465 40.
295 2431 512 2464 Truculenfior,
531 2438 610 2465 atque
626 2430 684 2465 plus
699 2438 785 2465 aequo
799 2429 870 2456 liber
891 2431 959 2458 Hor.
975 2431 1058 2457 Serm.
1072 2441 1089 2465 1,
1104 2441 1124 2465 3,
1139 2441 1175 2463 52.

105 2467 290 2495 Adolescentia
303 2467 418 2494 liberior
438 2467 495 2494 Cic.
508 2476 558 2501 pro
573 2467 646 2494 Cael.
662 2476 682 2493 c.
698 2471 721 2497 13
741 2474 780 2502 pr.
839 2466 923 2493 Aedes
944 2466 1060 2500 liberae,

105 2505 161 2540 quis
173 2504 217 2530 vti
228 2503 304 2539 potest
319 2511 438 2538 tauquam
448 2503 513 2538 suis,
533 2503 616 2530 Plaut.
629 2503 712 2530 Milit.
733 2512 755 2536 3,
770 2512 787 2538 1,
803 2509 842 2536 84.

106 2543 182 2574 Aqua
197 2540 313 2566 liberior
326 2539 409 2566 Ouid.
422 2540 486 2566 Met.
503 2549 522 2572 1,
536 2549 573 2571 42.
602 2549 650 2565 non
669 2539 766 2574 inclusa
788 2539 851 2573 ripis
866 2540 948 2575 angus
956 2540 984 2566 is.

106 2576 232 2607 liberum,
263 2576 352 2601 Animi
365 2577 481 2602 voluntas
500 2586 529 2601 ac
542 2575 672 2610 sententia
683 2576 762 2600 libera
784 2575 843 2601 Liu.
864 2585 933 2608 37,1.

107 2612 172 2639 Bilis
188 2611 272 2638 libera
287 2611 414 2638 inaestuat
429 2611 593 2646 praecordiis
614 2612 683 2638 Hor.
706 2611 788 2645 Epod.
806 2621 835 2646 u,
850 2621 883 2643 23.

898 2503 1011 2529 Animus
1026 2504 1084 2530 Liu.
1101 2506 1138 2536 36,
1154 2514 1175 2535 5.

1022 2540 1176 2567 Arbitrium

1009 2577 1082 2603 Idem
1097 2587 1121 2609 4,
1137 2586 1173 2608 43.

939 2612 995 2639 Cic.
1010 2613 1094 2639 Tusc.
1116 2623 1134 2645 1,
1148 2620 1176 2643 58

1239 223 1334 255 Agrar.
1350 232 1369 255 3,
1385 233 1420 257 19.
1552 223 1573 264 ff
1600 235 1613 253 2
1640 227 1812 259 Dim-»finium
1825 228 1973 263 rorfimaeitur
1987 231 2029 257 hoc
2041 242 2133 261 nomen.

1218 690 1227 696 ·
1249 684 1312 717 ber,
1332 688 1361 711 de
1377 687 1479 721 Iz'picuro
1503 688 1559 715 Cic.
1574 689 1636 716 Nat.
1651 689 1732 716 Deor.
1748 699 1766 723 1,
1781 699 1815 723 ¹23
1838 700 1858 716 c.
1872 701 1911 724 44.

279 1397 329 1424 Sed
343 1398 416 1432 quod
433 1407 466 1424 ex
482 1397 559 1424 nobis
572 1403 648 1423 natos
667 1397 755 1422 liberos
769 1397 943 1432 appellamus,
964 1397 1066 1424 idcirco
1081 1398 1180 1424 Cerere
1200 1405 1226 1430 35

835 1578 965 1602 Interdum
985 1577 1066 1604 Liber
1076 1578 1181 1613 ponitur
1195 1587 1228 1611 40

1678 97 1871 141 LIB
2249 123 2300 162 74

1242 196 1265 219 4,
1283 188 1335 213 166.
1392 186 1488 216 Libera
1508 187 1616 225 praedia
1635 187 1748 217 meliore
1764 188 1823 218 iure
1835 192 1903 225 sunt,
1923 201 2001 227 qnam
2023 190 2098 224 serua
2117 198 2174 226 Cic.
2187 197 2218 226 de
2232 199 2301 236 Lege

2173 239 2211 261 Ar
2240 237 2264 261 ri

1242 266 1296 282 cum
1307 260 1491 293 praeptfitione.
1570 261 1626 289 Cic.
1634 270 1684 298 pro
1697 262 1766 297 Lege
1781 263 1874 297 Agrar.
1897 272 1904 291 1
1918 273 1983 293 vair.
1998 276 2025 299 27
2044 269 2143 297 Omnes
2170 243 2254 305 111-11116
2262 246 2302 298 iil:

1243 292 1360 332 6011111165
1377 295 1477 335 volent,
1497 297 1639 332 sequentur
1651 297 1838 325 auctoritatem
1852 299 1974 327 Consulis
1990 300 2090 331 solutia
2104 292 2302 341 ctuiiditatibuS‚

1243 327 1323 354 liberi
1338 337 1352 354 a
1366 328 1480 364 delictis,
1501 334 1569 360 cauti
1583 334 1611 360 in
1643 333 1761 368 ericulis‚
1781 343 1835 361 non
1850 336 1937 363 timidi
1953 337 1981 363 in
1995 340 2219 370 contentionibus.
2264 344 2303 372 ld.

1246 363 1361 403 Acadfh
1375 373 1419 395 1²3·
1478 367 1558 395 Liber
1572 379 1585 396 a
1604 343 1651 396 13ῗί
1665 369 1789 398 irrisione
1802 371 1937 403 Socrates,
1959 372 2027 400 liber
2040 375 2127 402 Aristo
2141 378 2235 411 Chius,
2254 381 2302 415 qui

1245 398 1314 439 mlul
1330 399 1440 425 istorum
1456 408 1528 443 putat
1542 405 1602 430 sciri
1621 406 1698 439 poss'e.
1753 407 1776 433 A
1789 407 1889 441 legibus
1909 408 1986 442 liber,
2006 411 2061 446 ‚Qui
2075 420 2121 436 mm
2135 411 2257 447 sul-isam
2269 416 2304 452 est

1246 435 1338 470 Qubus
1360 435 1441 475 Plaut.
1465 436 1539 463 Irin.
1554 448 1577 471 4,
1591 449 1612 472 3,
1628 444 1665 467 26.
1703 442 1724 468 A
1737 442 1886 470 metuliber
1899 444 2054 472 inlidiarunt
2069 454 2175 482 campus
2197 449 2302 485 1.iu.39,

1247 479 1276 510 ς’.)
1296 478 1361 510 extr.
1400 471 1455 498 Cic.
1470 481 1520 506 pro
1534 473 1603 515 Lege
1617 476 1708 503 Manil.
1719 487 1743 509 32
1764 479 1852 512 Qtam
1861 480 2157 515 prouinciamtenuistis
2170 492 2182 510 a
2193 486 2301 519 praedo-

1248 505 1325 531 nibus
1343 505 1455 546 liberam
1472 517 1518 548 per
1531 508 1608 536 hotcc
1622 513 1722 537 annos?
1758 514 1904 549 Aliquando
1911 516 2064 552 subauditur
2075 520 2237 554 praepositio:
2260 523 2302 548 Li.

1248 541 1296 568 ber
1309 551 1386 568 0111111
1399 552 1461 570 cura
1476 552 1589 577 animus,
1606 546 1624 571 i.
1644 549 1668 571 A
1681 556 1741 572 cura
1761 549 1817 576 Cic.
1831 551 1862 577 de
1878 549 1936 579 Pin.
1951 561 1971 587 1,
1992 573 1999 581 .
2020 574 2026 580 .
2065 555 2139 581 Metu
2153 556 2305 584 omniliber

1247 578 1308 617 Liu.
1322 587 1344 610 7,
1362 599 1367 617 t
1390 598 1396 605 .
1434 580 1536 620 Pauore
1550 580 1618 621 liber
1639 581 1804 616 Plin.10,33.
1841 588 1900 612 Alii
1912 588 2006 623 legunt,
2024 590 2054 616 In
2073 598 2181 625 pauore.

1248 622 1328 647 grone
1352 613 1420 640 liber
1441 624 1545 642 animus
1565 617 1624 643 Liu.
1645 626 1673 651 2,
1694 621 1722 649 36
1739 625 1777 652 ρν.

2232 593 2305 620 Reu-

1248 650 1253 656 Ι
1403 650 1407 654 .
1511 651 1516 656 ὑ
1744 654 1762 660 .-
1836 623 1906 655 Conf.
1927 623 1984 652 Cic.
2003 624 2035 651 de
2050 627 2095 653 Ar.
2105 627 2179 662 Resp.
2194 637 2214 656 c.
2230 630 2245 654 6
2264 635 2305 664 pr.

1259 650 1374 675 serrore
1391 650 1460 677 liber
1474 660 1578 678 3111111115
1600 653 1672 679 Idem
1686 653 1719 679 de
1734 654 1792 680 bin.
1808 663 1829 688 5,
1844 662 1880 687 87.
1926 659 1965 685 Ad
1979 660 2110 688 scribendi
2124 662 2260 691 licentiam
2277 665 2307 691 li-

1619 725 1624 730 .
1650 725 1655 731 ·
1709 725 1713 731 Ι
1908 728 1913 732 ”
1953 695 2034 723 Liber
2053 696 2198 725 estharum
2215 708 2305 727 rerum

1248 721 1329 747 Plaut.
1344 722 1438 756 Amph.
1452 723 1522 762 1³:701.
1541 733 1592 755 ¹05·
1613 735 1631 751 1.
1645 735 1672 750 m
1687 726 1725 751 his
1739 727 1809 752 rebus
1821 730 1933 761 agendis,
1953 731 2005 757 vicl.
2024 734 2268 763 lla-enenfleslenol.
2287 746 2294 762 1

1249 763 1281 786 18.
1326 758 1489 784 Reuertendi
1505 759 1574 786 libcr
1588 760 1670 787 Ouid.
1683 761 1748 787 Her.
1765 771 1783 795 1,
1797 768 1838 791 80.
1859 762 1903 787 vbi
1916 764 1970 790 vid.
1986 767 2067 794 ism-m,
2121 770 2255 798 Labomm
2274 757 2307 798 lif

1247 791 1295 819 ber
1310 793 1421 820 rufficus
1444 795 1511 821 Hor.
1525 795 1556 822 de
1578 797 1641 823 Arte
1664 797 1737 823 Po'et.
1757 806 1804 824 212.
1860 797 1988 825 Liberum
2004 801 2039 826 cst
2053 803 2118 830 mihi
2149 807 2172 833 h.
2188 816 2208 834 e,
2229 808 2297 834 Lien

1245 829 1346 869 justum,
1369 837 1393 855 et
1408 830 1435 855 in
1448 831 1557 870 arbitrio
1573 842 1623 858 meo
1637 832 1792 868 constitutum
1806 832 1837 869 est
1859 833 1925 861 Plin.
1940 835 2018 868 Epist.
2038 846 2055 869 1,
2077 845 2097 867 8.
2122 828 2130 841 ³
2151 828 2308 870 Permitterg

1246 864 1363 904 hberum
1375 865 1489 900 aliquid,
1509 867 1563 893 vid.
1587 874 1602 893 1¹
1616 874 1632 894 E
1646 874 1664 894 R
1678 875 1703 894 M
1717 875 1725 894 1
1739 874 1760 894 T
1772 875 1794 895 Τ
1808 875 1841 896 O.
1915 870 2077 904 Relinquerc
2098 874 2210 904 liberum
2226 879 2308 907 alicui

1247 901 1381 933 Qunffil.
1399 909 1417 940 ⁷?
1430 913 1452 940 4.
1490 902 1638 934 Liberum,
1663 905 1740 940 Qud
1750 905 1839 931 eminet
1852 912 1876 931 et
1896 913 1966 932 extat
1987 908 2062 934 Varr.
2077 909 2214 940 Eumenid.
2257 917 2307 942 Itc-

1246 944 1306 962 rum
1322 937 1438 970 Tragici
1454 937 1585 972 prodeant
1598 948 1658 965 cum
1676 939 1761 974 capite
1774 939 1872 973 libero,
1893 950 1953 967 cum
1970 943 2079 977 antiqua
2098 945 2194 974 fronte.
2251 952 2307 978 No.

1246 971 1307 997 nius
1327 973 1455 999 laudatur.
1495 975 1545 999 Sed
1556 983 1603 999 non
1617 975 1725 1002 inuenio.
1932 987 1943 1010 3
1964 980 2003 1004 De
2017 979 2122 1008 Liberis
2139 984 2156 1009 i.
2171 985 2230 1014 liliis
2253 988 2301 1013 ‘vid

1243 1007 1297 1043 posi
1321 1013 1426 1034 LIBER
1435 1014 1522 1035 ALIT
1531 1015 1586 1036 ER.
1624 1009 1751 1037 Liberior
1763 1018 1787 1036 et
1799 1010 1919 1039 Vberior
1931 1014 2052 1048 conflandi
2064 1017 2092 1042 in
2106 1012 2182 1045 MSS.
2199 1006 2308 1056 obs’erna}

1201 1047 1229 1070 25
1247 1044 1332 1069 Burin.
1344 1045 1378 1069 acl
1393 1044 1525 1077 Qnintffil.
1540 1046 1658 1073 Declam.
1674 1055 1722 1080 309
1742 1056 1767 1081 p.
1782 1049 1840 1079 607,

1286 1085 1302 1104 L
1316 1086 1325 1104 1
1342 1085 1358 1105 B
1372 1076 1415 1105 ἔκ
1427 1086 1455 1106 Ε.
1475 1080 1543 1106 Adu.
1563 1081 1713 1115 [33111903ωῆ
1735 1080 1852 1117 ἐκποδῶν]
1872 1083 1961 1117 Soluto,
1973 1085 2029 1118 fine
2041 1087 2167 1123 obstaculo,
2180 1091 2223 1116 vel
2234 1091 2301 1117 inm·

1246 1124 1276 1140 no
1289 1115 1332 1139 vel
1343 1123 1452 1142 aeterno.
1488 1116 1569 1143 Plaut.
1586 1116 1677 1144 Bacch.
1691 1127 1713 1150 5,
1727 1126 1748 1150 2,
1763 1127 1787 1149 19
1809 1118 1910 1145 Annon
1921 1120 2004 1152 vides,
2014 1128 2040 1148 vt
2062 1123 2130 1150 solae
2144 1124 2228 1152 libere
2243 1128 2310 1160 gras.

1245 1151 1352 1177 [611111τὲ
1408 1151 1465 1178 Cic.
1481 1151 1513 1178 de
1521 1153 1630 1180 Amicit.
1644 1163 1673 1186 44
1693 1153 1841 1184 Consilium
1857 1164 1951 1182 verum
1966 1157 2028 1184 dare
2043 1159 2202 1191 gaudeamus
2215 1161 2310 1191 libere.

1246 1186 1321 1213 Idem
1335 1186 1368 1213 de
1381 1185 1440 1213 Fin.
1457 1197 1475 1220 1,
1489 1197 1514 1220 23
1535 1189 1556 1214 A
1569 1188 1723 1220 Cyrenaicis
1736 1189 1831 1215 melius
1846 1190 2009 1226 liberiusque
2029 1194 2191 1223 defenditur.
2235 1199 2309 1226 Idcm

1247 1222 1278 1248 dc
1294 1222 1352 1249 Fin.
1365 1232 1378 1249 2
1398 1223 1448 1250 Sed
1461 1223 1526 1250 haee
1540 1224 1648 1258 quidem
1665 1224 1777 1251 liberius
1789 1225 1821 1251 ab
1835 1235 1867 1252 eo
1882 1227 2007 1255 dicuntur
2021 1236 2046 1256 et
2068 1230 2177 1265 saepius,
2231 1234 2309 1261 Libe.

1245 1258 1302 1285 rius
1316 1266 1394 1292 atque
1407 1259 1533 1286 audacius
1548 1261 1652 1294 Dicere,
1675 1261 1747 1287 Inire
1761 1261 1868 1288 consilia
1882 1263 1913 1289 de
1929 1262 1999 1291 bello
2013 1266 2086 1293 Caes.
2108 1268 2136 1293 B.
2150 1269 2183 1295 G.
2199 1278 2217 1302 1,
2233 1276 2266 1300 ¹8.
2285 1278 2309 1297 et

1244 1305 1268 1328 7,
1282 1304 1299 1321 1.
1355 1294 1438 1321 fiduci
1450 1295 1545 1329 libere,
1571 1298 1593 1322 Ι).
1608 1307 1628 1323 e.
1651 1299 1769 1330 Inurum,
1790 1304 1814 1323 et
1828 1301 2029 1332 quemadmodum
2042 1302 2129 1328 liberos
2140 1310 2226 1338 pueros
2239 1308 2308 1337 decet

1232 1331 1314 1357 srer.
1331 1331 1412 1357 Andr.
1435 1341 1459 1363 5,
1472 1342 1495 1365 4,
1508 1338 1532 1361 8.
1569 1333 1650 1359 Ferre
1663 1327 1776 1359 liberius
1795 1333 1870 1368 Virg.
1886 1335 1982 1372 Georg.
1998 1345 2016 1369 1,
2026 1344 2074 1367 ¹28.
2112 1339 2213 1373 Fugere
2227 1341 2309 1377 impe-

1245 1367 1286 1393 ria
1300 1366 1412 1393 alicuius
1428 1367 1509 1394 nimis
1524 1367 1609 1394 libere
1630 1368 1717 1395 Catul.
1733 1371 1769 1402 61,
1787 1375 1828 1398 80.
1848 1370 1948 1397 Cerere
1968 1372 1994 1398 se
2014 1374 2166 1402 constanter
2181 1382 2206 1403 et
2224 1377 2309 1405 libere

1245 1403 1301 1429 Cic.
1317 1403 1369 1429 Att.
1383 1414 1406 1436 4,
1421 1405 1455 1429 16.
1493 1403 1571 1430 Idem
1586 1406 1661 1432 Verr.
1675 1414 1689 1437 7
1707 1405 1739 1431 In
1755 1413 1810 1439 quo
1823 1405 1934 1433 homine
1949 1413 2051 1435 tantum
2066 1410 2148 1437 animi
2165 1412 2233 1446 fuit,
2252 1423 2308 1441 non

1244 1439 1329 1464 solum
1346 1445 1375 1465 vt
1388 1439 1467 1465 istum
1481 1439 1566 1466 libere
1579 1440 1705 1473 laederet,
1722 1447 1769 1468 etc.
1806 1442 1895 1476 Loqui
1909 1442 1994 1470 libere
2019 1444 2101 1472 Plaut.
2116 1446 2202 1474 Truc.
2216 1458 2228 1477 2
2254 1459 2262 1476 1
2287 1459 2309 1477 2.

1244 1475 1347 1501 Viuere
1361 1474 1457 1506 libere,
1483 1476 1501 1502 i.
1516 1478 1562 1502 Suo
1576 1478 1643 1502 modo
1656 1477 1750 1509 viuere,
1770 1485 1847 1511 neque
1853 1478 1947 1513 subiici
1964 1480 2070 1506 alterius
2088 1484 2216 1510 voluntati
2230 1470 2306 1513 ’T’etu

1246 1510 1328 1536 Andr.
1346 1520 1361 1540 1,
1379 1521 1396 1544 1,
1410 1520 1445 1542 25.
1465 1511 1495 1538 it.
1511 1513 1541 1537 de
1552 1512 1713 1538 immoderata
1726 1521 1817 1539 morum
1830 1513 1934 1540 licentia
1953 1515 2022 1550 Nep.
2036 1525 2060 1550 2,
2075 1526 2092 1550 1,
2104 1526 2130 1545 2.
2186 1518 2266 1548 Tuto
2282 1528 2308 1549 et

1245 1545 1330 1572 libere
1347 1548 1420 1573 Caes.
1441 1547 1508 1574 Bell.
1524 1547 1607 1574 Ciuil.
1617 1557 1635 1581 1,
1645 1557 1666 1574 2.

1283 1588 1477 1616 LtBERTAS,
1496 1583 1555 1609 atis.
1575 1583 1593 1609 f.
1615 1584 1757 1615 [ἐλευθερίῃ
1769 1579 1850 1619 ἄδεια]
1868 1584 2007 1619 Opponitur
2021 1586 2154 1619 Seruituti,
2174 1590 2309 1623 emmoni,

1244 1619 1344 1651 Metui,
1359 1619 1552 1653 lnipedimentis,
1568 1620 1661 1653 Regno,
1670 1618 1697 1643 in
1711 1620 1875 1652 quantumuis
1888 1620 1959 1645 rebus
1966 1619 2079 1654 efficitur,
2095 1631 2124 1648 vt
2131 1633 2178 1649 non
2190 1635 2291 1661 agamus

1246 1656 1312 1688 quod
1318 1655 1383 1680 lubet
1397 1654 1454 1680 Cic.
1464 1655 1492 1681 in
1501 1653 1591 1681 Parad.
1601 1663 1613 1685 5
1621 1653 1696 1687 Qud
1705 1653 1777 1680 enim
1786 1654 1822 1680 est
1830 1654 1954 1682 libertas?
1969 1657 2082 1685 Potestas
2092 1658 2211 1694 viuendi,
2230 1668 2259 1689 vt
2266 1648 2309 1690 ve:

1245 1690 1288 1716 lis.
1309 1690 1431 1716 Libertas
1444 1694 1485 1722 (vt
1492 1691 1530 1715 ait
1544 1690 1712 1716 Florentinus
1724 1689 1865 1716 Iuriscons.
1873 1690 1905 1717 de
1913 1691 1978 1718 statu
1987 1692 2139 1722 hominum.
2153 1695 2170 1723 l.
2179 1697 2310 1731 Libertas)

1245 1725 1281 1751 est
1290 1725 1427 1752 Naturalis
1436 1726 1545 1753 facultas
1553 1726 1620 1756 61115,
1627 1726 1698 1760 quod
1707 1725 1804 1760 cuique
1812 1726 1899 1753 facere
1910 1727 1990 1756 libet:
2009 1729 2057 1756 nifi
2066 1730 2083 1756 fi
2092 1731 2156 1765 quid
2165 1732 2192 1758 vi
2199 1740 2243 1760 aut
2250 1734 2309 1762 iure

1243 1761 1414 1796 prohibetur.
1423 1763 1496 1796 cbnf.
1506 1763 1573 1789 Pers.
1584 1772 1605 1795 5,
1613 1767 1640 1794 83
1651 1763 1721 1797 seqq.
1743 1762 1802 1788 Deo
1810 1771 1913 1797 parere,
1922 1762 2030 1792 libertas
2040 1765 2075 1792 est
2084 1766 2142 1794 Sen.
2150 1768 2181 1794 de
2188 1769 2242 1796 vita
2250 1770 2309 1798 bea-

1245 1804 1271 1823 ta
1284 1807 1307 1824 c.
1319 1805 1417 1827 15extr.
1455 1797 1542 1832 Fides,
1557 1798 1674 1832 libertas,
1682 1797 1811 1831 amicitia,
1820 1799 2166 1833 praecipuaanimihnmani
2174 1803 2242 1832 bona
2251 1807 2309 1834 sunt

1243 1834 1312 1860 Tac.
1327 1835 1362 1860 H.
1380 1843 1399 1867 1,
1415 1843 1447 1868 15,
1462 1836 1486 1860 6.
1507 1835 1606 1860 Plural.
1622 1834 1783 1870 iot-osefii‘ius.
1820 1834 1927 1861 Tribus
1947 1845 2001 1862 non
2010 1838 2123 1865 conduci
2131 1841 2309 1874 poffimliber-

1244 1869 1342 1896 tatibus
1363 1871 1446 1897 Plaut.
1459 1871 1517 1897 Cas.
1532 1879 1554 1903 2,
1568 1876 1589 1899 8.
1604 1872 1644 1899 68.
1716 1873 1804 1896 Aurea
1821 1869 1929 1897 libertas
1947 1877 2006 1898 toto
2018 1882 2074 1899 non
2095 1876 2222 1903 venditur
2241 1886 2308 1905 auro

1244 1906 1311 1932 Eun.
1333 1905 1419 1940 Nescio
1431 1908 1507 1932 vnde.
1549 1905 1700 1931 Ennianum
1712 1913 1736 1929 et
1749 1905 1813 1929 illud
1824 1907 1893 1938 apud
1903 1906 1971 1932 Gell.
1985 1915 2008 1939 7,
2025 1917 2049 1939 ¹7
2069 1909 2200 1936 Aduersus
2213 1911 2307 1939 aduer-

1242 1941 1324 1966 sarios
1340 1949 1368 1964 ea
1381 1940 1491 1965 libertas
1510 1939 1556 1969 est,
1577 1939 1622 1971 qui
1637 1938 1728 1971 peetus
1741 1947 1838 1972 purum
1852 1944 1877 1965 et
1891 1939 2000 1967 firmum
2017 1942 2128 1976 gestitat.
2184 1946 2305 1976 Libertas

1242 1975 1352 1997 Romana
1366 1972 1501 2005 trifariam
1514 1973 1680 2006 comingelzat.
1735 1973 1791 2000 Cic.
1808 1974 1835 1999 in
1851 1975 1952 2009 Topic.
1968 1986 1996 2003 10
2015 1978 2041 2004 Si
2057 1988 2142 2014 neque
2156 1984 2232 2009 censu
2263 1993 2307 2012 ne.

1241 2015 1293 2040 que
1302 2006 1467 2041 testamento,
1488 2016 1574 2041 neque
1583 2008 1702 2035 vindicta
1711 2008 1780 2035 liber
1789 2010 1874 2036 faetus
1882 2011 1927 2044 est,
1942 2021 1996 2038 non
2008 2013 2130 2042 estliber.
2151 2004 2304 2051 quem-'izcum

1234 2043 1274 2075 fi.-
1286 2043 1385 2076 exponit
1394 2042 1536 2069 Boethius:
1559 2043 1684 2070 Faciendi
1703 2045 1783 2071 liberi
1804 2053 1856 2071 tres
1871 2047 1929 2072 fimt
1941 2054 2036 2081 partes.
2062 2051 2121 2078 Vna
2136 2053 2254 2088 quidem,
2275 2061 2304 2082 vt

1241 2078 1320 2104 censu
1336 2077 1405 2104 liber
1420 2078 1477 2104 fiat:
1499 2078 1671 2105 censebantur
1685 2080 1758 2105 enim
1773 2080 1920 2113 antiquitus
1941 2082 1991 2108 soli
2013 2084 2085 2110 ciues
2099 2086 2222 2116 Romani.
2277 2091 2304 2118 Si

307 2110 440 2143 Qingffl·
457 2112 483 2142 6,
502 2120 523 2141 3,
560 2110 602 2134 An
615 2108 755 2141 quisquam
770 2107 807 2132 est
822 2106 889 2132 alius
904 2106 990 2140 liber,
1010 2107 1059 2133 nili
1079 2108 1176 2149 ducere
1195 2118 1222 2141 55
1241 2113 1300 2146 quis
1314 2122 1378 2147 ergo
1392 2114 1589 2145 consentiente,
1608 2113 1651 2139 vel
1673 2113 1781 2140 iubente
1800 2115 1928 2149 domino,
1951 2126 2049 2145 nomen
2063 2120 2192 2150 detuliffet
2205 2124 2234 2151 in
2247 2135 2307 2153 cen.

1242 2149 1309 2181 sum,
1327 2149 1394 2174 ciuis
1408 2149 1545 2175 Romanus
1560 2147 1647 2181 fiebat,
1666 2155 1692 2175 et
1704 2150 1840 2177 seruitutis
1854 2151 1965 2179 vinculo
1983 2154 2144 2184 soluebatur.
2216 2161 2304 2196 Atque

1240 2183 1291 2209 hoc
1305 2191 1361 2210 erat
1373 2185 1451 2210 censu
1465 2183 1534 2210 effici
1550 2183 1676 2218 liberum,
1693 2185 1740 2212 der
1752 2186 1858 2213 domini
1874 2189 2028 2217 consensum
2043 2201 2142 2220 nomen
2155 2194 2183 2221 in
2198 2198 2304 2226 censum

1244 2219 1360 2252 deferre,
1384 2226 1410 2246 et
1423 2220 1483 2246 fieri
1497 2219 1584 2246 ciuem
1599 2221 1760 2249 Romanum.
1816 2224 1878 2250 Erat
1889 2224 1969 2252 ctiam
1990 2234 2049 2260 pars
2063 2228 2145 2256 altera
2159 2231 2304 2267 adipiscen-

1242 2253 1289 2281 dae
1302 2255 1448 2289 libertatis,
1470 2265 1536 2291 quae
1557 2256 1677 2283 xrindie'ta
1698 2257 1852 2286 vocabatur.
1925 2261 2052 2290 Vindiela
2072 2274 2138 2292 vero
2149 2267 2185 2293 cst
2199 2268 2302 2298 viraula

1431 2301 1510 2327 quam
1537 2293 1645 2319 Praetor
1683 2295 1888 2322 manumittendi
1922 2297 1992 2324 serui
2030 2300 2111 2334 capiti
2145 2290 2284 2337 impond’ns

1239 2327 1354 2354 eundem
1366 2328 1472 2355 seruum
1486 2328 1514 2354 in
1531 2328 1682 2355 libertatem
1695 2329 1858 2365 vindicabat,
1877 2331 1968 2359 dicens
1983 2336 2110 2368 quaedam
2128 2338 2210 2366 verba
2225 2326 2303 2368 solle’.

1240 2364 1328 2404 nynia:
1348 2369 1425 2404 atque
1439 2365 1503 2391 ideo
1517 2364 1623 2399 virgula
1640 2365 1687 2392 illa
1700 2366 1820 2394 vindicta
1835 2368 1988 2396 vocabatur.
2031 2371 2078 2398 Illa
2088 2372 2168 2401 ctiam
2188 2384 2248 2410 pars
2265 2377 2302 2404 fa-

1239 2400 1328 2426 ciendi
1343 2399 1421 2439 liberi
1435 2401 1486 2433 est,
1512 2400 1529 2427 fi
1546 2401 1605 2435 quis
1626 2401 1747 2436 suprema
1759 2404 1898 2430 voluntate
1911 2404 1939 2430 in
1955 2405 2100 2435 testamenti
2116 2410 2182 2437 serie
2195 2412 2301 2440 seruum

1239 2436 1315 2462 suum
1332 2435 1448 2463 liberum
1460 2437 1601 2470 scripserit.
1639 2439 1706 2464 Haec
1719 2438 1858 2467 Bo'e'thius.
1894 2440 2024 2476 Castigata
2038 2443 2098 2471 Stat.
2106 2445 2196 2474 Theb.
2211 2456 2236 2481 9,
2245 2451 2300 2479 688.

1078 2470 1176 2505 ‚Qibus
1193 2469 1224 2498 65
1239 2472 1384 2507 Manu-ior,
1405 2473 1460 2499 vid.
1480 2479 1662 2500 MATvRvs.
1700 2474 1804 2508 Otiose,
1820 2476 1875 2502 vid.
1903 2483 2037 2506 0T1VM.
2082 2479 2175 2508 Potior
2189 2485 2306 2511 metallis

1240 2508 1309 2534 Hor.
1323 2508 1402 2542 Epist.
1416 2518 1433 2541 1,
1450 2518 1489 2542 10,
1503 2519 1545 2541 40.
1585 2509 1706 2537 Precaria
1718 2510 1778 2538 Liu.
1794 2521 1832 2545 39,
1847 2520 1886 2544 37.
1924 2512 2055 2541 Abdicare
2069 2516 2233 2553 felibertate,
2245 2521 2300 2547 vid.

1240 2550 1377 2570 ABDICO.
1413 2544 1478 2571 Non
1492 2545 1575 2572 modo
1589 2545 1743 2577 Consulatu,
1765 2546 1808 2574 scd
1825 2548 1906 2574 etiam
1921 2548 2044 2577 libertate
2056 2552 2081 2578 se
2094 2552 2217 2581 abdicare
2244 2556 2291 2583 Cic

1239 2579 1337 2615 Philip.
1352 2589 1374 2613 3,
1396 2589 1428 2607 12.
1607 2579 1628 2619 ἦ
1648 2591 1660 2608 2
1680 2583 1807 2609 Formulae
1825 2585 1969 2610 verborum:
2004 2587 2131 2622 Accipere
2150 2578 2299 2618 libertateni

1241 2616 1297 2643 Cic.
1319 2616 1352 2643 ad
1367 2617 1440 2643 Brut.
1458 2619 1494 2644 16.
1550 2617 1622 2644 Idem
1640 2626 1690 2652 pro
1711 2619 1800 2645 Domo
1815 2628 1841 2646 22
1857 2629 1878 2646 c.
1893 2629 1908 2653 9
1934 2621 2015 2654 Qlod
2028 2623 2099 2650 idem
2121 2625 2149 2651 in
2165 2627 2299 2661 posterum

106 2647 195 2675 Multo
211 2647 350 2674 difficilior
363 2648 481 2674 occurrit
494 2647 632 2682 cogitatio,
645 2647 785 2681 multoque
798 2647 953 2681 obscurior,
972 2649 1056 2683 qualis
1070 2649 1175 2676 animus
1194 2657 1226 2681 70
1240 2652 1272 2679 de
1286 2652 1507 2679 extraordinariis
1520 2654 1691 2688 potestatibus
1704 2654 1854 2682 libertatem
1868 2655 2011 2684 ademist'es.
2048 2660 2179 2688 Amittere
2192 2662 2298 2691 liberta.

106 2683 135 2710 in
148 2692 262 2718 corpore
277 2683 315 2716 sit,
336 2689 465 2717 tanquam
473 2683 574 2710 alienae
587 2684 673 2718 domi,
693 2693 772 2718 quam
785 2684 870 2717 qualis
884 2693 967 2718 quum
981 2685 1093 2719 exierit,
1107 2692 1132 2712 et
1146 2686 1175 2712 in

107 2719 226 2746 liberum
240 2719 342 2746 caelum
356 2719 426 2753 quasi
442 2719 470 2746 in
485 2720 596 2746 domum
612 2721 682 2746 [113111
706 2720 824 2746 venerit:
865 2721 976 2747 Caelum
992 2721 1124 2755 liberum,
1147 2723 1175 2748 in

106 2765 152 2790 quo
165 2756 234 2781 nihil
244 2765 296 2781 eum
307 2756 424 2781 com-Has.
460 2756 542 2782 Caelo
556 2755 690 2783 liberiorev
701 2756 758 2782 frui
783 2756 866 2784 Ouid.
882 2757 947 2784 Met.
959 2767 992 2790 15,
1008 2768 1059 2790 301.

82 2791 88 2800 ²
105 2801 154 2825 pus
166 2791 236 2818 liber
257 2792 316 2818 Liu.
331 2800 364 2825 31,
385 2801 423 2824 39.
461 2791 544 2818 Ouid.
560 2792 625 2818 Fast.
641 2804 664 2827 4,
681 2800 734 2825 292.

1095 2760 1173 2785 Cam-

772 2792 843 2819 Suet.
859 2792 959 2821 Tiber.
973 2799 1002 2823 28
1023 2795 1052 2820 In
1066 2794 1176 2821 ciuitate

106 2828 189 2854 libera
204 2828 305 2862 linguas
320 2833 474 2861 mentesque
488 2827 586 2855 liberas
600 2828 649 2854 effe
664 2828 769 2855 debere.
806 2831 846 2855 De
859 2828 952 2856 liberis
965 2830 1119 2857 ciuitatibus
1127 2830 1175 2866 sti-
1193 2840 1222 2865 75
1238 2843 1259 2864 2,
1274 2843 1305 2860 12.

106 2864 129 2889 lo
142 2865 256 2890 Romano.
334 2863 389 2889 Vici.
403 2865 494 2898 A'panh.
514 2867 544 2889 {ie
562 2864 608 2899 Vsu
620 2872 643 2890 et
657 2864 749 2900 Praest.
770 2866 845 2891 Num.
859 2865 919 2900 diff
930 2875 944 2899 9
965 2873 990 2900 p.
1006 2870 1051 2899 674
1115 2867 1173 2894 Cic.

105 2899 184 2926 Verr.
199 2909 219 2932 3,
237 2909 275 2932 177
290 2900 328 2925 Ita
343 2899 423 2934 serpit
438 2899 506 2926 illud
522 2899 628 2926 inlitum
644 2900 672 2926 in
685 2906 778 2926 natura
793 2901 892 2927 malum
912 2903 1103 2929 confitetudine
1117 2912 1174 2938 pec·
1189 2914 1192 2918 ·

106 2934 182 2963 candi
197 2935 294 2970 libera,
314 2935 397 2962 finem
414 2941 441 2961 vt
458 2936 583 2962 audaciae
601 2936 712 2962 statuere
725 2937 780 2971 ipse
800 2936 847 2963 sibi
863 2947 918 2964 non
940 2935 1022 2973 potiit.
1077 2939 1175 2965 Libera

105 2971 124 2997 i.
145 2980 192 2998 non
212 2971 339 3006 impedita,
357 2971 470 3007 restriHa
483 2980 528 2999 etc.
586 2972 671 2999 Cursu
687 2971 775 2999 libero
789 2973 880 3000 ferunt
893 2975 1011 3009 equitem
1027 2975 1055 3000 in
1069 2974 1172 3002 hostem

107 3006 168 3040 equi
182 3007 309 3034 concitati
329 3007 390 3034 Liu.
406 3017 441 3040 34.
479 3008 543 3034 Dies
558 3007 629 3034 liber
650 3009 740 3035 senec.
754 3009 867 3041 Thyest.
895 3020 913 3037 1.

109 3042 201 3081 Tacit.
210 3044 309 3078 Ann.4‚
317 3053 351 3076 32.
389 3043 674 3078 Equusliberhabenis
691 3046 901 3080 Virg.Georg.3,
916 3056 967 3080 ¹94-
1003 3047 1094 3074 Exitus
1102 3054 1175 3083 patet

110 3075 178 3117 liber
195 3079 300 3106 Lucret.
315 3090 339 3112 4,
354 3089 407 3113 399.
445 3080 524 3106 Fama
539 3080 624 3107 libera
645 3081 762 3115 Propert.
778 3091 847 3115 4,12,
861 3091 898 3114 72.
935 3083 1012 3109 Fides
1030 3083 1104 3110 nulla
1113 3093 1171 3118 par-

109 3118 135 3138 te
149 3111 231 3141 libera
250 3115 332 3142 Ouid.
349 3115 426 3149 Epist.
445 3124 487 3147 20,
501 3126 543 3148 40.
580 3116 722 3143 Liberiore
736 3117 922 3151 indignatione
931 3119 1100 3154 proscindcre
1113 3120 1172 3147 Val.

110 3148 182 3175 Max.
195 3158 218 3182 5,
231 3160 252 3183 3,
266 3161 287 3183 3·
324 3150 477 3187 Indignatio
492 3152 634 3179 liberrima
655 3153 722 3179 Hor.
736 3153 818 3187 Epod.
831 3164 855 3186 4,
871 3164 908 3181 10.
965 3156 1042 3182 Iocus
1057 3155 1171 3182 liberior

108 3219 193 3260 libera
211 3220 356 3256 Tranquil.
369 3234 392 3256 4,
404 3227 441 3251 16.
478 3224 604 3251 Lectulus
622 3225 691 3251 liber
710 3225 766 3252 Cic.
782 3227 834 3253 Att.
851 3235 884 3260 14,
895 3236 922 3259 ¹3·
959 3228 1171 3262 Legadolibera,

108 3257 166 3281 vid.
183 3260 352 3295 LEGATIO
367 3259 414 3295 sub
436 3266 538 3294 LEGO,
553 3261 631 3295 legas.
684 3261 785 3295 Lingua
799 3262 884 3288 libera
905 3264 987 3290 Ouid.
1003 3273 1035 3290 ex
1057 3266 1131 3291 Pont.
1146 3274 1167 3296 3.

107 3300 131 3331 ²?
145 3299 180 3331 32-
219 3292 275 3318 Clc-
288 3292 340 3332 ᾼῐῐ.
356 3303 374 3333 ¹.’
389 3305 416 3322 10
437 3299 483 3328 (¹3)
502 3298 542 3323 Ita
553 3305 639 3331 neque
661 3296 782 3324 Achaicis
798 3298 964 3335 hominibus,
982 3309 1068 3334 neque
1076 3300 1169 3334 Epiro-

109 3332 170 3352 ncis
184 3327 274 3361 paullo
289 3326 427 3357 liberiores
452 3332 541 3359 literas
561 3333 730 3360 committere
750 3334 842 3361 audeo.
895 3335 982 3362 Locus
996 3335 1066 3363 liber
1085 3336 1168 3363 Plaut.

1230 2694 1292 2715 -tcm
1301 2688 1374 2715 Idem
1388 2688 1490 2715 ibidem
1509 2699 1537 2722 77
1548 2699 1570 2716 c.
1584 2699 1623 2723 29.
1659 2691 1779 2717 Ass'erere
1793 2691 1944 2718 libertatem
1952 2693 2077 2728 Reipubl.
2102 2697 2268 2732 Q1infti1.⁶,
2278 2708 2299 2730 ς,

1239 2725 1378 2759 Capessere
1392 2725 1554 2759 libertatern,
1574 2727 1628 2753 vid.
1643 2732 1809 2754 CAPESSO.
1846 2728 1976 2755 Coalescit
1989 2729 2095 2758 libertas
2116 2733 2206 2761 Tacit.
2226 2736 2295 2762 uisi.

1242 2771 1266 2793 4,
1280 2771 1317 2794 45.
1354 2761 1509 2788 Concedere
1523 2761 1685 2796 libertatem,
1703 2763 1757 2789 vid.
1777 2769 1948 2791 CONCITDO.
1994 2766 2162 2795 Confirmare
2181 2771 2298 2805 aliquem

1239 2797 1368 2828 libertati,
1388 2798 1444 2824 vid.
1468 2804 1675 2825 CONFIRMO.
1715 2799 1866 2825 Detur-bare
1880 2799 2031 2828 libertatem
2047 2804 2137 2832 Senec.
2153 2805 2185 2832 de
2206 2807 2295 2833 Benef.

1361 2833 1418 2860 Cic.
1433 2843 1482 2868 pro
1498 2833 1584 2860 Plane.
1599 2836 1625 2861 16
1646 2833 1763 2861 Tabella
1783 2844 1851 2870 quae
1865 2835 1907 2862 dat
1928 2845 1986 2863 eam
1998 2837 2160 2875 libertatem,
2182 2847 2209 2868 vt
2223 2841 2292 2875 quod

1237 2869 1324 2896 velint
1338 2869 1445 2897 faciant.
1481 2868 1520 2896 Id.
1533 2879 1582 2904 pro
1596 2871 1680 2897 Corn.
1693 2871 1765 2897 Balb.
1780 2880 1808 2903 24
1830 2873 1926 2898 Seruos
1940 2872 2065 2908 denique,
2086 2885 2199 2910 quorum
2213 2877 2253 2903 vis
2268 2883 2293 2904 et

1238 2905 1361 2933 conditio
1375 2906 1467 2932 infima
1481 2906 1517 2932 est
1527 2928 1536 2941 ‚
1555 2905 1623 2932 bene
1637 2906 1670 2932 de
1684 2907 1786 2941 Repub.
1800 2908 1911 2934 meritos
1925 2910 2047 2944 persaepe
2060 2911 2196 2943 libertate,
2217 2912 2243 2938 id
2256 2913 2292 2940 est

1238 2942 1346 2968 ciuitate
1361 2941 1466 2977 publice
1478 2941 1575 2969 donari
1589 2942 1755 2970 videbamus.
1808 2944 1865 2981 Qu
1877 2945 1904 2969 iu
1924 2946 1973 2970 loco
1987 2947 2068 2971 Cicero
2086 2946 2292 2982 nonsimpliciter

1238 2977 1401 3004 Libertatem
1415 2979 1597 3019 interpetratur
1611 2979 1771 3006 Ciuitatem:
1783 2979 1879 3015 sedita
1892 2981 2009 3014 loquitur,
2024 2982 2082 3014 quia
2094 2982 2184 3007 timum
2206 2984 2292 3009 Roma.

964 3011 1087 3045 ‚Egressus
1102 3011 1172 3037 liber
1188 3017 1222 3041 80
1237 3023 1324 3040 norum
1336 3013 1410 3050 serui
1423 3021 1474 3039 tum
1487 3015 1664 3049 ctuesfieliant‚
1683 3025 1757 3050 quum
1766 3015 1874 3050 praemii
1885 3015 1962 3050 caufh,
1982 3024 2011 3040 vt
2023 3015 2063 3041 ille
2078 3016 2136 3042 olim
2149 3017 2249 3045 vindex
2259 3020 2292 3046 li.

1237 3050 1334 3075 berteto
1346 3060 1363 3075 a
1376 3051 1496 3076 Praetore
1504 3051 1601 3084 publice
1615 3052 1777 3077 donabantur.
1820 3052 1870 3077 Sed
1880 3051 1945 3076 alias
1962 3051 2036 3076 etiam
2049 3061 2100 3077 cum
2114 3053 2144 3078 de
2157 3054 2210 3080 ciue
2224 3055 2292 3082 Rom.

1229 3085 1313 3120 sermo
1327 3085 1367 3119 esi,
1384 3092 1431 3121 pro
1446 3093 1494 3111 toto
1509 3086 1563 3111 iure
1575 3087 1717 3123 Qiritium
1728 3087 1831 3121 ponitur
1844 3095 1870 3112 v.
1879 3095 1907 3119 g.
1927 3085 1982 3112 Cic.
1997 3094 2047 3120 pro
2061 3087 2167 3115 Caecin.
2180 3098 2200 3117 c⁴
2216 3099 2249 3122 33.
2268 3098 2292 3117 et

1237 3122 1264 3146 in
1278 3117 1485 3156 disputationibus
1510 3122 1676 3150 Tribunorum
1693 3123 1771 3157 plebis
1783 3122 1852 3156 apud
1862 3120 1960 3147 Liuium
1972 3141 1981 3154 ,
2005 3122 2049 3148 vbi
2066 3121 2229 3152 Libertatem
2248 3133 2291 3152 va.

157 3183 162 3188 .
1236 3164 1304 3190 cant,
1328 3167 1381 3182 cum
1398 3159 1476 3192 paria
1495 3159 1553 3183 iura
1571 3159 1719 3192 plebeiorum
1736 3165 1759 3182 et
1771 3157 1950 3192 patriciorum,
1969 3157 2007 3182 ius
2025 3160 2154 3193 connubii,
2175 3161 2291 3188 honorum

109 3183 190 3210 Onld.
205 3184 268 3213 Fast.
280 3197 303 3220 4,
315 3189 371 3221 946.
407 3189 460 3215 Iter
468 3188 585 3216 liberum
605 3189 672 3216 Hor.
682 3189 711 3215 in
724 3189 814 3216 Carm.
830 3190 972 3224 Saecul.43.
1011 3192 1169 3218 Iurisdiffio
1189 3199 1219 3226 85
1236 3193 1474 3221 communicationem
1488 3201 1532 3219 etc.
1549 3200 1646 3228 petunt,
1659 3194 1702 3218 vel
1713 3192 1858 3226 defindunt.

1910 3192 1965 3218 Cic.
1974 3200 2023 3226 pro
2041 3193 2109 3221 sext.
2124 3196 2156 3227 69
2182 3197 2230 3224 Sed
2245 3206 2290 3224 eos

1235 3229 1403 3255 voluntatem
1420 3230 1521 3263 semper
1542 3228 1651 3255 eandem
1663 3246 1671 3259 ‚
1697 3227 1847 3255 libertatem
1861 3236 1913 3253 non
1928 3227 2037 3254 eandem
2049 3229 2151 3265 semper
2166 3231 2290 3260 habuisse,

1233 3265 1367 3292 Inculcare
1380 3272 1458 3299 atque
1474 3264 1577 3291 tradere
1589 3264 1749 3299 libertatem,
1771 3265 1823 3289 vicl.
1843 3268 2004 3292 INCVLCO.
2040 3265 2095 3292 Cic.
2109 3265 2141 3292 de
2162 3268 2252 3302 Legib.
2267 3277 2288 3301 3,

1233 3308 1261 3333 38
1283 3300 1447 3363 {Jibertatem
1462 3301 1536 3327 istam
1554 3300 1654 3335 largior
1668 3301 1778 3335 populo,
1798 3305 1827 3325 vt
1838 3305 1864 3324 et
1877 3298 2034 3327 auctoritate
2048 3301 2163 3335 valeant,
2181 3312 2207 3331 et
2215 3310 2288 3331 vtan.

1231 3343 1276 3363 tur
1303 3346 1372 3364 onis.

1407 3337 1528 3363 Moriens
1541 3336 1648 3363 libertas
1668 3336 1832 3363 Tacit.Ann.
1848 3343 1865 3365 1,
1875 3344 1910 3367 74.
1947 3335 2225 3366 Obruerelibertatem
2234 3339 2289 3366 bel-

109 3363 167 3389 (Ῐόἶῖ
182 3373 203 3396 3,
218 3372 241 3396 2,
257 3372 278 3394 7·
317 3364 388 3396 Conf.
401 3365 438 3392 Id.
451 3368 530 3395 Poen.
545 3378 563 3402 1,
579 3379 597 3402 1,
610 3378 649 3402 49.
668 3376 691 3395 et
703 3378 725 3403 3,
741 3379 763 3404 2,
779 3379 814 3401 25.
852 3371 922 3398 Loca
935 3371 968 3398 ab
981 3372 1089 3398 arbitris
1102 3372 1169 3399 libe·
1182 3381 1218 3406 90
1233 3373 1261 3400 lo
1281 3374 1341 3401 Stat.
1355 3373 1419 3400 Silu.
1434 3382 1456 3405 4,
1473 3375 1498 3407 6,
1512 3375 1551 3401 68.
1595 3372 1729 3399 Omittere
1743 3375 1887 3403 coeptatam
1906 3368 2055 3398 libertatem
2069 3373 2159 3401 Tacit.
2180 3374 2246 3401 Hist.
2263 3385 2287 3410 4,

110 3407 149 3430 ra,
170 3401 224 3439 vid:
246 3398 374 3430 Abdrffls,
395 3399 422 3424 in
439 3408 545 3432 ABDO.
603 3405 705 3431 Malum
727 3405 841 3432 liberius
862 3408 925 3442 quid
943 3408 1014 3443 estet,
1034 3408 1169 3442 quaesitum

111 3434 145 3476 est
165 3434 871 3477 Ouid3Ep38,106·,Perfruor-infelixliberioremalo.
898 3444 1017 3469 Haedis&
1026 3443 1168 3477 Hermione,

108 3472 220 3511 interdiu
235 3470 395 3512 libertzcnsfibi
412 3475 525 3505 conqueri
536 3476 609 3503 licere
622 3479 652 3502 de
664 3478 805 3510 infortunio
812 3478 874 3514 suo,
894 3489 966 3514 quam
987 3479 1056 3505 nolin
1074 3480 1100 3505 in
1114 3487 1167 3506 toro

109 3512 220 3540 raptoris
236 3507 338 3547 Pyt-riui.
377 3507 500 3534 Mandatss
513 3508 605 3544 libera,
623 3513 696 3549 Qae
708 3514 807 3547 plenam
819 3515 857 3540 rei
873 3514 1053 3548 constituendae
1064 3516 1167 3551 potesta-

109 3548 156 3580 τεζη
170 3541 258 3567 babent
279 3543 340 3568 Liu.
354 3551 390 3574 37,
404 3545 433 3570 56
443 3550 483 3578 pr.
506 3544 569 3571 Bud-

108 3576 261 3603 Liberrima
275 3578 343 3604 Hor.
359 3578 438 3618 lipxst.
455 3588 509 3619 11],
526 3583 566 3619 3⁵⁴.
597 3582 652 3609 Cic.
666 3584 698 3611 de
707 3586 763 3612 Fin.
773 3596 791 3620 ι,
805 3596 829 3619 33
850 3587 921 3613 Nam
935 3586 1023 3613 libero
1037 3593 1169 3623 ternpore,

109 3620 191 3652 quum
206 3613 290 3640 soluta
305 3613 383 3640 nobis
402 3614 439 3654 est
453 3615 568 3650 eligendi
585 3618 679 3653 optio,
706 3630 841 3657 quumque
863 3622 933 3650 nihil
953 3622 1085 3657 impedit,
1113 3632 1168 3658 quo

108 3656 197 3674 ll‘lanS
218 3657 263 3676 etc.
300 3650 381 3684 Toga
397 3649 490 3691 llel'il,
515 3652 741 3689 Togalllssfigntsscat
753 3659 865 3691 virilem,
881 3668 930 3693 qua
937 3658 1022 3692 summ
1035 3660 1168 3696 adolescen-

109 3690 144 3708 tes
159 3687 306 3725 excedebant
324 3695 336 3710 e
356 3686 494 3721 magisterio
504 3689 698 3723 paedagogorum
710 3699 733 3716 et
744 3694 834 3719 tutoris
845 3695 1008 3725 uuthritate,
1028 3702 1053 3721 et
1060 3695 1122 3730 suae
1136 3696 1168 3721 li-

108 3719 199 3743 bertari
211 3720 427 3754 permittebamur.

107 3759 134 3780 ta
148 3760 208 3792 toga
223 3755 267 3782 est.
305 3757 365 3782 Eam
381 3757 455 3783 etiam
470 3758 556 3793 vellem
569 3758 736 3786 Liberalibus
753 3763 975 3801 indueresoleban!
992 3767 1065 3800 pueri
1082 3767 1109 3793 in
1124 3767 1167 3793 Li-

108 3788 168 3829 beri
182 3790 303 3822 honorem,
322 3793 365 3817 vel
377 3791 477 3819 liberae
498 3794 569 3820 vitae
588 3796 800 3830 Ιῥ’,ρηιζχιὶγηίωιειη.
872 3801 960 3828 Verba
981 3802 1066 3829 libera
1088 3802 1166 3828 edere

109 3824 209 3851 Tibul.
226 3834 244 3859 1,
258 3835 283 3860 9,
297 3829 335 3854 26.
371 3828 421 3854 Via
436 3829 519 3856 libera
533 3830 602 3857 facta
615 3831 735 3858 luxuriae
751 3832 869 3867 Propert.
891 3846 912 3870 3,
927 3847 958 3871 13,
971 3848 994 3870 4.
1051 3838 1121 3864 Vina
1135 3837 1177 3865 li-.

107 3860 171 3887 bera
193 3861 261 3901 Hor.
274 3861 306 3888 de
322 3865 385 3890 Arte
402 3865 475 3893 Poet.
491 3872 527 3897 85.
585 3867 663 3893 Vitae
683 3867 819 3894 liberioris
837 3870 889 3897 iter
909 3873 990 3901 Ouid.
1006 3874 1100 3906 131113,
1114 3880 1167 3905 778.

105 3897 166 3924 Vox
194 3896 281 3924 libera
309 3898 368 3925 Liu.
392 3909 420 3932 5,
451 3911 474 3934 4.

268 3939 290 3960 v
302 3939 320 3961 ο
334 3940 361 3961 1..
382 3935 430 3963 111.

1232 3451 1287 3472 tem
1307 3446 1380 3472 Idem
1395 3446 1473 3471 Verr.
1490 3454 1511 3477 ς,
1526 3454 1546 3477 3.
1727 3477 1730 3481 Δ

1232 3488 1311 3516 atque
1325 3481 1483 3508 inculcatam
1498 3480 1617 3515 recipere
1630 3479 1700 3513 poffit
1715 3477 1873 3504 libertatem.
1912 3477 1983 3505 Idem
2005 3479 2059 3506 Ast.
2075 3489 2109 3514 ¹5,
2123 3490 2134 3513 3
2156 3484 2212 3514 (¹3)
2237 3482 2284 3511 Sed

911 3545 914 3550 ,
1234 3517 1308 3552 quod
1322 3517 1407 3552 egerit
1419 3516 1452 3544 de
1465 3516 1587 3543 libertate
1601 3512 1736 3541 retinenda
1762 3514 1836 3547 (qua
1851 3513 1920 3539 nibil
1934 3514 1970 3540 est
1983 3514 2103 3548 dulcius)
2131 3516 2180 3542 tibi
2207 3518 2284 3543 311611-

622 3549 685 3575 0(Ῐᾶ
703 3548 790 3576 libera
808 3550 890 3577 0¹¹id-
900 3551 932 3577 de
942 3551 1004 3577 Arte
1020 3552 1169 3585 Am·2‚729·
1189 3560 1219 3585 95
1234 3554 1299 3580 tior.
1336 3553 1409 3580 Idem
1423 3553 1455 3579 de
1468 3553 1542 3579 Orat.
1558 3553 1625 3582 1‚226
1639 3559 1659 3576 c.
1674 3558 1701 3580 52
1722 3548 1815 3575 Virtus
1830 3556 1916 3576 tamen
1930 3551 2004 3576 suum
2020 3551 2060 3577 ius
2073 3558 2150 3585 atque
2163 3553 2284 3578 omnium

1233 3599 1324 3616 rerum
1338 3588 1490 3615 libertatem
1505 3586 1663 3621 impunitam
1677 3591 1767 3612 tenere
1783 3584 1884 3612 debeat.

1233 3626 1363 3652 bertatem
1375 3624 1498 3655 alicuius,
1517 3625 1568 3648 wil.
1592 3628 1630 3647 IN
1639 3627 1776 3648 TERCLV
1785 3627 1837 3647 Do.

1232 3671 1256 3694 2,
1268 3667 1323 3690 282.

1232 3703 1313 3723 tatem
1328 3696 1467 3723 vindicati.

465 3723 613 3757 Properm,
629 3733 646 3756 Ι,
660 3732 694 3755 ¹32
713 3726 804 3754 Matris
818 3737 844 3756 et
851 3737 911 3756 ante
925 3730 987 3756 deos
1001 3730 1087 3757 libera
1099 3732 1166 3757 snm-
1177 3738 1224 3755 100
1231 3733 1360 3759 mom-mia.

1233 3769 1305 3803 Conf.
1327 3769 1424 3795 Lucan.
1441 3776 1458 3799 1,
1474 3768 1528 3797 269.
2050 3798 2055 3803 “
2101 3798 2105 3803 ¹

1232 3803 1264 3840 est
1277 3813 1389 3835 regnum
1401 3810 1445 3828 etc.
1482 3800 1603 3827 Libertas
1619 3807 1643 3827 et
1658 3800 1766 3826 licentia
1783 3801 1809 3824 in
1823 3799 1923 3831 mulum,
1942 3806 1985 3832 pro
2007 3799 2103 3834 Effrem
2116 3799 2282 3837 quaa'ainani.

1231 3841 1266 3865 mi
1279 3833 1391 3865 libidine.
1429 3837 1486 3864 Cic.
1501 3836 1579 3863 Acad.
1593 3846 1654 3872 4,30
1674 3837 1709 3862 Vt
1724 3843 1827 3868 verear,
1838 3843 1870 3860 ne
1879 3835 2005 3860 maiorem
2015 3833 2108 3866 largiar
2120 3841 2280 3868 ci‚q1ucon-

1231 3875 1392 3902 tradieturus
1407 3873 1443 3900 est
1456 3872 1606 3899 libertatem
1620 3881 1648 3898 ac
1663 3871 1807 3898 licentiam.
2019 3903 2024 3907 η

549 3902 613 3937 Agri
634 3903 713 3930 liberi
735 3910 812 3938 atque
837 3904 969 3936 immunes
1000 3910 1057 3936 Cic.
1087 3910 1167 3938 Verr.
1183 3918 1224 3939 105
1234 3912 1304 3938 malo
1322 3909 1450 3945 concidit,
1469 3907 1591 3936 libertate
1605 3907 1777 3936 immoderata
1792 3915 1819 3932 ac
1834 3905 1941 3932 licentia
1953 3911 2118 3930 concionum.
2154 3906 2193 3930 Da
2205 3905 2281 3930 Grae.

1231 3420 1269 3441 44.
1307 3409 1419 3436 Perdere
1433 3408 1585 3435 libertatem
1604 3408 1660 3435 Cic.
1675 3416 1724 3443 pro
1739 3405 1828 3433 Rabir.
1842 3405 1928 3433 Posth.
1943 3416 1980 3439 24.
2015 3408 2168 3436 Praecidere
2180 3410 2285 3437 liberta-

1603 3444 1675 3471 Idem
1697 3442 1728 3468 ad
1748 3442 1821 3468 Brut.
1836 3443 1862 3468 16
1884 3443 1960 3475 Qtae
1979 3452 2012 3469 ne
2030 3444 2152 3471 traditam
2168 3446 2286 3479 quidem,

1939 3586 2051 3612 Tenere
2072 3587 2236 3614 interclusam
2252 3587 2282 3613 li-

1907 3621 1998 3648 Tueri
2018 3621 2165 3648 libertatem
2187 3624 2280 3649 Lucan.

1377 3661 1433 3688 Cic.
1449 3660 1481 3687 dc
1495 3661 1566 3685 Orat.
1575 3666 1597 3690 2,
1607 3665 1654 3690 ¹45·
1672 3665 1695 3683 et
1707 3656 1740 3683 de
1755 3658 1816 3684 Nat.
1831 3657 1911 3685 Deor.
1926 3667 1944 3689 1,
1954 3660 1982 3686 56
2004 3658 2085 3684 Soluti
2097 3680 2104 3691 ‚
2123 3659 2188 3684 etin
2204 3658 2283 3684 liber-

1687 3702 1697 3725 3
1724 3693 1908 3729 Obseruationes
1921 3693 1995 3718 aliae.
2041 3692 2158 3719 Libertas
2168 3700 2212 3727 pro
2232 3694 2281 3717 De-

1403 3731 1564 3758 Libertatem
1579 3734 1605 3756 et
1617 3728 1780 3755 consulatum
1796 3728 1824 3755 L.
1844 3727 1937 3754 Brutus
1953 3728 2065 3754 instituit
2080 3729 2146 3754 Tac.
2160 3729 2226 3753 Ann.
2238 3734 2280 3761 pr.

1586 3767 1627 3791 Ita
1634 3765 1708 3800 saepe
1721 3764 1831 3799 sumitur
1844 3762 2008 3797 Respublica.
2062 3765 2151 3797 Nempe
2166 3763 2281 3789 Seruitus

1863 3869 1935 3896 Idem
1949 3878 1998 3904 pro
2011 3869 2091 3894 Flacc.
2108 3869 2132 3893 16
2153 3869 2212 3896 Hoc
2226 3877 2281 3895 vno

1388 3946 1411 3974 K
2232 3940 2278 3965 cia.
