2517 4231
6 3630 9 3637 i

6 3640 9 3654 1

25 1008 32 1014 '
58 1012 121 1030 vum.

18 1500 25 1503 .
51 1468 105 1500 lum
121 1476 230 1502 parare,
250 1466 372 1502 Instruere
392 1466 464 1493 Caes.
481 1466 546 1494 Bell.
561 1466 629 1493 Gall.
646 1475 669 1497 5,
683 1475 702 1498 3.
756 1501 761 1505 Ι
778 1500 784 1506 Π
856 1501 860 1506 ¹
902 1502 907 1506 -

671 1501 815 1528 blanditias
828 1501 909 1528 alicui
936 1501 1114 1571 Ιὲῐιέςιῖηὖεέἷζ

22 4034 27 4038 ‘
59 4035 121 4062 dere
133 4035 192 4063 telis
210 4037 284 4074 Virg.
298 4040 362 4068 Aen.
377 4049 399 4075 2,
411 4048 469 4077 447.

450 234 714 276 PAR

58 331 157 355 tantum
170 325 280 353 Phoebo
293 324 387 360 gaudet
399 324 515 351 Parnasia
528 333 614 360 rupes.
672 324 773 352 Laurus
786 321 903 350 Parnasia
923 323 1000 359 Virg.
1013 323 1103 360 Georg

60 372 82 397 a,
96 367 128 393 ¹8.
185 361 316 395 -Teinpla
332 360 450 387 Parnafia
471 361 554 388 Ouid.
568 361 631 387 Met.
640 368 663 394 5,
670 366 722 394 273.

56 251 127 290 ’701

98 404 113 424 i>
123 404 145 425 Α
154 403 173 423 R
186 404 208 424 Ν
219 405 241 424 Α
252 403 266 424 s
277 403 290 423 s
300 398 317 423 F:
327 403 346 423 v
360 402 374 422 s
384 417 392 428 ‚
410 405 435 429 a,
457 405 510 423 um.
529 396 588 425 Adi,
601 398 676 422 Idem.
695 395 791 422 Anien.
799 393 940 422 Phaenom.
950 396 1019 422 Arat.
1027 404 1052 422 v.
1061 398 1114 422 620

58 433 94 460 Vt
107 433 242 460 Parnafseo
256 441 352 460 munus
364 431 539 459 memorabile
554 430 672 459 Phoebo.

94 475 168 496 PAR
177 476 200 495 N
209 474 226 495 Ε
237 475 252 495 8
263 489 272 501 ,
297 468 356 494 etis.
388 477 424 495 m.
460 469 576 503 [Πάρνης]
611 467 685 492 Mons
698 464 733 501 est
744 466 849 492 Atticae
862 467 986 501 regionis,
1006 467 1103 492 dicitur

57 513 105 540 que
116 512 167 530 tam
179 503 320 539 Masculino
329 524 337 536 ‚
358 513 431 538 qaam
445 503 569 530 feminino
578 510 685 537 genere,
711 508 742 526 vt
772 502 841 528 rabat
854 504 995 538 &epharaim
1052 503 1104 529 Stat

59 539 151 568 Theb.
165 548 199 574 12,
214 543 263 567 620
287 555 333 560 ·-—
354 540 500 574 Parnesque
514 537 644 572 benignus
690 536 746 563 Viti
769 546 807 565 us.

96 581 223 609 rAsito,
261 579 314 602 fise.
352 575 506 610 [ἔτοιμάζω,
532 574 677 606 ἰυτξεπίζω]
718 572 1014 608 ἶῖἰκῖαἰτινᾹρηξῇςηκίρηε
1030 572 1115 608 prima

515 610 541 635 V.
552 618 580 644 g.
600 609 694 634 Parare
707 608 731 634 se
743 607 774 634 ad
788 608 930 636 dicendum
948 609 981 644 est
992 606 1113 648 parefnse

58 613 122 638 idem
128 611 222 651 ficiffi,
241 621 270 637 ae
283 620 331 646 par
344 612 439 638 facere.

51 648 138 682 fau-ere
151 648 266 674 dicendo:
304 655 396 682 parare
408 644 496 680 epulan
514 643 546 679 2st
561 651 635 679 pares
654 642 709 669 illm-
728 654 757 669 ar
775 645 865 679 dignas
880 645 970 678 facere
989 652 1098 670 conium,-

49 682 90 716 fic
104 691 197 717 parare
210 682 387 716 medicinam,
404 689 449 707 etc.

56 721 91 744 ad
100 719 177 753 pretii
191 720 366 753 aequalitatem
377 725 428 742 rum
440 724 475 742 re.

57 800 114 816 rum
125 790 254 816 docebunt:

56 825 166 858 scribat,
187 830 268 859 parat.
350 822 406 849 Cic.
420 823 493 849 Fani.
508 832 531 858 2,
545 832 555 854 3
576 823 617 848 Est
631 823 681 849 tibi
698 822 786 857 grauis
798 820 948 847 aduersaria
961 819 1102 845 constituta

37 864 41 868 “
57 868 84 888 et
95 866 184 895 parata
199 858 364 886 incredibilis
379 858 507 892 quaedam
520 858 690 893 exspeciatio.

56 903 100 924 aut
112 904 204 930 parare
216 893 332 929 aliquid,
351 894 422 928 quod
439 893 468 920 {it
480 895 583 927 carius,
604 903 682 928 quain
696 893 749 928 ipse
763 891 800 918 est
812 891 861 918 fibi
885 891 956 918 Ter.
972 890 1045 917 Adel.
1061 899 1080 923 1,
1096 899 1103 916 1

58 941 89 966 ¹3·
161 931 258 957 Creare
271 937 296 956 et
309 939 401 965 parare
423 929 525 957 Lucret.
540 941 563 964 4,
579 931 633 963 786.
706 929 796 956 Nemo
808 927 905 962 poffet,
925 927 960 953 sat
976 926 1046 959 scio,
1067 933 1101 960 qu

40 966 181 1000 '·haberet‚
205 965 251 1000 qui
265 973 369 1000 pararet
382 965 464 992 alium
474 986 482 998 ,
508 966 578 993 hunc
591 964 694 1000 perpeti
713 963 782 990 Ter.
795 963 860 990 Eun.
875 972 898 996 3,
911 971 937 995 2,
951 971 978 995 34
999 962 1036 997 sc.
1059 963 1103 987 Ser

195 1002 263 1028 Aere
277 1011 368 1036 parare
380 1001 483 1036 aliquid
503 1002 571 1028 Hor.
586 1002 666 1028 Serui.
681 1009 703 1030 2,
717 1009 738 1031 3,
754 1007 804 1031 129.
891 999 1036 1032 Aliquando
1048 996 1103 1032 abso

56 1040 106 1066 lure
114 1038 220 1073 ponitur
231 1039 310 1064 eodem
318 1037 402 1073 sensu.
445 1036 540 1064 Catull.
554 1045 591 1067 10,
604 1044 638 1062 20
658 1035 726 1062 Non
740 1035 841 1068 potrum
855 1034 918 1061 0810
933 1033 1056 1060 homines
1071 1041 1103 1067 pa

55 1082 114 1102 rare
128 1073 224 1100 rectos.
265 1074 322 1100 Vid.
335 1074 370 1099 itui
383 1075 479 1099 Mum.

32 1118 35 1121 ·
54 1109 147 1138 Flacco
158 1117 195 1144 7¹.
268 1109 341 1136 Idem
356 1109 388 1135 cle
401 1107 506 1134 Amicit.
520 1115 547 1141 ςς
567 1106 641 1141 Qud
656 1112 745 1133 autem
759 1106 878 1139 stultius,
898 1115 977 1140 quani
991 1110 1019 1131 vt
1030 1104 1103 1139 pluri

53 1155 127 1173 mum
143 1145 246 1179 copiis,
270 1144 454 1179 facultatibus,
491 1143 585 1178 opibus
601 1143 709 1178 polIint,
746 1148 847 1168 caetera
863 1150 970 1176 parare,
990 1149 1056 1175 qnae
1072 1149 1103 1175 pa

52 1189 163 1214 rantur,
182 1181 339 1216 pecuniam,
359 1188 456 1214 equos,
476 1179 606 1212 famulos,
626 1178 723 1204 vestem
737 1177 965 1247 egregiani‚<vasa
981 1177 1112 1247 piffitiosai
1133 1188 1161 1212 25
1178 1182 1275 1216 gustati
1287 1188 1347 1209 tuae
1361 1182 1509 1217 periculum
1525 1182 1639 1208 afferret,

911 1219 940 1240 vt
954 1219 989 1239 ita
1023 1221 1090 1239 icam

53 1219 164 1245 Amicos
180 1226 233 1242 non
246 1225 353 1251 parare,
383 1215 511 1250 optimam
523 1221 550 1242 et
564 1214 771 1250 pulcherrimam
783 1215 855 1240 vitae

52 1252 260 1289 supellec'tilemZ

52 1290 149 1316 neficio
164 1296 234 1315 meo.

52 1327 138 1352 Amor
149 1331 256 1360 paratur
268 1323 343 1358 saepe
358 1322 474 1350 ludendo
495 1322 577 1349 Ouid.
593 1322 625 1348 de
639 1323 703 1348 Arte
718 1322 806 1354 Am.3,
816 1324 869 1354 368.

53 1361 132 1392 stem,
161 1368 272 1392 aui-um,
293 1359 373 1386 alicui
387 1366 479 1394 parare
517 1359 585 1386 Hor.
597 1359 680 1386 Serm.
694 1367 716 1393 2,
731 1368 753 1391 3,
766 1366 818 1390 215.

51 1405 96 1428 re,
117 1395 272 1430 dextrasque
309 1395 368 1422 Liu.
387 1403 422 1428 35.
440 1404 474 1426 35-
571 1394 682 1421 Animos
701 1394 765 1420 vina
778 1398 870 1428 parant

51 1434 111 1459 Am.
129 1442 145 1464 1,
159 1440 210 1464 237.
282 1431 466 1466 Arma‘pamre
480 1430 604 1457 aduersus
620 1430 737 1465 aliquem
755 1429 828 1457 Idem
842 1428 906 1455 itast.
915 1438 938 1462 4,
946 1437 1010 1464 700.

331 1252 400 1279 Ter.
416 1251 481 1277 Eun.
498 1260 516 1286 1,
531 1260 553 1284 2,
569 1254 602 1283 (19
622 1250 711 1285 Cupio
725 1250 829 1285 aliquos
843 1258 934 1284 parare
950 1249 1055 1275 Amicos
1070 1248 1101 1275 be

321 1287 429 1314 Amicos
442 1295 482 1313 res
495 1287 600 1321 opimae
614 1292 721 1321 patant,
740 1286 826 1313 tristes
840 1285 954 1320 probant
973 1284 1104 1316 Publ.Syr

916 1357 1027 1383 Animos
1042 1365 1102 1392 para

51 1504 133 1531 Ouid.
149 1504 222 1529 Rem.
235 1503 328 1530 Amor.
342 1511 359 1530 2
377 1503 396 1528 i.
417 1509 503 1529 contra
516 1512 560 1530 me.

51 1548 78 1573 2,
91 1548 127 1574 19,
140 1547 174 1572 17.
246 1539 377 1574 Campum
389 1537 420 1564 ad
435 1544 567 1565 certamen
589 1538 665 1572 Virg.
680 1538 745 1563 Aen.
759 1546 792 1571 12,
810 1539 857 1564 116.

51 1575 88 1603 Ies
99 1596 106 1609 ‚
126 1575 214 1610 ignem
234 1575 340 1602 Lucret.
354 1584 378 1608 5,
392 1583 464 1607 ¹009·
555 1573 643 1600 Clanis
661 1573 724 1600 haec
739 1573 808 1599 mibi
821 1578 928 1608 paratur
949 1573 1011 1599 Stat.
1027 1572 1103 1599 Achil

51 1619 72 1645 1,
85 1620 108 1643 31
122 1628 125 1631 «
139 1618 169 1636 vt
188 1612 256 1637 modo
270 1620 300 1637 ex
316 1611 405 1637 Ouidio
424 1610 551 1635 habuimus
570 1609 641 1636 Bella
661 1609 730 1635 mihi
750 1615 884 1642 parantur.
922 1609 956 1636 al.
984 1608 1103 1635 Minatur

52 1646 109 1675 Cic.
126 1648 178 1673 Att.
193 1658 218 1679 4,
232 1651 246 1676 8
284 1647 369 1673 Multa
389 1654 432 1672 me
452 1645 481 1671 in
494 1644 605 1680 epistola
618 1652 660 1672 tua
675 1644 853 1671 delectarunt:

53 1691 132 1718 quam
150 1682 238 1716 patina
251 1681 429 1714 Tyrotarichi
444 1681 562 1707 Coenam
579 1681 665 1715 parari
682 1680 798 1707 Disculo.

53 1719 100 1745 aio
112 1717 255 1744 intr-odam
267 1728 283 1744 a
295 1717 408 1744 Vmor-io.
447 1719 575 1743 Caeterum
586 1717 639 1741 vid.
652 1715 818 1742 Conuiuium
826 1735 835 1748 ‚

53 1762 129 1788 rare,
148 1753 231 1787 infra.
302 1752 527 1780 Connubia'natis
548 1752 608 1778 Stat.
623 1750 708 1777 Achil.
722 1759 745 1782 2,
758 1759 808 1782 ¹34.

53 1793 120 1818 Aen.
137 1798 156 1821 i,
170 1792 225 1822 6⁴²-
295 1788 462 1816 Conuiuium
475 1787 606 1813 instruere
619 1792 645 1812 et
659 1794 751 1820 parare
771 1785 827 1812 Cic.
841 1785 999 1818 Verr.4,62.
1046 1785 1102 1811 Cur

52 1827 94 1852 sus
118 1825 194 1860 Virg.
208 1825 274 1851 Aen.
288 1833 316 1857 4,
330 1832 389 1855 299-
464 1822 550 1855 Dapes
570 1820 642 1848 Idem
656 1821 707 1848 Ecl.
721 1825 746 1854 6,
759 1827 802 1856 79.
891 1821 1007 1847 Diuitias
1029 1819 1101 1847 Ouid

52 1860 139 1887 Trist.
155 1869 174 1892 1,
187 1869 209 1891 2,
222 1867 259 1892 7ς.
339 1857 486 1884 Dominum
499 1856 548 1883 fibi
576 1857 674 1884 Lucan.
687 1860 712 1891 6,
727 1860 785 1884 262.

50 1897 142 1929 Itaque
161 1894 190 1920 id
208 1894 295 1928 ipsum
312 1893 422 1926 dubito,
459 1901 493 1919 ati
504 1893 705 1920 Excusationem
727 1892 845 1927 aliquam
864 1891 897 1919 a'd
918 1893 994 1919 illum
1014 1901 1102 1927 parem

49 1930 174 1964 Ei'templa
188 1929 268 1957 alicui
307 1931 399 1957 quen.
413 1930 463 1956 Sat.
478 1938 503 1961 9,
520 1937 563 1960 ¹35·
658 1929 798 1962 Exsequias
836 1927 919 1955 Ouid.
932 1929 998 1956 Fast.
1019 1937 1041 1962 2,
1061 1931 1103 1958 816

49 1967 106 1995 Cic.
119 1965 204 1993 Tusc.
217 1974 240 1999 2,
255 1974 287 1999 39
311 1965 367 1998 Qii
381 1965 458 1992 alteri
472 1964 590 1991 Exitium
602 1970 690 1999 parat,

49 2009 132 2031 ratam
147 2002 260 2037 pestem,
278 2007 306 2028 vt
320 2000 458 2036 participet
471 2009 570 2035 parem.
608 2001 646 2026 Ex
658 2002 742 2028 Pom.
815 2000 925 2027 Facinus
940 2001 1012 2027 triste
1031 2000 1102 2027 Ouid

31 2060 33 2063 .
49 2039 116 2066 Met.
131 2040 155 2071 6,
170 2041 227 2070 623.
300 2037 426 2064 Formam
446 2036 521 2063 Idem
535 2036 567 2062 de
580 2037 645 2062 Arte
657 2037 717 2062 Am.
731 2045 753 2068 3,
767 2044 824 2069 234.

51 2080 131 2111 gnas,
163 2079 189 2100 et
201 2072 321 2107 copiam,
367 2074 391 2098 h.
410 2082 431 2098 e.
453 2071 569 2097 Diuitias
588 2071 648 2096 Liu.
662 2079 700 2102 ²4-

51 2112 141 2144 Qiain
154 2108 197 2135 hic
211 2109 310 2142 Fugam
324 2113 369 2134 aut
381 2108 484 2133 furtum
498 2106 589 2141 parat?

53 2154 121 2181 quae
129 2142 287 2179 parabatur,
306 2142 419 2177 repressa
434 2140 479 2167 est.
587 2141 687 2176 Fugam
700 2147 726 2168 et
741 2141 826 2168 socios
854 2141 929 2175 Virg.
943 2141 1006 2167 Aen.
1021 2150 1039 2174 i,
1058 2143 1102 2173 364

52 2179 174 2209 Gratiam
185 2179 298 2206 alicuius
339 2178 432 2206 Tacit.
453 2177 523 2204 Ann.
543 2185 578 2210 12,
598 2185 626 2210 4.
735 2177 867 2204 Homines
880 2184 991 2212 parare,

52 2216 151 2246 Catull.
175 2215 231 2242 Vid.
238 2214 328 2250 supra.
400 2214 504 2240 Hortos
517 2212 622 2247 aliquos
641 2213 697 2239 Cic.
705 2213 757 2239 Att.
768 2221 802 2246 12,
818 2222 851 2246 ¹9·

31 2265 33 2268 ·
54 2254 176 2288 Propert.
189 2259 212 2286 3,
225 2258 264 2282 23,
280 2252 315 2276 16.
406 2248 496 2276 Imber
508 2249 639 2275 maximus
654 2252 761 2284 paratur
774 2247 899 2283 agricolis
920 2248 996 2284 Virg.
1012 2249 1103 2282 Georg

53 2300 73 2320 1,
87 2297 141 2323 4²9·
231 2285 339 2313 Infidias
366 2284 447 2312 Ouid.
464 2283 526 2311 Fast.
543 2293 564 2314 2,
580 2288 632 2316 638.

54 2325 150 2353 Diuin.
160 2332 180 2350 i.
276 2318 409 2348 Inuidiaui
428 2320 507 2347 alicui
526 2328 559 2346 ex
572 2320 616 2346 sua
629 2329 657 2346 re
671 2320 799 2347 familiari
835 2320 909 2347 Idem
922 2320 951 2347 in
965 2320 1066 2346 Sallust.

55 2363 111 2390 Iras
130 2360 216 2387 Seuec.
228 2356 339 2391 Hippoi.
351 2357 370 2383 s.
383 2365 421 2384 10.

56 2396 154 2424 Letum
164 2392 242 2422 alicui
268 2394 371 2420 Lucret.
388 2395 415 2428 6,
432 2401 494 2425 1227.
579 2393 665 2418 Locus
680 2397 789 2427 paratur
801 2392 886 2427 epulis
907 2393 1002 2418 Lucan.
1015 2402 1038 2425 7,
1052 2399 1101 2427 792

56 2433 158 2460 Locum
169 2438 198 2457 ac
206 2428 297 2458 ,sedem
310 2429 390 2455 alicui
409 2429 480 2456 Caes.
494 2427 559 2456 Bell.
574 2428 641 2455 Gall.
657 2437 675 2461 1,
687 2437 720 2460 31.

57 2471 132 2502 kare,
160 2464 405 2493 interficiendorum
417 2465 563 2492 C6nsuium
577 2465 649 2490 causa
685 2464 778 2491 Cic.in
792 2464 872 2492 Catil.

59 2504 117 2533 feto
125 2507 244 2538 paratur,
274 2510 372 2535 quum,
393 2509 437 2528 etc.
459 2499 540 2528 Ouid.
555 2500 631 2527 Rem.
647 2501 739 2527 Amor.
753 2509 790 2533 91.

56 2543 154 2574 pugnae
175 2536 250 2565 idem
266 2538 328 2564 Met.
343 2546 368 2570 9,
385 2546 419 2569 34.

53 2572 260 2609 Nee'effitudines
285 2574 356 2600 Caes.
372 2573 435 2600 Bell.
447 2573 516 2600 Gall.
530 2579 554 2605 8,
567 2581 604 2605 53.

50 2609 112 2637 Am.
126 2619 145 2643 1,
157 2618 194 2645 73.
282 2609 442 2636 Orationem
456 2608 504 2635 fibi
519 2617 626 2643 parare,

53 2647 157 2680 versus,
177 2646 220 2672 vel
233 2646 261 2672 in
274 2645 390 2680 aliquem
411 2645 492 2672 Plaut.
506 2645 594 2672 Pseud.
607 2653 626 2678 1,
637 2653 659 2676 ς,
672 2653 708 2682 39.

52 2689 75 2715 3,
87 2690 132 2714 3¹2·
215 2680 357 2708 Prandium
370 2690 462 2717 parare
483 2681 566 2708 Plaut.
585 2679 681 2715 Amph.
695 2690 719 2714 4,
733 2690 756 2714 4,
769 2690 803 2714 17.

53 2717 126 2744 Caes.
141 2716 204 2744 Bell.
217 2717 299 2744 Ciuil.
316 2727 334 2750 1,
347 2727 384 2751 27.
543 2717 548 2721 “

858 1682 908 1706 Secl
923 1682 998 1715 plane
1010 1679 1062 1706 alia
1082 1680 1105 1704 le

872 1716 901 1742 it.
917 1715 1059 1742 Prandium
1073 1723 1103 1748 pa

881 1751 1016 1777 Conuiuia
1041 1750 1105 1783 Virg

663 2609 717 2635 vid.
739 2614 819 2636 ORO.

44 2823 121 2852 *inter
129 2825 158 2860 fi’
170 2825 296 2852 diamant.

40 2871 47 2874 “
54 2859 208 2888 dicebantur
215 2882 224 2895 ,

53 2903 109 2924 ret:
144 2901 190 2923 aut
210 2897 281 2923 inter
300 2898 325 2923 se
339 2896 528 2931 comparabant
541 2895 572 2922 de
586 2896 665 2922 rebus
678 2897 735 2931 lege
746 2896 888 2925 ‘mandatis

53 2973 144 2995 vti-um
155 2968 246 3002 exire,
267 2974 356 2995 vtrum
370 2968 445 2995 domi
458 2977 567 2995 manere
580 2974 727 3002 oporteret.

53 3047 167 3068 tarent...

55 3111 170 3144 Curtius)
191 3112 264 3138 inter
280 3113 305 3139 se
318 3117 487 3147 parauerunt.

51 3146 131 3183 isset,
164 3148 190 3174 se
203 3153 355 3183 paraturum
369 3157 429 3175 cum
443 3148 559 3183 collega:
578 3160 580 3162 v
594 3146 736 3183 praeceffit,
762 3148 825 3181 sese,
849 3148 866 3175 fi
881 3149 987 3176 licitum
1000 3149 1062 3176 ess‘et
1078 3149 1102 3176 le

57 3186 119 3215 gem¹
131 3183 256 3211 curiatam
267 3184 354 3218 ferre,
374 3184 530 3211 sortiturum
543 3184 591 3210 ess'e
605 3193 665 3210 cum
677 3184 776 3218 collega
791 3185 967 3219 prouinciam.

54 3253 113 3286 ftre
131 3253 214 3279 vritur
227 3255 329 3283 Liuius.
369 3257 424 3283 Vid.
447 3262 624 3283 COMPARO
645 3265 671 3283 ii.
690 3265 711 3286 5.

56 3430 84 3470 [ἓ-
94 3430 183 3457 effent.
256 3432 372 3471 Asperum
386 3431 449 3472 {ilud
460 3440 547 3461 PARO
562 3437 581 3462 i.
593 3436 683 3470 efficio,
701 3446 766 3473 emo,
785 3441 834 3463 etc:
846 3437 900 3462 vid.
908 3437 959 3472 s.l.
1065 3435 1103 3461 Rc

59 3465 144 3492 ditum
160 3472 233 3501 parat
247 3466 295 3493 fibi
308 3472 333 3493 et
345 3468 423 3494 sociis
459 3469 528 3497 Hor.
541 3471 619 3505 Epist.
635 3482 654 3505 1,
668 3481 689 3506 2,
704 3481 736 3499 21.
831 3472 922 3507 Regna
935 3479 1039 3499 aeterna
1060 3479 1102 3497 ma

57 3510 112 3542 gno
125 3508 251 3543 parantur
271 3503 368 3543 Lucan.
384 3512 403 3537 i,
415 3510 452 3537 35.
523 3505 596 3533 Sacra
607 3514 734 3542 parantur
753 3508 831 3542 Virg.
846 3509 913 3534 Aen.
923 3517 1000 3543 2‚132.
1072 3507 1103 3533 Sa

57 3545 186 3572 pientiam
217 3539 273 3565 Cic.
290 3538 322 3564 de
337 3539 427 3566 Fm.1.

59 3685 100 3706 ret
115 3680 149 3707 Se
157 3682 189 3710 ad
202 3682 372 3722 discendum?
470 3682 552 3709 Ouid.
568 3684 631 3712 Met.
645 3688 670 3718 6,
683 3688 722 3719 613
760 3689 792 3716 In
806 3696 886 3714 omne
900 3688 971 3714 nefas
991 3695 1042 3721 ego
1061 3695 1104 3712 me

59 3723 181 3749 germana
189 3735 198 3749 ‚
232 3726 334 3753 paraui.

59 3787 84 3817 23
97 3792 132 3815 18.
200 3789 298 3816 Solatia
312 3790 359 3817 fibi
380 3790 461 3817 Ouid.
478 3790 553 3816 Rem.
570 3791 659 3817 Amor.
672 3801 729 3824 449.

59 3830 152 3849 omnes
164 3832 234 3851 meas
249 3825 424 3853 vindemiolas
437 3835 470 3853 eo
483 3826 606 3858 reseruo,
643 3832 671 3852 vt
685 3827 750 3853 illud
762 3829 909 3857 Subsidium
930 3829 1057 3856 senefluti
1071 3838 1103 3864 pa

59 3866 125 3925 {eig-
151 3902 182 3926 ¹7.
219 3859 291 3887 Tela
308 3862 390 3890 Ouid.
406 3863 469 3889 Met.
484 3871 504 3895 3,
517 3863 558 3894 46.
630 3861 719 3888 Verba
732 3862 818 3895 dulcia
830 3866 909 3893 alicui
930 3866 1002 3893 Idem
1019 3867 1103 3891 Amor

58 3913 187 3956 tiban'iur.
238 3936 240 3938 ’
255 3932 336 3960 Ouid.
350 3935 415 3962 Met.
427 3944 450 3968 2,
463 3937 512 3969 576
533 3933 596 3960 Vim
610 3939 683 3967 parat
695 3939 722 3959 et
735 3934 860 3968 sequitur.

59 3999 159 4027 Animo
173 3999 264 4034 Virili,
281 4004 464 4040 praesentique
477 4011 505 4034 vt
519 4005 565 4042 fis,
586 4012 649 4039 para
665 4005 713 4030 int.
725 4009 761 4031 te.

520 681 562 705 Ita
577 688 670 713 parare
681 679 783 714 aliquid
798 688 858 707 aere
882 683 901 706 i.
919 689 998 705 emere
1011 678 1112 713 respitie

549 715 636 741 Latius
651 716 757 748 desnde,
775 723 806 741 vt
821 716 866 749 fir,
888 714 988 750 extensa
1001 723 1053 740 cum
1066 712 1112 748 vsu

56 754 303 790 verbiflgnifican'o,
323 761 395 786 quam
408 751 519 785 exempla
532 751 618 776 mellus
627 772 635 783 ‚
656 760 727 787 quam
742 753 881 785 §synonyma
893 750 1003 775 aliarum
1014 751 1114 782 lingum

320 788 351 815 Τ
352 792 434 813 erent.
448 786 477 812 in
485 787 556 813 Prol.
571 787 678 813 Phorm.
692 795 738 819 v.3
759 784 908 812 Male-dietis
921 785 1064 815 deterrere,
1079 791 1112 809 ne

786 857 829 883 ‘In
842 855 961 882 animum
976 855 1114 881 instituere

588 1072 673 1106 Agros
687 1070 786 1097 alicubi
800 1070 848 1096 fibi
863 1078 955 1105 parare
992 1069 1048 1096 Cic.
1062 1077 1114 1103 pro

941 1320 1057 1347 Ancillas
1069 1329 1112 1347 ve-

908 1393 989 1420 Ouid.
1003 1392 1036 1419 de
1049 1394 1113 1419 Arte

1055 1428 1112 1455 Bel.

824 1465 896 1492 Bella
909 1470 1034 1500 parantur
1047 1463 1117 1490 mihi

890 1644 933 1671 sed
947 1643 1016 1671 nihil
1031 1643 1114 1678 magis

895 1857 950 1883 Cic.
964 1857 1017 1883 Att.
1032 1865 1066 1889 12,
1080 1857 1113 1882 26

727 1965 795 1992 Eum
807 1964 875 1991 seire
890 1970 996 1999 oportet
1010 1964 1056 1992 sibi
1070 1973 1111 1999 pa-

916 2036 1044 2062 Fortuuas
1059 2044 1113 2061 ina-

810 2071 880 2097 Ter.
895 2070 1003 2097 Phorm.
1015 2080 1036 2102 -1,
1052 2080 1075 2102 4,
1090 2080 1113 2103 14
1131 2083 1163 2106 50

696 2105 754 2132 Cic.
769 2106 822 2132 Att.
835 2113 862 2140 7,
877 2113 904 2138 23
936 2107 1029 2139 Itaque
1043 2106 1112 2139 Fuga

1029 2179 1113 2203 Emere

958 2212 1113 2247 Hospitium

740 2284 885 2312 Interitum
898 2285 977 2311 alicui
1010 2285 1065 2310 Cic.
1080 2284 1112 2310 de

563 2356 568 2360 ,
998 2356 1003 2360 ,
1086 2328 1112 2353 9·
1176 2325 1303 2352 sustinere
1330 2326 1403 2352 Caes.
1417 2326 1480 2352 Bell.
1495 2325 1563 2353 Gall.
1581 2333 1604 2358 8,
1619 2336 1656 2356 42.

493 2357 547 2383 Iter
560 2365 588 2382 in
605 2356 787 2383 Macedoniam
808 2356 880 2383 Caes.
896 2356 958 2383 Bell.
972 2356 1064 2389 Ciu.3,
1078 2365 1111 2388 33.

811 2428 922 2455 Manum
936 2428 1053 2454 militum
1069 2437 1111 2462 pa-

976 2463 1112 2491 Medicina

885 2499 1005 2527 Membra
1019 2499 1112 2536 paraui

508 2537 598 2563 Motus
610 2545 719 2571 magnos
733 2535 786 2562 fata
798 2543 891 2571 parant
918 2537 1015 2563 Lucan.
1028 2545 1051 2570 2,
1070 2538 1111 2566 63.

685 2573 787 2599 Necem
801 2572 880 2599 alicui
905 2573 987 2600 Ouid.
1002 2572 1034 2599 de
1046 2574 1110 2599 Arte

912 2608 1055 2635 Orationes
1069 2608 1112 2635 ad.

815 2644 916 2672 Praelia
930 2644 987 2671 dira
1014 2645 1110 2673 Lucan.

910 2679 1110 2708 Profectionem

469 2717 623 2744 Prouincias
638 2725 745 2752 parare,
765 2717 809 2743 vel
814 2717 964 2752 simpliciter
977 2717 1052 2743 etiam
1068 2725 1110 2751 pa-

53 2761 113 2781 rare
127 2754 243 2779 dicuntur
255 2753 366 2789 Consules
378 2761 402 2780 et
416 2754 464 2779 alii
475 2753 653 2789 magistratus,
672 2763 723 2778 cum
737 2761 784 2779 non
793 2752 878 2788 sime,
896 2753 942 2789 [ed
952 2754 1109 2778 conuentione

53 2796 77 2816 et
90 2796 171 2816 mutuo
182 2787 308 2825 consensu,
340 2790 502 2825 Ρνοιιῐησίας,
531 2789 613 2815 aliaue
632 2789 732 2824 neg'ott‘a
747 2789 903 2824 indtscretim
915 2788 972 2823 ipfis
985 2789 1111 2815 attributa
1119 2799 1151 2824 70

389 2825 519 2851 Festusin
534 2825 636 2859 Fragm.
647 2833 672 2859 p.
689 2833 728 2860 22,
744 2834 756 2857 3
783 2825 878 2852 Parare
892 2825 963 2851 inter
977 2824 1002 2850 se
1014 2833 1112 2851 munus

261 2870 321 2887 cum
335 2861 441 2888 sortitio
453 2860 531 2887 fiebat
544 2869 559 2885 a
572 2860 739 2894 magistratu,
776 2866 863 2887 Vtram
877 2870 935 2888 reni
947 2869 1024 2895 agere
1036 2860 1124 2887 debe-

956 2922 967 2934 ς
977 2897 1068 2931 Itaque
1082 2897 1111 2923 in

37 2933 158 2965 ‘semitm
195 2938 222 2959 et
241 2932 271 2959 in
291 2933 404 2959 comitio
424 2941 532 2967 quoque
551 2931 659 2965 sortiri,
694 2937 739 2959 aut
754 2933 826 2959 inter
839 2933 864 2959 se
876 2941 969 2967 parare
982 2932 1111 2965 solebant,

770 2982 815 2990 --
857 2969 927 3003 Lege
941 2969 1021 2995 etiam
1036 2978 1110 2995 caue-

53 3003 148 3040 batur,
165 3011 196 3031 vt
210 3009 295 3031 certos
311 3004 382 3031 in‘tra
395 3004 450 3030 dies
463 3003 589 3038 designati
602 3003 767 3038 magistratus
780 3005 932 3039 prouincias
949 3005 1020 3031 inter
1036 3005 1061 3031 se
1069 3014 1112 3039 pa-

245 3040 344 3067 Sallust.
363 3042 419 3075 Iug.
435 3048 466 3074 43
504 3041 541 3074 Q
550 3040 675 3067 Metellus
687 3046 713 3067 et
727 3041 764 3067 M.
772 3041 874 3068 Silanus
888 3047 971 3069 coss.
985 3040 1113 3075 defignati

54 3075 207 3110 prouincias
246 3077 382 3110 (omittunt
401 3078 443 3102 hoc
455 3085 540 3102 nomm
553 3076 609 3102 boni
621 3077 689 3103 codd.
704 3077 790 3112 quibus
803 3078 1013 3113 obtemperandum
1033 3076 1112 3112 censet

564 3111 621 3140 Cic.
635 3112 705 3139 Fam.
721 3121 740 3145 1,
753 3121 768 3146 9
778 3113 826 3147 fin.
845 3113 872 3139 Si
886 3113 985 3139 curiata
1000 3112 1043 3138 lex
1056 3122 1110 3140 non

1039 3186 1114 3211 Nem.

54 3221 87 3252 pe
99 3223 144 3242 aut
156 3218 331 3247 sortiebantur
342 3220 496 3256 prouincias
516 3227 560 3246 aut
571 3219 698 3254 parabant
704 3220 730 3255 s.
744 3220 947 3256 comparabant,
979 3219 1029 3256 quo'
1038 3221 1113 3246 verbo

807 3258 936 3283 Caeterum
956 3257 1050 3283 Parare
1068 3256 1113 3282 boc

51 3286 128 3330 [ενι-[ζα
145 3288 220 3314 eriam
239 3290 307 3316 dixit
327 3291 422 3318 eamus
436 3292 554 3320 Hemina
565 3294 634 3327 apud
653 3291 779 3319 Diomed.
794 3301 802 3319 1
816 3301 841 3327 p.
854 3301 895 3326 379
915 3302 946 3319 ex
959 3291 1113 3328 restitutione

56 3324 79 3349 l·
94 3324 121 3349 l'·
138 3323 257 3364 Gronouii
277 3326 344 3361 Obffl
357 3336 380 3357 ι,
392 3336 426 3361 10¹
441 3329 485 3354 vbi
496 3336 575 3355 monet
588 3338 618 3354 ex
633 3330 708 3355 MSS.
721 3329 848 3364 lfflemlum
870 3329 1005 3356 Pastorum
1018 3327 1112 3362 vulgus
1120 3337 1149 3363 85

57 3357 113 3385 fine
126 3364 297 3400 contentione
309 3362 496 3398 consentiendo
513 3363 698 3399 praefecerunt
712 3363 858 3398 aequaliter
869 3365 986 3400 imperio
1000 3365 1115 3390 Remum

43 3410 45 3414 ’
57 3401 83 3421 et
96 3393 258 3426 Romulum,
288 3401 326 3423 ita
338 3402 367 3424 vt
380 3396 412 3424 de
426 3407 509 3432 regno
522 3406 615 3434 parent
627 3400 698 3427 inter
713 3402 737 3428 se
749 3407 793 3436 pro
808 3401 928 3436 vulgato,
956 3408 1029 3435 pares
1042 3400 1114 3425 inter

31 3573 34 3575 .
84 3573 90 3578 ¹
519 3540 552 3567 Se
563 3542 595 3569 ad
606 3543 706 3579 aliquid
720 3553 814 3580 parare
851 3544 920 3571 Ter.
936 3545 1000 3571 Eun.
1016 3551 1038 3576 2,
1051 3551 1075 3578 2,
1086 3552 1114 3576 9.

6 3606 8 3610 ι
50 3572 115 3613 ›Cic-
127 3574 198 3601 Fam.
215 3584 234 3608 1,
249 3584 261 3606 7
283 3575 343 3601 Huc
355 3580 388 3615 te.
397 3583 488 3615 pares,
512 3575 577 3616 haec
589 3579 702 3614 cogites,
723 3579 831 3615 adhaec
845 3584 870 3606 te
883 3588 1012 3606 exerceas.

58 3616 89 3649 iii
100 3609 175 3649 Orat.
184 3619 229 3651 *122
243 3619 266 3636 c·
280 3618 307 3642 35
315 3646 320 3651 .
335 3611 409 3643 Qud
422 3620 475 3638 1³⁰¹
487 3611 621 3652 sequitur,
647 3616 839 3650 quodquidem
853 3617 915 3642 artis
930 3617 959 3643 fit
968 3636 976 3648 ‚
1009 3614 1057 3641 nifi
1071 3623 1113 3641 or-

59 3643 112 3671 diri
125 3653 276 3673 orationem
284 3666 293 3679 ,
313 3655 342 3673 in
356 3655 409 3680 quo
423 3651 467 3673 aut
481 3647 640 3676 concilietur
648 3651 771 3686 auditor,
797 3658 841 3678 aut
855 3652 969 3686 erigatur
979 3672 986 3683 ,
1011 3656 1056 3676 aut
1069 3659 1112 3684 pa-

1073 3578 1111 3605 Id.

91 3750 96 3755 ¹
390 3718 464 3752 Conf.
477 3719 561 3744 Burin.
575 3721 610 3745 ad
627 3721 751 3754 Calpurn.
770 3723 851 3750 Flacc.
874 3724 948 3750 Deci.
969 3731 995 3755 25
1015 3732 1039 3755 ρ.
1059 3728 1124 3754 823(

60 3750 142 3778 Hisce
152 3761 202 3788 ego
214 3758 270 3780 non
285 3763 349 3788 paro
365 3764 418 3787 me,
432 3761 460 3781 vt
476 3753 595 3787 rideant,
614 3755 656 3781 sed
669 3756 702 3782 iis
714 3758 788 3786 vltro
800 3759 907 3786 arrideo
927 3760 996 3786 Ter.
1012 3758 1078 3784 Eun.
1093 3767 1115 3790 2,

833 3795 890 3822 Cic.
905 3797 957 3822 Att.
973 3805 992 3826 i,
1006 3799 1019 3824 8
1058 3794 1112 3828 Ego

271 3897 332 3924 Lin.
353 3899 429 3925 Alios
442 3898 507 3925 Vim
519 3901 640 3933 parantes
652 3898 766 3931 occidit,
803 3900 820 3927 ι’.
841 3903 895 3938 Qi
912 3903 943 3932 Vi
956 3902 1022 3928 tueri
1031 3901 1060 3936 se
1074 3901 1112 3926 ni-

60 3965 119 3990 Sine
131 3964 188 4000 casu
194 3965 317 4004 ponitur,
336 3970 380 3996 vel
389 3970 470 4006 omffl
482 3971 628 3997 pronomine
640 3969 772 4003 reciproco.
808 3971 876 3998 Ter.
888 3972 996 4000 Phorm.
1006 3980 1026 4006 5,
1041 3935 1112 4005 776:

833 4006 925 4034 Parant
946 4009 1001 4043 (se)
1024 4007 1113 4034 defen-

577 4042 619 4068 Sic
655 4038 698 4068 Ire
710 4045 785 4075 parat
795 4039 828 4069 ad
841 4042 935 4072 vrbem
952 4044 1026 4074 idem
1039 4044 1076 4071 ib.
1094 4053 1112 4078 ι,
1128 4055 1170 4079 105
1178 4048 1302 4076 Veniffcs.

1586 235 1854 278 PAR

1106 343 1113 351 .
1175 328 1230 356 682.
1278 326 1320 352 Ire
1335 331 1427 360 parant
1441 326 1469 353 in
1482 335 1574 354 nemus
1594 327 1745 363 Virg.Aen.
1761 337 1782 361 4,
1798 333 1845 356 1¹8.

1175 362 1255 389 Poen.
1268 372 1291 393 q,
1302 369 1324 391 2,
1337 367 1369 396 237
1405 363 1451 388 int.
1470 363 1617 398 negotium.
1727 363 1802 398 Virg.
1816 365 1882 390 Aen.
1897 372 1919 397 2,
1935 373 1977 391 120
2002 367 2052 393 Cui
2071 369 2120 396 fata
2153 379 2225 398 arent

1177 405 1255 431 quem
1270 397 1356 430 poscat
1369 398 1474 431 Apollo.
1548 399 1661 432 Parent,
1676 398 1783 434 subaud.
1797 400 1924 426 Mortem.
2164 416 2173 435 ³
2211 393 2236 433 t}

1176 431 1293 495 ghi-{riis
1306 432 1389 464 solt-nt
1406 435 1552 468 parmutari
1567 435 1662 461 Parare
1679 443 1703 461 et
1717 436 1821 462 Petere:
1858 435 1944 462 Burm.
1963 436 2000 462 ad
2014 436 2140 472 Calpurn.
2155 443 2239 470 Flacc.

1104 483 1115 490 .
1136 474 1150 497 5
1203 476 1231 493 ec
1245 487 1252 493 .
1265 474 1294 497 25
1308 475 1332 500 p.
1348 472 1398 499 823.

1107 521 1113 529 .
1216 509 1394 543 ⁹·“,.¹³ANS³
1430 504 1506 531 antis.
1545 505 1639 532 Pax-tic.
1677 506 1851 542 [ἕτοιμάζων]
1889 506 1980 534 Animi
2000 514 2118 542 parantes
2132 510 2240 539 infanda

1178 538 1239 578 ,Stin-
1254 537 1318 564 δ1111·
1330 546 1353 570 5,
1368 547 1389 569 22
1403 546 1439 569 87.
1550 542 1636 569 Multa
1650 550 1742 576 parans
1758 542 1846 570 dicere
1872 542 1946 578 Virg.
1960 543 2024 569 Aen.
2034 555 2056 576 q,
2065 553 2121 578 390.
2193 549 2240 574 llle

1177 581 1271 600 innare
1286 582 1378 607 parans
1400 574 1472 601 Idem
1487 574 1523 601 ib.
1538 585 1568 612 11,
1584 587 1638 611 54¹).
2002 582 2004 585 ’

1216 615 1232 636 i‘
1246 615 1268 635 Α
1282 615 1299 635 it
1316 614 1339 649 lt
1350 615 1373 635 N
1385 615 1404 636 D
1417 615 1437 635 v
1449 616 1479 650 s,
1503 619 1535 643 a,
1563 622 1617 640 tun.
1655 613 1740 638 Aliud
1758 613 1851 640 Partic.
1889 612 2064 650 [ἕτοιμαςέος]
2100 615 2176 642 00113
2198 627 2241 651 pa-

1176 644 1278 707 randaM
1285 644 1367 706 (gulfi.
1382 644 1414 671 ad
1430 646 1489 673 Lm.
1506 648 1556 673 126.
1665 648 1752 675 Scelus
1767 648 1911 684 parandum
1925 649 1961 676 est
1977 659 2074 686 magno
2085 652 2178 680 animo
2199 655 2241 680 Se-

1177 689 1233 707 nec.
1281 689 1292 706 e
1314 701 1320 707 .
1347 701 1353 706 .
1370 689 1400 708 12.

1212 717 1354 743 PARKT
1368 722 1428 748 vs,
1449 725 1477 749 a,
1503 725 1558 743 um.
1595 718 1689 745 Partic.
1728 718 1923 756 [η’τσιμκσμένος]
1961 721 2030 750 Ter.
2053 723 2152 751 Heaut.
2171 732 2199 758 4,
2216 736 2228 759 4

1179 760 1204 783 1ς
1223 752 1298 785 Qiin
1311 751 1348 778 est
1362 758 1481 786 paratum
1495 758 1642 786 argentum.
1752 756 1823 781 Itane
1838 755 1888 782 huc
1903 763 2006 790 paratus
2020 758 2129 786 aduenis
2165 746 2241 788 Ideni

1178 787 1260 814 Andr.
1275 795 1298 821 ς,
1315 798 1339 820 4,
1353 790 1378 813 6.
1462 788 1512 814 Vir
1527 788 1555 814 in
1569 788 1665 822 quouis
1678 788 1738 815 loco
1752 797 1857 824 paratus
1877 792 1949 818 Idem
1966 793 2002 820 ib.
2012 803 2093 828 4,3,.1.
2185 797 2241 823 Do.

1179 829 1233 850 nat.
1254 824 1376 850 Paratum
1391 822 1460 849 dixit
1473 823 1505 850 ad
1524 832 1616 850 omnes
1630 823 1749 855 affectus,
1767 827 1919 860 quicunque
1934 828 1965 853 de
1978 831 2103 862 proximo
2118 832 2168 858 esse
2181 841 2241 867 pos-

1179 860 1248 886 sunt.
1320 857 1386 891 Abi,
1406 867 1548 894 praecurre
1558 880 1565 892 ‚
1590 865 1617 886 vt
1632 859 1679 886 [int
1693 860 1766 886 domi
1781 867 1868 894 parata
1889 863 1957 889 Ter.
1971 865 2035 892 Eun.
2049 875 2070 900 3,
2079 871 2151 900 2,411,
2197 870 2242 896 Pa-

1106 909 1115 930 .’
1178 900 1265 921 ratum
1279 894 1306 921 id
1320 894 1428 929 quidem
1443 900 1468 922 et
1482 896 1509 922 in
1523 895 1613 922 medio
1626 895 1737 930 positum
1758 897 1825 923 Plin.
1841 897 1932 932 l'aneg.
1949 907 1970 926 c.
1986 905 2022 930 88.
2105 903 2161 930 Cic.
2177 904 2241 932 Diu,

1105 934 1114 951 i
1178 931 1257 957 Verr.
1270 939 1299 963 41
1323 931 1410 958 Omne
1426 935 1545 966 tempus,
1579 931 1650 965 quod
1664 931 1732 957 mihi
1744 932 1777 958 ab
1791 932 1938 959 amicorum
1951 936 2066 969 negotiis
2081 938 2158 966 datur
2210 941 2241 967 in

1105 978 1115 983 -
1177 965 1219 993 his
1234 966 1343 998 studiis,
1369 966 1559 1000 laboribusque
1573 968 1723 994 consumam
1733 989 1742 1002 ‚
1769 976 1823 1001 quo
1838 969 1957 1002 paratior
1971 971 2003 997 ad
2018 973 2092 999 vsum
2107 961 2240 1003 sore'nsem

1105 1012 1156 1030 ·20
1179 1002 1365 1037 promtiorque
1379 1003 1428 1029 effe
1441 1002 1539 1037 possim.
1645 1003 1730 1029 Planc.
1744 1003 1776 1029 ad
1794 1004 1851 1030 Cic.
1867 1005 1939 1032 Fam.
1955 1016 1990 1039 10,
2011 1014 2024 1036 8
2062 1009 2141 1036 Nunc
2157 1021 2240 1045 quum

1106 1050 1115 1055 -
1180 1037 1259 1064 desim
1272 1037 1436 1072 benignitate
1448 1038 1490 1065 Ab
1502 1038 1578 1065 omni
1593 1047 1622 1065 re
1635 1040 1722 1065 sumus
1736 1041 1892 1073 paratiores,
1910 1050 1965 1068 non
1978 1043 2063 1070 solum
2077 1044 2143 1072 bene
2157 1049 2241 1075 soera.

1179 1083 1209 1100 re
1222 1074 1254 1100 de
1269 1073 1347 1100 nobis
1361 1073 1499 1106 homines,
1534 1074 1575 1100 sed
1591 1075 1727 1109 explorate
1743 1075 1860 1102 iudicare
1872 1076 2005 1105 volumus.
2096 1082 2152 1109 Cic.
2167 1077 2239 1112 Fam.

1105 1123 1116 1128 -
1181 1116 1204 1142 8,
1219 1119 1248 1136 10
1278 1110 1332 1145 Ego
1346 1109 1453 1144 quidem
1467 1111 1637 1145 praecipuum
1653 1116 1769 1144 metum,
1807 1111 1878 1145 quod
1893 1112 1924 1138 ad
1939 1120 1963 1139 te
1978 1115 2119 1150 attinebat,
2150 1119 2241 1148 habui.

1105 1157 1114 1163 -
1178 1146 1224 1180 qui
1239 1146 1342 1179 scirem,
1363 1154 1443 1180 quam
1464 1152 1567 1179 paratus
1581 1146 1621 1172 Ab
1634 1146 1752 1173 exercitu
1766 1147 1842 1178 ess’es,
1863 1157 1895 1174 ne
1911 1150 1982 1182 quod
1998 1150 2041 1177 hic
2055 1154 2182 1181 tumultus
2201 1156 2240 1182 di-

1589 1219 1592 1222 ,
1717 1184 1751 1208 E.»
1771 1183 1828 1223 Cic.
1843 1184 1922 1210 Verr.
1935 1194 1956 1217 2,
1973 1193 1999 1221 17
2020 1188 2067 1214 Sed
2081 1189 2107 1215 in
2122 1190 2241 1219 Siciliam

1177 1224 1282 1252 paratus
1297 1217 1337 1244 Ad
1351 1217 1473 1253 praedam
1483 1240 1490 1252 ‚
1524 1218 1717 1252 meditatusque
1732 1227 1826 1245 venire
1839 1220 1971 1254 cupiebat.
2015 1225 2087 1258 C'unfi
2105 1225 2177 1252 Idem
2191 1237 2240 1262 pro

1104 1265 1114 1270 -
1179 1254 1273 1287 Qiint.
1289 1262 1310 1280 c.
1329 1262 1359 1281 11.
1467 1253 1506 1280 Ad
1520 1253 1680 1280 audiendum
1696 1261 1800 1289 paratus
1822 1255 1877 1282 Cic.
1893 1256 1924 1281 de
1939 1257 1996 1284 Fin.
2013 1267 2026 1284 2
2037 1266 2076 1294 pr.
2151 1264 2188 1289 Ad
2203 1263 2242 1289 di.

1105 1303 1112 1310 ·
1179 1289 1291 1316 cendum
1307 1289 1478 1325 paratissimus
1499 1289 1571 1316 Ideni
1587 1290 1648 1316 Diu.
1664 1291 1741 1318 Vei-r.
1757 1301 1796 1323 44.
1875 1291 1949 1319 Idem
1963 1293 1994 1319 de
2008 1295 2081 1322 Orat.
2092 1306 2108 1330 1,
2122 1302 2148 1329 38
2168 1299 2244 1325 pmc-

1178 1325 1248 1352 fidiis
1263 1332 1371 1352 naturae
1385 1326 1425 1352 vel
1441 1324 1579 1353 doetrinae
1593 1325 1623 1352 ad
1640 1325 1780 1352 dicendum
1795 1333 1907 1361 paratus.
1992 1329 2033 1356 Ad
2049 1331 2154 1359 dolores
2169 1343 2242 1368 para.

1105 1375 1114 1379 -
1138 1368 1169 1392 30
1179 1367 1220 1388 tus
1246 1361 1303 1388 Cic.
1317 1361 1349 1388 de
1362 1362 1422 1389 Fin.
1438 1372 1456 1396 1,
1472 1371 1514 1394 49.
1624 1361 1664 1388 Ad
1678 1370 1804 1389 euentum
1819 1372 1926 1390 omnem
1939 1371 2044 1399 paratus
2081 1367 2155 1395 Idem
2170 1370 2241 1398 Fani.

1179 1398 1205 1430 6,
1216 1406 1249 1424 21.
1330 1397 1370 1423 Ad
1386 1406 1466 1423 omne
1479 1397 1581 1423 facinus
1596 1397 1765 1432 paratiffinius
1779 1398 1862 1425 homo
1883 1401 1956 1427 Idem
1974 1410 2024 1435 pro
2038 1403 2171 1438 Μ11011.2ς
2183 1415 2204 1432 c.
2217 1416 2241 1441 9.

1180 1432 1221 1459 Ad
1235 1432 1366 1459 iudicium
1381 1438 1484 1467 paratus
1499 1440 1524 1459 et
1542 1432 1685 1460 instructus
1697 1434 1771 1461 venit
1796 1435 1869 1461 Idem
1885 1436 1942 1463 A&
1959 1437 2037 1464 Verr.
2052 1448 2070 1473 1,
2083 1447 2108 1474 7.
2203 1441 2242 1469 Ad

1179 1468 1363 1496 mentiendum
1391 1469 1447 1495 Cic.
1462 1468 1494 1495 de
1509 1469 1592 1495 Amic.
1607 1475 1647 1502 98.
1728 1470 1800 1497 Idem
1816 1471 1886 1498 Fam.
1902 1481 1932 1506 ii,
1945 1481 1967 1505 13
1990 1474 2124 1502 Exercitus
2137 1477 2242 1505 nostros

1179 1504 1304 1539 singulari
1324 1504 1466 1531 concordia
1481 1504 1654 1538 coniunctos,
1686 1505 1726 1532 Ad
1740 1507 1830 1533 onmia
1846 1516 1895 1541 pro
1910 1509 1988 1535 vobis
2003 1510 2114 1538 videatis
2128 1519 2241 1547 paratos.

1133 1546 1160 1571 35
1180 1540 1222 1567 Ad
1234 1540 1432 1575 permouendos
1447 1542 1550 1567 animos
1565 1540 1707 1567 instruCtus
1722 1547 1747 1568 et
1761 1548 1865 1577 paratus
1889 1543 1962 1571 Idem
1977 1546 2004 1571 in
2018 1548 2093 1574 Orat.
2104 1558 2142 1574 20.
2200 1549 2241 1576 Ad

1107 1590 1114 1597 ·
1179 1576 1326 1611 periculum
1339 1584 1444 1611 paratus
1460 1577 1563 1603 animus
1583 1577 1638 1603 cic.
1652 1577 1704 1604 Off.
1720 1587 1738 1610 i,
1751 1581 1790 1610 63.
1863 1579 1903 1606 Ad
1918 1581 2036 1608 Pericula
2051 1582 2184 1611 subeunda
2200 1594 2244 1620 pa-

1105 1627 1111 1634 ·
1179 1612 1292 1652 rariores
1313 1613 1384 1638 Caes.
1400 1613 1427 1639 P..
1442 1613 1475 1639 G.
1490 1622 1507 1646 ι,
1520 1621 1541 1643 5.
1615 1612 1654 1639 Ad
1671 1614 1878 1647 promerendum
1892 1617 2081 1645 consuetudine
2096 1620 2244 1647 beneficen-

1177 1653 1232 1674 tiae
1245 1649 1389 1682 paratiores
1403 1655 1481 1675 erunt
1500 1654 1526 1674 et
1546 1654 1672 1683 tanquam
1686 1650 1886 1677 exercitatiores
1907 1652 1973 1679 bene
1990 1654 2022 1679 de
2041 1655 2149 1687 inultis,
2188 1666 2243 1690 quo

1106 1697 1115 1702 -
1179 1683 1302 1718 pluribus
1315 1684 1468 1718 profuerint
1500 1683 1557 1711 Cic.
1571 1685 1625 1711 Off.
1640 1694 1661 1717 2,
1678 1694 1709 1717 53.
1802 1686 1840 1712 Ad
1854 1686 1917 1713 haec
1931 1690 2106 1723 propulsanda
2113 1692 2244 1726 paratim-

1106 1728 1157 1751 -40
1179 1728 1238 1745 mus
1260 1719 1333 1746 Idem
1348 1721 1400 1745 Att.
1414 1729 1436 1752 5,
1450 1729 1471 1752 7.
1560 1720 1599 1746 Ad
1614 1720 1772 1746 seditionem
1784 1728 1904 1756 paratus,
1928 1723 1960 1749 ad
1973 1724 2029 1750 vim
2043 1734 2165 1759 prointus
2200 1735 2244 1753 ex-

1107 1768 1114 1775 ·
1177 1754 1283 1789 peditus
1295 1755 1328 1781 ad
1342 1754 1447 1785 caedem
1469 1754 1543 1780 Idem
1557 1755 1589 1781 dc
1603 1755 1673 1790 Lege
1687 1757 1748 1790 Agr.
1763 1765 1785 1789 2,
1800 1763 1837 1786 82.
1911 1757 1953 1784 Ad
1966 1760 2022 1785 vim
2044 1762 2124 1789 Ouid.
2139 1748 2232 1789 Me't.11

1105 1802 1114 1807 -
1181 1798 1238 1821 240.
1331 1791 1432 1816 Contra
1445 1790 1582 1816 fortunam
1608 1791 1665 1818 Cic.
1677 1791 1750 1819 Fam.
1766 1801 1788 1825 5,
1803 1800 1833 1824 ¹3·
1943 1794 2066 1822 Paratum
2081 1798 2181 1824 Animo
2194 1785 2245 1825 ess'g

1105 1839 1113 1846 .
1180 1826 1253 1852 Caes.
1267 1826 1296 1852 B.
1310 1826 1341 1852 C.
1355 1834 1377 1858 3,
1390 1832 1427 1857 85.
1502 1826 1606 1852 Animis
1621 1826 1771 1861 opibusque
1784 1828 1868 1862 parati
1889 1829 1965 1864 Virg.
1979 1832 2073 1865 Aen.:,
2082 1841 2142 1868 799.
2200 1835 2245 1862 Li.

1179 1862 1243 1888 teris
1269 1862 1367 1889 Auson.
1376 1862 1453 1890 ‚Pi-of.
1468 1861 1548 1889 Burd.
1564 1872 1583 1895 3,
1601 1872 1631 1895 13.
1724 1863 1755 1889 Se
1768 1864 1898 1891 aduocato
1911 1872 1958 1892 aut
1971 1866 2159 1903 adstipulatore
2172 1879 2245 1906 para-

1178 1898 1277 1924 tiorem
1291 1898 1352 1924 fere
1365 1897 1472 1932 putabat
1493 1898 1548 1925 Cic.
1563 1898 1592 1925 in
1606 1899 1654 1927 Pis.
1668 1909 1688 1926 c.
1703 1909 1726 1933 9.
1800 1900 1872 1927 Idem
1886 1903 1938 1929 Att.
1955 1912 1988 1933 ις,
2004 1913 2028 1935 ²3
2049 1905 2106 1939 Ego
2121 1905 2190 1933 hunc
2206 1908 2244 1934 ita

1106 1947 1113 1956 ·
1178 1940 1299 1969 paratum
1313 1933 1395 1960 video
1409 1934 1543 1969 peditatu,
1567 1935 1702 1969 equitatu,
1723 1934 1848 1963 claffibus.
1940 1938 2023 1966 Scutis
2036 1941 2149 1976 telisque
2169 1943 2244 1970 Idem

1179 1979 1230 2005 pro
1244 1970 1350 1999 Caecin.
1367 1972 1410 1997 60..
1440 1970 1520 2009 ¹Ctmf.
1536 1970 1608 1997 Fam.
1621 1977 1644 2004 8,
1657 1981 1693 1998 10.
1804 1973 1924 2000 Paratior
1937 1976 2076 2003 certamini
2108 1978 2243 2010 Quinctii.

1107 2020 1113 2027 .
1180 2012 1203 2037 Β,
1220 2015 1240 2037 3.
1350 2005 1498 2045 Sceleribiis
1519 2006 1586 2032 Tac.
1602 2008 1669 2032 Ann.
1686 2016 1718 2039 12,
1732 2014 1774 2042 47,
1789 2017 1811 2039 7.
1832 2009 1850 2034 i.
1867 2008 2012 2043 aclscelera.
2085 2013 2126 2038 Sic
2140 2014 2241 2041 Incesto

1179 2042 1244 2066 Ann.
1267 2050 1300 2073 14,
1312 2050 1334 2072 2,
1351 2050 1368 2066 1.
1440 2042 1497 2068 Cic.
1513 2040 1545 2066 de
1558 2041 1650 2075 Legib.
1664 2050 1686 2076 2,
1702 2045 1734 2068 66
1759 2043 1821 2068 Fuit
1836 2042 1880 2069 hic
1892 2044 1952 2076 vir,
1976 2052 2005 2072 vt
2019 2047 2104 2080 scitis,
2131 2058 2185 2075 nori
2201 2050 2242 2077 so-

1178 2076 1233 2101 lum
1248 2075 1450 2108 eruditissimns,
1472 2075 1514 2102 sed
1529 2077 1608 2102 ctiam
1624 2077 1692 2103 ciuis
1706 2086 1719 2103 e
1735 2078 1846 2112 Republ.
1861 2080 1991 2115 maxime,
2021 2084 2185 2119 tuendaeque
2204 2086 2241 2112 ci-

1177 2109 1266 2137 vitatis
1280 2110 1458 2145 paratiffimus.
1495 2112 1627 2146 ‚Qaeaedasn
1642 2114 1796 2148 exemplaria
1809 2115 1894 2149 legunt
1910 2116 2086 2146 Peritiffiinus.
2164 2121 2240 2148 Para-

1105 2161 1112 2168 ·
1177 2151 1219 2172 tus
1232 2147 1322 2173 omnia
1336 2147 1438 2181 perpeti
1458 2148 1531 2173 Caes.
1544 2147 1609 2175 Bell.
1625 2148 1707 2175 Ciuil.
1720 2158 1742 2182 3,
1755 2158 1781 2183 9.
1862 2151 1962 2178 Animo
1976 2160 2080 2186 paratus
2096 2156 2165 2182 tueri
2179 2166 2240 2192 pro-

1177 2182 1295 2208 vinciam
1319 2183 1375 2209 Cic.
1389 2183 1461 2210 Fam.
1476 2192 1514 2214 10,
1529 2189 1552 2213 Β.
1625 2184 1735 2211 Certare
1749 2186 1833 2220 parati
1860 2187 1939 2222 Virg.
1951 2189 2039 2221 Aen.5
2059 2197 2112 2221 103.
2191 2191 2212 2231 fl
2225 2202 2239 2220 2

1178 2218 1352 2253 Sulstantiua:
1398 2219 1474 2246 Acies
1488 2223 1592 2254 paratae
1605 2220 1680 2247 ferro
1709 2220 1791 2247 Ouid.
1806 2222 1869 2250 Fast.
1885 2233 1906 2255 3,
1919 2231 1969 2255 αις.
2039 2213 2048 2226 ’
2061 2227 2137 2254 Acies
2151 2235 2240 2263 parata

1177 2255 1234 2280 neci
1270 2254 1344 2288 Virg.
1360 2255 1425 2295 Aen.
1439 2264 1461 2288 2,
1477 2265 1524 2292 33⁴·
1634 2257 1736 2290 Agmen
1751 2265 1872 2291 paratum
1885 2260 1971 2286 secum
1983 2260 2063 2289 habet
2083 2263 2155 2290 Ideni
2170 2265 2238 2293 ibid.

1176 2298 1199 2320 5,
1215 2296 1267 2323 548.
1342 2291 1454 2316 Amnius
1468 2295 1571 2325 paratus
1585 2290 1659 2318 bello
1672 2297 1698 2319 et
1711 2293 1768 2326 paci
1789 2293 1850 2320 Liu.
1866 2303 1883 2320 1.
1970 2298 2068 2325 Animo
2082 2300 2240 2333 paratislimo

1177 2361 1194 2366 ..
1448 2362 1453 2366 .
1655 2364 1658 2367 ¹
1746 2329 1883 2356 Auxilium
1897 2333 2061 2366 propositum
2075 2343 2106 2360 ac
2119 2344 2241 2369 paratum

1175 2369 1209 2387 iis
1224 2362 1265 2388 fac
1278 2368 1354 2388 tuum
1367 2362 1415 2388 else
1428 2362 1551 2388 Videatur
1580 2363 1618 2397 Q
1628 2364 1684 2390 Cic.
1698 2363 1729 2390 de
1743 2365 1818 2391 Petit.
1832 2367 1939 2394 Consul.
1954 2370 1990 2395 16.
2069 2371 2198 2399 Celeritas
2212 2373 2242 2399 in

1105 2411 1134 2460 ,6
1176 2396 1361 2438 respondendo
1375 2404 1481 2432 promta
1495 2404 1521 2424 et
1533 2406 1621 2433 parata
1657 2400 1713 2426 Cic.
1729 2400 1760 2426 de
1774 2401 1844 2428 Clar.
1859 2403 1934 2430 Orat.
1948 2413 1996 2437 ¹54·

1137 2442 1154 2460 0

2170 260 2242 299 702

1918 328 2038 358 Paratum
2051 333 2085 359 cst
2100 335 2136 361 ita
2156 336 2237 364 Plaut.

1105 651 1154 669 :10

1105 827 1158 854 2¹5

1107 1905 1161 1929 ·45

1105 2263 1148 2287 ·55

1176 2442 1298 2459 omnium
1311 2440 1419 2467 parato,
1463 2440 1518 2461 tota
1539 2434 1654 2470 denique
1666 2436 1741 2462 Italia
1762 2437 1793 2463 ad
1807 2439 2006 2467 contentionem
2021 2409 2242 2477 expediLgY-ezffi

1178 2469 1252 2496 Idem
1270 2478 1319 2503 pro
1335 2470 1404 2496 Sext.
1420 2471 1457 2502 36.
1530 2471 1630 2504 Epulae
1644 2477 1748 2506 paratae
1762 2473 1871 2507 regifico
1886 2474 1949 2501 luxu
1977 2477 2053 2511 Virg.
2067 2480 2130 2505 Aen.
2143 2481 2169 2510 6,
2184 2482 2243 2512 604.

1176 2505 1319 2532 Fortitudo
1333 2505 1369 2532 est
1384 2506 1442 2532 satis
1456 2506 1597 2543 instructa,
1618 2514 1732 2542 armata,
1758 2515 1845 2543 parata
1862 2519 1907 2544 per
1918 2511 1970 2538 sese
1996 2513 2050 2540 Cic.
2062 2514 2147 2541 Tusc.
2161 2524 2179 2549 4
2209 2525 2243 2547 ςι.

1176 2541 1288 2582 Fructus
1302 2542 1386 2576 parati
1409 2543 1475 2568 Plin.
1488 2542 1564 2577 lipist.
1580 2553 1602 2577 2,
1618 2553 1653 2570 10.
1749 2545 1876 2572 Honores
1890 2548 1976 2582 parati
1996 2549 2069 2577 Idem
2082 2550 2148 2577 ibid.
2165 2536 2189 2583 7,
2201 2560 2244 2586 24.

1175 2577 1330 2617 Hospitium
1344 2577 1422 2619 nobis
1438 2584 1556 2612 paratum
1583 2580 1682 2607 Lucan.
1695 2589 1722 2613 9,
1736 2587 1800 2611 1058.
1909 2583 2014 2611 Obuius
2031 2592 2057 2612 et
2069 2572 2244 2620 paratus'Hu-

1176 2622 1238 2640 inor
1258 2613 1415 2654 Pina-Epist.
1429 2623 1450 2654 ²?
1466 2624 1496 2646 17.
1576 2615 1642 2642 Loci
1656 2616 1741 2651 parati
1755 2623 1780 2644 et
1794 2617 1909 2652 expediti
1922 2620 2003 2647 multa
2017 2623 2244 2650 commentatione

1175 2658 1205 2675 ac
1219 2648 1392 2689 meditatione
1413 2650 1470 2676 Cic.
1484 2651 1516 2677 de
1531 2651 1640 2684 Oratsz,
1655 2657 1699 2683 118.
1775 2654 1857 2688 Leges
1870 2663 1975 2690 paratae
2000 2657 2099 2684 Sallust.
2111 2659 2189 2686 Catil.
2204 2669 2243 2692 57.

1177 2684 1374 2712 Medicamenta
1388 2692 1478 2721 parata
1497 2686 1618 2714 Scribon,>
1633 2696 1681 2722 107
1719 2689 1735 2715 ι’.
1754 2695 1916 2724 praeparata.
1990 2693 2065 2719 Mors
2079 2701 2167 2728 parata
2191 2695 2243 2721 Lu-

1177 2730 1233 2749 can.
1248 2727 1271 2754 8,
1284 2730 1321 2754 3²-
1395 2722 1493 2749 Mortis
1509 2729 1612 2758 paratae
1624 2724 1798 2752 instrumenta
1816 2726 1899 2753 Ouid.
1913 2728 1976 2754 Met.
1991 2737 2028 2762 10,
2039 2734 2090 2759 285·
2165 2730 2243 2757 Obli-

1175 2757 1223 2785 vio
1237 2764 1409 2784 mortuorum
1425 2765 1512 2793 parata
1534 2759 1600 2786 Plin.
1616 2760 1693 2795 Epist.
1710 2765 1734 2792 6,
1754 2769 1790 2787 10.
1865 2762 1954 2789 Naues
1969 2765 2141 2798 paratiffimae
2168 2766 2243 2796 Caes.

1176 2793 1240 2820 Bell.
1256 2793 1324 2821 Gall.
1338 2803 1359 2826 3,
1374 2802 1409 2825 14.
1501 2795 1642 2822 Prouincia
1655 2797 1778 2823 omnium
1793 2797 1931 2825 ciuitatum
1945 2801 2071 2827 consensu
2083 2802 2242 2836 paratissima

1177 2829 1233 2856 Cic.
1248 2830 1320 2856 Fam.
1338 2840 1374 2863 10,
1390 2835 1411 2860 8.
1502 2832 1594 2858 Somni
1610 2838 1666 2858 erat
1677 2833 1737 2858 sane
1750 2833 1918 2866 paratissimi,
1945 2844 1999 2861 non
2011 2845 2146 2872 nunquam
2160 2839 2242 2865 etiam

1176 2865 1344 2906 inter-studia
1357 2866 1494 2900 instantis,
1536 2868 1613 2904 Vulgo
1627 2867 1767 2894 Parcissimi
1790 2869 1857 2894 Plin.
1870 2870 1951 2904 Epist.
1965 2880 1988 2904 3,
2003 2878 2025 2904 ς.
2109 2874 2242 2901 Thalami

1177 2908 1259 2942 parati
1278 2902 1358 2942 'Virg.
1374 2903 1440 2929 Aen.
1453 2911 1480 2936 7,
1495 2910 1536 2938 97.
1628 2903 1722 2936 Nolo,
1742 2903 1815 2938 quod
1829 2906 1927 2940 cupio,
1952 2907 2038 2935 statim
2051 2915 2157 2943 tenere,
2192 2918 2241 2936 net:

1177 2937 1300 2965 Victoria
1316 2937 1353 2964 mi
1370 2939 1452 2972 placet
1465 2946 1554 2973 parata
1580 2939 1685 2965 Petron.
1699 2948 1721 2966 c.
1737 2948 1769 2972 ις.
1864 2943 1950 2969 ·Vrbs
1961 2951 2052 2978 parata
2084 2946 2159 2980 Virg.
2173 2947 2241 2973 Acri.

1176 2983 1200 3006 ¹³,
1216 2981 1253 3006 75.
1333 2974 1430 3000 Lucan.
1444 2978 1469 3007 l»,
1484 2985 1511 3008 93
1531 2974 1666 3008 Caeloque
1680 2976 1798 3009 paratior
1811 2976 1888 3005 vnda.
1979 2980 2061 3007 Ouid.
2076 2982 2140 3007 Met.
2155 2988 2177 3014 ς,
2192 2983 2241 3013 603

1177 3010 1208 3036 Et
1222 3009 1285 3044 quia
1299 3010 1367 3035 nuda
1383 3010 1421 3035 fui
1431 3030 1439 3042 ‚
1461 3017 1518 3037 tum
1531 3010 1586 3037 visa
1600 3011 1718 3045 paratior
1733 3012 1781 3039 illi.
1917 3042 1920 3045 ,
2022 3026 2032 3047 3
2070 3017 2241 3051 Sulfiamiue:

1177 3045 1245 3085 Ter.
1261 3046 1328 3072 Eun.
1343 3055 1365 3078 3,
1378 3054 1406 3079 4,
1419 3054 1436 3077 4
1460 3046 1600 3073 Praeteriit
1613 3053 1730 3082 teinpus:
1767 3056 1821 3082 quo
1834 3048 1863 3074 in
1877 3049 1938 3076 loco
1953 3050 2054 3077 1116111111
2068 3052 2119 3082 est,
2154 3052 2241 3086 parati

1176 3080 1245 3107 nihil
1260 3081 1305 3120 eii.
1417 3081 1572 3116 Philosophi
1593 3082 1698 3109 Habent
1717 3090 1838 3118 paratum
1852 3105 1860 3117 ,
1903 3085 1967 3119 quid
1987 3086 2020 3112 de
2041 3095 2144 3119 quaque
2159 3096 2187 3114 re
2202 3087 2239 3115 di-

1178 3122 1236 3144 cant
1257 3118 1313 3144 Cic.
1321 3117 1353 3144 de
1361 3117 1436 3144 Orat.
1446 3126 1462 3144 z
1480 3121 1545 3150 (335-
1583 3119 1658 3145 Prata
1671 3120 1777 3155 antiqui
1792 3121 1881 3146 Parata
1896 3120 2002 3154 dixere,
2016 3129 2046 3146 vt
2059 3123 2239 3157 uitPlin.18‚5.

1217 3158 1233 3178 Ρ
1244 3159 1266 3180 A
1277 3158 1297 3178 R
1308 3154 1392 3180 ᾹΤν
1402 3160 1430 3187 S,
1459 3152 1500 3181 sis.
1535 3163 1573 3180 m.
1609 3155 1781 3190 [κατασκεωὶ]
1819 3157 1871 3190 Ipse
1885 3158 1999 3189 parandi
2010 3157 2094 3190 allus,
2127 3165 2180 3184 tum
2200 3169 2240 3193 ea,

1176 3197 1238 3223 quae
1248 3195 1341 3223 parata
1349 3189 1418 3224 sunt.
1462 3189 1574 3222 Quintil.
1589 3199 1627 3223 10,
1642 3201 1648 3216 1
1671 3192 1800 3226 Copiosus
1814 3190 1958 3219 verborum
1972 3191 2002 3218 fit
2016 3200 2136 3227 paratus,
2154 3195 2174 3222 ι’.
2186 3198 2240 3231 Ap-

1173 3231 1289 3259 paratus.
1363 3224 1454 3251 Tacit.
1469 3227 1535 3254 Ann.
1550 3229 1576 3259 6,
1586 3235 1614 3259 37
1635 3227 1750 3257 Gazam,
1769 3233 1793 3252 ct
1810 3233 1913 3260 paratus
1927 3228 2016 3261 regios
2029 3229 2128 3255 adiicit.
2190 3231 2240 3258 Fu.

1118 2613 1148 2643 65

1120 2981 1148 3006 75

1105 3156 1154 3181 .80

1176 3259 1266 3286 nebris
1286 3260 1378 3287 Tacit.
1394 3262 1462 3287 Ann.
1477 3270 1507 3294 13,
1522 3271 1554 3294 17,
1569 3272 1586 3290 1.
1664 3271 1667 3274 ’
1680 3263 1778 3288 Graues
1792 3270 1896 3296 paratus
1918 3271 2007 3289 reruni
2033 3264 2094 3291 Stat.
2108 3265 2201 3293 Theb.
2216 3276 2240 3301 2,

1178 3304 1231 3327 104.
1342 3296 1373 3322 Et
1387 3297 1494 3325 veniam
1507 3297 1617 3332 dapibus
1633 3298 1775 3332 Nullisqne
1788 3298 1922 3331 paratibus
1936 3305 2014 3325 orant
2040 3300 2121 3328 Ouid.
2136 3303 2201 3329 Met.
2215 3309 2241 3337 8,

1177 3333 1232 3364 683.
1324 3332 1422 3366 Neque
1433 3334 1506 3360 enim
1521 3334 1628 3361 Tantos
1641 3333 1719 3360 ausin*
1734 3342 1860 3360 reuocare
1873 3341 1977 3369 paratus
2011 3335 2085 3362 Idem
2099 3336 2196 3365 Achill.
2215 3348 2241 3374 2,

1178 3376 1227 3400 27ς.
1299 3368 1457 3403 Principalis
1472 3375 1591 3405 paratus,
1610 3369 1799 3395 aemulantium
1815 3370 1883 3395 inter
1896 3371 1919 3395 se
1935 3371 2037 3404 Regum
2066 3372 2156 3400 Tacit.
2172 3373 2240 3402 Hist.

1179 3412 1200 3436 2,
1216 3409 1249 3443 81,
1263 3404 1286 3430 6.
1298 3410 1324 3429 et
1336 3405 1368 3432 ib.
1383 3414 1404 3431 c.
1419 3414 1458 3438 59,
1473 3415 1492 3438 3.
1575 3406 1646 3432 Stant
1658 3405 1768 3438 gemmis
1780 3414 1899 3439 auroque
1910 3406 1962 3432 tori
1979 3408 2135 3443 mensaeque
2147 3418 2240 3444 paratu

1105 3452 1115 3457 -
1178 3438 1299 3473 Registco
1321 3440 1380 3467 Val.
1392 3441 1476 3468 Flacc.
1492 3451 1513 3471 2,
1529 3442 1584 3468 6η.
1660 3441 1733 3475 Opus
1748 3441 1834 3475 impar
1849 3441 1941 3467 vestris
1954 3443 2089 3476 paratibus
2110 3445 2193 3472 Ouid.
2205 3455 2240 3473 ex

1105 3486 1115 3492 ·
1178 3475 1254 3502 Pont.
1269 3484 1291 3508 3,
1304 3485 1328 3509 Al,
1339 3485 1361 3507 5.
1455 3476 1600 3504 celebrare
1615 3477 1715 3510 aliquid
1730 3477 1848 3510 ingenti,
1874 3483 1899 3502 et
1912 3477 2021 3505 insolito
2036 3486 2127 3514 paratu
2148 3481 2240 3510 Tacit.

1105 3521 1157 3545 -90
1177 3511 1244 3537 Hist.
1259 3519 1284 3544 2,
1299 3520 1337 3544 59.
1411 3513 1457 3539 Vti
1475 3513 1551 3547 largis
1568 3513 1699 3547 paratibus
1726 3512 1807 3539 Ouid.
1823 3512 1902 3546 Epist.
1920 3518 1955 3547 16,
1968 3524 2015 3546 ¹9¹-
2100 3517 2240 3548 Luxuries

1177 3556 1312 3581 nunquam
1328 3556 1412 3582 paruo
1425 3555 1547 3575 contenta
1561 3555 1653 3582 paratu
1676 3549 1773 3574 Lucan.
1785 3558 1809 3581 4,
1821 3556 1877 3583 374.
1958 3549 2054 3585 Neque
2065 3552 2137 3579 enim
2152 3559 2240 3580 tantos

1176 3581 1256 3609 ausim
1270 3592 1396 3610 reuocare
1412 3590 1515 3619 paratus
1535 3585 1596 3611 Stat.
1611 3584 1705 3610 Achill.
1720 3593 1737 3616 1,
1752 3592 1790 3616 97.
1897 3584 1992 3612 induta
2008 3587 2113 3619 Tyrios
2133 3596 2239 3624 paratu!

1177 3618 1259 3645 Ouid.
1272 3619 1339 3646 Fast.
1355 3629 1376 3652 3,
1389 3622 1440 3653 627.
1460 3620 1478 3645 ι’.
1498 3621 1591 3645 Indum
1610 3621 1685 3652 Tyrt'o
1698 3618 1794 3653 vestitu.
2115 3624 2118 3629 “

1213 3661 1229 3681 Ρ
1241 3656 1419 3688 ΑΒᾹΤΙΟ,
1451 3655 1521 3681 51115.
1554 3655 1574 3681 f.
1611 3657 1685 3681 mem.
1723 3655 1822 3682 Sallust.
1837 3656 1957 3690 Iugurth.
1976 3667 1998 3686 c.
2021 3668 2047 3690 3⁴
2067 3661 2120 3694 (31)
2146 3659 2239 3687 Fuerit

1106 3706 1112 3715 ⁷
1132 3700 1162 3725 95
1176 3691 1236 3717 sane
1249 3691 1325 3724 regni
1339 3692 1441 3725 paratio
1455 3690 1526 3724 plebi
1543 3690 1602 3716 iura
1616 3691 1658 3716 sua
1673 3686 1818 3718 restituere.
1856 3693 1900 3718 Al.
1917 3693 2067 3727 Reparatio.
2146 3696 2236 3721 Afran.

1176 3726 1360 3788 aDpule01i.3,
1369 3734 1406 3787 1¹73
1434 3726 1546 3797 Si§lenti0
1559 3734 1624 3760 opus
1639 3726 1690 3761 est,
1718 3726 1790 3753 nulla
1805 3728 1870 3754 inest
1883 3730 1994 3763 paratio.
2049 3731 2118 3757 Add.
2133 3731 2236 3765 leian.

1203 3771 1236 3796 ig.
1261 3782 1267 3789 .
1282 3772 1311 3793 30
1325 3768 1363 3788 t.1
1390 3772 1438 3795 .19
1473 3766 1515 3793 [7.

1212 3804 1228 3823 P
1238 3805 1259 3824 A
1270 3804 1288 3824 R
1299 3804 1320 3822 A
1331 3803 1354 3823 T
1366 3799 1387 3822 V*
1396 3804 1414 3823 R
1424 3804 1462 3829 Α,
1481 3805 1520 3823 ae.
1547 3795 1566 3822 f.
1603 3795 1686 3824 Idem.
1725 3796 1844 3825 Tei-tuli.
1859 3798 1891 3825 de
1904 3799 1988 3826 Pallio
2003 3810 2042 3832 c.3
2056 3808 2080 3826 et
2093 3799 2174 3835 Spe&
2189 3808 2235 3830 ω.

1105 3846 1114 3852 ·
1213 3840 1229 3859 Ρ
1239 3839 1287 3860 AR
1298 3835 1320 3859 Ᾱ
1330 3839 1384 3859 TE.
1428 3831 1494 3858 Adn.
1532 3833 1788 3868 [κατεσκευασμέψωε]
1826 3835 1924 3861 Prwme
1948 3843 1971 3861 et
1998 3837 2116 3869 expedite.
2154 3834 2235 3860 Plaut.

1107 3869 1250 3903 .¹00I3pid.
1266 3877 1286 3901 3,
1300 3877 1321 3900 2,
1339 3875 1364 3898 38
1397 3868 1432 3895 Vt
1447 3867 1547 3902 parate!
1621 3869 1661 3894 Sic
1682 3868 1711 3895 Id
1726 3876 1814 3903 parate
1824 3872 1935 3903 curaui,
1965 3877 1993 3897 vt
2006 3879 2124 3897 canerem
2162 3869 2235 3895 Idem

1177 3904 1245 3931 Rud.
1259 3912 1278 3936 1,
1291 3913 1312 3936 3,
1328 3913 1351 3936 9.
1461 3903 1601 3937 Qudquid
1617 3910 1689 3937 aget,
1722 3904 1751 3930 in
1765 3903 1866 3932 bonum
1881 3907 1964 3933 citibit
1976 3907 2052 3933 facile
2072 3911 2096 3930 ct
2109 3911 2196 3938 parate
2210 3909 2236 3931 ct

1176 3940 1228 3966 stne
1243 3938 1462 3973 tergiuersatione
1477 3939 1586 3973 Agentis
1617 3942 1675 3966 Scn.
1689 3940 1720 3966 de
1734 3941 1795 3966 Vita
1809 3940 1883 3968 beata
1901 3952 1923 3969 c.
1939 3948 1960 3969 9.
2050 3941 2104 3966 Cic.
2118 3940 2149 3964 de
2165 3939 2235 3967 Clar.

1177 3976 1251 4003 Orat.
1267 3983 1308 4008 241
1330 3982 1352 4001 c.
1366 3976 1397 4003 63
1436 3974 1459 4000 15
1481 3980 1566 4001 tamen
1585 3975 1617 4002 ad
1631 3975 1771 4001 dicendum
1787 3977 1912 4003 veniebat
1921 3977 2006 4011 magis
2020 3974 2143 4001 audacter
2156 3982 2235 4008 quam

1176 4018 1274 4045 parate.
1348 4009 1421 4037 Idem
1436 4018 1485 4043 pro
1500 4010 1574 4037 Rosc.
1588 4012 1678 4038 Amer.
1695 4019 1722 4042 72
1745 4011 1853 4038 Tamen
1869 4012 2038 4046 diligentius,
2066 4010 2235 4043 paratiusque

1334 4081 1365 4108 T
1376 4045 1468 4072 Sumto
1483 4046 1566 4081 spatio
1581 4047 1612 4074 ad
1626 4046 1804 4082 cogitandum,
1812 4048 1925 4082 paratius
1940 4053 2016 4079 atque
2028 4045 2172 4071 accuratius
2188 4045 2235 4071 Di-

1380 4087 1388 4108 t
1413 4086 1445 4108 tt
1467 4091 1480 4109 2

2174 4089 2234 4107 <ere
