2517 4231
259 218 311 253 ¹5¹
675 196 712 236 L
767 193 805 233 V
861 192 905 232 T

262 296 316 322 tus,
334 287 469 321 nulliusque
481 287 568 322 pretii.
624 285 706 312 Plaut.
720 284 800 310 Poen.
812 290 841 315 4,
856 290 885 314 ε,
904 289 923 313 4
945 279 1041 312 Neque
1055 282 1211 310 periurior,
1230 279 1316 307 neque

265 324 341 359 peior
353 324 418 349 alter
427 330 535 357 vsquatu
548 321 584 348 est
597 321 731 356 gentium,
757 327 835 352 quam
855 316 934 342 herus
948 322 1022 340 meus
1036 311 1088 346 est,
1108 319 1194 345 neque
1213 316 1264 336 tam
1279 309 1318 348 111-

264 367 336 391 teus,
354 367 440 392 neque
451 364 505 384 tam
526 366 609 384 coeno
624 355 738 382 collitus.
781 353 851 386 Conf.
865 350 984 379 queual.
997 357 1025 374 10
1035 368 1042 380 ,
1063 356 1113 379 132.
1187 346 1316 386 Meretrix

265 395 334 420 lutea
359 395 441 420 Plaut.
454 393 542 419 Truc.
556 402 583 425 4,
598 401 625 424 4,
638 399 656 417 1.
711 387 850 415 Pelusiotas
862 395 910 413 nos
923 384 1053 419 appellant
1067 390 1092 409 et
1104 383 1190 410 luteos
1205 382 1317 407 Hieron.

264 430 309 464 Ep.
318 431 360 462 65,
374 439 394 462 3.
431 430 486 455 vid.
501 428 631 462 casaubon.
646 432 732 451 contra
739 425 830 449 Baron.
842 424 936 457 proleg.
948 427 1020 455 [ππ.
1075 421 1166 454 Nempe
1176 416 1318 455 Pelusiotae

263 474 346 491 nomen
362 467 398 491 ad
407 469 494 495 πηλὸν,
514 465 607 495 lutum,
633 460 729 486 alludit.
787 458 868 485 Ouid.
881 456 945 483 Fast.
966 465 990 489 1,
1008 461 1048 488 138
1067 456 1213 490 Ignotaque
1227 451 1318 487 prodit

262 500 398 533 hirundo,
418 501 448 527 Et
463 501 562 526 luteum
575 497 638 523 celsa
652 495 699 521 sub
713 494 786 520 trabe
798 493 874 528 fingit
888 501 963 528 opus.
1036 491 1117 518 Plaut.
1131 491 1201 516 Men.
1216 497 1239 520 5,
1252 495 1276 520 5,
1291 495 1318 520 19

264 537 338 569 Qiin
357 546 399 563 me
420 536 583 567 interrogas,
614 539 778 566 purpureum
798 537 907 565 panem,
937 536 971 554 au
989 528 1131 563 puniceum
1152 525 1250 550 soleam
1268 532 1319 558 ego

262 573 327 605 effe,
345 580 378 598 an
392 570 509 597 luteuiu3

302 615 319 635 L
330 606 428 635 ’ζ’Τὸς
438 613 457 631 ν
468 612 481 631 s
494 625 501 636 ,
519 612 548 635 a,
568 612 622 629 um.
660 601 721 630 Adi.
758 601 896 637 [πηλώδης]
934 600 1105 634 Luto'plenus.
1143 596 1209 622 Pliu.
1224 600 1264 628 18,
1291 603 1319 627 ¹9
1335 603 1365 622 ιο

739 637 870 665 Columel.
886 645 900 662 2
909 657 917 669 ,
931 646 950 669 4
980 634 1028 661 Sed
1040 632 1252 667 quandocunque
1265 638 1321 656 ara-

264 643 386 670 Lutosam
400 648 495 668 terram
510 648 542 665 ue
556 638 667 672 tangito.

1041 670 1113 703 Rapa
1132 668 1232 700 lutosa,
1251 668 1319 703 Qv-

264 679 337 706 bitur
346 700 353 711 ,
371 675 568 704 obseruabimus
577 695 584 707 ‚
601 682 634 700 ne
647 674 745 701 lutosus
758 683 821 708 ager
832 672 968 699 tractetur.

263 724 318 741 rum
330 714 406 739 radix
418 714 470 738 luto
485 710 518 746 est
531 710 626 744 infez‘la
645 710 778 737 Columel.
790 718 834 741 12,
848 716 890 741 54.
1276 738 1282 743 ⁶

301 757 318 776 L
328 748 348 775 ν’
357 755 378 774 Τ
387 755 404 775 15
413 754 434 774 Ν
443 754 456 773 s
467 754 475 772 1
485 753 498 772 S
507 767 515 779 ‚
535 755 558 773 e.
579 744 639 772 Adi.
658 747 719 772 Luto
727 745 857 771 nutritum.
895 743 960 769 Plin.
967 750 995 774 9,
1010 747 1041 775 37
1057 741 1201 775 Pur-purae,
1209 746 1319 765 nomme

262 786 316 812 alio
330 784 444 819 pelagiae
458 788 594 808 vocantur.
980 816 983 817 .
1001 813 1005 817 ⁴

262 821 371 849 Lutense
385 819 456 854 putri
468 819 552 850 limo,
577 823 603 844 ct
614 817 715 851 algense
730 817 876 843 enutritum
888 816 945 848 alga
959 813 1121 840 vuiffimum.

298 863 315 882 L
327 854 347 882 ὗ
358 861 379 881 Τ
389 861 424 888 Ο,
446 858 501 881 are.
536 854 652 887 [πηλόω]
691 854 751 879 Luto
762 853 876 887 inficere,
887 850 940 882 siue
948 849 1064 875 oblinere.
1119 849 1186 888 Cato
1201 846 1233 872 de
1246 846 1277 872 R.
1286 844 1319 872 R.

262 900 295 924 92
315 892 352 917 Eo
365 891 517 925 granarium
531 897 616 916 totum
629 888 745 915 oblinito
754 888 834 914 crasso
847 887 920 915 luto;
940 884 1027 920 postea
1039 885 1320 918 conspergitoamurca

260 929 326 954 bene
339 935 418 953 omne
433 926 505 961 quod
525 925 660 952 lutaucris.
734 922 874 956 Nidosque
892 922 996 948 reuersa
1015 920 1110 946 lutabit
1130 918 1247 945 hirundo
1261 916 1320 943 Cal-

259 972 335 998 purn.
349 961 399 989 Ecl.
408 970 432 995 5,
446 969 482 996 17.
556 962 668 993 Lutare,
688 960 830 985 Maculare.

258 998 387 1026 mundum
399 997 498 1025 nitidus
512 1005 616 1024 ceroma
629 995 748 1030 capillos:
787 994 842 1020 Hac
861 993 961 1028 poteris
981 992 1098 1018 madidas
1116 990 1230 1018 condere
1251 987 1318 1023 pelle

259 1043 355 1062 comaS.
519 1031 540 1071 q
568 1041 583 1059 2
621 1034 669 1058 Pro
690 1032 767 1057 Lucre
783 1031 825 1055 vel
837 1029 933 1065 soluere
949 1028 1006 1064 ‘usus
1025 1028 1057 1064 1ss
1075 1029 1118 1054 boc
1136 1028 1209 1052 verbo
1228 1026 1317 1052 Varro

258 1072 326 1107 apud
336 1070 408 1097 Non.
423 1077 448 1102 2,
462 1074 512 1103 482
537 1069 604 1095 cuius
617 1069 692 1093 lucum
704 1069 791 1093 damur
804 1066 831 1090 in
847 1072 864 1092 L
874 1072 883 1091 1
894 1072 916 1091 T
928 1072 956 1091 O.

295 1113 311 1133 L
319 1104 368 1133 17⁷1*
376 1107 426 1132 ᾸΤ
435 1113 455 1132 v
466 1112 478 1131 s
487 1125 496 1138 ,
513 1114 527 1131 a
535 1125 543 1137 ‚
563 1114 615 1130 um.
638 1103 730 1130 Partic.
767 1102 836 1129 Pers.
843 1111 866 1135 3,
874 1110 923 1135 104
937 1100 1079 1135 Crass‘oque
1087 1100 1184 1127 lutatus
1191 1105 1318 1130 amomo,

257 1143 310 1169 vid.
324 1143 397 1168 etiam
416 1141 550 1175 Lamprid.
565 1139 706 1174 Heliogab.
722 1146 759 1171 14.
1301 1168 1307 1174 ·

293 1176 395 1206 ῙΛῗΤΕ
405 1182 470 1203 SCO
483 1197 492 1210 ,
516 1178 569 1203 fre.
612 1176 623 1210 [
637 1177 754 1205 πηλοέμαι
769 1175 782 1209 ]
827 1174 914 1199 Lutum
926 1172 1003 1207 fieri,
1036 1180 1059 1198 et
1086 1172 1111 1197 in
1138 1172 1216 1196 lutum
1237 1175 1314 1196 vertt.

258 1215 351 1241 Furius
365 1213 453 1240 Antias
468 1214 536 1247 apud
551 1212 619 1239 Gell.
632 1217 667 1245 18,
681 1219 702 1237 11
727 1209 857 1244 Sanguine
871 1209 983 1235 diluitur
996 1208 1088 1241 tellus,
1109 1215 1171 1233 caua
1188 1214 1259 1233 terra
1278 1204 1317 1230 lu-

257 1251 339 1277 tescit.
394 1249 490 1275 Laudat
502 1248 615 1282 vmfum,
633 1256 701 1282 quem
713 1253 784 1271 vocat
795 1245 962 1272 auctoritatis
976 1243 1103 1279 ignobilis
1120 1244 1193 1269 Non.
1206 1250 1237 1275 2,
1257 1244 1318 1281 5498.

257 1286 388 1312 Columel.
402 1290 431 1317 8,
450 1291 478 1318 17
511 1284 585 1316 Quae
604 1284 687 1315 limo,
712 1289 849 1316 coenoque
870 1281 998 1307 lutescunt
1021 1282 1069 1314 (vt
1089 1286 1147 1306 ante
1166 1279 1220 1305 iam
1239 1277 1316 1311 dixi)

257 1321 402 1353 conchyliis
414 1320 496 1354 magis
510 1327 535 1346 et
551 1319 696 1346 iacentibus
709 1323 767 1352 apta
780 1318 838 1343 sunt
855 1316 1024 1343 animalibus.
1300 1348 1306 1354 .

293 1355 338 1384 Lx?
348 1363 370 1383 'r
381 1364 404 1383 A
413 1362 437 1382 M
446 1362 463 1381 Ε
473 1363 494 1381 N
505 1361 555 1381 Tv
564 1362 588 1381 M
604 1375 611 1388 ‚
639 1355 656 1382 i.
684 1363 710 1380 n.
748 1352 893 1388 [πήλωμα]
938 1354 1004 1387 Opus
1024 1353 1076 1378 luta
1089 1351 1204 1383 oblitum,
1227 1356 1258 1375 vt
1277 1355 1318 1375 ait

257 1394 377 1420 Budaeus.
432 1392 499 1419 Cato
513 1390 544 1417 dc
557 1391 588 1417 R.
602 1392 631 1417 R.
646 1395 686 1421 128
712 1391 750 1416 lta
761 1398 848 1424 neque
860 1390 967 1423 aspergo
980 1387 1103 1422 nocebit,
1128 1396 1216 1421 neque
1228 1393 1317 1412 mures

257 1437 319 1463 caua
337 1428 450 1461 facient,
476 1436 562 1462 neque
581 1426 663 1454 herba
674 1426 808 1458 nascetur,
826 1433 911 1459 neque
927 1425 1069 1450 lutamenta
1082 1422 1199 1461 scindent
1212 1422 1246 1448 se.

294 1471 311 1490 L
321 1463 342 1491 ὕ
352 1471 373 1490 Τ
382 1462 426 1490 GL
435 1470 454 1490 ο
464 1484 472 1496 ,
492 1468 546 1490 are.
585 1462 768 1497 Conspm·cat'e‚
788 1462 839 1487 luto
853 1460 993 1495 inquinare.
1048 1459 1131 1486 Plaut.
1145 1458 1229 1484 Trin.
1243 1464 1276 1489 2,
1290 1463 1318 1489 ι,

256 1508 281 1533 15
308 1499 419 1526 Eosdem
433 1499 561 1532 lutulant,
578 1507 645 1533 quos
658 1497 816 1525 collaudant.

292 1543 308 1562 L
317 1533 366 1562 ὔΤ
375 1542 396 1562 V
408 1542 424 1561 L
436 1542 453 1561 Ε
462 1542 484 1560 N
493 1541 514 1560 T
523 1541 543 1559 V
552 1541 581 1566 S,
601 1542 615 1559 a
625 1554 632 1566 ,
652 1543 706 1559 um.
744 1533 802 1560 Adi.
838 1530 979 1567 [θυμώδης]
1018 1531 1121 1557 Plenum
1136 1530 1196 1556 luto.
1233 1527 1316 1554 Plaut.

254 1570 376 1598 Bacchid.
388 1579 411 1603 3,
430 1579 449 1603 1,
463 1578 491 1603 17
514 1570 549 1595 Vt
565 1578 626 1595 eum
646 1578 677 1595 ex
689 1569 821 1595 lutulento
836 1577 920 1594 coeno
934 1575 1046 1602 propere
1060 1567 1121 1593 hinc
1136 1565 1223 1592 eliciat
1236 1564 1318 1590 foras.

254 1606 386 1633 Columel.
400 1605 432 1633 de
446 1604 572 1632 Arborib.
588 1613 612 1631 12
631 1604 800 1631 Lutulentam
813 1610 911 1630 terram
920 1612 1005 1638 neque
1019 1611 1110 1635 arare,
1130 1610 1215 1636 neque
1223 1599 1318 1627 fodere

253 1649 370 1677 oportet.
443 1641 535 1667 Amnis
556 1640 637 1667 Ouid.
650 1641 742 1666 Amor.
751 1649 774 1672 ς,
788 1641 814 1672 6,
824 1649 862 1673 95.
936 1639 1022 1665 Palma
1045 1638 1202 1665 Hor.Ser1u.
1211 1641 1316 1669 ²‚4,83.

255 1679 309 1704 Cic.
329 1679 358 1704 in
369 1677 469 1705 Sallust.
484 1687 494 1710 3
518 1678 611 1711 Itaque
623 1676 690 1702 nihil
706 1676 777 1702 aliud
791 1675 891 1709 studet,
917 1674 964 1701 nifi
984 1682 1012 1702 vt
1032 1675 1176 1701 lutulentus
1193 1674 1233 1700 sus
1257 1680 1318 1698 cum
1330 1681 1365 1706 40

255 1714 351 1748 quouis
365 1713 492 1740 volutari.
547 1714 604 1746 Sic,
624 1712 696 1739 Idem
712 1712 740 1738 in
754 1712 839 1739 Pison.
853 1718 886 1745 27
905 1712 938 1738 At
952 1720 985 1737 ne
998 1716 1055 1737 tum
1070 1710 1178 1745 quidem
1193 1707 1318 1735 emerfiffi

255 1750 382 1776 lutulente
397 1750 478 1777 Caeso
493 1758 523 1775 ex
537 1748 693 1776 miserrimis
716 1754 824 1774 naturae
837 1754 896 1774 tuae
912 1747 1041 1774 sordibus.
1100 1748 1131 1772 Izt
1144 1746 1172 1772 in
1185 1749 1252 1772 orat.
1268 1751 1318 1778 pro

256 1786 331 1811 Rosc.
346 1786 423 1811 Com.
437 1793 471 1812 20
498 1785 639 1811 Lutulenta
653 1785 771 1818 persona.
844 1784 913 1810 Hor.
928 1784 1010 1810 ὃτι-111.
1024 1791 1049 1816 1,
1062 1791 1096 1816 4,
1117 1791 1137 1808 11
1164 1783 1193 1807 de
1208 1781 1319 1813 Lucilio,

256 1822 346 1853 Quun
359 1821 451 1847 flueret
472 1820 630 1852 lutulentus,
650 1827 721 1852 erat,
742 1819 814 1854 quod
832 1820 927 1846 tollere
948 1819 1045 1852 velles,
1073 1818 1219 1850 Garrulus,
1239 1822 1318 1850 atque

255 1858 331 1891 piger
352 1855 482 1883 scribendi
496 1855 567 1881 ferre
585 1856 713 1882 laborem.
757 1856 828 1881 Vitia
841 1856 897 1882 Cic.
911 1855 939 1881 in
951 1855 1000 1882 Pis.
1011 1862 1054 1890 pr.

256 1894 336 1919 Poeu.
351 1900 376 1926 1,
391 1901 416 1925 1,
431 1900 462 1923 30
492 1892 557 1918 Non
568 1891 653 1918 lutum
668 1890 704 1917 est
719 1891 882 1918 lutulentius.

293 1934 310 1954 1.
322 1934 400 1954 v‘rv
411 1934 452 1954 LE
462 1934 484 1953 N
496 1933 517 1954 ‘r
527 1934 553 1954 r..
592 1926 659 1953 Adu.
698 1926 769 1953 Non.
789 1934 820 1959 2,
839 1931 896 1959 485·

289 1970 306 1990 L
315 1961 338 1990 v“
348 1970 369 1990 Τ
378 1971 400 1990 Α
409 1970 427 1989 R
438 1969 496 1988 ivs
505 1983 513 1995 ‚
532 1971 562 1995 a,
584 1972 639 1989 um.
676 1962 735 1988 Adi.
774 1963 908 1996 [πηλαῖος]
945 1962 1023 1998 ‚Quod
1033 1961 1059 1987 in
1072 1961 1126 1987 luto
1138 1959 1214 1994 degit.
1250 1957 1318 1985 Plin.

255 2007 300 2031 32,
313 2007 332 2031 4
359 1999 424 2024 Sunt
438 2006 502 2031 ergo
524 1997 684 2023 testudinum
703 2006 798 2029 genera
819 1998 969 2030 terrestres,
989 1997 1124 2030 marinae,
1145 1994 1273 2030 lutariae,
1292 1999 1319 2021 et

255 2042 321 2069 quae
333 2033 361 2059 in
376 2032 447 2059 dulci
460 2040 527 2066 aqua
540 2031 644 2057 viuunt.
719 2031 817 2057 Mullus
831 2032 941 2057 lutatius
949 2051 958 2063 ,
977 2032 1057 2065 Piscis
1076 2032 1178 2062 Plin.9,
1191 2038 1226 2063 17.

291 2070 430 2097 LVTVM
443 2088 453 2102 ,
488 2068 543 2094 vid.
567 2068 746 2094 LVTEVM.

292 2186 310 2206 1.
319 2185 341 2205 V
350 2185 369 2206 X
378 2199 386 2212 ,
406 2178 480 2206 lucis.
500 2177 520 2204 f.
557 2178 641 2211 [φῶς,
660 2131 741 2217 φΙεΞςς]
763 2128 1013 2210 ζνορνίᾗζξηξίῖεαε
1022 2174 1173 2201 Claritatem
1180 2170 1320 2207 fiuesplen..

257 2217 354 2249 dorem,
374 2214 518 2249 celasti-aelam
533 2223 548 2238 a
561 2220 676 2248 corpore,
696 2221 714 2237 1.
725 2211 901 2243 consideratum
913 2217 960 2244 per
968 2210 996 2244 se
1003 2211 1174 2245 ſsnecorpore,
1193 2215 1223 2234 vt
1234 2214 1321 2233 contra
1340 2211 1370 2235 55
1385 2207 1424 2235 Id.
1445 2205 1512 2232 ibid.
1533 2216 1557 2239 4,
1571 2214 1622 2239 45²-

256 2261 285 2277 εκ
305 2252 406 2277 Lumen
426 2249 461 2285 est
485 2255 569 2283 corpus
581 2248 698 2276 lucidum.
742 2246 858 2273 Corusca
871 2244 916 2271 lux
936 2245 981 2271 Sil.
997 2255 1028 2279 ις,
1042 2247 1100 2276 640.
1175 2244 1321 2276 Lucret.¹4‚

257 2293 283 2317 31
310 2286 407 2312 Omnia
427 2283 564 2312 corrident
583 2289 708 2318 concepta
727 2283 784 2309 luce
797 2280 867 2307 Diei.
940 2280 1046 2307 Lucret.
1064 2282 1096 2312 6,
1115 2284 1160 2312 848
1191 2278 1233 2305 Est
1251 2277 1321 2312 apud

258 2321 417 2349 Hammonis
444 2321 535 2347 fanum
555 2320 616 2346 fons
636 2319 694 2346 luce
707 2318 810 2345 Diurna
839 2315 962 2350 Frigidus
977 2336 986 2349 ,
1015 2322 1042 2342 at
1062 2315 1160 2342 calidus
1185 2314 1321 2341 nociurno

257 2364 377 2392 tempore
390 2356 486 2384 fertur.
556 2356 640 2391 Egens
660 2354 726 2381 lucis
743 2356 788 2381 δἐι·
821 2352 903 2379 Ouid.
924 2353 989 2379 Met.
1009 2360 1034 2385 1,
1055 2359 1093 2387 17.
1167 2351 1269 2385 Egenus
1283 2349 1322 2375 lu·

256 2394 293 2420 cis
301 2394 434 2420 Tartarus
455 2393 673 2424 Lucret.3,1024.
711 2391 809 2425 Larga,
823 2388 877 2415 vicl.
891 2395 964 2414 LAR
974 2393 995 2414 G
1005 2394 1024 2413 v
1036 2394 1059 2414 s.
1194 2417 1196 2419 r

257 2436 282 2456 M
292 2437 314 2456 A
323 2436 338 2454 L
348 2435 368 2453 v
377 2434 399 2454 s.
472 2428 606 2455 Praeclara
626 2427 732 2454 Luci-et.
746 2434 771 2458 2,
785 2433 849 2457 1031.
923 2423 1030 2450 Publica
1045 2423 1191 2450 luxmundi
1201 2420 1322 2449 Phoebus

259 2464 339 2492 Ouid.
353 2464 417 2491 Met.
434 2472 460 2497 2,
479 2471 516 2497 33.
592 2464 659 2490 Pura
681 2463 755 2497 Virg.
768 2462 833 2488 Aen.
853 2468 885 2493 2,
906 2467 965 2493 590.
1038 2459 1121 2485 Rosea
1141 2459 1203 2485 Stat.
1218 2458 1282 2484 Silu.
1297 2466 1324 2489 3,

258 2510 285 2534 1,
298 2509 350 2534 134.
423 2499 529 2527 Siderea
549 2497 631 2526 Ouid.
644 2498 752 2532 Met.4,
769 2500 824 2529 169.
898 2496 1027 2523 Naturale
1040 2495 1168 2522 Solatium
1183 2494 1228 2520 lux
1248 2493 1325 2519 Curt.

259 2544 288 2570 3,
302 2546 337 2570 4,
350 2541 372 2566 8.
444 2536 532 2562 Valer.
547 2536 646 2570 Argon.
661 2543 690 2566 3,
710 2539 753 2567 558
780 2533 873 2568 Stagna
887 2541 952 2566 vaga
964 2531 996 2558 fic
1010 2533 1067 2558 luce
1085 2531 1182 2557 micant
1195 2529 1242 2556 vbi
1256 2529 1324 2561 cyn-

259 2573 315 2600 thia
333 2572 405 2599 caelo
443 2571 578 2606 Prospicit.

260 2608 340 2635 Ouid.
354 2608 385 2634 de
397 2608 460 2634 Arte
474 2608 533 2634 Aru.
547 2616 575 2639 3,
589 2612 648 2641 807.
722 2605 834 2632 Albescit
848 2605 964 2639 primum
980 2604 1023 2630 lux
1049 2604 1125 2638 Virg.
1141 2604 1205 2629 Aen.
1219 2610 1254 2634 4,
1267 2603 1323 2633 586.

260 2643 397 2671 Conuestit
414 2643 504 2670 omnia
519 2642 679 2677 perfundens
693 2642 736 2668 sua
753 2641 811 2668 luce
828 2640 871 2667 Sol
898 2640 1002 2667 Lucret.
1016 2648 1048 2671 2,
1068 2647 1124 2674 147.
1198 2637 1324 2678 Cucurrit

259 2680 329 2707 stella
342 2680 423 2706 multa
437 2688 496 2706 cum
508 2679 565 2705 luce
590 2678 668 2713 Virg.
683 2679 748 2704 Aen.
763 2685 788 2710 2,
803 2678 863 2710 694.
936 2676 1005 2702 Dant
1018 2676 1086 2702 clara
1105 2673 1224 2701 incendia
1238 2674 1324 2700 lucem

260 2715 360 2742 erranti
381 2715 457 2749 Virg.
472 2715 534 2741 Aen.
553 2722 584 2747 2,
598 2722 656 2749 570.
730 2713 887 2748 Dispergere
901 2712 997 2739 claram
1010 2711 1112 2738 lumine
1125 2711 1210 2737 lucem
1230 2707 1324 2736 Claud.

261 2752 294 2779 de
313 2752 387 2786 Rapt.
410 2751 528 2785 Proser-p.
547 2758 574 2783 1,
601 2756 624 2780 8.

262 2787 333 2815 Med.
348 2795 384 2813 10.
459 2787 611 2820 Gignuntur
624 2786 748 2813 tenebrae
761 2791 786 2812 et
794 2785 838 2811 lux
851 2785 954 2811 alterno
969 2790 1090 2818 tempore
1108 2783 1214 2810 Lucret.
1227 2791 1250 2815 5,
1264 2783 1324 2815 976.

262 2823 377 2850 Haurire
389 2822 475 2849 lucem
495 2822 570 2856 Virg.
586 2821 685 2856 Georg.
700 2830 724 2855 2,
738 2830 799 2854 340.
863 2820 967 2847 Oborta
983 2820 1026 2846 lux
1035 2840 1043 2853 ,
1062 2819 1117 2846 vid.
1133 2825 1152 2845 O
1164 2824 1179 2844 Β
1192 2825 1211 2844 0
1220 2824 1257 2844 111
1267 2823 1286 2844 o
1296 2824 1324 2843 R.

262 2858 371 2886 Refulfit
391 2858 486 2885 humus
506 2866 637 2893 purpurea
662 2859 719 2884 luce
752 2856 834 2884 Ouid.
857 2856 920 2883 Fast.
939 2860 955 2884 6
997 2864 1047 2889 252.
1120 2853 1253 2881 Subducta
1279 2853 1324 2879 lux

262 2900 380 2954 repente6
395 2894 440 2921 Sil.
452 2899 466 2925 8
475 2914 483 2926 ‚
497 2896 556 2927 634·
628 2893 760 2920 Subdueia
773 2894 830 2920 luce
843 2893 943 2919 caelum
956 2879 1108 2926 fretumque
1121 2891 1211 2917 miscet
1235 2889 1324 2916 Senec.

262 2932 283 2958 A
303 2939 351 2957 am.
383 2950 389 2956 .

263 2940 322 2994 caiis
347 2965 403 2992 Cic.
422 2964 453 2991 de
467 2965 542 2991 Orat.
555 2973 587 2998 2,
599 2967 629 2997 36
649 2975 671 2991 c.
685 2974 710 2998 9.
784 2965 909 2992 Proferre
923 2973 963 2991 res
975 2963 1090 2991 occultas
1103 2963 1131 2989 in
1150 2963 1234 2988 lucem
1268 2961 1324 2987 Cic.

591 3000 629 3028 ld.
647 3000 725 3027 Verr.
744 3009 776 3033 2,
795 3003 838 3031 136
865 3000 922 3027 Erit
938 2999 1016 3027 vobis
1037 3000 1095 3026 luce
1115 2998 1226 3030 clarius,
1252 2996 1322 3025 Iudi-

1022 3035 1101 3071 Signa
1113 3033 1189 3061 omni
1204 3034 1262 3060 luce
1276 3033 1325 3059 cla-

1068 3071 1125 3098 Cic.
1149 3070 1177 3096 in
1198 3070 1270 3096 Arar.
1290 3069 1325 3102 96

263 3001 342 3029 Acad.
356 3010 385 3035 4,
399 3003 432 3028 62
452 3009 519 3034 c.19.

264 3048 314 3071 ces,
336 3046 418 3072 quum
433 3046 478 3063 eos
491 3037 560 3071 ipsos
573 3036 736 3072 produxero,
751 3036 797 3071 qui
812 3036 948 3063 dederunt.

265 3074 337 3100 riora
363 3073 419 3100 Cic.
441 3081 490 3107 pro
511 3073 581 3099 Cael.
601 3081 622 3099 c.
637 3081 662 3105 9.
736 3072 834 3106 Luces,
860 3072 886 3097 in
905 3072 1011 3106 plurali.

265 3110 327 3137 Illae
341 3117 407 3144 quae
419 3108 522 3142 fulgent
536 3109 606 3134 luces
620 3117 651 3135 cx
663 3116 711 3134 ore
722 3109 839 3134 corusco.
875 3114 920 3142 pro
939 3107 1028 3134 stellis.

262 3145 381 3180 [catione.
454 3144 499 3170 Sil.
519 3149 622 3178 17,478
653 3144 710 3170 Lux
728 3149 804 3169 atrox
826 3143 912 3169 micat.
987 3144 1043 3169 Lux
1064 3142 1208 3170 masculino
1228 3148 1324 3176 genere

265 3180 332 3215 apud
345 3179 469 3215 antiquos
483 3180 598 3214 reperiri
608 3180 697 3215 probat
711 3179 784 3206 Non.
793 3187 814 3211 3,
828 3185 864 3208 118
891 3186 943 3204 tum
956 3179 1072 3211 aliunde,
1092 3187 1143 3205 tum
1156 3187 1188 3204 ex
1203 3177 1284 3204 Plaut.
1297 3177 1325 3203 in

267 3216 352 3244 Aulul.
365 3225 400 3249 4,
413 3225 441 3242 10
450 3236 458 3248 ‚
478 3220 501 3246 ¹8
529 3216 598 3242 Luce
611 3216 682 3242 claro
695 3215 851 3250 diripiamus
864 3223 958 3241 aurum
973 3214 1102 3240 matronis
1121 3214 1214 3248 palam.
1255 3212 1325 3239 Add.

268 3251 362 3278 Donat.
375 3251 407 3277 ad
420 3252 490 3278 Ter.
504 3250 552 3277 Ad.
567 3259 589 3283 5,
602 3259 625 3282 3,
639 3258 681 3284 54.
860 3248 880 3288 ff
901 3258 917 3277 2
955 3250 1012 3276 Lux
1022 3270 1030 3281 ‚
1048 3256 1093 3284 pro
1110 3251 1166 3277 Die.

269 3294 302 3317 29
327 3286 383 3312 Alia
398 3287 455 3313 luce
469 3293 528 3313 orta
540 3287 596 3312 auis
609 3286 636 3312 in
650 3285 749 3320 pastum
763 3286 883 3321 profecit·
897 3285 940 3313 est.

268 3321 347 3348 facias
361 3323 447 3347 versus
460 3323 531 3349 nulla
545 3331 601 3348 non
614 3322 670 3348 luce
691 3321 826 3349 ducentos.
895 3323 966 3349 Luce
985 3319 1120 3353 vicesima,
1144 3327 1190 3355 pra
1214 3320 1325 3350 Viafimo

269 3358 310 3383 die
335 3357 400 3383 Plin.
415 3365 440 3389 2,
452 3367 476 3389 9.
550 3357 607 3386 Cic.
620 3366 670 3392 pro
685 3357 780 3384 Milon.
793 3366 826 3391 99
847 3368 867 3386 c.
881 3366 909 3390 35
940 3356 1085 3384 Centefima
1099 3356 1145 3382 lux
1162 3355 1198 3382 cst
1210 3355 1272 3381 haec
1291 3355 1324 3381 ab

268 3392 379 3420 interitu
401 3393 426 3418 l'.
441 3392 549 3427 Clodii,
580 3399 605 3420 et
625 3392 723 3427 opinor
744 3393 827 3426 vltra,
850 3401 896 3420 etc.
970 3392 1063 3420 Multis
1082 3396 1141 3418 ante
1161 3391 1280 3424 lucibus,
1308 3393 1326 3418 i.

269 3428 362 3454 Multis
373 3428 456 3453 diebus
470 3436 528 3454 ante
549 3428 630 3456 Ouid.
643 3437 674 3455 ex
687 3429 761 3455 Pont.
776 3436 807 3461 2,
820 3437 845 3459 1,
858 3436 897 3460 ας.
971 3430 1059 3455 Varro
1071 3428 1140 3462 apud
1151 3427 1224 3453 Non.
1241 3435 1282 3459 12,
1295 3435 1326 3459 39

1221 3249 1290 3275 Gell.
1303 3257 1327 3281 2,

651 782 746 807 Earum
761 788 858 815 genera
870 780 961 813 plura,
977 777 1075 812 pabulo
1087 783 1116 804 vt
1129 777 1186 802 solo
1201 775 1319 802 discreta.
1338 782 1363 806 15

887 957 1003 985 Martial.
1017 965 1057 988 14,
1070 964 1100 988 50
1128 956 1170 982 Ne
1191 955 1254 980 lutet
1269 952 1318 978 im·
1331 963 1365 981 20

1102 1856 1214 1890 cwnpar.
1233 1852 1320 1880 Plaut.
1335 1859 1366 1884 45
1390 1861 1570 1882 ADSPICIO.

1334 2038 1368 2062 50
1384 2033 1438 2067 dip.
1453 2042 1507 2066 939.

650 2569 798 2596 Admittere
816 2570 900 2595 lucem
919 2569 948 2595 in
968 2567 1097 2594 thalamos
1119 2567 1182 2593 totis
1203 2564 1324 2591 fenestris
1342 2566 1374 2596 65
1388 2564 1518 2599 domique
1533 2564 1717 2600 praestantior.

462 2930 610 2964 Memphora
625 2930 696 2956 huius
710 2930 778 2955 vocis
792 2930 868 2956 varia
880 2928 928 2964 est,
948 2935 993 2960 vt,
1014 2927 1133 2955 Historia
1149 2926 1193 2952 lux
1207 2925 1243 2952 est
1256 2924 1326 2951 veri·
1342 2928 1371 2954 75
1388 2926 1419 2951 Et
1438 2923 1514 2958 Virg.
1528 2925 1592 2951 Aen.
1607 2933 1629 2957 2,
1636 2930 1678 2954 281
1700 2925 1725 2951 O
1740 2924 1798 2951 Lux
1806 2924 1964 2958 Dardaniae,
1971 2932 2017 2952 etc.

1798 183 2016 225 va

1377 273 1468 301 Senec.
1483 273 1553 301 Med.
1569 281 1599 303 11.
1656 273 1723 301 Data
1736 274 1772 300 est
1786 273 1888 300 mensae
1903 279 1962 308 pars
1976 274 2078 308 optima
2090 274 2156 300 lucis
2170 273 2251 301 Ouid.
2265 275 2330 301 Met.
2348 283 2371 308 7,
2379 276 2433 301 622.

1379 309 1506 337 Dormire
1521 312 1548 337 in
1564 311 1649 336 lucem
1670 311 1739 338 Hor.
1753 309 1832 344 Epist.
1847 319 1866 342 1,
1887 315 1921 341 18,
1939 319 1974 341 34.
2031 311 2062 337 In
2083 319 2138 337 vno
2158 309 2201 336 die
2222 311 2329 337 Inuenit
2347 311 2435 337 lucem

1380 350 1406 382 et
1419 346 1525 375 noetem
1538 347 1597 373 Sen.
1612 347 1656 380 Ep.
1674 354 1705 372 12.
1781 347 1908 373 inuocare
1922 344 2008 371 iucem
2023 346 2092 373 Suet.
2107 346 2190 381 Calig.
2212 355 2233 372 c.
2248 356 2281 377 51.
2355 346 2435 373 Lucc-

1379 378 1420 404 bit
1433 379 1490 406 luce
1504 383 1586 409 Plaut.
1605 382 1684 408 Curc.
1707 391 1732 414 1,
1752 390 1779 415 3,
1800 384 1836 414 36.
1908 380 2030 408 Perditur
2053 381 2113 414 lux,
2132 383 2149 411 i.
2169 382 2437 415 ,1ln1itt1'mrdiesfine

1383 416 1501 441 cvmmvdo
1518 418 1586 445 Hor.
1603 418 1684 445 Scrm.
1711 427 1734 451 2,
1753 421 1779 451 6,
1798 427 1835 452 39.
1909 417 2072 451 Propinquat
2091 415 2201 445 inimica
2215 418 2260 444 lux
2280 417 2356 451 Virg.
2371 419 2436 443 Aen.

1381 459 1407 483 92
1422 459 1471 481 355-
1542 453 1660 480 Reducct
1674 463 1771 480 aurora
1784 453 1879 479 lucem,
1953 453 2035 479 Ouid.
2051 453 2113 480 Met.
2126 462 2146 487 3,
2159 463 2209 488 ¹49·
2281 453 2337 480 Cic.
2352 453 2379 479 in
2398 453 2438 479 Pi.

1382 487 1437 512 son.
1456 494 1482 518 23
1502 486 1605 515 Etenim
1618 490 1663 516 illa
1676 490 1729 516 iam
1744 489 1852 521 omitto,
1871 497 1954 523 quum
1969 489 2109 515 seruorum
2121 489 2237 516 delectus
2251 489 2394 516 haberetur
2408 489 2438 514 in

1383 522 1455 554 soro,
1476 530 1549 561 arma
1558 522 1586 548 in
1598 526 1698 560 templo
1713 526 1829 552 Castoris
1844 526 1901 551 luce
1914 530 1940 551 et
1952 525 2038 559 palam
2053 531 2293 559 comportarentur.
2328 525 2367 552 Id.
2383 521 2438 551 Off-

1382 567 1404 593 3,
1417 567 1446 591 93
1466 558 1491 583 Sl
1502 558 1561 592 quis
1570 558 1669 592 sapiens
1677 568 1782 596 rogatus
1798 562 1826 588 fit
1840 561 1872 588 ab
1886 569 1929 593 co,
1944 561 1991 594 qui
2006 570 2067 587 cum
2082 560 2208 587 heredem
2220 562 2308 594 faciat,
2322 570 2404 596 quum
2412 559 2438 586 ei

1383 594 1538 621 testamento
1545 592 1692 620 sestertium
1700 598 1787 624 milies
1797 598 1973 631 relinquatur,
1987 602 2015 623 vt
2029 604 2176 630 antequam
2191 595 2380 624 haereditatem
2395 594 2438 623 ad-

1383 638 1440 662 eat,
1458 631 1517 656 luce
1525 629 1610 665 palam
1619 629 1646 655 in
1661 630 1724 656 foro
1736 634 1815 660 saltet.
1853 634 1922 660 Luce
1937 632 2044 659 demum
2059 633 2134 660 ausus
2148 632 2281 659 incursare
2295 633 2323 659 in
2335 632 2439 659 hostem

1383 666 1521 698 Liu.›3,38,
1558 665 1636 692 Clara
1649 665 1707 692 luce
1715 667 1795 694 Plaut.
1811 669 1899 696 Aulul.
1921 678 1993 702 4,10,
2008 674 2040 698 18.
2077 668 2162 694 Multa
2170 668 2228 695 luce
2236 668 2338 694 reueeti
2351 669 2439 695 hostes

1382 701 1558 734 Tac-Hist-5‚
1568 711 1602 728 22·
1639 701 1795 728 OuidMet.
1805 713 1823 737 ¹,
1836 709 1882 737 630
1901 706 1970 731 Luce
1979 704 2037 731 sinit
2045 704 2126 739 pasci:
2147 713 2229 739 quum
2237 704 2281 730 Sol
2290 703 2385 730 tellure
2393 704 2440 730 sub

1380 737 1434 765 alta
1448 737 1494 771 est,
1530 737 1647 770 Claudii,
1666 742 1692 764 et
1704 737 1816 772 indigno
1824 739 1966 768 circumdat
1974 739 2082 767 vincula
2090 739 2169 773 collo,
2185 741 2204 766 i.
2213 740 2333 766 interdiu.
2369 740 2440 767 Ter.

1383 773 1495 808 Adelph.
1510 783 1531 807 5,
1544 784 1565 807 3,
1579 783 1607 806 54
1628 774 1768 800 Caeterum
1784 783 1828 800 rus
1841 783 1900 801 cum
1913 777 1970 803 filio
1985 775 2205 811 cuuiprimaluce
2218 775 2264 802 ibo
2278 775 2349 802 hinc.
2386 775 2440 801 Do-

1381 816 1456 836 natus
1470 810 1532 845 legit
1552 811 1620 836 Cum
1632 810 1721 844 primo
1734 811 1811 842 lucu3
1829 810 1921 843 dicens,
1938 812 2006 839 Cum
2022 814 2111 847 primo
2124 812 2185 838 lucu
2198 818 2301 838 veteres
2310 810 2442 844 dicebant,

1380 847 1483 873 Lucum
1498 854 1548 880 pro
1561 847 1640 877 Luce,
1658 855 1709 881 pro
1723 846 1784 872 Sole
1800 851 1936 881 ponentes.
2007 849 2076 883 Ergo
2090 857 2149 875 curu
2162 847 2252 883 primo
2265 847 2336 881 lucu,
2349 848 2442 880 Quini

1383 882 1502 917 primum
1516 881 1560 908 Sol
1574 882 1693 916 coeperit
1705 882 1841 909 lucescere.
1881 881 1965 908 Etiam
1976 883 2084 910 Faernus
2097 886 2200 910 dederat
2207 892 2268 910 cum
2276 884 2365 919 primo
2373 884 2442 910 lucu.

1383 919 1433 943 Sed
1444 918 1564 943 anlaex
1575 919 1652 945 MSS.
1674 927 1734 944 cum
1748 927 1845 953 promo
1859 917 1922 944 luci.
1942 917 1996 943 vid.
2008 926 2034 944 u.
2048 929 2070 951 4.
2141 920 2202 947 Liu.
2217 929 2235 950 1,
2248 930 2278 953 44
2305 920 2339 946 Vt
2351 927 2443 946 omnes

1383 952 1454 979 ciues
1469 952 1595 988 Romani,
1614 954 1726 988 equites,
1745 954 1898 989 peditesque
1910 954 1939 980 in
1952 953 2005 979 suis
2027 953 2138 988 quisque
2155 955 2282 983 centuriis
2303 955 2330 982 in
2347 963 2444 990 campo

1382 988 1485 1016 Martio
1498 989 1584 1023 prima
1599 988 1657 1016 luce
1670 990 1791 1019 adcffent.
1864 990 1921 1017 Cic.
1937 992 1991 1016 Att.
2005 1000 2029 1023 4,
2042 999 2053 1021 3
2065 990 2114 1024 fin.
2132 991 2256 1021 Metellus
2278 1001 2337 1018 cum
2357 991 2445 1026 prima

1383 1025 1442 1052 luce
1457 1025 1486 1051 in
1501 1033 1622 1059 campum
1635 1025 1765 1053 currebat.
1851 1026 1939 1053 Prima
1961 1026 2018 1052 luce
2037 1025 2148 1052 Sabinus
2161 1033 2220 1053 ante
2238 1037 2316 1062 quam
2339 1026 2445 1053 hostilia

1383 1067 1544 1096 coeptarent,
1557 1069 1602 1087 etc.
1639 1061 1730 1089 Tacit.
1743 1061 1812 1088 Hist.
1829 1070 1852 1098 3,
1864 1071 1908 1095 70.
1945 1062 2017 1088 Caes.
2038 1062 2103 1088 Bell.
2125 1061 2206 1088 Ciuil.
2221 1072 2239 1096 1,
2253 1069 2278 1094 81
2303 1063 2377 1090 Idem
2397 1071 2443 1097 po-

1382 1098 1453 1124 stero
1468 1097 1511 1123 die
1525 1105 1538 1122 a
1553 1096 1640 1131 prima
1654 1097 1711 1124 luce
1726 1097 1835 1124 faciunt.
1907 1098 2017 1124 Leniter
2031 1097 2162 1124 illustrans
2177 1098 2234 1132 lux,
2254 1099 2309 1125 vid.
2331 1105 2445 1126 LENiS.

1381 1133 1421 1160 Ad
1435 1133 1521 1159 lucem
1535 1133 1607 1159 Suet.
1622 1134 1696 1160 Caes.
1717 1142 1739 1162 c.
1753 1142 1786 1165 31.
1859 1132 1957 1160 Bibere
1972 1134 2001 1159 in
2014 1133 2114 1167 lucem,
2133 1142 2157 1160 et
2171 1135 2292 1161 Coenare
2306 1134 2336 1160 in
2350 1136 2446 1168 lucem,

1381 1170 1434 1196 vid.
1459 1176 1498 1196 ΙΝ
1522 1169 1755 1204 praepositionem.
1793 1169 1912 1204 Pugnare
1920 1168 2055 1203 adlucem,
2069 1171 2123 1196 vid.
2145 1176 2168 1197 Α
2178 1176 2197 1196 D
2215 1169 2446 1205 praepofltionem.
2469 1199 2473 1201 .

1379 1206 1448 1232 Ante
1468 1205 1571 1236 lucem,
1587 1205 1641 1232 vid.
1662 1212 1687 1233 A
1698 1212 1721 1232 N
1734 1212 1756 1233 T
1767 1212 1784 1232 E
1805 1204 2038 1240 praepositionem.
2076 1207 2143 1231 Ante
2158 1206 2243 1233 lucem
2257 1206 2328 1232 Galli
2343 1211 2447 1233 cantant

1381 1241 1438 1268 Cic.
1453 1242 1516 1268 Diu.
1532 1251 1544 1267 2
1565 1251 1584 1268 c.
1601 1244 1640 1269 26.
1712 1241 1804 1269 Tacit.
1821 1241 1889 1268 Hist.
1905 1252 1929 1274 4,
1943 1250 1974 1272 50
2000 1241 2044 1268 1111
2064 1240 2160 1275 raptim
2180 1242 2253 1268 11εὲἲί
2273 1241 2386 1269 obscuro
2404 1241 2447 1268 ad-

1381 1276 1433 1304 huc
1449 1284 1554 1312 coeptae
1568 1277 1645 1311 lucis,
1658 1278 1768 1305 domum
1782 1277 1951 1304 Proconsulis
1959 1277 2122 1312 irrumpunt.
2195 1278 2295 1312 Coepta
2303 1278 2373 1312 luce,
2387 1278 2448 1305 mis-

1381 1314 1422 1340 sae
1436 1313 1464 1340 in
1477 1313 1560 1340 latera
1573 1314 1693 1347 legiones
1713 1314 1805 1341 Tacit.
1819 1315 1887 1346 Anu.
1898 1323 1917 1347 1,
1931 1315 1970 1344 65.
2008 1313 2082 1340 Idem
2098 1322 2131 1346 15,
2148 1322 2175 1344 55
2195 1313 2295 1348 Coepta
2302 1314 2360 1341 luce
2374 1313 2448 1342 Mili-

1381 1349 1445 1376 chus
1464 1349 1493 1376 in
1512 1349 1606 1376 hortos
1630 1349 1795 1377 Seruilianos
1813 1349 1907 1384 pergit.
1979 1349 2083 1376 Dubiae
2102 1349 2169 1375 lucis
2190 1349 2341 1384 crepuscula
2366 1348 2448 1377 Ouid.

1381 1386 1447 1413 Met.
1463 1395 1492 1419 11,
1506 1387 1563 1419 596.
1637 1386 1728 1412 Seram
1750 1385 1877 1420 pepulere
1905 1385 2055 1420 crepuscula
2074 1385 2158 1412 lucem
2185 1385 2260 1413 Idem
2274 1385 2340 1412 ibid.
2354 1396 2387 1420 15,
2399 1388 2448 1416 651.

1381 1422 1459 1456 Virg.
1471 1422 1570 1456 Georg.
1583 1431 1608 1454 4,
1621 1430 1648 1452 52
1669 1421 1723 1448 Vbi
1738 1421 1838 1457 pulsam
1851 1421 1960 1448 hiemen
1974 1421 2012 1447 sol
2025 1430 2119 1448 aureus
2132 1421 2187 1456 egit
2223 1421 2276 1448 Sub
2289 1427 2382 1455 terras,
2395 1430 2450 1448 cae.

1382 1457 1491 1492 lumque
1504 1457 1602 1484 aestiua
1615 1458 1673 1484 luce
1686 1457 1800 1485 reclusit.
1873 1457 1956 1484 Ouid.
1975 1457 2062 1485 Trist.
2081 1467 2106 1492 1,
2126 1467 2161 1490 11,
2181 1467 2210 1492 39
2228 1458 2317 1485 lacior
2328 1458 2357 1484 in
2371 1457 2449 1484 indo-

1382 1494 1450 1520 mito
1467 1493 1583 1520 brumali
1597 1493 1653 1520 luce
1666 1494 1812 1528 profundo.
1991 1491 2013 1529 Ἴ
2040 1502 2051 1525 3
2076 1493 2151 1526 Lux,
2170 1501 2216 1529 pro
2236 1495 2309 1528 Vita,
2334 1495 2375 1520 vti
2396 1493 2448 1519 Lu-

1382 1538 1453 1556 men.
1526 1529 1583 1556 Cic.
1596 1530 1680 1557 Tusc.
1694 1538 1718 1562 2,
1734 1539 1762 1556 ιο
1782 1539 1803 1556 c.
1817 1538 1832 1561 4
1850 1528 1901 1555 Etsi
1914 1529 1986 1555 enim
2000 1529 2068 1555 mihi
2083 1529 2201 1556 conscius
2221 1530 2295 1562 suin,
2313 1538 2451 1564 uunquam

1382 1574 1426 1592 me
1440 1564 1521 1591 nimis
1537 1565 1662 1600 cupidum
1676 1566 1753 1593 fuifl'e
1765 1567 1847 1596 vitae,
1867 1571 1955 1591 tamen
1968 1564 2146 1592 obiiciebatur
2153 1565 2288 1592 interdum
2296 1565 2388 1592 animo
2396 1566 2463 1592 mes

1382 1607 1423 1628 tus
1440 1601 1564 1634 quidam,
1586 1607 1612 1628 et
1630 1601 1710 1628 dolor
1730 1600 1876 1637 cogitanti,
1898 1601 1958 1627 fore
1972 1601 2116 1636 aliquando
2134 1602 2214 1629 finem
2227 1602 2308 1628 huius
2323 1602 2405 1634 lucis,
2424 1605 2450 1628 et

1381 1637 1546 1664 ainiffionem
1561 1637 1686 1664 omnium
1700 1638 1770 1665 vitae
1789 1637 2004 1664 commodorum.
2081 1638 2240 1665 Contemtor
2260 1637 2326 1665 lucis
2347 1637 2451 1667 animus

1381 1674 1460 1708 Virg.
1476 1675 1540 1700 Aen.
1556 1683 1581 1707 9,
1595 1683 1651 1706 205.
1725 1673 1857 1708 Qiine'til.
1865 1683 1885 1705 3,
1898 1679 1912 1704 8
1933 1673 1999 1700 Non
2006 1673 2452 1709 cupiditatemlucisallegabimus3

1382 1710 1450 1738 Plin.
1465 1719 1477 1743 7
1500 1710 1610 1744 praefat.
1642 1709 1683 1737 Ab
1697 1709 1748 1737 hoc
1761 1709 1829 1736 lucis
1843 1709 2016 1740 rudimento,
2033 1718 2100 1744 quae
2113 1719 2147 1736 ne
2160 1710 2229 1736 feras
2249 1710 2359 1745 quidem
2380 1710 2452 1737 inter

1383 1755 1432 1773 nos
1451 1747 1567 1781 genitas,
1586 1746 1695 1774 vincula
1716 1746 1862 1782 excipiunt.
1936 1744 2104 1780 Abrumpere
2124 1746 2238 1773 inuisam
2265 1746 2368 1781 lucem,
2393 1745 2451 1772 vid.

1386 1787 1564 1810 ABRVMPO.
1638 1782 1805 1818 Abrumpere
1818 1783 1877 1809 ense
1890 1780 1991 1808 inuisae
2004 1781 2071 1808 lucis
2089 1790 2178 1808 moras
2197 1782 2286 1808 Senec.
2307 1781 2413 1809 Troad.
2432 1782 2452 1808 s.

1384 1828 1423 1846 10.
1495 1819 1623 1854 Accipere
1643 1818 1730 1845 lucem
1757 1819 1812 1845 Cic.
1831 1826 1881 1852 pro
1899 1817 2005 1844 Cluent.
2023 1826 2055 1850 3¹-
2111 1817 2252 1852 Adspicere
2273 1818 2377 1850 lucem,
2396 1817 2451 1844 vid.

1617 1856 1716 1882 Carere
1731 1855 1800 1888 luce,
1818 1854 1874 1880 vicl.
1894 1858 2026 1881 CAREO.
2100 1854 2244 1880 Carentum
2257 1854 2314 1880 luce
2328 1861 2452 1888 corpora,

1382 1891 1401 1918 i.
1414 1892 1571 1917 Mortuerum
1591 1891 1668 1926 Virg.
1685 1892 1785 1926 Georg.
1803 1901 1827 1924 4,
1842 1899 1892 1921 255·
1965 1888 2071 1916 Dile&a
2083 1890 2166 1924 magis
2181 1890 2240 1916 luce
2258 1890 2333 1916 Idem
2348 1890 2413 1916 Aen.
2427 1899 2453 1923 4,

1383 1935 1416 1958 31.
1490 1926 1546 1952 Cic.
1560 1927 1638 1953 Verr.
1653 1936 1675 1956 5,
1689 1936 1719 1958 74
1738 1936 1761 1953 c.
1774 1935 1804 1959 29
1827 1926 1884 1951 Cur
1896 1925 2018 1958 inquam,
2032 1925 2137 1952 ciuibus
2151 1926 2290 1959 Romanis,
2302 1934 2369 1961 quos
2384 1925 2452 1961 pira-

1381 1966 1423 1987 tae
1435 1966 1568 1995 ceperant,
1588 1962 1673 1987 securi
1686 1961 1773 1987 statim
1788 1960 1918 1995 percurris,
1936 1959 1997 1993 ipsis
2011 1960 2103 1993 piratis
2117 1961 2184 1987 lucis
2198 1962 2304 1988 vsuram
2325 1968 2378 1989 tam
2392 1961 2453 1988 diu-

1384 2002 1490 2023 turnam
1508 1996 1621 2023 dedisti?
1639 1997 1657 2023 i.
1670 1997 1756 2022 viuere
1769 1995 1914 2032 permistssi.
1969 1995 2041 2021 Editi
2056 1996 2085 2021 in
2097 1996 2182 2022 lucem
2193 1998 2275 2030 gnati.
2296 1998 2386 2025 Senec.
2401 1997 2453 2024 Oe·

1581 2031 1647 2058 Frui
1661 2031 1800 2059 communi
1813 2030 1873 2058 luce
1892 2029 1986 2057 Claud.
1999 2030 2030 2057 de
2045 2031 2308 2066 Rapt.P1-oserp.261.
2326 2034 2361 2059 al.
2381 2033 2451 2060 Sole.

1383 2067 1449 2092 Frui
1465 2071 1552 2099 optata
1566 2067 1626 2093 luce
1639 2068 1713 2101 Virg.
1729 2068 1793 2094 Aen.
1803 2077 1828 2098 4,
1842 2070 1897 2100 619.
1970 2066 2096 2100 Catull.5‚
2112 2076 2124 2097 5
2139 2067 2228 2094 Nobis
2241 2076 2301 2094 cum
2314 2067 2393 2094 semel
2407 2077 2451 2095 oc-

1383 2099 1449 2125 cidit
1463 2099 1555 2125 breuis
1569 2100 1624 2130 lux,
1644 2101 1710 2127 Nox
1728 2103 1764 2127 est
1777 2107 1903 2135 perpetua
1914 2110 1968 2127 vna
1980 2102 2147 2129 dormienda.
2219 2103 2276 2129 Cic.
2298 2103 2413 2129 Tuscul.
2429 2113 2452 2136 ς,

1383 2138 1424 2163 26.
1462 2135 1512 2162 Tu
1529 2141 1554 2161 te
1568 2134 1691 2166 Thyesta
1702 2135 1849 2168 damnabis,
1870 2135 2041 2169 Orbabisque
2054 2137 2123 2170 luce,
2138 2143 2247 2171 propter
2266 2136 2324 2163 vim
2345 2137 2451 2166 sceleris

1383 2171 1485 2198 alieni?
1521 2170 1594 2204 Piget
1607 2170 1684 2204 lucis,
1700 2172 1795 2197 Taedet
1803 2172 1874 2197 vitae
1894 2171 1972 2206 Virg.
1989 2172 2053 2198 Aen.
2067 2181 2089 2205 5,
2102 2175 2156 2204 678.
2193 2172 2450 2207 Relinquerelucem

1738 2203 1760 2244 fl
1780 2216 1794 2238 4
1814 2207 1944 2232 formulae
1955 2208 2032 2234 aliae.
2070 2208 2128 2234 Lux
2147 2216 2220 2242 mea,
2241 2209 2448 2236 Blandimmum.
2465 2225 2473 2231 >-

1385 2243 1442 2270 Cic.
1456 2242 1530 2269 Fam.
1545 2252 1577 2275 14,
1594 2251 1607 2268 2
1624 2242 1695 2269 Hem
1711 2251 1768 2268 mea
1782 2241 1838 2272 lux,
1857 2249 1946 2268 mcum
1963 2242 2129 2270 desiderium.
2204 2244 2272 2277 Lux,
2293 2251 2341 2279 pro
2354 2245 2446 2272 Oculis.

1383 2279 1446 2306 Stat.
1460 2277 1553 2305 Theb.
1572 2287 1602 2311 11,
1616 2284 1660 2310 585
1697 2292 1743 2298 ——-
1759 2283 1785 2304 et
1797 2277 1901 2304 effossae
1914 2278 2032 2312 squalent
2045 2278 2154 2314 vestigia
2167 2279 2242 2307 lucis.
2316 2280 2379 2307 Non
2393 2280 2450 2315 pos-

1383 2315 1442 2340 sum
1456 2313 1519 2340 ficca
1532 2314 1621 2340 dicere
1635 2313 1706 2349 luce,
1723 2314 1782 2340 vale
1797 2313 1880 2340 Rutil.
1893 2315 1926 2341 It.
1941 2323 1960 2344 1,
1975 2316 2026 2342 166.
2100 2315 2226 2342 Ademtae
2241 2316 2307 2343 lucis
2315 2316 2466 2350 damnum‚‘

1384 2349 1404 2377 ἰ.
1421 2349 1532 2375 Caecitas
1551 2349 1634 2377 Ouid.
1649 2350 1714 2376 Met.
1730 2358 1832 2382 14,197.
1904 2350 1978 2384 Lux,
1996 2357 2042 2385 pro
2051 2350 2189 2384 felicitate.
2228 2352 2285 2379 Cic.
2308 2361 2358 2387 pro
2378 2352 2450 2386 Lege

2369 197 2431 235 152

1114 2387 1249 2421 Maligna,
1268 2385 1322 2411 vid.
1335 2384 1372 2411 60
1387 2384 1478 2412 Manil.
1493 2394 1516 2416 33
1539 2394 1561 2411 c.
1577 2394 1600 2411 12
1622 2384 1703 2418 Proh,
1724 2385 1763 2411 dii
1778 2385 1962 2418 immortales,
1978 2392 2100 2413 tantanae
2115 2387 2195 2414 vuius
2202 2387 2322 2415 hominis
2337 2388 2451 2415 incredi-

1387 2421 1450 2449 bilis
1464 2430 1492 2447 ac
1509 2421 1601 2447 diuina
1614 2421 1711 2453 virtus,
1730 2426 1784 2447 tam
1799 2420 1875 2447 breui
1891 2426 2013 2455 tempore
2027 2422 2112 2448 lucem
2130 2424 2234 2451 adferre
2256 2424 2332 2460 Reip.
2346 2424 2451 2459 potuit!

1386 2458 1445 2484 Lux
1461 2456 1579 2483 altiffima
1598 2456 1656 2483 Fati
1671 2456 1804 2483 occultum
1817 2455 1888 2482 nihil
1901 2457 1950 2483 esse
1963 2456 2023 2483 finit
2036 2456 2128 2483 Claud.
2144 2458 2222 2484 Cous.
2241 2460 2347 2488 Honor.
2370 2469 2451 2494 4,273.

1387 2493 1463 2526 Lux,
1478 2500 1524 2528 pro
1536 2493 1652 2518 Publico:
1684 2493 1804 2527 quonium
1823 2500 1904 2518 omnes
1916 2492 1944 2517 in
1962 2493 2016 2517 luce
2033 2496 2133 2527 degunt.
2188 2494 2244 2520 Cic.
2264 2496 2295 2521 de
2310 2497 2412 2523 Seneet.
2427 2505 2452 2523 12

1388 2529 1446 2556 Nec
1461 2538 1528 2556 vero
1541 2528 1587 2555 ille
1599 2528 1628 2555 in
1640 2528 1699 2555 luce
1712 2527 1804 2561 modo,
1824 2533 1902 2561 atque
1916 2528 1945 2553 in
1959 2527 2043 2554 oculis
2057 2528 2163 2555 ciuium
2176 2538 2300 2564 magnus,
2321 2532 2363 2558 sed
2379 2531 2451 2558 intus

1788 2563 1896 2590 Versari
1909 2563 1939 2590 in
1953 2563 2011 2590 luce
2027 2564 2099 2591 Afiae
2118 2564 2156 2591 Id.
2170 2575 2220 2600 pro
2247 2567 2278 2593 L.
2305 2568 2377 2594 Man.
2391 2577 2413 2594 c.
2428 2576 2450 2600 3.

1388 2602 1493 2628 Vocare
1507 2601 1535 2627 in
1550 2600 1636 2627 lucem
1655 2601 1728 2628 Idem
1743 2609 1793 2636 pro
1807 2600 1897 2627 Deiot.
1910 2609 1950 2632 30.
1987 2599 2062 2627 Idem
2075 2600 2107 2627 de
2126 2600 2197 2629 Clar.
2211 2603 2286 2629 Orat.
2301 2612 2325 2634 32
2351 2604 2452 2630 Isocra.
2469 2627 2471 2629 .

1386 2644 1436 2669 tes,
1453 2637 1528 2664 cuius
1541 2637 1636 2663 domus
1650 2637 1760 2664 cunelae
1773 2636 1902 2664 Graeciae
1916 2636 1985 2671 quast
2000 2635 2076 2663 ludus
2089 2636 2197 2670 quidam
2210 2638 2305 2673 patuit,
2320 2645 2398 2674 atque
2409 2639 2452 2666 of-

1388 2674 1467 2701 ficina
1481 2673 1599 2706 dicendi,
1618 2681 1727 2707 magnus
1743 2674 1860 2707 Orator,
1879 2678 1904 2699 et
1921 2672 2056 2707 perfectus
2076 2673 2208 2708 magister,
2230 2683 2390 2710 quamquam
2409 2675 2451 2702 fo-

1388 2709 1455 2736 renfl
1471 2709 1528 2735 luce
1541 2708 1637 2742 caruit,
1658 2709 1781 2742 intraque
1793 2709 1906 2743 parietes
1914 2707 1980 2735 aluit
1993 2717 2051 2734 eam
2065 2708 2189 2743 gloriam,
2203 2719 2282 2744 quam
2295 2720 2377 2739 nemo
2390 2711 2450 2746 qui-

707 2749 798 2776 Funde
826 2748 927 2775 tristem
947 2748 1032 2775 lucem
1055 2756 1103 2782 per
1127 2756 1202 2774 auras
1235 2747 1323 2772 Senec.
1339 2753 1374 2778 70
1389 2746 1450 2772 dein
1462 2753 1523 2771 meo
1538 2744 1643 2771 iudicio
1655 2744 1692 2771 est
1705 2744 1792 2779 postca
1807 2745 2000 2778 consequutuS,
2028 2746 2051 2771 h.
2066 2755 2087 2771 e.
2109 2746 2178 2781 Foro,
2198 2749 2263 2780 quod
2275 2748 2321 2773 lux
2338 2755 2369 2774 et*
2380 2750 2449 2774 thea-

1388 2789 1454 2808 trum
1466 2780 1566 2815 ingenii
1580 2779 1707 2815 effisolet.
1783 2781 1928 2807 Honorum
1942 2781 2001 2807 luce
2022 2781 2157 2815 conspicui
2179 2782 2209 2808 L.
2231 2791 2242 2814 3
2265 2783 2296 2809 C.
2319 2781 2351 2809 de
2376 2792 2449 2810 com-

1387 2825 1467 2844 merc.
1484 2823 1509 2842 ct
1529 2821 1636 2843 mercat.
1708 2817 1765 2843 Lux
1779 2816 1964 2843 doctrinarum
1977 2816 2060 2844 altera
2080 2817 2176 2844 Cicero
2190 2817 2256 2845 Plin.
2277 2828 2311 2851 17,
2328 2828 2350 2850 ς.
2370 2820 2449 2854 dixit,

1389 2861 1435 2887 quo
1449 2852 1615 2887 inſsgnequid
1622 2859 1646 2877 es
1656 2850 2063 2888 praestantiffimumsignificatur.
2102 2853 2143 2879 Sic
2160 2853 2216 2880 Cic.
2232 2854 2311 2882 Catil.
2329 2866 2354 2888 4,
2368 2863 2390 2882 11
2405 2856 2450 2883 c.6

1387 2887 1492 2915 Videor
1517 2889 1590 2914 enim
1604 2887 1673 2914 mihi
1693 2887 1759 2915 hanc
1777 2888 1872 2916 vrbem
1895 2888 2004 2922 videre,
2025 2889 2113 2915 lucem
2135 2889 2209 2915 orbis
2229 2896 2379 2924 terrarum,
2402 2899 2448 2918 etc.

2089 2925 2148 2952 Lux
2158 2931 2205 2961 pro
2218 2927 2310 2952 Nixon
2321 2928 2365 2952 vel
2363 2927 2449 2962 splen-

1387 2962 1453 2987 dore.
1489 2959 1580 2986 Viridi
1594 2969 1653 2986 cum
1666 2959 1725 2987 luce
1737 2961 1863 2995 smaragdi
1883 2961 1987 2988 Lucret-
2002 2971 2026 2995 4,
2041 2970 2104 2989 1120.
2179 2961 2254 2997 Virg.
2275 2963 2342 2989 Aen.
2361 2971 2383 2995 2,
2399 2972 2448 2995 470

1387 2996 1530 3030 Primoque
1551 2996 1580 3022 in
1595 2995 1690 3022 limine
1704 2996 1819 3028 Pyrrhus
1873 2997 1977 3024 Exultat
1990 2997 2067 3032 telis,
2085 3003 2112 3024 et
2125 2997 2183 3024 luce
2208 2998 2331 3025 coruscus
2355 2997 2447 3026 ahena.

1386 3031 1491 3064 Tyriae
1506 3032 1587 3064 luces,
1605 3032 1623 3058 i.
1639 3033 1743 3060 Colores.
1760 3033 1898 3068 Fulgores,
1917 3032 2078 3068 splendores,
2086 3033 2214 3061 Manilius
2227 3038 2280 3066 ²58·
2320 3035 2449 3062 Videre-

1386 3077 1440 3094 που.
1454 3067 1553 3103 Obseru.
1567 3077 1591 3101 2,
1606 3077 1628 3101 7.
1703 3069 1752 3094 Sed
1764 3070 1845 3096 Bentl.
1864 3070 1970 3101 Tyrios
1988 3069 2065 3096 fucos
2083 3070 2197 3106 reposuit.
2391 3068 2412 3108 fl
2433 3079 2447 3102 5

1099 3107 1173 3139 Lux,
1189 3113 1234 3141 pro
1249 3106 1325 3131 Coru-
1340 3113 1374 3138 80
1387 3105 1445 3130 Non
1453 3103 1630 3138 fatiscet-tum,
1649 3113 1683 3129 ao»
1704 3103 1800 3139 Lucus,
1813 3115 1848 3133 m.
1869 3115 1893 3140 g.
1914 3105 2032 3132 dixerint
2053 3111 2173 3138 veteres,
2189 3113 2219 3132 vs
2240 3106 2298 3132 vuit
2317 3105 2448 3140 Donatus,

1386 3141 1422 3166 ad
1434 3139 1546 3173 Adelph.
1560 3149 1581 3172 5,
1594 3149 1616 3172 3,
1631 3149 1668 3173 54.
1677 3141 1748 3166 Certe
1760 3142 1787 3166 in
1804 3141 1917 3176 antiquis
1929 3142 2001 3168 editt.
2020 3142 2089 3176 apud
2104 3141 2224 3168 Plautum
2242 3148 2266 3167 et
2280 3141 2447 3169 Terentium

1379 3174 1480 3212 saepius
1500 3175 1594 3210 legitur
1617 3176 1689 3202 Lucu
1705 3176 1734 3201 in
1750 3177 1879 3210 ablatiuo,
1903 3184 1933 3202 vt
1949 3177 2019 3203 Cum
2038 3176 2100 3203 lucu
2120 3176 2195 3203 simul
2211 3175 2266 3203 abii
2287 3176 2349 3204 hinc
2369 3186 2447 3204 mane

1387 3210 1469 3238 Plaut.
1485 3211 1567 3238 Merc.
1582 3220 1605 3241 2,
1618 3221 1637 3245 1,
1652 3221 1683 3244 31.
1758 3214 1806 3238 Sed
1817 3213 1922 3239 Gronov.
1930 3220 1990 3238 cum
2003 3211 2066 3239 luci.
2103 3212 2172 3239 Cum
2188 3213 2347 3247 primolucu
2363 3213 2448 3241 Plaut.

1387 3247 1476 3274 Cistel.
1491 3256 1512 3280 2,
1528 3257 1546 3277 1,
1560 3256 1600 3279 49.
1623 3248 1666 3273 vbi
1676 3248 1762 3274 itidem
1781 3248 1834 3274 luci
1851 3249 1928 3275 Gron.
1938 3248 2042 3274 Lucret.
2057 3258 2082 3282 ⁴,
2095 3250 2138 3280 236
2151 3248 2205 3281 fine
2220 3250 2354 3282 varietate,
2373 3258 2444 3284 quam

1014 3284 1128 3312 Martial.
1140 3290 1165 3317 8,
1179 3293 1213 3311 20
1233 3286 1324 3317 Quum
1342 3292 1372 3322 35
1387 3282 1541 3319 obseruarint
1553 3283 1669 3323 editores,
1691 3283 1740 3319 ψ’,
1759 3285 1791 3311 111
1804 3284 1857 3310 luci
1878 3292 1943 3318 quae
1957 3283 2058 3317 poterit
2070 3293 2111 3310 res
2130 3284 2257 3311 Accidere
2277 3284 2309 3311 ad
2323 3284 2445 3320 speciem,

1389 3318 1513 3354 quadrata
1527 3318 1575 3344 nili
1589 3319 1645 3344 eius
1662 3328 1760 3355 imago.
1834 3320 1874 3345 Sic
1881 3320 1948 3354 apud
1960 3319 2030 3348 Ter.
2042 3319 2118 3346 Adel.
2138 3330 2160 3356 5,
2174 3330 2194 3352 3.
2210 3323 2240 3351 56
2268 3321 2336 3347 Cum
2354 3319 2444 3354 primo

1388 3354 1449 3382 lucu
1468 3354 1530 3390 legit
1558 3354 1686 3382 Donatus.
1757 3356 1807 3382 Sed
1830 3356 1911 3382 Beml.
1933 3354 1998 3382 luci.
2057 3356 2118 3382 Vide
2133 3356 2216 3392 paullo
2239 3364 2299 3383 ante
2317 3365 2341 3383 n.
2356 3364 2368 3381 2
2389 3356 2442 3391 pri-

1387 3391 1539 3454 maLlilucCei.
1560 3426 1626 3453 Adu.
1647 3427 1721 3462 [μεθ’
1741 3427 1844 3461 dalem]
1865 3427 1882 3453 ι’.
1902 3427 1962 3460 Die,
1975 3427 2032 3460 fiae
2045 3427 2131 3455 Mane.
2151 3427 2233 3455 Plaut.
2248 3425 2331 3453 Cafin.
2351 3437 2375 3460 4,
2390 3436 2413 3463 2,
2427 3436 2440 3461 7

270 3464 322 3490 Hic
337 3463 486 3490 Demetrius
501 3464 537 3491 est
556 3472 642 3497 cutm,
667 3465 742 3497 Quot
758 3463 822 3491 lucis
839 3464 919 3491 habet
936 3474 1019 3491 annus
1038 3463 1189 3495 absolutus,
1213 3463 1231 3489 i.
1259 3462 1326 3488 nouit
1340 3473 1376 3498 90
1388 3464 1440 3504 Sed
1450 3468 1587 3498 properate
1602 3462 1678 3490 istum
1692 3463 1852 3498 atqucistam
1860 3463 1977 3490 adiutum
1985 3463 2108 3490 emittere
2121 3465 2235 3495 tandem,
2255 3468 2284 3488 vt
2304 3463 2441 3490 veniamus

270 3506 327 3534 quot
346 3499 398 3524 dics
417 3500 539 3526 contineat
558 3510 640 3526 annus
657 3501 762 3535 integer.
817 3499 921 3527 Lucret.
946 3508 974 3532 ς,
994 3503 1042 3534 687
1074 3499 1127 3526 Vbi
1144 3499 1207 3525 anni
1231 3498 1327 3525 Nodus

270 3533 412 3561 nocturnas
426 3542 549 3569 exaequat
561 3535 663 3563 lucibus
678 3536 792 3565 vmbras.
863 3535 964 3562 Acerba
990 3536 1078 3562 Seuec.
1091 3536 1170 3561 Herc.
1184 3535 1244 3560 Oet.
1260 3542 1327 3567 ¹4¹9·

270 3569 366 3597 Exacta
380 3570 439 3601 lux,
458 3572 555 3597 exam.
569 3572 622 3597 dies
648 3571 708 3598 Stat.
724 3572 788 3598 Silu.
801 3580 833 3605 2,
845 3580 876 3605 2,
890 3578 934 3606 47.

272 3608 299 3639 6,
313 3613 356 3638 42.
429 3605 555 3633 Hesterna
574 3606 655 3634 Ouid.
665 3608 791 3639 Amor.2,
805 3616 837 3640 2,
850 3617 870 3640 3.
927 3606 1065 3633 Hodierna
1085 3604 1124 3632 Id.
1138 3605 1251 3640 Epist.9‚
1273 3608 1327 3639 167.

271 3642 410 3668 Honorata
442 3641 534 3667 Claud.
553 3643 581 3668 in
595 3643 642 3669 sec.
658 3643 736 3670 Cons.
749 3644 850 3670 Stilich.
868 3651 912 3678 79.

272 3719 373 3748 partem
388 3712 457 3737 vitae
464 3720 518 3738 non
530 3713 617 3748 attigit
631 3714 720 3741 vllam.

271 3757 341 3775 anno
375 3747 450 3780 Virg.
471 3747 524 3774 Ecl.
544 3755 578 3782 7,
602 3758 643 3781 43.

272 3783 359 3811 Catul.
372 3784 472 3817 Argon.
487 3785 531 3816 62,
550 3786 608 3818 376.

271 3820 328 3846 ac'ia
350 3819 390 3846 Id.
410 3816 488 3852 Epist.
508 3828 551 3851 ιιι,
569 3825 605 3849 85-

272 3857 358 3882 Prona
373 3855 417 3881 lux
428 3854 457 3880 in
469 3853 533 3880 astra
543 3875 551 3887 ‚
570 3856 588 3881 i.
610 3856 670 3881 Dies
682 3865 786 3891 vergens
800 3859 836 3883 ad
848 3857 945 3890 nomm,
966 3858 993 3882 in
1008 3866 1057 3891 qua
1070 3858 1151 3882 lucent
1164 3856 1232 3889 astra
1240 3855 1327 3882 Senec.

272 3892 362 3925 Agam.
379 3893 404 3917 (1.
477 3889 574 3916 uenata
592 3891 679 3918 Senec.
693 3892 771 3920 Herc.
793 3893 846 3919 sur.
861 3901 884 3919 2.
955 3893 1029 3919 Sacra
1051 3893 1113 3919 Stat.
1127 3891 1211 3918 Achil.
1226 3901 1250 3923 1,
1269 3896 1326 3925 287-

273 3925 366 3952 Serena
395 3925 471 3959 Virg.
493 3925 558 3951 Aen.
579 3933 607 3958 5,
633 3934 688 3960 ¹04·
774 3928 899 3955 Viridans
923 3928 1016 3961 fluuii,
1048 3929 1101 3954 vid.
1122 3926 1270 3960 Viridans,
1300 3928 1326 3952 in

274 3966 295 3984 v
306 3967 314 3985 1
324 3967 342 3986 R
352 3969 360 3987 1
371 3967 388 3987 n
398 3968 407 3987 1
417 3967 439 3988 S.
512 3961 553 3987 Ab
566 3968 628 3987 ortu
642 3962 705 3989 lucis
718 3963 749 3989 ad
762 3964 885 3990 vmbram
910 3964 977 3990 Hor.
993 3963 1072 3998 Epist.
1085 3972 1108 3995 2,
1123 3971 1149 3996 2,
1167 3968 1218 3997 187.
1275 3961 1325 3988 Ab·

273 3994 344 4023 stulit
361 4005 414 4024 nox
432 3997 516 4024 lucem
534 3996 650 4025 tenebris
680 3998 776 4026 Lucan.
794 4004 824 4031 8,
847 4004 883 4033 58.

778 3716 926 3741 Sabbathmn
939 3713 1063 3749 intelligit.
1137 3713 1258 3748 Longior
1269 3718 1328 3739 toto

724 3749 826 3777 Natalis
860 3750 941 3777 Ouid.
964 3749 993 3776 in
1013 3749 1072 3777 Ibin
1094 3758 1147 3782 219.
1230 3748 1328 3775 Oriens

682 3785 773 3813 Pateus
794 3785 875 3812 Ouid.
891 3786 923 3812 de
941 3786 1004 3812 Arte
1021 3785 1077 3812 Am.
1092 3793 1123 3817 2,
1137 3786 1196 3812 620.
1270 3785 1328 3811 Per-

1007 3571 1092 3597 Fcstae
1112 3571 1179 3596 Hor.
1193 3570 1282 3596 Carm.
1296 3579 1329 3601 4,

982 3643 1074 3670 quen.
1095 3642 1145 3668 Sat.
1161 3650 1205 3674 14,
1226 3649 1268 3673 105
1296 3641 1328 3667 de
1343 3642 1463 3677 95stil1us
1483 3642 1554 3669 Fesse
1570 3648 1594 3666 et
1609 3642 1713 3669 Nonio.

271 3677 362 3709 Mose,
389 3675 437 3702 Sed
458 3683 530 3710 pater
549 3677 577 3704 111
590 3679 679 3711 causa,
706 3678 749 3704 cui
763 3680 870 3713 septima
888 3687 1007 3714 quaeque
1029 3678 1081 3704 fuit
1100 3677 1144 3703 lux
1166 3678 1278 3711 lgnaua,
1303 3682 1329 3703 et

678 3821 810 3848 Profestae
828 3827 854 3847 et
874 3822 957 3848 sacrae
987 3821 1054 3848 Hor.
1073 3821 1161 3847 Cariu.
1175 3828 1210 3853 4,
1230 3827 1269 3852 13,
1288 3822 1559 3855 25.100pr0uinciam
1572 3821 1633 3847 scio.

961 3999 1061 4027 Condit
1081 4007 1135 4026 nox
1152 3998 1221 4026 alma
1239 3997 1325 4026 lucem
1339 4001 1405 4028 rosi.
1420 4001 1523 4037 insigne.

1389 3500 1452 3527 luci.
1489 3498 1544 3526 Cic.
1562 3498 1675 3534 Philipp.
1691 3509 1724 3531 12,
1737 3507 1764 3528 25
1778 3508 1800 3526 c.
1815 3508 1842 3525 10
1864 3499 1933 3532 Quis
1945 3500 2018 3526 enim
2032 3500 2126 3527 audeat
2139 3499 2206 3531 luci,
2224 3497 2284 3531 quis
2301 3498 2330 3524 in
2344 3499 2441 3527 milita-

1392 3536 1415 3562 ri
1430 3536 1484 3568 via,
1504 3534 1561 3568 quis
1576 3533 1642 3561 bene
1654 3536 1820 3568 comitatum,
1843 3535 1901 3569 quis
1916 3535 2045 3562 illustrem
2064 3535 2187 3571 aggredi?

1427 3579 1444 3597 L
1455 3572 1501 3598 x7c
1511 3568 1557 3597 &71-
1569 3576 1587 3596 E
1600 3576 1622 3595 N
1636 3577 1658 3597 'r
1670 3577 1690 3596 v
1703 3577 1732 3604 s,
1757 3579 1781 3604 a,
1809 3579 1863 3597 um.
1890 3571 1951 3598 Adi.
1985 3573 2089 3598 Plenum
2108 3573 2166 3601 luce,
2183 3568 2332 3603 splendens,
2347 3570 2441 3606 pfflspt'-

1391 3616 1469 3640 cuum,
1491 3613 1612 3638 ornatum,
1624 3608 1731 3641 elegans,
1741 3607 1881 3641 pulchrum,
1901 3617 2025 3642 magnum.
2097 3609 2119 3632 Α
2131 3605 2187 3630 lucc
2201 3606 2264 3630 enim
2277 3606 2387 3639 dicitur,
2406 3614 2441 3632 te-

1785 3643 1962 3678 Qantitatem
1976 3646 2044 3669 docet
2057 3639 2189 3667 Phalrucus
2201 3639 2243 3675 isle
2256 3641 2369 3667 Martial.
2378 3645 2442 3673 :‚86

1392 3678 1449 3704 Nec
1465 3678 1546 3705 dietat
1558 3676 1625 3703 mihi
1641 3677 1788 3704 luculentus
1802 3680 1872 3710 Atys.
1946 3678 2026 3705 Plaut.
2041 3674 2142 3714 Mostel.
2157 3685 2177 3708 3,
2192 3686 2213 3708 ι’,
2230 3685 2261 3707 ¹3¹
2280 3677 2375 3703 Viden'
2395 3686 2440 3704 ve-

1391 3713 1516 3741 stibulum
1530 3719 1589 3740 ante
1601 3713 1687 3748 aedes,
1709 3720 1734 3740 et
1746 3713 1927 3741 ambulacrum
1941 3710 2106 3741 cuiusmodi?
2133 3718 2189 3739 TE.
2210 3711 2373 3739 luculentum
2381 3713 2440 3739 cde-

1392 3749 1446 3784 pol.
1527 3749 1582 3776 Cic.
1596 3749 1667 3775 Fam.
1681 3759 1704 3783 7,
1720 3758 1746 3775 10
1766 3750 1881 3776 Camino
1894 3750 2026 3776 luculento
2039 3746 2175 3774 Vtendum.
2247 3748 2319 3774 Idem
2335 3750 2387 3775 Att.
2402 3758 2440 3782 10,

1393 3788 1418 3811 16
1446 3786 1510 3813 Non
1526 3784 1621 3818 credo,
1642 3792 1670 3811 vt
1691 3785 1726 3811 est
1741 3785 1889 3812 luculentus
1911 3782 2015 3811 auctor:
2042 3783 2152 3816 potuiss'e
2170 3789 2240 3810 certe
2257 3790 2346 3810 tenere
2365 3784 2439 3811 illam

1705 3821 1786 3848 Flam,
1802 3821 1883 3848 Μίιῐῐ,
1896 3831 1918 3852 4,
1934 3828 1951 3856 ¹.⁹
1963 3818 1978 3842 6
1999 3818 2072 3850 Qiin
2092 3825 2120 3844 tu
2143 3828 2200 3845 rem
2218 3826 2289 3845 tuam
2311 3829 2373 3846 cura
2393 3829 2439 3855 po-

1390 3857 1451 3891 tius,
1471 3865 1549 3893 quam
1568 3856 1679 3890 Seleuci,
1698 3866 1765 3891 qtiae
1781 3857 1830 3884 tibi
1844 3853 1962 3883 conditio
1976 3862 2044 3879 noua
2064 3860 2089 3880 ct
2103 3854 2234 3881 luculenta
2247 3855 2332 3882 fertur
2344 3864 2439 3891 perine

1388 3892 1570 3928 interpretem.
1607 3893 1717 3927 Optima,
1730 3894 1774 3919 vel
1784 3894 1868 3927 opima.
1941 3888 2004 3915 Dies
2018 3889 2167 3917 luculentus
2192 3890 2273 3917 Plaut.
2293 3891 2368 3925 Epid.
2381 3901 2401 3923 3,
2415 3901 2438 3924 2,

1389 3938 1412 3960 5.
1431 3930 1449 3955 i.
1464 3927 1708 3962 Felix,fh‚·1usmtus.
1783 3925 1897 3956 Diuitiae
1911 3923 1956 3964 id.
1976 3925 2044 3951 Rud.
2064 3935 2092 3958 ς,
2117 3936 2138 3959 2,
2151 3935 2185 3958 33.
2259 3927 2345 3953 Facies
2360 3927 2437 3960 Apul.

1389 3965 1454 3992 Met,
1468 3976 1491 3998 4,
1564 3963 1646 3991 Plani,
1667 3966 1739 3992 Men,
1761 3974 1779 3997 ι,
1796 3973 1819 3992 2,
1835 3969 1862 3992 32
1883 3960 1944 3986 Viu'
1963 3967 1991 3987 tu
2006 3961 2106 3987 facinus
2120 3961 2281 3988 luculentum
2294 3962 2438 3996 inspicere?

1595 3999 1670 4027 Idem
1683 3999 1772 4028 Cistel.
1785 4007 1808 4031 a,
1821 4005 1842 4030 3,
1857 4005 1880 4029 17
1898 3996 1952 4031 Ego
1966 4003 1992 4023 te
2005 3997 2105 4025 reduco
2120 4004 2147 4025 et
2160 4006 2259 4025 reuoco
2270 3997 2303 4025 ad
2320 3997 2438 4059 diuitias.

2388 4043 2405 4061 v
2427 4042 2435 4059 1
