2517 4231
116 112 163 159 65
539 106 757 148 LEV

151 206 168 226 1.
177 206 195 227 E
203 205 225 225 v
234 205 251 226 c
260 205 280 226 Ο
287 205 304 227 c
313 205 333 227 ο
342 205 366 226 Μ
376 205 396 224 V
404 204 417 225 S
426 219 434 231 ‚
454 208 468 226 a
475 219 482 231 ,
503 207 558 226 um.
583 196 758 234 [Αευκοκόμος]
794 195 876 222 Albas
884 204 961 223 comas
967 195 1062 224 hahens.
1083 196 1178 224 Punica

115 235 184 263 mala
201 236 352 263 leucocoma
380 235 446 261 Plin.
460 243 494 267 13,
509 243 547 268 ιι).

153 278 171 298 1.
182 278 198 298 F.
208 278 228 297 ν
237 277 254 298 C
263 279 282 299 ο
289 277 311 298 G
319 277 341 297 A
349 277 366 297 Ε
374 277 395 297 Α
404 290 412 303 ,
432 279 470 297 ae.
491 270 510 297 f.
548 270 656 296 Gemma.
699 268 860 302 Plin.37,10.

156 314 174 333 L
186 315 202 334 Ε
211 314 231 333 V
239 312 256 333 C
264 313 284 333 0
293 312 314 333 G
323 313 342 332 R
352 304 375 332 A'
383 313 397 332 P
407 313 428 332 H
438 313 445 332 1
455 313 468 332 S
476 326 484 340 ‚
506 305 565 332 i'dls.
585 304 606 331 f.
644 303 837 338 [λευκογςαῷὶς]
875 304 950 340 Lapis
963 303 1144 339 Aegyptiacus,
1163 310 1180 328 a

116 344 192 370 laHev
210 342 287 375 colore
299 342 445 368 nominatus.
482 342 547 369 Plin.
559 348 594 375 27
606 359 614 373 ,
628 348 659 366 ιι.

153 385 170 405 L
179 385 195 405 E
204 384 225 403 V
234 383 251 404 C
260 383 307 404 OG
318 384 337 404 R
347 384 370 405 A
379 384 395 404 P
404 384 424 404 H
435 385 443 404 1
453 384 474 404 A
483 397 493 411 ,
511 385 549 403 ae.
568 375 588 402 f.
625 374 825 410 [λευκσγμφία]
865 375 978 408 Gemma,
1005 383 1068 410 quae
1087 380 1111 399 et
1130 372 1181 397 Ga-

119 414 227 441 [anites.
265 413 332 440 Plin.
345 420 386 448 37,
400 422 436 440 ιο.
551 420 553 422 ’

153 456 171 476 1.
181 456 197 476 E
206 456 225 475 V
234 454 251 475 C
260 455 279 475 O
289 456 299 475 ι
309 455 328 475 O
338 455 362 475 N
372 459 381 482 ,'
402 449 420 476 i.
440 457 467 474 n.
504 446 642 481 [λευκάϊαν]
679 446 748 472 Alba
760 444 785 480 s.
799 446 915 472 Candida
934 445 1012 472 viola.
1048 441 1115 469 Plin.
1131 450 1162 475 34
1172 462 1181 475 ,

116 495 140 513 ιε
166 484 215 512 Sed
228 494 259 511 ex
271 493 305 511 eo
319 483 459 512 candidum
467 483 586 509 colorem
600 481 754 508 sentientem
767 482 865 508 violam
876 502 883 514 ‚
906 480 1030 509 leucoion
1040 477 1180 512 appellant.

120 523 210 548 Verum
227 522 310 548 Har-d.
325 519 481 547 lonchoton.
519 519 605 552 Neque
618 518 684 542 alias
695 518 807 542 meminit
820 517 929 543 Plinius.
966 516 997 539 Et
1011 514 1075 539 locus
1093 512 1125 546 ell
1143 514 1181 538 Ol>-
1202 523 1230 543 ιο
1247 517 1317 544 leues
1339 516 1476 549 humeris,
1509 518 1535 543 e't
1554 516 1643 542 letifer
1662 526 1743 546 arcus.

109 557 209 593 scm-us.
246 556 344 583 Certior
361 554 496 580 aui‘loritas
513 553 678 580 Columellae
696 561 729 585 9,
748 562 775 585 4,
793 562 819 586 4.
838 560 861 578 et
876 560 919 584 ιο,
938 555 974 583 97
1001 549 1044 574 vbi
1063 548 1182 575 Candida

116 592 218 621 Leuoia
231 598 257 619 et
275 589 398 618 flauentia
410 589 510 616 lumina
523 588 623 615 calthae
638 589 784 623 iunguntur.

152 632 327 659 LEVCON‚
347 625 416 651 onis.
437 633 472 651 m.
511 624 645 659 [Λεύκων]
682 626 734 649 Rex
744 623 828 655 Ponti,
839 619 952 654 afratre
969 619 1087 645 Oxilocho
1103 620 1183 646 inter-

109 664 208 699 fenus,
228 662 296 696 quod
309 661 440 687 cumaeius
461 669 538 686 vxore
558 660 679 686 adulterii
699 667 724 684 et
742 656 844 692 incestus
861 654 1058 688 consuetudinem
1076 656 1183 682 haberet.

117 697 198 726 Ouid.
211 697 240 724 in
253 696 314 724 Ibin
328 700 380 728 31'0.

152 738 415 764 Lavcowtvm,
436 731 492 764 fiue
511 737 582 758 Lfiv
596 732 806 758 corucvm,
826 734 844 752 1.
874 735 900 752 n.
939 726 1097 760 [mamam]
1137 727 1182 753 To.

111 775 219 796 mentum
233 767 337 794 dicitur.
391 767 505 794 Maniai
520 767 611 799 1ib.11‚
624 773 656 791 22
686 761 804 789 Culcitra
823 761 963 788 leuconico
977 770 1056 796 quam
1074 761 1182 789 viduata

113 805 170 831 suo.
227 802 301 830 Idem
313 802 360 830 lib.
373 811 412 837 14,
429 811 468 837 ¹59
495 803 591 836 Accipe
603 797 746 826 leuconicis
761 797 859 824 vellera
879 798 935 824 rasa
952 797 1026 832 sagis.
1077 798 1182 833 Legitur

114 847 139 867 et
147 838 312 874 Lingonicis.
614 846 616 850 ·

152 881 168 901 1.
178 882 195 902 r
204 880 250 901 vc
260 880 279 902 o
287 881 310 901 N
318 880 338 901 ο
347 881 369 901 Τ
377 879 396 900 o
405 880 418 900 s
426 894 434 906 ‚
451 873 470 900 i.
487 881 521 898 m.
550 870 564 903 [
571 868 722 902 λενκόνστοε]
759 868 845 904 Qefi
854 869 976 894 candidus
987 867 1180 904 auster-Auson.
1198 880 1232 899 20
1247 874 1335 908 Equus
1373 873 1460 899 valer.
1473 873 1574 907 Argon.
1588 874 1614 904 6,
1629 881 1686 905 240.

111 911 207 943 Eidyll.
219 919 254 943 12,
269 915 283 941 8
309 909 482 942 Veliuolique
496 906 576 932 maris
588 903 736 931 constrator
748 904 905 931 leuconotos
920 903 979 931 libs.

149 954 165 973 ι,
176 953 192 973 Ε
202 953 222 972 ν
233 952 250 973 c
261 952 280 973 o
288 952 303 972 Ρ
312 952 333 972 H
342 953 365 973 A
372 951 389 972 Ε
398 950 419 969 ν
427 949 441 969 S
450 963 460 976 ,
475 950 490 968 a
498 961 507 974 ,
527 949 582 967 um.
621 940 798 974 [Λευκὸφαισς]
836 941 909 966 Color
927 940 1027 965 natium·
1040 949 1070 965 ex
1089 941 1143 965 albo
1158 947 1181 966 ct

109 982 185 1018 m'gro
205 991 290 1008 nomen
309 981 426 1011 trahens,
445 981 540 1009 Λευκὸν,
559 976 656 1002 album:
692 979 777 1009 φαιὸν,
798 976 904 1002 medium
918 976 988 1001 inter
1006 975 1090 1000 album
1106 983 1129 1001 ee
1143 976 1181 1001 ni-

106 1027 185 1054 grum
201 1038 209 1051 ‚
240 1018 259 1044 i,
280 1015 382 1050 fioscum
400 1021 425 1039 et
441 1020 520 1048 paene
545 1012 656 1047 nigrum.
735 1012 804 1038 Plin.
831 1019 872 1044 32,
903 1020 931 1037 ιο
971 1012 1047 1037 Iecur
1071 1010 1182 1038 rubetae

110 1054 153 1080 vel
168 1062 215 1081 cor
227 1050 384 1084 adalligatur
397 1049 425 1076 in
438 1057 526 1084 panno
539 1047 703 1082 leucophaeo
711 1067 720 1080 ,
747 1054 773 1073 et
786 1046 922 1082 quartanis
935 1046 1049 1081 prodest.

110 1098 147 1122 24
159 1109 167 1122 ,
185 1096 213 1115 ι2
245 1088 379 1121 Purpurea
404 1092 449 1112 aut
467 1083 642 1119 leucophaea,
672 1088 699 1110 et
722 1091 790 1118 quae
814 1082 943 1108 facillime
964 1081 1086 1109 diluitur.
1108 1085 1179 1109 ΛΜ.

113 1125 222 1152 Vitruu.
230 1128 283 1156 8‚3.
320 1121 407 1157 Censet
413 1121 514 1156 Bayfi'us
520 1130 573 1147 eum
581 1119 626 1155 eſji’
633 1119 745 1151 colorem,
761 1127 829 1153 quem
838 1117 987 1144 cineritium
999 1127 1124 1145 vocamus.

148 1158 483 1186 LEVCOPAEATVS
496 1177 506 1189 ‚
548 1155 604 1190 fiue
649 1155 1018 1187 LEVCOPHAEAITVS,
1055 1163 1086 1188 a,
1126 1164 1181 1181 um.

110 1194 320 1230 [λευκοφαιωτὸς]
358 1193 509 1227 Leucophaeo
521 1192 599 1218 colore
618 1191 738 1217 indutus:
750 1189 760 1202 '·
770 1190 905 1216 cuiusmodi
918 1189 982 1225 sunt
1001 1190 1165 1226 frumistam
1172 1211 1181 1224 ‚

1640 108 1857 151 LEV
2131 107 2302 158 ‘65

1277 201 1412 238 Levia,
1438 198 1483 227 i'ri.
1513 206 1552 241 jn.
1568 235 1572 240 ¹
1590 196 1686 235 [δαὴρ]
1732 199 1797 227 Fcst.
1818 200 1915 233 Leuir,
1946 200 1981 228 est
1999 200 2096 230 onris
2117 209 2190 232 meae
2209 203 2300 234 frater.

1242 233 1348 273 Nonius
1363 243 1400 268 ις,
1415 245 1427 267 ς
1454 236 1535 262 Lemr
1548 235 1646 263 dicitur
1654 236 1745 263 Frater
1757 236 1863 270 mariti,
1885 237 1955 271 quasi
1968 237 2041 264 lenus
2049 239 2100 265 vir.
2139 239 2302 267 Modestinus

1242 270 1333 309 Iurisc.
1347 270 1363 295 l.
1376 280 1394 303 4
1409 272 1440 298 D.
1454 271 1486 298 de
1500 270 1632 299 Gradibus
1649 270 1785 299 affinitatis
1802 271 1823 309 §.
1837 274 1852 297 6
1873 270 1889 299 l.
1928 272 1991 298 Non
2009 273 2102 306 facile,
2123 272 2183 302 Viri
2204 276 2301 308 frater,

1244 304 1312 330 leuir
1327 304 1376 330 est:
1414 306 1481 340 apud
1494 308 1609 334 Graecos
1623 305 1680 341 δαὴρ
1698 308 1857 343 appellatus,
1881 313 1908 334 vt
1928 307 1964 334 cst
1983 308 2051 343 apud
2071 310 2218 337 Homerum
2239 313 2303 338 rela-

1208 349 1221 373 ς
1244 345 1315 366 tum:
1354 339 1385 366 lic
1400 342 1470 366 cn'un
1486 343 1585 369 Helena
1597 342 1629 369 ad
1643 343 1788 370 Hcfiorcm
1801 343 1885 376 dixit,
1922 346 1983 376 Λάερ
2001 346 2062 376 ἐμοῖο
2076 350 2139 372 nori<
2152 352 2303 380 κακομηχάνυ

1245 375 1389 414 &manaym-25.
1410 376 1429 400 i.
1450 376 1593 404 Lcuirmei
1611 378 1697 412 canis,
1716 379 1804 406 omnis
1818 379 1880 405 mali
1894 379 2040 406 causatrieis
2054 378 2189 408 horridae.

1283 417 1299 436 ι,
1310 417 1326 450 ¹}
1336 417 1354 434 v
1367 417 1374 435 1
1385 417 1397 435 s
1415 431 1422 443 ‚
1445 412 1542 436 Pcnult.
1561 414 1649 447 longa,
1675 414 1727 441 vid.
1747 421 1763 441 L
1775 421 1796 441 Α
1807 422 1823 441 E
1833 421 1852 441 v
1863 421 1871 440 1
1882 422 1904 441 s.

1262 482 1266 488 ἱ
1283 454 1299 472 ι.
1311 452 1396 486 livls
1410 466 1418 478 ‚
1446 454 1468 471 e.
1507 446 1612 486 [advoc.
1625 449 1744 484 ἐλαφρὸς]
1779 450 1855 488 Qod
1872 450 1928 483 sine
1943 451 2050 484 pondere
2069 449 2115 486 ss,
2150 459 2173 476 ct
2191 450 2216 476 in
2236 452 2304 478 lance

1244 483 1325 507 librae
1337 484 1438 515 positum
1451 480 1574 516 cufi-ondit,
1600 482 1697 507 lemtim·
1716 493 1760 511 etc.
1832 482 1908 521 Virg.
1930 485 1994 512 Aen.
2013 494 2055 519 ιο,
2078 489 2119 520 ι69
2157 487 2304 522 Corytique

1274 553 1278 557 .
1360 553 1385 557 ..
1818 521 1872 557 Sic,
1903 521 1975 555 Leuc
1995 521 2097 556 pondus
2126 522 2191 548 l’lin.
2214 531 2253 554 ¹2,
2281 532 2304 554 9.

1247 554 1304 579 Cic.
1320 552 1432 592 ᾩΙιιΙιρρ.
1448 561 1486 585 ιο,
1502 560 1531 584 14
1547 561 1568 578 c.
1583 554 1599 578 6
1631 552 1744 579 Nostrae
1758 555 1814 582 sunt
1825 556 1959 591 legiones,
1979 556 2067 584 nostra
2085 558 2152 584 leuis
2166 558 2305 585 Armatura

1247 587 1331 614 nostri
1344 594 1491 629 equitatus,
1514 594 1579 628 nc.-
1596 588 1617 614 b.
1632 598 1655 628 e.
1678 589 1931 629 Pedites-erfordia
1949 593 2048 619 milites.
2085 594 2158 627 Conf.
2179 593 2246 627 Nep.
2261 602 2306 627 14,

1248 629 1277 656 8,
1290 633 1310 650 ε,
1369 623 1604 658 Ihm-metaphorice
1625 623 1681 650 Cic.
1701 623 1732 649 de
1752 623 1842 651 Dium.
1858 635 1888 658 2,
1903 630 1934 654 26
1946 637 2005 654 c.10
2027 627 2075 655 Sed
2088 628 2150 655 haec
2164 629 2245 654 suerit
2260 637 2306 655 no.

1248 660 1290 686 bis
1301 666 1425 693 tanquam
1439 659 1505 684 leuis
1524 665 1671 685 armaturae
1690 659 1775 693 prima
1794 661 1924 687 orationis
1936 661 2067 690 excursio:
2104 673 2173 691 nunc
2186 664 2306 691 cominus

436 695 545 723 Leucon
558 696 633 721 etiam
645 695 771 720 Amleolae
779 699 859 730 genius
890 690 1005 723 Plinio,
1019 692 1054 716 60
1068 697 1131 724 ctu,
1146 698 1183 725 37.
1202 702 1226 727 ις
1246 704 1370 730 agaunis,
1394 694 1614 728 experimini-que
1632 693 1649 720 si
1667 693 1788 729 possimus
1814 704 1911 722 cornua
1930 707 2100 726 commouere
2122 700 2306 736 disputationis

1239 738 1314 758 tuae.
1389 730 1499 756 Animae
1523 730 1593 756 leues
1612 729 1690 765 instar
1715 740 1807 761 aurae,
1833 731 1904 757 venti
1929 732 2030 760 Lucret.
2050 744 2076 766 3,
2090 742 2153 769 '4¹9-
2227 736 2306 762 Arma

1245 767 1316 793 leuia
1346 765 1427 792 Ouid.
1440 764 1527 792 Trist.
1542 773 1570 797 3,
1585 773 1621 797 12,
1636 774 1671 797 ιι).
1746 766 1899 792 Scribonius
1914 767 1965 792 teri
1983 769 2044 793 iubat
2057 771 2205 803 Collyrium
2253 781 2306 798 em.

1246 802 1370 838 plastrum
1390 809 1435 828 etc.
1473 800 1745 827 doncct‘26n11111eue
1760 801 1845 828 mellis
1859 801 1954 828 habeat
1975 803 2157 836 spiffitudinem
2179 792 2227 827 -—’
2250 808 2306 834 Vid.

1247 839 1341 872 Comp.
1359 845 1397 870 23.
1422 844 1462 872 37.
1489 845 1548 869 204.
1568 838 1618 863 216.
1643 845 1700 870 259.
1776 837 1878 863 Currus
1915 837 1995 864 Ouid.
2017 838 2048 865 de
2072 841 2134 867 Arte
2154 844 2211 869 Am.
2233 851 2260 876 1,
2278 849 2306 876 4.

1758 872 1836 907 Piper
1849 872 1923 906 leue,
1950 873 2029 906 Qtod
2044 875 2158 908 pondere
2170 878 2220 905 talc
2232 887 2307 913 appa-

1567 907 1671 933 Pondns
1691 907 1748 934 leue
1775 907 1856 934 Ouid.
1878 909 1941 934 Met.
1956 917 1987 942 2,
2008 911 2055 935 161.
2129 912 2194 938 Rota
2231 914 2306 948 Virg.

1246 945 1310 971 Aen.
1330 953 1354 977 1,
1375 952 1420 976 151.
1493 941 1592 978 Stipula
1629 943 1704 977 Virg.
1725 943 1822 978 Georg.
1843 952 1868 976 1,
1887 949 1925 974 85.
1998 945 2080 971 Foliis
2104 946 2190 973 leuior
2225 949 2305 977 Ouid.

1246 979 1326 1014 Epist.
1345 987 1445 1012 3,109.
1605 974 1625 1016 ff
1647 987 1663 1005 z
1700 980 1859 1013 Aletapboras
1874 980 1946 1014 parit
1964 981 2047 1014 plures
2068 991 2115 1007 non
2137 983 2216 1008 minus
2235 994 2306 1019 quam

1247 1015 1359 1048 Grauis,
1378 1024 1402 1042 v.
1413 1024 1440 1050 g.
1469 1014 1548 1041 Leuis
1561 1013 1645 1040 homo
1657 1035 1665 1046 ‚
1696 1013 1851 1049 Inconstans,
1877 1022 1900 1040 ct
1920 1016 1963 1049 qui
1977 1015 2056 1048 facile
2074 1017 2208 1052 opinionem
2228 1026 2304 1045 mutat

1247 916 1287 936 ret
1313 909 1379 935 Plin.
1397 916 1440 941 12,
1460 915 1484 942 7.

1106 1046 1179 1074 Idem
1198 1058 1229 1084 25
1247 1051 1329 1078 Plaut.
1349 1050 1435 1077 Trin.
1453 1058 1483 1084 5,
1496 1059 1526 1083 2,
1545 1057 1582 1084 47
1613 1049 1810 1082 Auctorlcnis,
1830 1059 1877 1076 nec
1897 1051 1954 1076 satis
1968 1050 2034 1077 fidus
2071 1053 2131 1078 Liu.
2151 1060 2180 1086 ς,
2200 1062 2222 1085 ι,-
2242 1062 2306 1081 extr.

1245 1087 1338 1113 Homo
1351 1086 1428 1119 lenis,
1454 1086 1518 1112 Vilis
1530 1093 1553 1111 et
1568 1085 1681 1111 ahia‘lus.
1731 1085 1812 1111 Plaut.
1829 1086 1899 1112 Men.
1921 1096 1948 1119 3,
1969 1095 1999 1118 2,
2020 1095 2048 1119 23
2086 1088 2158 1120 Quid
2176 1089 2212 1114 ais
2226 1089 2308 1116 homo

1246 1123 1336 1149 lenior
1348 1131 1426 1156 quam
1439 1122 1546 1156 pluma?
1584 1120 1656 1153 Qiid
1675 1120 1761 1147 leuius
1778 1127 1822 1147 aut
1843 1121 1946 1156 turpius
1968 1131 2045 1156 quam
2062 1123 2172 1150 auCtore
2184 1123 2257 1151 hoste
2276 1124 2308 1151 de

1247 1158 1356 1184 summis
1370 1166 1461 1192 capere
1474 1156 1611 1183 confilium
1625 1156 1697 1183 Caes.
1713 1157 1739 1182 B.
1750 1157 1780 1182 G.
1795 1164 1818 1189 5,
1832 1162 1871 1186 28.
1922 1157 1978 1183 Cic.
1992 1157 2024 1184 de
2037 1158 2141 1185 Amic-it.
2155 1167 2181 1192 91
2195 1160 2307 1187 Leuium

1247 1193 1390 1220 hominum
1408 1199 1487 1228 atque
1507 1192 1659 1225 fallacium,
1689 1200 1733 1219 etc.
1808 1192 1880 1219 Idem
1901 1194 1977 1219 Verr.
2000 1203 2017 1225 4
2055 1194 2135 1220 Iudex
2153 1204 2264 1230 nequam
2283 1202 2307 1222 et

109 1231 227 1258 Martial.
242 1239 267 1263 1,
281 1237 315 1265 97
347 1230 458 1256 Amator
472 1227 517 1254 ille
541 1226 657 1254 tristium
674 1227 857 1259 lacernarum,
887 1226 919 1253 Et
939 1225 1083 1252 baeticatus
1101 1231 1181 1262 atque
1197 1238 1229 1262 30
1247 1230 1324 1257 leuis.
1363 1230 1394 1255 Et
1413 1238 1463 1264 pro
1482 1229 1586 1254 Clucnt.
1604 1235 1637 1262 75
1671 1228 1755 1255 Leues
1773 1236 1802 1254 ac
1822 1229 1937 1254 numarii
1960 1229 2068 1255 iudices.
2105 1232 2176 1256 Add.
2202 1232 2257 1259 Cic,
2276 1231 2307 1257 ad

110 1267 187 1294 leuco
206 1272 303 1292 acatos,

147 1309 164 1329 1.
173 1275 220 1329 Epv
230 1308 248 1328 C
259 1307 302 1328 ΟΡ
311 1307 331 1327 H
341 1307 357 1326 L
366 1307 382 1327 E
392 1306 412 1327 G
423 1307 448 1327 Μ
457 1307 479 1327 Α
489 1305 511 1326 Τ
521 1306 561 1326 ΙΑ
569 1319 578 1332 ,
598 1307 637 1325 ae.
658 1297 678 1324 f.
706 1298 954 1332 [λευκοφλεγματίαι]
994 1298 1068 1323 Certa
1082 1299 1181 1332 Hydro-

104 1338 149 1375 pis
155 1338 265 1374 species,
285 1346 335 1372 qua
349 1344 455 1362 tumores
466 1343 511 1372 per
523 1342 599 1362 totum
611 1341 695 1369 corpus
709 1334 832 1362 oriuntur.
875 1334 931 1360 Via.
949 1333 1017 1360 Cels.
1030 1343 1059 1367 3,
1071 1342 1107 1361 21.

146 1381 163 1400 L
171 1380 217 1401 ἓν
227 1380 245 1401 C
257 1379 277 1400 O
285 1380 301 1400 P
311 1379 332 1399 H
343 1378 363 1399 Ο
373 1379 393 1399 R
402 1379 422 1398 V
432 1379 455 1398 M
465 1393 473 1406 ,
483 1372 513 1398 >i.
534 1380 560 1398 n.
599 1371 772 1405 [λευκαφοςὸν]
811 1369 942 1396 Glutinum
956 1370 1023 1396 auri.
1063 1371 1129 1397 Plin.
1140 1378 1180 1403 35,

109 1411 127 1437 6
140 1417 163 1436 et
177 1418 207 1443 23
218 1430 226 1442 ‚
245 1419 266 1443 3.

148 1452 165 1472 L
176 1453 192 1472 E
200 1451 246 1472 VC
255 1451 275 1472 0
284 1452 299 1471 P
308 1451 329 1471 H
337 1452 359 1472 T
367 1451 388 1470 H
398 1450 419 1470 A
428 1451 444 1470 L
453 1450 478 1470 M
487 1449 507 1469 O
515 1449 528 1469 S
536 1463 544 1476 ,
565 1442 584 1469 i.
615 1451 651 1468 m.
695 1442 805 1468 Gemma.
861 1440 928 1468 Plin.
949 1448 980 1476 37
988 1462 996 1474 ,
1017 1450 1046 1467 10
1080 1441 1180 1468 Leuco-

109 1481 261 1517 phthalmos
275 1481 355 1508 rutila
369 1480 449 1513 alias,
468 1479 540 1505 oculi
554 1479 666 1513 speciem
683 1477 836 1510 candidam,
862 1477 1020 1512 nigramque
1036 1477 1162 1504 continet.

148 1525 165 1545 L
176 1525 193 1544 E
202 1524 223 1543 V
233 1523 250 1544 C
259 1518 303 1544 όΡ
313 1524 322 1543 1
331 1523 344 1543 S
353 1537 360 1550 ,
380 1516 441 1542 i'dis.
461 1515 480 1541 f.
518 1515 667 1549 [Λευκῶπις]
705 1514 781 1540 Albos
801 1514 880 1539 oculos
893 1515 992 1540 lmoens.
1031 1514 1071 1539 lta
1087 1510 1180 1539 Graedt'

110 1561 202 1580 vocant
214 1552 375 1585 Artemifiam
389 1553 415 1577 ob
422 1552 498 1587 flores
511 1551 586 1577 albos.
623 1550 700 1584 Apul.
714 1549 747 1574 de
759 1549 843 1576 Herb.
856 1557 877 1574 c.
886 1557 923 1574 10.

150 1596 166 1615 1.
179 1595 254 1616 Evc
267 1593 486 1620 OST1CTos‚
508 1586 527 1612 i.
559 1595 594 1612 m.

111 1625 179 1652 Plin.
191 1628 231 1657 36,
245 1632 262 1658 7
299 1623 387 1650 Rubet
400 1621 568 1656 porphyrites
580 1621 610 1647 in
623 1621 714 1647 eadem
727 1620 862 1654 Aegypto:

109 1659 320 1687 teruenientibus
332 1657 437 1693 ponetis
446 1678 454 1690 ,
475 1655 644 1683 leucostietos
656 1662 778 1682 vocatur.

146 1702 188 1721 LE
198 1702 219 1721 V
229 1701 247 1721 C
258 1701 335 1721 OTH
347 1691 364 1721 ἑ
374 1700 397 1719 Α
408 1714 416 1726 ,
436 1701 475 1718 ae.
495 1692 515 1718 s.
545 1692 701 1726 [Λευκοθέκ]
739 1694 858 1718 Aurora:
877 1691 952 1725 quast
959 1691 1017 1717 alba
1031 1692 1084 1717 dea.
1122 1691 1180 1718 Cic.

107 1731 191 1758 Tuse.
205 1739 225 1764 ι,
240 1735 271 1761 28
298 1728 372 1763 Quid
386 1730 436 1755 Ino
449 1727 544 1754 Cadmi
557 1727 628 1760 filia,
648 1736 738 1754 nonne
757 1726 907 1754 Leucothea
920 1727 1057 1754 nominata
1071 1736 1085 1753 a
1098 1728 1179 1754 Grae-

108 1767 161 1800 εἰς,
183 1767 284 1796 Matuta
299 1765 414 1793 habetur
425 1773 439 1791 a
452 1763 567 1791 nostris}
599 1764 641 1789 Sic
656 1763 688 1789 de
704 1763 765 1790 Nat.
781 1763 863 1789 Deor.
876 1772 905 1796 3,
920 1772 960 1796 39.

145 1810 218 1829 LEV
228 1808 245 1829 c
255 1800 388 1830 οΤιιόΕ
398 1822 407 1834 ,
426 1809 461 1828 es.
481 1800 502 1826 f.
539 1800 693 1834 [Asvxoeon]
731 1798 813 1826 Ouid.
826 1799 891 1825 Met.
904 1808 932 1832 4,
953 1800 1013 1832 468.
1052 1799 1110 1825 Fuit
1132 1802 1180 1826 Or.

106 1840 173 1865 cami
186 1838 321 1872 Babylonii
330 1847 362 1864 ex
378 1835 594 1872 Eurynomefilia,
616 1844 689 1870 quam
703 1845 719 1862 a
732 1835 824 1861 Phoebo
833 1836 974 1870 grauidam
982 1835 1091 1869 faffam,
1104 1843 1180 1871 pater

104 1876 245 1901 crudeliter
266 1874 365 1908 defidit
382 1874 475 1899 vinam.
551 1872 602 1897 Sed
625 1872 734 1898 Phoebus
754 1871 862 1897 mutauit
881 1880 934 1896 eam
953 1871 981 1896 in
1006 1872 1119 1899 arborem
1142 1879 1182 1898 tus

101 1910 236 1945 ftrentem.
273 1910 316 1946 Est
327 1911 400 1936 etiam
413 1908 490 1941 Asiae
503 1907 579 1942 Regio
591 1907 712 1941 turifera.
755 1907 810 1933 Virl.
823 1906 890 1933 Plin.
903 1915 915 1939 5
925 1927 933 1939 ,
950 1916 976 1940 9.

145 1951 439 1977 LEVCOZOMVS,
459 1953 489 1977 Β,
508 1953 563 1970 um.

106 1982 146 2008 lus
159 1983 330 2009 leucozomus
357 1981 430 2016 Apic.
444 1982 477 2013 6,
498 1989 525 2013 9.
563 1979 635 2004 Aliis
647 1978 680 2013 2ss
694 1979 888 2003 Leocozumus.

147 2024 165 2043 L
177 2024 224 2043 BV
233 2020 252 2043 C
262 2023 378 2049 R10N,
397 2017 416 2042 i.
434 2025 461 2041 n.
499 2014 602 2045 Herba,
620 2012 775 2045 Cynogloffin
812 2011 890 2042 Apul.
905 2009 938 2033 de
950 2009 1034 2033 Herb.
1047 2017 1067 2033 c.
1080 2010 1123 2040 96,

147 2058 220 2078 LEV
231 2058 248 2078 c
260 2056 423 2077 RochA
433 2069 441 2081 ‚
459 2057 498 2074 ae.
523 2048 543 2073 f.
582 2047 647 2072 fera
665 2045 762 2071 Indica.
799 2044 866 2070 Plin.
879 2048 910 2075 8,
928 2051 964 2069 21.
1002 2043 1084 2069 Solin.
1104 2053 1125 2071 c.
1141 2050 1178 2076 35,

148 2094 166 2112 L
177 2094 194 2114 Ε
203 2093 224 2112 V
234 2093 251 2113 C
262 2093 284 2113 Τ
293 2092 313 2112 R
321 2092 344 2112 A
352 2105 361 2118 ,
380 2093 460 2111 orum
480 2090 504 2108 et
526 2089 543 2108 L
555 2089 571 2108 Ε
581 2088 602 2107 ν
612 2085 629 2107 c
641 2087 663 2107 T
672 2087 692 2106 R
700 2087 723 2105 A
731 2099 740 2112 ,
760 2088 798 2105 ae.
825 2078 972 2111 [Λεύκτᾳω]
1009 2078 1114 2104 Solinus
1123 2088 1144 2105 c.
1154 2087 1178 2105 ιε

901 1628 933 1646 ex
945 1628 978 1646 eo
991 1618 1127 1646 candidius
1142 1621 1180 1646 in-

107 2118 131 2155 §.
146 2129 196 2155 250
222 2122 297 2147 etiam
310 2119 437 2147 Leuekas
456 2119 559 2142 videtur
571 2114 705 2150 ²IsurPff’·
741 2113 866 2148 Oppidum
883 2111 916 2148 est
935 2113 1055 2139 Boeotiae.
1093 2116 1133 2140 De
1152 2124 1178 2140 eo
1196 2126 1225 2152 55
1244 2117 1308 2141 enim
1318 2116 1550 2151 percuffirisleuius
1558 2114 1600 2148 est,
1613 2113 1792 2148 quamficarii.

111 2157 167 2185 Cic.
181 2157 264 2183 Tusc.
277 2164 304 2188 1,
316 2164 365 2181 110.
401 2160 426 2179 et
439 2152 492 2179 Off.
504 2161 530 2184 1,
543 2153 581 2177 61.

145 2200 163 2220 1.
173 2199 190 2220 Ε
199 2199 219 2219 V
227 2198 244 2219 C
254 2197 276 2217 T
285 2189 325 2218 Ri
336 2196 354 2217 c
365 2196 385 2216 V
394 2195 407 2215 S
415 2209 423 2222 ,
449 2196 479 2222 a,
504 2195 559 2214 um.
595 2183 656 2211 Adi.
694 2184 874 2218 [Λευκτρικὸς]
912 2183 970 2210 Cic.
986 2184 1069 2211 Tusc.
1087 2193 1096 2210 1
1105 2205 1114 2217 ‚
1128 2193 1178 2212 110.

107 2229 235 2264 Priusque
248 2226 362 2254 Leuetra
377 2224 521 2256 tollentur,
541 2230 620 2257 quam
635 2228 737 2255 pugnae
750 2219 906 2246 Leuctricae
923 2218 1020 2254 gloria.
1057 2220 1178 2247 [46υᾶτί-

107 2274 164 2291 cam
176 2273 290 2299 pugnam
304 2261 426 2298 appellat,
451 2260 479 2284 In
498 2268 548 2294 qua
571 2257 683 2284 Thebani
701 2256 872 2290 Epaminonda
883 2256 944 2281 duce
962 2265 1002 2281 res
1022 2256 1177 2282 Lacedaemo.

106 2301 207 2326 otiorum
217 2298 375 2334 gloriamque
389 2296 555 2322 attriuerunt.

147 2343 165 2362 1.
175 2342 192 2362 E
202 2342 248 2362 VE
257 2340 358 2366 NNA,
377 2341 415 2358 ae.
433 2339 470 2357 m.
508 2329 602 2356 Homo
614 2326 834 2355 leuennffLaber.
848 2332 888 2362 ap.
903 2326 969 2355 Gell.
983 2328 1021 2361 16,
1034 2334 1051 2363 7
1073 2327 1091 2354 i.
1106 2327 1177 2355 leuis.

144 2379 161 2399 1.
171 2378 187 2398 E
196 2378 216 2396 v
225 2377 252 2403 1,
281 2367 449 2395 Praeteritum
462 2376 478 2393 a
490 2365 562 2398 Leo,
588 2365 634 2395 les.
675 2365 730 2391 Vid.
738 2363 783 2399 suo
795 2364 853 2390 loco.

147 2414 164 2434 L
175 2414 192 2434 E
201 2414 222 2433 v
232 2413 252 2433 1.
278 2414 315 2431 m.
353 2405 418 2430 Erat
433 2402 523 2428 tertius
534 2401 615 2428 Iacobi
622 2400 694 2436 filius
708 2408 740 2426 ex
753 2400 811 2426 Lea.
851 2398 944 2426 Genes.
957 2408 978 2425 c.
991 2407 1035 2432 29.
1072 2399 1141 2425 Hinc

145 2450 162 2470 1.
172 2450 219 2471 Ev
229 2448 318 2473 ITA,
338 2441 381 2465 vel
393 2446 410 2466 L
421 2445 467 2466 Ev
477 2445 487 2464 1
498 2444 521 2464 'r
531 2444 548 2464 E
558 2444 571 2464 s
582 2458 590 2470 ‚
610 2445 649 2463 ae.
672 2445 708 2463 m.
745 2435 800 2472 ,Qi
812 2434 844 2472 est
858 2435 1003 2469 exfanzilia
1017 2435 1092 2461 Leui:
1109 2436 1177 2461 Huic

106 2489 191 2506 rerum
196 2478 329 2515 sacrarum
341 2474 528 2511 administratio
540 2473 648 2500 tradita.
686 2472 798 2498 Numer.
812 2481 833 2504 3,
844 2480 871 2504 4.
914 2472 969 2497 Vid.
989 2472 1060 2497 Arat.
1075 2480 1101 2503 1,
1115 2474 1177 2498 600.
1194 2479 1225 2510 63
1239 2473 1310 2499 leuis
1348 2473 1413 2499 Plin.
1434 2481 1471 2505 11,
1499 2480 1535 2504 53.

107 2516 217 2543 Leuitae
230 2514 319 2547 etiam,
340 2510 460 2547 Mimjsiri
471 2511 591 2535 dicamur
604 2509 632 2534 in
647 2508 682 2535 N.
691 2508 768 2534 Test-
782 2507 935 2542 Fulgentius
947 2507 976 2533 in
985 2507 1177 2541 praefationem

108 2551 176 2578 libri
188 2551 219 2577 de
233 2548 382 2583 Virgiliana
395 2545 542 2579 contimfic
556 2544 690 2579 alloquitur
700 2543 869 2570 chalcidium
878 2563 886 2576 ,
905 2543 1059 2570 Leuitarum
1073 2543 1178 2570 sanffis-

108 2583 382 2650 giengrdgidhgildor.
393 2591 422 2618 7,
437 2590 471 2609 12.
529 2580 620 2608 Sidon.
637 2579 716 2615 Epist.
730 2588 764 2613 9,
778 2588 794 2606 2
822 2582 853 2606 Et
866 2579 979 2606 Hieron.
994 2579 1033 2606 T.
1048 2587 1067 2612 4
1090 2579 1136 2606 lib.
1150 2586 1176 2614 7.

1199 1418 1211 1442 3
1214 1417 1227 1442 5
1246 1410 1362 1435 toleratu.

1197 1777 1231 1802 43
1246 1767 1365 1801 Impensa
1379 1766 1446 1793 leuis
1472 1765 1554 1793 Ouid.
1568 1764 1600 1790 de
1613 1764 1677 1790 Arte
1690 1764 1748 1790 Am.
1757 1771 1783 1796 2,
1797 1770 1849 1797 255.

602 1943 787 1977 [λευκᾰζωμος]
824 1943 890 1968 Albo
904 1942 958 1968 iure
970 1943 1092 1969 conditus.
1120 1943 1179 1969 Pul-
1195 1954 1227 1978 30
1246 1944 1367 1970 Scribon.
1381 1951 1437 1974 237.
1463 1943 1578 1973 i-fitcr'le·

1247 1267 1284 1299 Q
1315 1266 1384 1292 Frat.
1417 1274 1443 1298 1,
1476 1273 1499 1291 2.
1543 1263 1609 1290 Gell.
1636 1270 1668 1298 7,
1693 1270 1724 1290 11.
1799 1264 1900 1298 Vulgus
1927 1265 1984 1290 leue
2008 1264 2089 1291 Ouid.
2107 1266 2171 1292 Met.
2199 1274 2242 1299 12,
2274 1275 2308 1299 53.

1246 1301 1412 1336 Sapientibus
1430 1300 1527 1336 quietis
1541 1306 1566 1326 et
1578 1300 1643 1334 reip.
1665 1308 1740 1326 cura:
1779 1299 1919 1326 leuissimus
1933 1300 2045 1334 quisque
2060 1306 2085 1326 et
2104 1301 2190 1328 futuri
2211 1302 2310 1337 impro-

1247 1337 1325 1364 vidus
1339 1338 1382 1372 spe
1394 1345 1460 1363 vana
1473 1343 1576 1363 tumens
1594 1335 1663 1361 Tac.
1677 1336 1711 1366 H.
1727 1344 1745 1369 1,
1759 1341 1798 1368 88,
1812 1344 1832 1368 5.
1904 1336 1986 1362 Lenia
1999 1335 2060 1362 haec
2075 1337 2149 1370 sunt,
2169 1346 2235 1372 quae
2247 1344 2307 1364 ettu

1245 1373 1384 1408 pergrauia
1396 1373 1445 1399 effe
1462 1372 1490 1398 in
1504 1372 1622 1398 animum
1637 1370 1742 1398 induxti
1760 1378 1836 1397 tuum
1874 1371 1943 1398 Ter.
1960 1372 2022 1398 Hec.
2038 1381 2061 1404 ς,
2081 1380 2106 1404 ι,
2121 1381 2154 1399 ι2.
2179 1374 2196 1399 ι’.
2213 1374 2308 1406 facilia

1419 1409 1536 1434 Acumen
1551 1407 1609 1433 leue
1623 1407 1719 1433 mentis
1733 1407 1864 1434 discurrit.
1889 1408 1944 1433 Vid.
1958 1414 1978 1433 Α
1990 1413 2007 1434 C
2019 1414 2038 1434 v
2048 1414 2073 1434 Μ
2083 1414 2099 1434 Ε
2110 1415 2140 1434 N.
2196 1408 2308 1436 Brachio

1246 1445 1300 1471 leui
1315 1444 1417 1479 aliquid
1430 1453 1522 1479 agere,
1543 1444 1562 1470 i.
1583 1442 1752 1478 Indiliqenter
1777 1443 1833 1469 Cic.
1847 1443 1899 1469 Act.
1911 1451 1938 1475 4,
1952 1445 1990 1470 16.

1247 1481 1321 1507 Olim
1350 1479 1460 1515 quidem
1484 1485 1509 1506 te
1528 1479 1617 1506 causae
1641 1479 1811 1513 impellebant
1836 1478 1914 1505 leues.

1246 1516 1303 1542 Cic.
1317 1516 1349 1542 de
1368 1516 1456 1543 Finib.
1476 1525 1506 1549 3,
1527 1535 1534 1542 .
1556 1535 1562 1542 .
1600 1515 1655 1547 Qxi
1678 1515 1778 1541 leuiori
1795 1514 1826 1540 de
1845 1515 1927 1540 causa.

1424 1552 1495 1578 Cura
1509 1552 1597 1578 leuior
1623 1550 1698 1584 Virg.
1713 1550 1811 1584 Georg.
1824 1558 1846 1582 3,
1862 1557 1913 1582 305.

2065 1444 2132 1471 Ter.
2145 1444 2308 1478 Hec.3,4,12

1959 1479 1975 1505 i.
2008 1480 2091 1504 Facile
2116 1481 2306 1507 counnouwiaris.

1998 1513 2074 1540 Colla
2094 1515 2162 1541 leuia
2190 1516 2308 1550 Propert.

1247 1561 1258 1571 ἰ
1275 1561 1305 1585 ’3,
1320 1562 1349 1584 13.
1988 1550 2076 1575 Dolor
2095 1551 2176 1583 leuis,
2203 1553 2307 1578 Parvus.

633 1585 707 1619 Lapis
725 1585 755 1609 ab
775 1584 840 1609 albis
857 1584 957 1618 punHis
976 1593 1060 1609 nomen
1079 1584 1178 1611 babens·
1194 1597 1231 1623 40
1247 1573 1302 1614 C'ic.
1316 1587 1348 1614 de
1369 1588 1425 1614 Fin.
1440 1596 1466 1620 1,
1486 1596 1523 1620 40
1559 1584 1639 1617 Qod
1659 1594 1732 1611 mors
1750 1585 1823 1611 sensu
1841 1591 1944 1618 careat,
1970 1584 2049 1610 dolor
2067 1585 2094 1610 in
2116 1585 2308 1620 longinquitate

1245 1624 1312 1650 leuis
1322 1644 1331 1656 ,
1350 1623 1378 1649 in
1391 1623 1521 1658 grauitate
1535 1620 1625 1648 breuis
1639 1621 1720 1647 soleat
1734 1621 1798 1653 effe,
1825 1626 1853 1646 vt
1870 1620 1927 1646 eius
1947 1619 2157 1654 magnitudinem
2176 1621 2309 1654 celeritas,

1246 1659 1450 1686 diuturnitatem
1462 1657 1587 1685 alleuatio
1602 1656 1761 1683 consoletur.
1833 1655 1950 1682 Fortuna
1963 1656 2051 1682 lenior
2068 1656 2199 1682 malorum
2229 1657 2309 1684 Ouid.

1248 1694 1335 1721 Trist.
1348 1703 1383 1728 4,
1403 1703 1424 1728 1,
1438 1696 1474 1721 61.
1529 1694 1676 1720 Fortunam
1689 1691 1776 1718 facere
1791 1692 1877 1718 leuem
1904 1691 1964 1718 Stat.
1978 1690 2070 1717 Theb.
2085 1699 2104 1724 ι,
2119 1699 2174 1726 ι77.
2219 1693 2310 1719 Gratia

1246 1731 1313 1757 leuis
1340 1731 1423 1757 Plaut.
1436 1731 1515 1757 Poen.
1529 1739 1558 1762 3,
1572 1730 1599 1760 6,
1613 1735 1648 1762 ¹7-
1723 1727 1827 1755 Iaoura
1839 1727 1906 1753 leuis
1932 1726 2025 1754 Claud.
2046 1727 2073 1753 in
2094 1728 2203 1762 Eun-op.
2218 1737 2245 1761 2,
2265 1734 2309 1758 118.

1906 1763 2007 1790 Insania
2016 1762 2082 1789 leuis
2107 1763 2175 1790 Hor.
2185 1764 2261 1799 Epist.
2275 1772 2290 1790 2
2300 1785 2309 1797 ,

1247 1812 1266 1835 ι,
1279 1810 1325 1832 1¹8·
1396 1804 1525 1830 quentus
1535 1800 1601 1828 leuis
1640 1800 1709 1826 Hior.
1721 1799 1811 1825 Carm.
1825 1807 1850 1831 2,
1863 1808 1894 1831 ιι,
1908 1801 1932 1827 6.
2004 1799 2073 1825 Ter.
2089 1799 2183 1825 Heaut.
2200 1808 2224 1832 2,
2240 1808 2267 1833 4,
2281 1808 2308 1833 19

1247 1839 1318 1865 Nam
1332 1837 1395 1864 dum
1407 1838 1452 1864 abs
1466 1844 1491 1864 te
1505 1836 1613 1869 absum,
1633 1844 1725 1862 omnes
1739 1835 1806 1861 mihi
1820 1834 1924 1861 labores
1937 1834 2028 1868 fuere,
2054 1843 2120 1870 quos
2140 1836 2210 1870 cepi,
2231 1836 2308 1862 leues.

1246 1873 1337 1901 Labor
1356 1874 1459 1906 leuior,
1485 1873 1630 1906 minorque
1663 1871 1746 1897 Ouid.
1763 1879 1794 1897 ex
1813 1871 1886 1897 Pont⁴
1911 1879 1938 1903 1,
1958 1879 1992 1903 4,
2015 1878 2054 1903 25.
2125 1871 2193 1897 Leni
2210 1872 2308 1904 Manu,

1247 1909 1374 1936 brachio:
1411 1910 1464 1935 vid.
1477 1911 1589 1942 Interpp.
1604 1906 1736 1938 Qiinffil.
1748 1915 1773 1938 p.
1787 1914 1837 1936 ¹39.
1858 1907 1942 1930 Burm.
2014 1904 2237 1931 Medicamentum
2249 1907 2308 1935 leine

1651 1939 1749 1973 Aquila
1762 1939 1817 1965 leui
1830 1939 1929 1970 Meatu,
1956 1946 2036 1973 prout
2049 1948 2141 1974 agmen
2160 1938 2307 1974 incederet,

1243 1976 1410 2009 praeuolauit
1424 1975 1492 2001 Tac.
1508 1974 1542 1999 H.
1559 1983 1583 2007 1,
1595 1976 1644 2006 62,
1657 1982 1679 2006 5.
1711 1973 1729 1999 ι’.
1750 1975 1837 2007 tardo,
1858 1974 1961 2009 remiffo.
1999 1976 2068 2001 Piala.
2088 1977 2161 2001 malie
2174 1978 2222 2008 less.
2236 1977 2306 2010 leni,

1241 2012 1309 2044 quod
1326 2010 1419 2044 acepit
1440 2011 1546 2036 Gronou.
1619 2010 1717 2036 Munus
1736 2009 1794 2036 leue
1827 2009 1906 2035 Ouid.
1927 2010 1990 2037 Met.
2011 2019 2036 2043 ι,
2056 2013 2114 2037 620.
2187 2004 2306 2039 Nomine

1242 2045 1342 2072 leuiori
1355 2046 1502 2080 appellare,
1522 2045 1611 2072 Minus
1624 2044 1709 2079 odioso.
1781 2045 1838 2070 Cic.
1853 2054 1902 2078 pro
1918 2046 1991 2072 nofe.
2009 2046 2096 2072 Amer.
2117 2054 2145 2078 93
2179 2047 2223 2073 Sin
2243 2057 2304 2081 eos,

1243 2090 1326 2116 quos,
1347 2082 1394 2116 qui
1410 2081 1513 2107 leuiore
1526 2081 1636 2106 nomine
1650 2079 1796 2113 appellant,
1819 2080 1979 2113 percussores
1998 2087 2110 2112 vocant,
2129 2088 2173 2107 etc.
2212 2084 2305 2108 Nomen

1866 2115 1944 2140 Pueri
1958 2115 2028 2142 inter
2040 2116 2064 2142 se
2078 2125 2156 2150 quam
2168 2126 2218 2151 pro
2242 2118 2306 2145 leui-

1242 2151 1291 2178 bus
1306 2151 1404 2178 Noxiis
1417 2150 1552 2185 plumbeas
1567 2150 1618 2175 iras
1639 2154 1735 2183 gerunt
1752 2148 1821 2174 Ter.
1836 2149 1899 2175 Hec.
1913 2158 1941 2183 3,
1957 2158 1983 2183 1,
2009 2160 2047 2182 30·
2120 2151 2206 2179 Poena
2219 2154 2307 2180 leuior

1245 2186 1326 2213 Ouid.
1341 2187 1433 2212 Amor.
1443 2194 1462 2219 ι,
1477 2194 1496 2218 ι,
1509 2194 1536 2218 4.
1595 2184 1711 2211 Pretium
1724 2184 1809 2210 leuius
1831 2185 1911 2211 Ouid.
1929 2185 1961 2211 de
1974 2187 2037 2212 Arte
2049 2187 2138 2220 Am.3,
2152 2194 2200 2223 ι7ι.
2258 2190 2307 2215 Re.

1243 2221 1382 2257 prehenfio
1396 2221 1464 2248 leuis
1485 2221 1542 2247 Cic.
1555 2220 1633 2247 Acad.
1646 2228 1673 2253 4.
1747 2220 1798 2246 Res
1811 2220 1881 2247 leues
1899 2221 1974 2255 Virg.
1989 2222 2086 2256 Georg.
2099 2232 2128 2256 4,
2143 2232 2164 2255 3.
2221 2223 2307 2251 Ruina

1243 2266 1298 2284 non
1311 2257 1377 2284 leuis
1411 2258 1478 2284 Hor.
1493 2257 1582 2283 Carm.
1597 2264 1629 2289 2,
1643 2265 1686 2289 19,
1700 2264 1734 2289 15.
1809 2256 1878 2283 Ter.
1894 2256 1922 2282 in
1937 2258 2007 2284 Prol.
2030 2258 2135 2286 Phorm.
2149 2266 2162 2291 5
2199 2260 2253 2293 Qu·
2270 2260 2306 2287 ita

1194 2300 1228 2325 60
1245 2293 1384 2326 dictitant,
1405 2302 1468 2328 quas
1485 2298 1561 2319 antea
1581 2291 1645 2319 feeit
1664 2291 1782 2325 fabulas,
1809 2293 1883 2318 tenni
1903 2294 1951 2319 effe
1971 2294 2109 2327 oratione,
2135 2300 2159 2321 et
2179 2296 2305 2330 scriptura

1242 2330 1306 2357 leui.
1379 2329 1511 2356 Sententia
1525 2328 1580 2355 leui
1593 2328 1735 2361 mulieres,
1754 2328 1832 2363 pueri
1859 2328 1927 2355 Ter.
1944 2329 2008 2356 Hec.
2021 2339 2049 2362 3,
2065 2340 2090 2363 1,
2110 2338 2148 2362 32.
2223 2332 2304 2358 Plaut.

1243 2366 1319 2400 Capt.
1334 2374 1359 2398 2,
1373 2374 1393 2398 1,
1405 2374 1424 2398 4
1450 2365 1529 2392 Nunc
1542 2364 1654 2391 seruitus
1667 2363 1685 2389 si
1698 2364 1803 2396 euenit,
1823 2363 1848 2390 ei
1863 2373 1910 2391 vos
1922 2365 2083 2400 morigerari
2096 2374 2153 2393 mos
2167 2366 2252 2393 bonus
2260 2367 2305 2402 est,

1245 2410 1356 2436 eamque
1371 2400 1451 2428 herili
1463 2400 1595 2435 imperio,
1616 2400 1730 2434 ingeniis
1745 2399 1840 2426 vostris
1859 2400 1946 2426 leuem
1966 2401 2084 2427 reddere.
2157 2403 2217 2437 Spes
2236 2403 2306 2429 leues

1244 2438 1313 2465 Hor.
1326 2437 1404 2472 Epist.
1422 2445 1447 2470 ι,
1469 2444 1498 2470 5,
1518 2442 1540 2466 8.
1614 2436 1726 2462 Somnus
1745 2436 1812 2462 leuis
1849 2436 1924 2470 Virg.
1944 2436 2008 2463 Aen.
2029 2444 2058 2470 5,
2079 2443 2128 2470 838.
2201 2438 2305 2464 Tactus

1610 2472 1697 2497 Verba
1719 2471 1822 2498 leuiora
1842 2472 1917 2498 foliis
1955 2471 2034 2499 Ouid.
2048 2473 2139 2500 Amor.
2153 2482 2185 2506 2,
2201 2476 2244 2506 ¹6,
2262 2482 2304 2507 45.

1242 2510 1340 2536 Versus
1354 2509 1424 2535 leues
1445 2509 1514 2535 Hor.
1527 2507 1560 2534 de
1574 2509 1638 2534 Arte
1652 2508 1725 2534 Po‘e't.
1739 2514 1788 2539 231.
1844 2508 1914 2534 Vina
1928 2507 2007 2540 leuia,
2030 2508 2049 2535 i.
2074 2509 2177 2536 Tenuia.
2239 2510 2304 2536 Plin.

1243 2553 1289 2578 23,
1309 2555 1315 2570 1
1349 2545 1396 2571 Ait
1423 2544 1581 2570 leniffimum
1605 2544 1699 2570 vinum
1725 2543 1862 2570 celerrime
1886 2543 2040 2571 inueterari.
2112 2544 2213 2571 Vmbra
2237 2545 2303 2572 leuis

1244 2578 1342 2608 Tibul.
1357 2589 1383 2614 2,
1398 2588 1422 2614 5,
1437 2583 1479 2613 96.
1554 2581 1671 2607 Vomere
1691 2579 1745 2605 leui
1763 2579 1905 2606 admodum
1924 2579 2038 2606 sauciare
2055 2580 2183 2607 summam
2205 2587 2303 2614 partem

1241 2622 1338 2650 terrae,
1359 2617 1382 2642 h.
1396 2627 1417 2643 e.
1438 2616 1539 2642 Leniter
1553 2623 1650 2641 terram
1670 2624 1745 2640 arare
1772 2615 1902 2642 Colmnel.
1916 2623 1944 2647 2,
1965 2623 1989 2641 2.
2053 2615 2167 2642 Notauit
2185 2617 2303 2651 aliquos,

146 2665 219 2686 LEV
230 2664 240 2683 1
251 2664 273 2684 T
283 2664 292 2682 1
303 2661 391 2685 ch‚
410 2663 441 2687 a,
460 2663 514 2681 um.
552 2654 641 2680 Genus
654 2652 805 2679 Leuiticum
830 2652 909 2687 Vulg.
924 2653 1038 2686 Interpr.
1052 2651 1129 2678 Deut.
1138 2659 1175 2686 17,
1190 2661 1226 2688 70
1242 2652 1314 2687 quod
1328 2653 1450 2687 pecunias
1465 2651 1614 2679 leuioribus
1628 2651 1720 2677 Vsuris
1735 2651 1864 2684 mutuati,
1889 2651 2009 2692 graniori
2028 2651 2122 2678 fenore
2140 2652 2303 2678 collocass‘ent

108 2703 135 2729 9.
173 2690 255 2728 Stirpi
271 2691 392 2720 Leuitica
421 2690 458 2717 ld.
479 2691 528 2717 Ios.
543 2700 569 2723 3.
582 2698 604 2722 3-

147 2738 164 2757 1.
174 2738 190 2757 E
199 2738 218 2756 v
231 2735 270 2756 1T
280 2736 290 2754 1
299 2735 316 2755 c
326 2735 345 2753 v
357 2734 369 2752 s
378 2747 386 2759 ,
406 2727 424 2752 i.
445 2735 481 2753 m.
518 2727 593 2752 Liber
606 2725 697 2751 tertius
710 2724 786 2757 Molis
811 2723 902 2751 Ifidor.
915 2726 942 2758 6,
955 2732 979 2750 2.

110 2767 158 2794 tul.
171 2766 272 2792 aduers.
286 2763 402 2791 Gnostic.
416 2772 436 2788 c.
452 2771 474 2789 2.
488 2769 512 2788 et
524 2761 625 2788 aduers.
641 2761 723 2787 Marc.
736 2768 765 2793 4,
777 2768 815 2792 23.

148 2810 164 2830 L
173 2810 190 2830 Ε
199 2809 219 2828 v
230 2809 240 2828 1
253 2807 275 2828 T
287 2806 306 2827 O
315 2807 337 2826 N
347 2807 369 2827 A
380 2806 397 2825 R
408 2806 416 2824 1
426 2805 447 2824 V
456 2805 479 2824 M
492 2819 501 2831 ‚
520 2798 539 2824 i.
558 2807 584 2824 n.
623 2796 768 2824 Colobium
783 2795 834 2822 fine
848 2795 958 2822 manicis
990 2795 1081 2823 Isidor.
1095 2796 1176 2822 Closs.

1017 2724 1091 2758 Confi
1105 2723 1177 2750 Ter-

149 2846 166 2865 L
178 2846 195 2866 Ε
205 2846 225 2864 V
236 2845 244 2863 1
254 2844 276 2864 A
285 2842 365 2863 THA
374 2842 397 2861 N
407 2856 414 2868 ,
434 2834 499 2860 anis.
524 2843 559 2860 m.
597 2832 682 2859 Bellua
695 2832 803 2858 marina.
841 2832 891 2860 Iob
909 2841 931 2859 c.
944 2841 981 2865 40
1000 2840 1023 2858 et
1036 2840 1075 2866 41-.
1119 2833 1175 2858 Vid.
1193 2841 1225 2869 75
1240 2837 1318 2866 atque
1331 2841 1424 2859 omnes
1435 2833 1542 2858 vincere
1555 2830 1638 2865 digni.
1664 2830 1688 2856 h.
1702 2825 1725 2855 es
1738 2830 1829 2865 Agiles
1841 2832 1877 2855 ad
1887 2829 1990 2864 cm‘sum.

111 2876 224 2902 Bochart.
239 2874 341 2899 Hieroz.
355 2880 370 2898 2
379 2892 386 2904 ‚
401 2879 424 2904 5,
437 2873 474 2896 16.

149 2918 166 2938 1.
179 2917 241 2938 Ενι
255 2914 396 2941 coms,
421 2911 656 2939 LEvacvtvs,
693 2905 747 2932 vid.
769 2910 891 2932 Lfivls.

149 2953 221 2974 Lssv
234 2949 418 2975 mnusvs,
447 2951 477 2975 a,
498 2951 552 2969 um.
591 2945 636 2968 An
665 2946 920 2973 LEviofiNsm,
945 2949 969 2967 e.
1007 2939 1102 2975 legitur
1121 2939 1177 2966 Cic.

111 2982 183 3010 Fam.
198 2992 224 3016 9,
239 2990 266 3008 ι2
302 2978 504 3007 Oratiunculam
519 2987 569 3013 pro
582 2978 728 3010 Deiotaro,
748 2985 828 3012 quam
850 2976 1018 3010 requirebas,
1045 2975 1175 3002 habebam

110 3027 214 3046 mecum
223 3039 231 3051 ,
252 3015 324 3052 quod
338 3024 393 3041 non
405 3022 533 3049 putaram.

114 3053 182 3088 legas
191 3076 198 3088 ‚
220 3060 249 3080 vt
261 3052 361 3079 causam
376 3058 482 3077 tenuem
497 3056 523 3077 et
530 3050 638 3085 inopem
649 3071 658 3082 ,
676 3059 723 3076 nec
736 3050 879 3083 scriptione
891 3056 1051 3083 magnopere
1059 3047 1176 3081 dignam.

116 3088 163 3114 Sed
174 3099 223 3124 ego
238 3088 336 3123 hospiti
352 3087 437 3113 veteri
450 3092 475 3112 et
487 3087 590 3119 amico,
611 3086 794 3112 munusculum
812 3085 918 3111 mittere
933 3084 1010 3111 volui
1028 3084 1177 3115 leuidense,

116 3125 195 3151 craffo
208 3125 269 3157 filo,
290 3122 439 3150 cuiusmodi
452 3123 530 3157 ipsius
549 3123 633 3149 solent
651 3123 700 3148 esse
719 3130 839 3147 munera.
885 3120 992 3148 Seruius
1012 3121 1061 3153 (vt
1074 3120 1112 3145 ait
1126 3121 1178 3145 Ste-

115 3159 219 3199 phanos,
228 3160 275 3195 sed
286 3160 363 3195 nescio
375 3160 435 3189 vbi)
452 3159 569 3194 «stendit,
588 3157 763 3185 Leuidensam
777 3156 854 3182 vestis
869 3157 917 3183 ess'e
929 3165 1010 3191 genus
1025 3155 1095 3189 vile,
1114 3163 1176 3181 raro

118 3202 242 3229 temuque
254 3201 333 3223 textu.

123 3232 190 3256 Vnde
204 3237 227 3255 et
239 3232 303 3264 apud
313 3233 407 3258 quen.
415 3240 442 3263 9,
456 3239 487 3263 30
512 3230 626 3265 queritur
639 3230 761 3265 qmspiam
775 3228 858 3254 vestes
878 3228 990 3261 donari,
1015 3227 1076 3254 duri
1097 3226 1177 3252 craffi-

117 3274 169 3300 que
192 3265 290 3291 coloris
309 3267 339 3292 Et
349 3267 417 3293 male
430 3267 556 3301 percuss'as
569 3266 681 3293 textoris
695 3264 799 3300 pee‘tine
814 3264 893 3290 Galli.
930 3263 1032 3296 Iiid.19,
1042 3271 1074 3289 22
1094 3261 1178 3288 Vestis

117 3300 285 3331 Leuidensi3‚
313 3302 383 3334 quod
402 3311 464 3329 raro
484 3302 531 3329 filo
550 3302 595 3334 fit,
621 3302 769 3335 leuiterque
788 3300 900 3326 densata.
956 3298 1095 3326 Pauitensss
1117 3306 1178 3324 con-

121 3337 202 3364 traria
217 3334 342 3362 leuidenfl
354 3336 421 3363 dieta
430 3359 438 3371 ‚
458 3338 530 3373 quod
544 3338 662 3373 grauiter
674 3338 755 3372 pressa
767 3342 846 3371 atque
859 3336 954 3363 calcata
971 3335 1009 3362 fit.
1051 3334 1079 3360 Si
1097 3334 1179 3369 igitur

119 3379 234 3407 corrupta
247 3370 279 3407 est
293 3370 336 3396 illa
350 3379 414 3404 vox,
433 3377 498 3407 quod
507 3378 594 3400 volunt
605 3374 659 3399 viri
672 3373 754 3405 clofli,
776 3373 820 3407 qui
833 3372 887 3399 leui
905 3371 997 3405 dente,
1017 3370 1071 3397 leui
1088 3370 1178 3404 penso,
1197 3381 1231 3406 90
1244 3370 1281 3398 ib.
1302 3380 1327 3397 v.
1342 3378 1375 3405 7,
1396 3370 1440 3403 46.
1460 3376 1492 3408 et·
1502 3376 1530 3400 3,
1551 3372 1602 3399 388.

119 3409 174 3435 vile
189 3416 217 3434 ac
232 3407 340 3433 densum
354 3413 398 3432 etc.
421 3411 551 3435 emendant
563 3419 593 3435 ex
606 3410 704 3445 ingenio
713 3419 720 3432 .-
750 3409 878 3443 antiquam
890 3408 1029 3442 fateantur
1042 3407 1178 3440 corruptio-

119 3454 173 3470 nem
186 3443 276 3479 necff
289 3442 337 3478 qli,
354 3449 386 3474 et,
399 3441 428 3474 fi
437 3451 484 3467 non
495 3445 595 3476 Seruio,
615 3446 682 3472 cuiur
699 3446 776 3470 locum
796 3445 902 3470 nondum
922 3443 1019 3479 reperi,
1044 3449 1072 3468 at
1085 3443 1178 3476 Isidoro

121 3487 202 3514 certe,
221 3478 394 3513 antiquiorem·
430 3477 505 3512 QOd
511 3481 683 3516 praetermiffc'i
695 3489 745 3506 vox
758 3480 901 3515 insolentior
915 3480 947 3516 (fi
959 3490 975 3505 a
988 3477 1176 3510 Grammaticis,

120 3516 222 3550 ‘aliquid
233 3513 280 3550 est:
311 3513 359 3549 sed
367 3513 438 3546 forte
458 3513 533 3547 plura
548 3516 720 3552 praetermffl
732 3515 802 3551 siant.
857 3517 916 3541 Cum
934 3515 1000 3541 nihil
1017 3514 1119 3540 varient
1137 3513 1178 3538 hic

122 3551 197 3584 libri,
224 3559 272 3575 mm
290 3559 322 3575 au
333 3559 366 3574 tm
386 3548 537 3574 mairam-ae
554 3551 690 3584 posthabere
710 3561 794 3578 nomen
806 3551 878 3585 forte
896 3551 1033 3582 ludicrum,
1059 3549 1131 3583 som
1150 3558 1180 3574 ex
1196 3557 1227 3584 95
1244 3549 1386 3576 Muliebris
1401 3549 1506 3574 Petron.
1521 3554 1594 3573 eno.

122 3586 258 3626 comoedia,
276 3592 320 3611 aut
333 3594 374 3610 ore
386 3583 461 3619 vulgi
474 3585 532 3624 ‘'df‘'
540 3584 662 3620 sumtum,
676 3588 716 3613 cui
728 3595 808 3614 tamen
820 3596 862 3613 nec
875 3585 1002 3620 diffimilt'a
1009 3586 1071 3621 sunt
1087 3585 1179 3611 Dulca-

123 3620 212 3654 cidus,
237 3628 275 3653 et,
295 3622 326 3646 de
346 3629 392 3654 quo
412 3629 468 3645 mox
486 3621 605 3653 drcemus,
629 3621 771 3650 Leuifidus.
816 3624 912 3650 Ludens
931 3624 1014 3655 igitur
1037 3620 1131 3648 Tullius
1149 3622 1179 3646 de

123 3657 232 3687 oratione
238 3656 288 3691 sua
301 3655 462 3691 vfinpauerit
475 3655 594 3690 epitheton
606 3655 743 3690 vestimento
754 3659 891 3694 proprium.
932 3652 988 3685 flid.
999 3664 1099 3693 praeter
1108 3655 1180 3683 viros

125 3691 212 3717 Dubios
224 3693 261 3718 ad
273 3691 350 3726 ipsum
363 3691 488 3717 Ciceronis
501 3691 576 3716 locum
590 3692 673 3717 Burm-
687 3694 721 3718 ad
731 3694 811 3721 Ouid,
826 3695 884 3721 Am,
892 3703 911 3727 ι,
924 3703 962 3727 14,
974 3701 1000 3728 7,

163 3732 180 3752 1.
190 3734 207 3753 E
216 3734 238 3752 v
247 3734 257 3753 1
266 3733 282 3753 F
290 3734 313 3754 A
323 3733 340 3754 c
352 3733 360 3752 ι
372 3733 391 3752 0
401 3747 409 3759 ‚
437 3733 452 3752 1.
462 3733 478 3753 Ε
487 3733 508 3752 v
518 3734 526 3752 1
535 3733 551 3753 F
562 3733 571 3752 1
580 3733 598 3753 D
606 3733 628 3752 v
637 3733 649 3752 S
657 3746 664 3759 ‚
689 3733 893 3757 LEV1soMst
902 3751 912 3764 ,
936 3730 991 3756 vid.
1007 3728 1059 3765 post
1079 3733 1178 3755 LEVIS-
1187 3737 1234 3756 100
1243 3729 1280 3753 ad
1290 3728 1399 3753 animum
1413 3733 1437 3751 et
1450 3731 1525 3749 mores
1537 3721 1702 3755 transftrtur.

162 3768 179 3788 L
187 3768 250 3789 Eva
258 3769 279 3789 G
287 3769 307 3789 o
316 3783 324 3795 ,
343 3763 397 3788 vid.
412 3763 530 3797 Laeuigo
543 3763 591 3789 sub
609 3769 625 3788 ι
636 3770 657 3789 A
666 3769 682 3788 r.
690 3769 711 3787 v
720 3769 730 3788 1
738 3770 760 3790 s.

162 3805 178 3824 1.
188 3804 204 3824 Ε
212 3804 233 3822 ν
243 3796 257 3823 ι“
264 3805 279 3824 P
290 3805 307 3825 E
315 3805 328 3824 s
336 3819 345 3832 ,
366 3797 432 3824 edis.
469 3799 529 3825 Adi.
557 3798 728 3832 [ἔλαφρόπες]
766 3801 835 3826 Celer
847 3809 871 3827 et
880 3802 982 3837 pedibus
995 3801 1064 3827 leuis.
1101 3799 1180 3825 Varr.

125 3833 158 3860 de
171 3834 201 3860 R.
210 3833 240 3859 R.
254 3842 276 3866 3,
289 3842 332 3866 12,
346 3836 363 3859 6
385 3834 480 3860 Lucius
494 3835 583 3861 Aelius
597 3834 703 3869 putabat
715 3833 747 3860 ab
761 3842 793 3860 eo
806 3836 907 3864 dietum
919 3838 1039 3872 leporem
1057 3844 1072 3862 a
1089 3833 1180 3861 celeri-

124 3869 234 3901 tndine,
255 3869 326 3908 quod
346 3869 445 3904 leuipes
463 3871 531 3898 esset.
572 3872 641 3896 Adel.
660 3870 715 3897 Cic.
734 3870 806 3895 Arat.
823 3880 849 3898 v.
863 3881 902 3900 121
929 3873 1076 3907 subterque
1093 3869 1180 3905 pedes,

124 3905 197 3941 quod
211 3904 325 3931 diximus
337 3911 411 3937 ante,
436 3906 543 3933 Orioni'
556 3906 622 3933 iacet
634 3906 732 3941 leuipes
745 3905 827 3940 lepus.

285 3947 305 3967 v
315 3945 333 3966 o
343 3947 370 3968 1..
398 3943 409 3968 Ι
419 3943 428 3968 Ι
437 3943 456 3968 1.

1218 2711 1223 2714 .
1241 2688 1310 2715 Suet.
1330 2689 1396 2723 Aug.
1423 2698 1444 2714 c.
1464 2696 1503 2721 39.

588 3016 680 3048 Itaque
693 3023 750 3040 eam
775 3013 826 3052 tibi
844 3012 919 3044 mili,
944 3020 1023 3047 quam
1041 3012 1123 3037 velim
1144 3011 1176 3037 lie
1194 3018 1226 3043 80

387 3196 519 3232 Qondum
533 3195 600 3220 inter
612 3194 731 3229 hospitum
747 3193 836 3222 xenia,
854 3192 928 3226 vestes
948 3193 973 3217 in
984 3192 1076 3227 primis
1094 3197 1176 3217 erant.
1196 3196 1225 3224 83
1242 3191 1368 3226 quac-ihus.

1187 3913 1231 3939 105
1239 3905 1333 3942 studia.

1575 2688 1641 2714 Vsus
1655 2687 1720 2713 leuis
1740 2687 1887 2719 amicitiae,
1914 2696 1932 2712 ι.
1952 2687 2006 2722 ‚Qi
2025 2696 2072 2713 non
2091 2688 2192 2713 multum
2206 2686 2302 2723 primast

1242 2724 1323 2752 Ouid.
1337 2724 1369 2750 de
1382 2725 1456 2750 Rem.
1478 2727 1569 2750 Amor.
1583 2732 1641 2756 590.
1713 2723 1816 2749 Vulnus
1832 2723 1889 2749 leue
1917 2721 1955 2749 Id.
1969 2723 2034 2748 Met.
2049 2731 2078 2755 3,
2098 2728 2137 2757 87.
2213 2724 2302 2750 Tacit.

1242 2760 1309 2786 Hist.
1323 2768 1348 2793 2,
1363 2769 1400 2793 21,
1414 2769 1432 2793 4
1457 2760 1625 2794 Quocunque
1639 2759 1696 2784 casu
1709 2758 1819 2792 accidit,
1840 2758 1902 2784 dnm
1915 2758 2253 2791 atrociorametuebantur,
2274 2758 2301 2784 in

1241 2796 1295 2822 leui
1310 2796 1441 2823 habitum.
1515 2795 1612 2828 Leuis,
1632 2804 1685 2820 cum
1697 2794 1822 2827 infinitiuo
1848 2794 1892 2821 Sil.
1908 2795 1952 2826 16,
1965 2798 2013 2827 488
2046 2794 2144 2820 Omnes
2163 2795 2202 2820 ire
2217 2795 2301 2825 leues,

2047 2829 2143 2856 Peltam
2157 2838 2205 2864 pro
2213 2836 2300 2864 parma

1241 2868 1322 2901 fecit,
1343 2874 1371 2894 vt
1384 2867 1416 2894 ad
1430 2874 1517 2894 motus
1531 2872 1557 2893 et
1570 2866 1709 2892 concursus
1723 2866 1801 2892 effent
1814 2865 1928 2892 leuiores
1937 2865 2005 2900 Nep.
2020 2874 2041 2891 ιι
2050 2885 2058 2898 ,
2078 2873 2087 2891 ι
2096 2885 2103 2897 ,
2117 2874 2143 2898 4.
2177 2865 2195 2891 ι’,
2214 2863 2300 2898 agilia.

1241 2913 1287 2931 res.
1344 2905 1410 2931 Ense
1423 2904 1489 2930 leuis
1501 2902 1575 2929 nudo
1589 2903 1664 2936 Virg.
1680 2903 1744 2928 Aen.
1757 2910 1783 2934 9,
1798 2906 1854 2934 548.
1926 2901 2053 2935 Messapus
2077 2900 2141 2927 leuis
2155 2899 2228 2925 cursu
2260 2897 2299 2925 ld.

1241 2949 1274 2973 12,
1293 2945 1354 2974 489.
1427 2938 1560 2966 Nudi.aut
1572 2938 1662 2973 sagulo
1675 2937 1746 2964 leues
1760 2937 1829 2964 Tac.
1843 2937 1932 2963 Germ.
1949 2938 1976 2969 6,
2000 2945 2019 2968 3.
2090 2934 2214 2961 Molossus
2234 2934 2300 2961 leuis

1240 2976 1339 3002 Lucan.
1353 2985 1388 3009 4,
1406 2983 1472 3008 440.

1278 3018 1350 3038 LEV
1362 3017 1397 3038 1c
1407 3010 1454 3037 ιῖι
1465 3017 1508 3037 vs
1523 3032 1531 3043 ,
1558 3018 1571 3036 a
1585 3030 1592 3043 ,
1618 3018 1673 3036 um.
1710 3009 1811 3035 Dimin.
1849 3007 1998 3042 [anagogae]
2039 3005 2094 3031 Cic.
2109 3004 2190 3030 Tusc.
2205 3012 2233 3037 ς,
2255 3012 2299 3037 ¹03

1241 3056 1263 3074 c.
1277 3049 1308 3080 36
1334 3046 1474 3075 Leuiculus
1489 3047 1547 3072 sane
1559 3045 1646 3072 noster
1661 3044 1863 3075 Demosthenes,
1885 3044 1930 3077 qui
1945 3042 1993 3068 illo
2007 3041 2113 3067 susurro
2137 3040 2262 3066 delectari
2274 3041 2299 3066 se

1241 3082 1359 3116 dicebat,
1376 3091 1470 3118 aquam
1478 3082 1588 3108 ferentis
1601 3081 1783 3112 mulierculae,
1792 3086 1819 3106 vt
1832 3087 1888 3105 mos
1902 3078 1930 3104 in
1943 3077 2052 3104 Graecia
2066 3076 2116 3102 est:
2138 3076 2299 3103 insusurran-

1242 3119 1327 3153 tisque
1340 3119 1433 3151 alteri,
1462 3118 1513 3144 Hic
1527 3117 1571 3144 ille
1587 3116 1782 3143 Demosthenes.

1279 3161 1295 3180 L
1305 3161 1322 3181 Ε
1332 3161 1354 3181 V
1364 3161 1374 3180 1
1386 3160 1408 3180 v
1419 3161 1431 3181 s
1442 3161 1459 3181 c
1468 3161 1488 3181 V
1498 3160 1542 3180 Lv
1552 3160 1565 3180 S
1578 3173 1586 3186 ‚
1613 3159 1652 3187 ap.
1668 3152 1732 3178 Plin.
1746 3159 1785 3185 ep.
1799 3158 1808 3176 1
1817 3169 1826 3182 ,
1849 3150 1893 3181 16,
1917 3157 1931 3179 5
1963 3147 2026 3183 legit
2040 3148 2178 3173 catanaeus
2192 3156 2244 3172 cum
2258 3145 2297 3182 sc-

1407 3192 1457 3216 Sed
1468 3192 1515 3225 leg.
1528 3187 1704 3221 Lenibusque.

1285 3233 1302 3252 L
1312 3233 1328 3252 Ε
1337 3233 1358 3252 V
1370 3224 1411 3253 ἴΤ
1420 3233 1441 3252 Λ
1451 3233 1463 3252 S
1479 3246 1487 3258 ,
1506 3225 1563 3252 fitis.
1595 3224 1613 3250 f.
1652 3223 1773 3257 [κκφότηε
1783 3242 1791 3255 ,
1812 3218 1959 3253 ἓλαφςότιᾳς]
1996 3219 2036 3244 De
2048 3219 2090 3250 Re,
2104 3218 2231 3252 quac-fine
2242 3224 2297 3251 pon.

1242 3264 1300 3289 dere
1314 3261 1363 3298 est,
1381 3263 1485 3288 dicitur.
1559 3259 1624 3286 Plin.
1638 3267 1680 3291 12,
1701 3267 1725 3284 12
1757 3256 1891 3284 Sincerum
1910 3253 2018 3288 quidem
2035 3253 2142 3280 lenitate
2156 3252 2297 3287 deprehen-

1243 3299 1325 3325 ditur.
1382 3297 1421 3325 Id.
1442 3306 1479 3331 ιι,
1504 3305 1530 3328 23
1564 3295 1621 3321 Nec
1634 3294 1728 3329 puduit
1741 3293 1785 3319 has
1799 3290 1878 3318 vestes
1890 3290 2014 3325 vsurpare
2027 3289 2106 3315 etiam
2124 3289 2214 3321 viros,
2235 3287 2296 3313 leui-

1242 3341 1323 3361 tatem
1337 3339 1447 3369 propter
1460 3332 1592 3359 aestiuam.
1630 3329 1741 3356 Volucri
1756 3328 1860 3354 leuitate
1874 3325 1941 3353 ferri
1966 3325 2067 3352 Luci-et.
2082 3334 2110 3357 4,
2130 3331 2187 3355 203.
2228 3324 2295 3349 Add.

1676 3365 1796 3394 benitas,
1828 3360 2003 3396 Inconstantizt.
2039 3359 2095 3386 Cic.
2115 3358 2191 3385 Acad.
2210 3366 2244 3392 4,
2265 3378 2270 3384 .
2288 3376 2295 3383 .

1243 3407 1280 3433 Vt
1300 3407 1422 3433 omittam
1441 3404 1576 3432 leuitatem
1596 3409 1694 3429 temere
1713 3396 1919 3427 assentientium,
1944 3404 1988 3422 etc.
2044 3396 2114 3429 Ergo
2133 3404 2187 3426 non
2205 3393 2295 3420 leuitas

1243 3441 1322 3475 mihi,
1342 3440 1391 3468 Sed
1403 3446 1472 3467 certa
1485 3440 1554 3466 ratio
1568 3440 1668 3465 causam
1680 3432 1888 3462 scribendidedit
1904 3431 2011 3458 Phaedr.
2022 3431 2072 3464 l.4.
2087 3438 2152 3456 extr.
2164 3429 2294 3456 adPartic.

1245 3478 1317 3511 Conf.
1333 3477 1398 3504 Gell.
1407 3484 1434 3511 7,
1450 3484 1479 3502 11.
1553 3474 1666 3501 Exsultat
1676 3470 1784 3506 lenitate
1797 3477 1863 3503 puer
1875 3468 1905 3494 C.
1921 3467 2009 3494 Gallus
2029 3475 2054 3499 1,
2073 3473 2126 3498 103.
2201 3465 2235 3491 Vt
2253 3462 2295 3489 ad-

1244 3515 1330 3540 versas
1344 3522 1385 3540 res
1421 3512 1453 3538 {ic
1466 3508 1587 3538 secundas
1596 3529 1604 3542 ,
1623 3503 1796 3534 immoderate
1808 3504 1879 3530 ferre
1892 3503 2006 3529 leuitatis
2018 3502 2054 3529 est
2074 3501 2129 3527 Cic.
2138 3499 2190 3527 Off.
2204 3509 2211 3525 1
2225 3509 2245 3525 c.
2255 3500 2293 3524 26.

1394 3533 1402 3546 ⁹
1648 3541 1751 3568 Poetica
1763 3541 1868 3567 Petron.
1880 3546 1956 3572 0117.
1993 3539 2062 3564 Aclzl.
2083 3537 2199 3575 Propert.
2213 3543 2243 3566 2,
2257 3535 2293 3571 16,

1243 3594 1281 3618 25.
1356 3585 1429 3610 Vana
1444 3583 1535 3609 leuitas
1549 3581 1660 3606 incertae
1673 3576 1768 3603 mentis
1795 3574 1838 3602 Sil.
1858 3577 1901 3607 ¹6,
1915 3580 1968 3606 ¹48·
2027 3571 2166 3612 .C⁰.'¹st‘³¹¹.⁵
2185 3579 2212 3596 in
2231 3570 2292 3595 lem-

1241 3627 1293 3648 tate
1306 3620 1415 3646 fortuna
1436 3618 1517 3645 Ouid.
1531 3614 1615 3642 Trist.
1629 3621 1651 3646 ς,
1665 3618 1688 3645 8,
1703 3619 1736 3642 18.
1800 3610 1968 3636 Conuincere
1983 3609 2112 3639 leuitatis,
2132 3608 2184 3632 md.
2202 3611 2218 3631 C
2228 3611 2246 3630 0
2257 3609 2291 3628 N-

1243 3663 1265 3682 v
1275 3663 1316 3682 IN
1326 3662 1380 3681 co.
1454 3650 1587 3686 culpanda
1601 3649 1692 3676 leuitas
1719 3647 1799 3675 Ouid.
1813 3646 1844 3672 de
1858 3646 1921 3671 Arte
1933 3645 1990 3671 Am.
2006 3652 2021 3670 2
2031 3664 2038 3676 ,
2057 3651 2119 3676 429.

1279 3689 1376 3718 LEvi
1385 3697 1469 3717 TER.
1495 3686 1562 3713 Adu.
1597 3685 1710 3719 [adano-‚Q
1730 3683 1820 3717 ριμφα]
1858 3682 1918 3706 Sine
1932 3682 2055 3714 pondere.-
2088 3677 2136 3703 Sed
2150 3675 2291 3713 pierumque

1775 3719 1830 3745 Cic.
1845 3715 1876 3743 de
1888 3716 1944 3742 Fin.
1957 3723 1983 3747 2,
1997 3723 2023 3747 33
2059 3713 2121 3739 Sunt
2133 3717 2157 3736 et
2169 3715 2291 3748 inanimo

1243 3763 1382 3798 praecipua
1396 3757 1537 3795 quaedam,
1557 3761 1583 3783 et
1596 3757 1623 3783 in
1639 3764 1765 3791 corpore:
1803 3761 1868 3788 quac·
1880 3760 1961 3786 quum
1974 3749 2069 3776 leniter
2087 3750 2209 3783 agnouit,
2230 3748 2291 3781 tun-c

1244 3798 1342 3825 discere
1357 3792 1457 3829 incipit.
1530 3793 1585 3821 Cic.
1601 3792 1671 3818 Fam.
1685 3794 1718 3824 6,
1737 3793 1753 3817 6
1790 3788 1888 3816 Eodem
1905 3787 1979 3812 fonte
1993 3786 2017 3811 se
2030 3781 2178 3819 hausturum
2196 3778 2291 3817 intelli-

1244 3835 1283 3869 git
1295 3832 1383 3859 laudes
1395 3831 1467 3863 suas,
1492 3837 1506 3856 e
1520 3838 1573 3864 quo
1586 3827 1615 3854 fit
1628 3825 1858 3861 leuiter'aspersus.
1930 3821 2065 3859 Attingere
2083 3817 2177 3842 leuiter
2194 3813 2275 3853 studia
2285 3831 2294 3844 ,

1242 3877 1287 3905 pro
1302 3871 1385 3894 Paruo
1407 3873 1512 3901 tempore
1531 3864 1614 3890 literis
1630 3870 1725 3898 operam
1744 3864 1821 3895 dare,
1847 3865 1871 3884 et
1888 3857 1961 3892 quasi
1976 3865 1991 3881 a
2010 3856 2093 3879 lmnne
2105 3849 2222 3884 salutare
2240 3847 2292 3882 zpsa

1382 3901 1484 3966 Cadire
1499 3900 1582 3929 leuius
1597 3899 1668 3926 caes.
1682 3898 1709 3927 Β.
1721 3898 1750 3925 C.
1770 3906 1798 3930 3,
1817 3900 1859 3928 92.
1885 3896 1923 3919 Da
1940 3892 1994 3918 telis
2011 3885 2168 3914 militaribus.
2180 3885 2291 3953 Μηῌαὲἶ
