2517 4231
62 187 150 225 ,ως
412 169 757 211 rRAE
947 154 950 155 ⁷
1561 164 1864 209 PRAE
2142 174 2240 217 1026

64 270 130 290 vum
143 260 221 288 fucos
233 269 310 296 pecus
323 268 338 288 a
349 258 519 294 praesepibus
532 265 622 286 arcent
637 269 643 285 :
660 258 766 294 metaph.
773 256 803 284 de
810 245 863 284 cib'o
874 262 957 293 apum.
992 256 1041 286 Sed
1052 259 1123 286 State
1187 256 1290 297 praeses
1302 262 1390 283 terrae
1407 255 1497 296 Senec.
1511 255 1626 291 Hippoi.
1640 263 1656 282 2
1668 264 1695 282 v.
1711 259 1763 286 108.
1843 254 1985 287 Libertatis
1998 262 2099 296 praeses
2114 268 2140 290 et
2153 263 2238 290 custo·

65 297 190 326 coronati
203 297 311 332 plenum
323 296 356 322 ad
370 296 493 330 praesepe
506 296 615 323 iuuenci
631 295 712 323 Ouid.
725 293 790 322 Fast.
804 301 826 326 1,
839 295 897 326 663.
933 293 1003 321 ΑΜ.
1013 295 1123 322 Tibull.
1187 292 1332 320 Tribunus
1346 292 1434 319 Plebis
1449 294 1507 319 Cic.
1523 292 1554 318 de
1570 294 1639 327 Lege
1654 292 1747 332 Agrar.
1759 299 1785 322 2,
1797 297 1822 324 ις
1836 299 1859 316 c.
1875 294 1900 317 6.
1982 297 2049 324 vrb,
2061 305 2087 325 ct
2101 299 2238 335 Reimbli,

65 342 91 367 2,
103 342 124 366 ι,
138 340 166 368 7.
236 330 318 360 Olida
345 332 439 358 quen.
453 332 505 359 Sat.
519 336 544 364 8,
558 340 607 365 137.
698 330 798 364 Vipera
811 329 918 356 delituit
934 330 980 357 snb
993 331 1124 366 praesepi·
1187 336 1233 355 cac
1253 327 1383 363 praesides
1414 329 1472 356 sunt
1499 334 1606 363 penates
1631 334 1715 363 patrii
1760 326 1818 354 Cic.
1852 334 1904 361 pro
1935 329 2022 357 Domo
2055 342 2103 368 ¹44
2135 345 2157 362 c,
2194 343 2238 371 57-

64 369 114 397 bus
135 369 210 404 Virg.
224 368 323 402 Geo'rg.
337 375 361 400 3,
372 369 432 402 416.
524 368 605 395 Ferre
618 365 713 393 herbas
726 364 894 400 praesepibus
922 366 997 393 idem
1011 366 1079 394 ibid.
1099 375 1123 400 3,
1186 365 1221 391 al·
1242 363 1402 399 praesidetis.
1473 364 1580 391 Senatus
1594 363 1767 399 Reipublicae
1781 362 1880 394 custos,
1900 365 2000 397 praeses
2013 372 2037 392 et
2057 377 2239 405 propugnator

63 411 120 439 395.
191 402 284 437 Qiuiii
299 403 418 438 primum
434 402 499 438 pasti
512 401 781 440 repetent’praesepia
793 402 864 428 tauri
885 402 961 438 Virg.
977 403 1032 430 Ecl.
1044 412 1068 435 7,
1081 411 1122 435 39.
1146 409 1162 436 ς
1187 399 1245 426 Cic.
1259 407 1309 434 pro
1327 400 1397 426 Sext.
1413 408 1456 434 137
1469 409 1492 426 c.
1503 402 1543 433 65.
1615 400 1766 426 Cariierunt
1779 398 1896 434 praeside
1910 398 2007 434 Delphi
2030 403 2107 429 Ouid.
2121 408 2183 432 Met.
2199 415 2240 440 10,

62 439 191 468 Saeuiunt
203 438 255 466 vrfi
268 439 298 465 in
311 439 481 474 praesepibus
499 439 573 466 Idem
587 439 651 465 Aen.
665 446 688 470 7,
704 444 741 471 17·
760 436 828 472 apud
842 438 939 464 Circen.
1036 439 1121 465 Gemit.
1188 437 1240 465 ¹⁶8-
1333 435 1415 461 Plaus—
1430 436 1498 462 Rud·
1513 445 1542 469 4,
1557 444 1586 468 4,
1597 443 1615 470 7
1640 437 1678 462 lte
1693 435 1804 462 domum
1817 434 1898 462 2¹¹¹b0
1913 443 1982 460 ¹¹¹¹¹¹C
1997 435 2048 462 ἰδίῃ
2063 447 2093 463 cx
2108 441 2238 473 praesidio

62 475 141 512 casus
157 485 165 501 :
201 476 310 502 quenc.
332 475 364 502 de
383 475 493 502 Christo
506 484 525 508 ι,
540 477 588 510 176
625 473 795 507 Puerumque
826 473 954 501 iacentem
991 474 1124 509 Praesepis
1188 468 1326 505 praesides.
1369 472 1423 497 Vox
1436 471 1591 497 dimittentis
1603 474 1695 498 milites
1707 469 1863 504 defletionc.
1935 470 1996 497 Liu.
2010 473 2037 503 6,
2050 474 2077 497 16
2094 474 2151 506 Dii,
2166 477 2239 504 deae.

62 511 168 548 gremio
180 517 299 538 cernunt,
393 511 519 539 Prudent,
533 510 567 537 de
581 507 670 536 Natal.
685 508 765 535 Doni.
779 516 814 543 77
849 510 873 536 0
888 509 975 537 saneta
989 510 1121 544 praesepis
1188 514 1256 541 qne,
1275 506 1321 540 qui
1341 506 1508 542 Capitolium
1529 516 1671 542 arcemque
1689 507 1823 538 incolitis,
1844 506 1937 533 siccine
1956 505 2071 533 vestrum
2086 509 2198 537 militem
2210 521 2240 540 ac

62 547 121 580 tui,
157 547 270 575 Aeterne
283 548 340 574 Rex
355 546 500 574 cunabula!
580 545 681 571 ‘Forma
694 545 966 582 Praesepiuinplacuit
973 545 1124 581 pracsertim
1188 540 1335 577 praesidem
1349 542 1432 569 finitis
1447 543 1540 569 vexari
1552 542 1585 569 ab
1598 543 1717 569 inimicis
1733 544 1742 569 ἰ
1783 542 1857 579 Conf.
1872 543 1932 578 Dig.
1947 542 1966 569 l.
1981 551 1992 570 1
2008 542 2049 570 tit.
2064 547 2098 573 ιε.
2169 546 2241 572 Prae.

61 582 194 619 Apuleio,
215 591 244 610 ut
257 584 367 610 Metam.
382 591 399 619 7
413 593 439 618 p.
453 590 507 616 199-
543 583 575 607 it.
588 588 605 613 9
620 589 645 614 p.
661 588 698 606 εει
713 587 737 607 et
756 589 781 616 p.
795 589 847 608 222
872 583 928 615 ln),
946 581 1034 617 quibus
1046 583 1124 607 omni-
1151 590 1181 609 10
1188 578 1226 604 ses
1240 578 1331 610 lecim,
1348 584 1395 614 pro
1414 580 1482 605 Tuto
1494 578 1612 606 laudatur
1627 579 1710 606 Plaut.
1725 578 1810 606 Calin.
1826 587 1849 612 ς,
1865 587 1885 610 ι,
1900 587 1933 605 11.
2005 579 2054 606 Sed
2071 581 2140 606 locus
2159 578 2191 612 est
2205 584 2245 608 vel

62 619 108 646 bus
119 620 182 647 locis
195 619 246 646 cibi
256 623 421 646 iumentorum
434 617 609 653 receptaculum
625 614 668 649 est.
868 615 889 654 ff
911 626 923 643 2
942 617 1125 654 Metaphorae:
1188 614 1308 645 mutilus,
1327 615 1368 640 vel
1385 621 1450 641 certe
1470 614 1593 650 obscurus.
1656 614 1736 642 Verba
1751 615 1813 650 sunt
1828 625 1835 640 :
1872 615 1966 641 Senem
1980 633 1989 647 ,
2025 616 2089 650 Qio
2110 615 2188 641 senex
2201 624 2245 642 ne.

62 654 141 690 Virg.
155 655 256 692 Georgi
270 665 299 690 4,
315 657 359 686 168
379 656 508 690 lgnauum
520 651 598 679 fucos
612 661 689 688 pecus
703 661 718 679 a
732 652 900 688 praesepibus
914 658 1013 681 arcent.
1079 653 1124 682 Sic
1189 650 1272 685 quior
1285 649 1373 676 nullus
1387 650 1458 676 vluit
1473 660 1478 675 :
1514 658 1546 675 ne
1567 650 1645 677 illuni
1662 649 1782 683 Quidem
1804 651 1965 685 nequiorem
1978 650 2099 678 arbitror
2111 651 2178 684 esse,
2196 653 2246 686 qui

62 690 134 719 Hor.
148 691 230 728 Epist,
245 702 265 725 ι,
276 698 312 724 13,
325 696 356 722 28
1190 685 1281 712 locum
1298 685 1407 720 praebet
1422 685 1463 711 illi
1479 694 1547 711 nunc
1561 686 1715 720 praesidem.
1765 686 1836 721 Qud
1843 685 1869 720 Ji
1880 686 2039 713 incidendum
2048 685 2104 723 poll
2117 695 2200 720 nunc,
2217 693 2248 714 vt

261 727 369 754 Meuius
382 724 413 752 vs
422 724 502 752 rebus
514 724 640 751 maternis
652 729 733 759 atque
746 723 863 759 paternis
1188 724 1311 758 iungatur
1334 721 1413 747 illuni
1438 720 1599 756 praesidem,
1636 723 1684 756 qui
1714 722 1803 748 locuni
1831 721 1893 748 huic
1921 722 2031 757 praebet
2045 734 2051 748 ;
2086 729 2116 749 vt
2143 723 2247 759 praeses

260 763 379 790 Fortiter
388 760 518 788 absumtis
533 760 648 787 vrbanus
662 760 751 795 coepit
765 759 861 787 haberi
1153 757 1219 795 15Jit
1252 757 1399 792 Olympio,
1438 759 1483 792 qm·
1521 757 1654 784 Stalinoni
1682 758 1762 785 locum
1792 757 1859 793 apud
1887 757 1999 791 Casinam
2028 758 2147 795 Sponſsim
2172 758 2249 796 suam

262 799 355 826 Scurra
366 805 458 831 vagus,
469 806 524 823 non
538 797 586 831 qui
599 802 702 823 cei-tuni
716 797 839 831 praesepe
851 800 962 822 teneret.
1179 792 1324 831 praebebat.

64 832 201 870 Porphyr.
237 833 354 866 Satyrice
368 841 418 869 pro
432 834 522 860 Mensa
534 832 750 866 dixitPraesepe.
806 831 929 858 Meniuni
942 832 1063 858 Scurram
1077 839 1126 858 vo·
1225 835 1240 855 P
1250 836 1269 855 R
1279 836 1302 855 A
1312 835 1327 855 Ε
1337 836 1350 856 s
1363 835 1372 854 1
1383 833 1401 854 D
1413 833 1421 852 ῖ
1432 834 1454 854 ν
1464 834 1488 854 M
1498 847 1505 858 ‚
1524 827 1543 854 i.
1564 836 1591 854 n.
1626 827 1640 862 [
1648 826 1729 860 οἷλκῆ,
1744 827 1825 863 wespa?
1833 848 1842 861 ,
1861 827 1978 864 φρέριον]
2014 830 2146 856 Auxilium
2153 829 2250 866 praefi-

65 869 224 897 raciffimum
236 875 326 902 notat,
344 876 373 896 vt
385 869 433 904 qui
445 878 501 896 non
514 878 594 896 vnam
614 867 758 894 sectaretur
777 867 904 894 mensam.
994 868 1126 902 Praesepi-
1188 864 1240 897 dis,
1261 863 1341 901 estque
1354 864 1412 891 adeo
1426 863 1580 891 collccliuum
1594 872 1679 890 nomen
1692 864 1821 899 praesides
1830 865 1918 899 plum
1934 866 2146 900 comprehendam.
2201 867 2250 895 Fe-

0 923 3 934 .
62 904 114 932 bus
128 907 153 932 se
166 905 280 932 retineat
294 905 443 932 forensibus
464 906 554 933 Varro
566 904 783 940 ap.Non.1‚249.
854 903 897 930 Sic
908 902 993 929 ‘Plane
1008 903 1036 928 in
1044 903 1125 931 Cure.
1189 901 1258 928 stus:
1272 900 1431 927 Praesidium
1443 900 1497 932 est,
1517 899 1589 935 quod
1604 908 1654 935 pro
1668 900 1787 926 vtilitate
1802 906 1827 926 et
1842 900 1923 926 salute
1936 900 2048 927 alicuius
2060 902 2251 938 praeponitur:

12 939 16 941 “
62 949 86 973 2,
98 950 118 974 1,
135 950 156 974 13
180 941 211 968 de
230 940 341 978 parafito
359 941 480 977 quodam,
499 942 654 968 Torniento
681 948 737 966 non
765 939 880 966 retineri
906 939 997 974 potuit
1025 938 1126 972 ferreo,
1135 949 1170 967 20
1189 936 1431 971 Subsidiuin,quod
1446 935 1620 972 postpositum
1634 935 1670 962 est
1684 936 1716 962 ad
1729 935 2143 965 subueniendumlaborantibus.
2175 938 2251 966 Caes.

82 978 129 1004 uin
143 977 276 1014 reciperet
288 978 313 1004 se
328 977 379 1004 huc
392 978 466 1004 esuni
477 976 510 1004 ad
523 977 648 1012 praesepe
661 976 747 1002 suuni.
801 975 843 1003 Sic
856 975 932 1002 MSS.
948 975 1043 1002 comer.
1079 977 1125 1002 ΑΙ.
1192 973 1257 999 Bell.
1272 972 1342 999 Gall.
1356 981 1375 1004 1,
1390 981 1419 999 10
1439 974 1477 998 Eo
1490 981 1572 1007 opere
1587 971 1659 999 faeie
1673 971 1801 1007 praesidia
1813 971 1944 1008 disponit,
1963 972 2067 1000 castella
2089 975 2263 1007 communit.·

59 986 213 1049 graesepim
241 1014 323 1040 suain.
397 1014 454 1041 Cic.
467 1013 497 1040 in
509 1013 596 1040 Pison.
610 1020 645 1046 42
658 1021 680 1038 c.
697 1017 722 1042 18
748 1012 851 1039 Verum
864 1009 939 1038 audis
954 1012 981 1037 iii
995 1011 1125 1046 praesepi·
1187 1018 1244 1043 quo
1258 1008 1376 1041 facilius,
1389 1007 1406 1034 fi
1421 1008 1446 1034 sc
1460 1008 1549 1035 inuito
1563 1008 1673 1035 transire
1685 1014 1854 1040 conarentur,
1876 1007 2022 1044 prohibere
2035 1009 2119 1044 possit.
2175 1012 2251 1038 Prae·

62 1047 129 1080 bus,
146 1049 223 1077 audis
241 1051 271 1076 in
284 1049 396 1085 stupris,
416 1049 491 1076 audis
503 1049 531 1075 in
545 1048 608 1074 cibo
627 1053 654 1074 et
666 1047 743 1074 vino.
816 1049 859 1074 Ita
879 1047 967 1074 obiicit
985 1047 1025 1074 iLli
1043 1050 1126 1074 vitam
1188 1045 1286 1071 sidium
1301 1044 1337 1071 est
1355 1044 1474 1076 dffium,
1492 1044 1555 1079 quia
1574 1051 1650 1071 extra
1669 1044 1751 1071 casti-a
1766 1043 1947 1079 praesidebant
1959 1045 1989 1070 in
2003 1044 2064 1072 loco
2076 1046 2182 1081 aliquo,
2193 1053 2251 1081 quo

57 1083 200 1118 beluinam,
223 1093 253 1112 vt
267 1094 298 1120 37
312 1095 334 1112 c.
348 1087 376 1112 16
395 1085 508 1121 Epicure
521 1084 625 1115 noster,
642 1092 674 1110 ex
688 1083 752 1110 hara
765 1082 911 1119 prodiic'ie,
929 1092 985 1110 nen
998 1092 1030 1110 ex
1050 1083 1125 1110 scho-
1189 1081 1276 1107 tutior
1288 1081 1365 1115 regio
1379 1081 1438 1107 esset
1456 1081 1532 1106 Varr.
1546 1080 1578 1106 de
1592 1081 1622 1106 L.
1636 1081 1666 1106 L.
1681 1089 1709 1114 4,
1724 1082 1760 1106 16.
1831 1080 1889 1106 Cic.
1904 1088 1954 1115 pro
1967 1080 2097 1115 Ligar.28
2117 1082 2253 1110 Tantum-

55 1119 96 1148 la.
171 1122 214 1148 Ita
231 1130 258 1148 ue
273 1121 362 1148 Praese
383 1130 397 1148 e
410 1121 479 1148 dixit
492 1127 522 1147 ut
537 1119 671 1147 Lustrum.
731 1120 774 1147 Sic
788 1120 862 1147 Nou.
877 1129 899 1152 3.
916 1122 963 1147 160
984 1129 1012 1146 ex
1021 1119 1125 1153 Plauto,
1136 1124 1164 1152 ες
1191 1116 1274 1143 niodo
1287 1117 1315 1143 in
1328 1115 1466 1153 praesidiis
1479 1116 1576 1149 eratis,
1595 1115 1680 1142 animi
1693 1124 1760 1142 vero
1775 1124 1789 1142 a
1802 1116 1878 1143 causa
1897 1115 2088 1144 abhorrebant.
2131 1121 2150 1145 i.
2169 1121 2198 1144 in
2211 1127 2254 1145 ca·

61 1156 104 1184 Ad
117 1165 207 1184 meum
243 1166 321 1184 erum
333 1130 466 1184 arbitrum
479 1162 558 1183 vocat
571 1165 631 1189 me,
654 1155 699 1183 hic
712 1156 783 1183 intra
796 1156 942 1192 praesepias
955 1163 1034 1183 meas.
1077 1157 1126 1183 Sed
1183 1152 1252 1187 stris
1285 1160 1331 1180 aut
1362 1155 1500 1193 generatim
1523 1155 1609 1188 potius
1624 1156 1667 1192 nin
1692 1155 1771 1184 locis,
1788 1160 1848 1192 quae
1871 1154 1951 1179 milite
1970 1154 2100 1189 Pompeia!
2117 1154 2268 1190 insederat..

58 1192 146 1221 editur
173 1193 315 1229 praesepis.
388 1192 432 1227 Est
454 1196 519 1219 enim
544 1192 614 1219 Ruti.
638 1201 667 1226 4,
688 1200 713 1225 3,
725 1200 771 1225 99.
841 1193 883 1220 Sic
907 1192 993 1221 Calin,
1009 1192 1078 1219 Prol.
1093 1200 1125 1228 57
1191 1189 1333 1216 Collocare
1345 1195 1463 1217 armatos
1477 1197 1506 1215 in
1520 1187 1658 1223 praesidiis
1683 1189 1740 1215 Cic.
1754 1187 1870 1223 Philipp.
1885 1197 1906 1221 1,
1919 1196 1947 1221 ²5
1959 1198 1982 1214 c.
1999 1198 2035 1215 io.
2125 1191 2200 1217 Idem
2218 1189 2253 1217 de

61 1228 132 1262 Scit,
151 1227 171 1256 si
202 1229 231 1257 id
260 1230 401 1265 impetret,
420 1229 566 1262 Futurum,
586 1228 659 1263 quod
691 1235 779 1260 amat,
798 1227 870 1256 intra
896 1229 1029 1265 praesepis
1058 1229 1125 1257 suas.
1189 1227 1265 1253 Orat.
1279 1234 1306 1258 2,
1319 1233 1365 1258 303
1381 1234 1402 1251 c.
1416 1232 1447 1260 ’ῖς
1472 1225 1570 1258 Qi‘id?
1606 1222 1677 1250 iliud
1700 1224 1773 1259 quod
1796 1224 1872 1258 supra
1890 1224 1967 1257 dixi,
1987 1225 2072 1252 solere
2090 1234 2133 1252 me
2147 1226 2253 1260 cedere,

60 1265 143 1292 Porro
171 1268 199 1291 in
219 1266 314 1292 talibus
335 1271 414 1292 totum
430 1264 559 1298 stabulum
576 1271 602 1291 et
614 1263 682 1300 quast
696 1266 852 1301 conseptum
865 1265 992 1301 intelligi,
1010 1271 1126 1301 apparet,
1190 1267 1217 1288 et
1237 1264 1286 1294 (vt
1301 1261 1406 1297 planius
1421 1261 1527 1293 dicam)
1548 1260 1643 1294 fugere
1654 1268 1696 1295 ea,
1710 1268 1778 1295 quae
1791 1260 1872 1286 etiam
1885 1260 1963 1286 valde
1976 1262 2078 1288 causam
2092 1271 2179 1288 nicam
2193 1271 2253 1298 pre-

59 1300 128 1338 quod
138 1310 153 1327 a
166 1301 357 1338 praesepiendo
376 1308 400 1328 et
411 1301 491 1338 ipfhm
504 1301 558 1328 dici
564 1304 661 1337 potuit.
1139 1302 1296 1332 30-.nierent
1312 1298 1321 1325 Ξ
1357 1306 1441 1332 quum
1453 1296 1483 1323 id
1496 1305 1552 1323 non
1568 1296 1671 1323 faciunt
1683 1296 1749 1327 alii,
1767 1297 1958 1331 versanturque
1973 1298 1999 1322 in
2014 1297 2132 1324 hostium
2151 1298 2253 1331 castris,

99 1342 146 1363 PR
157 1344 179 1364 A
190 1342 228 1365 Es
238 1344 254 1364 E
265 1344 283 1365 R
293 1344 328 1370 ο,
349 1341 403 1364 are.
441 1337 510 1365 Teli
541 1336 643 1372 impetu
676 1337 825 1373 praeserata
856 1337 918 1373 gula
939 1336 1019 1373 Apul.
1031 1337 1098 1365 Met.
1113 1345 1124 1364 1
1189 1343 1220 1361 ac
1235 1334 1279 1360 sua
1295 1333 1424 1370 praesidia
1437 1333 1593 1366 dimittunt,
1611 1331 1822 1360 mediocriterne
1836 1332 1916 1359 causis
1929 1341 2040 1364 nocent,
2058 1342 2142 1367 quum
2157 1334 2252 1360 aduer-

60 1373 80 1399 ι’.
96 1373 238 1408 praeclusa.
275 1373 452 1401 Elmenhorst.
467 1382 493 1410 p.
512 1378 555 1404 108
582 1373 742 1409 praesecata.
1189 1369 1321 1397 sariorum
1335 1369 1491 1397 adiumenta
1502 1368 1663 1396 contirmant
1677 1370 1687 1396 3
1758 1367 1816 1396 Cic.
1831 1368 1908 1394 Vcrr.
1921 1377 1945 1402 3,
1959 1372 2002 1399 ¹8⁶
2030 1369 2117 1396 Clssffss
2132 1370 2254 1405 pulcher·

96 1407 318 1446 PRAEsssRo‚
337 1410 413 1444 seui,
429 1413 529 1441 satum,
548 1411 602 1436 cre.
641 1409 808 1445 [πρυσπεῖρω]
844 1409 1022 1446 Primscrere.
1058 1409 1126 1436 Lau·
1189 1407 1276 1438 rima,
1297 1406 1406 1433 Siciliae
1421 1404 1668 1441 propugnaculmn,
1693 1404 1909 1440 praesidiumque
1928 1405 2084 1440 prouinciae
2105 1408 2255 1440 piratarum

59 1442 138 1472 datur
147 1445 282 1473 Coluinel.
296 1454 324 1482 7,
340 1454 368 1480 9,
381 1454 399 1482 7
419 1447 454 1473 At
466 1445 515 1474 vbi
530 1446 643 1482 penuria
661 1446 698 1473 est
717 1445 864 1479 arborum,
882 1452 1020 1472 terrenum
1043 1445 1126 1480 pabu-
1189 1443 1314 1470 manibus
1328 1442 1434 1469 incensa
1448 1442 1494 1469 esi.
1587 1441 1659 1469 Cassa
1672 1441 1802 1476 praesidia
1820 1441 1909 1467 Senec.
1923 1441 1954 1468 Τ
1955 1440 2030 1468 road.
2046 1442 2064 1468 s-
2080 1446 2103 1472 8.
2196 1443 2256 1469 No-

61 1478 119 1508 lum
133 1481 364 1518 constChbimur,
384 1489 409 1509 et
423 1482 489 1509 sicco
502 1482 629 1509 limosum
643 1482 835 1517 praeferemus,
849 1488 877 1509 vt
891 1482 1015 1518 paludem
1028 1483 1165 1522 umen-33
1193 1479 1321 1505 &urnum
1334 1479 1427 1513 palatii
1449 1478 1508 1505 Cic·
1523 1478 1552 1505 in
1563 1477 1643 1505 Catil·
1659 1486 1678 1509 Ι,
1694 1486 1712 1504 1·
1787 1477 1856 1504 ΗΟΓ-
1871 1476 1952 1512 Epist·
1967 1486 1990 1510 25
2003 1487 2028 1509 2,
2043 1486 2075 1510 30
2097 1478 2258 1505 Praesidium

60 1521 115 1544 tur.
149 1517 199 1546 Sed
210 1516 278 1546 reste
291 1518 362 1546 bodie
374 1518 460 1546 editur
473 1519 669 1546 Praeferemus.
878 1545 880 1548 ,
1189 1515 1289 1549 Regale
1303 1514 1365 1542 loco
1380 1514 1495 1548 deiecit,
1515 1520 1544 1540 vt
1556 1515 1649 1547 aiunt,
1666 1514 1774 1540 Summe
1789 1514 1895 1540 munito
1907 1520 1933 1540 et
1946 1513 2092 1540 multarum
2106 1516 2193 1541 diuite
2214 1523 2255 1542 rc·

100 1559 279 1582 PRAESER
291 1560 380 1582 TIM.
411 1555 480 1582 Adu.
514 1554 579 1589 [imni
594 1555 694 1588 ταῦτα,
714 1553 848 1590 ἐξαιρέτως,
867 1553 1048 1590 προηγκμένως]
1085 1553 1125 1582 Si·
1190 1561 1261 1578 rum.
1357 1551 1477 1578 Salutate
1509 1550 1620 1577 Firmic.
1642 1552 1659 1577 6
1699 1549 1767 1576 raef.
1874 1550 2023 1583 Statinum,
2043 1550 2110 1585 quod
2132 1551 2209 1577 ditur
2228 1556 2259 1577 ut

87 1587 168 1625 nificat
180 1591 335 1627 Ρναεείριιε,
353 1597 412 1618 ante
424 1593 486 1618 alia.
522 1590 663 1617 cruram.
672 1596 712 1624 1,8
731 1590 781 1617 Sed
793 1596 819 1618 te
832 1599 887 1617 non
901 1591 1030 1625 praeterit
1045 1599 1125 1624 quam
1188 1589 1283 1624 aliquis
1288 1585 1344 1620 stet
1355 1590 1383 1614 in
1398 1590 1450 1614 loco
1464 1588 1556 1622 aliquo.
1594 1586 1650 1614 Cic.
1665 1586 1682 1612 i>
1706 1585 1781 1620 ⁸lipp.
1796 1594 1828 1618 12,
1843 1594 1880 1620 24
1899 1587 1971 1613 Haec
1985 1595 2044 1617 nica
2057 1586 2129 1613 sedes
2141 1586 2260 1620 est,haec

61 1624 218 1654 nt‘difficile
235 1627 338 1654 sensum
360 1627 390 1654 in
413 1628 477 1662 Rep.
493 1627 649 1663 praesertim
663 1627 783 1658 rectum,
803 1632 829 1654 et
844 1627 1030 1653 confirmatum
1045 1626 1126 1663 depo·
1190 1623 1303 1659 vigilia,
1323 1623 1375 1651 hoc
1391 1623 1551 1659 praesidium
1564 1622 1700 1649 statiuinii.
1779 1623 1814 1649 Vt
1835 1622 1925 1649 Castra
1937 1622 2053 1649 statiua:
2087 1622 2117 1649 de
2141 1625 2202 1650 vrbe
2223 1624 2260 1649 lo-

61 1669 134 1688 nere.
206 1663 328 1691 Tantam
341 1663 418 1690 fuisse
431 1662 605 1690 obliuionem
614 1683 622 1695 ‚
641 1663 670 1688 in
684 1662 783 1699 scripto
802 1663 974 1699 praesertim,
994 1660 1126 1689 admirari
1135 1675 1174 1701 40
1189 1663 1291 1697 quitur,
1311 1669 1323 1685 e
1334 1669 1382 1696 qua
1399 1664 1427 1686 in
1438 1660 1586 1696 legationem
1597 1660 1632 1685 ad
1644 1660 1783 1698 Antonium
1797 1657 1921 1695 discedere
1933 1667 1982 1684 non
1994 1661 2058 1684 vult.
2198 1655 2219 1693 ἢ
2246 1666 2260 1684 2

60 1696 120 1725 Cic.
133 1697 166 1725 de
180 1697 252 1726 ctat.
261 1700 336 1726 Orat.
345 1708 401 1732 219.
430 1706 433 1707 ⁷
473 1700 532 1726 Hac
546 1698 701 1734 praesertim
715 1698 902 1726 imbecillitate
916 1699 1127 1734 magistratuum,
1191 1697 1321 1724 formulae
1335 1696 1464 1722 verborum
1479 1706 1487 1720 .·
1524 1694 1634 1729 Agitare
1650 1693 1810 1728 praesidium
1842 1693 1934 1720 Tacit.
1949 1694 2018 1719 Ann.
2033 1702 2054 1725 1,
2068 1698 2106 1726 38.
2194 1693 2261 1720 Cin-

60 1734 196 1769 praestare
208 1734 279 1762 nihil
293 1736 394 1772 possum
415 1735 472 1763 Cic.
483 1735 557 1762 Fam.
572 1744 592 1767 1,
605 1744 632 1768 4.
702 1735 773 1762 Ter.
787 1735 852 1762 Eun.
866 1742 888 1767 ς,
904 1743 927 1767 2,
943 1744 979 1768 24
1006 1735 1128 1760 Debeam
1191 1740 1254 1766 gere
1268 1731 1390 1765 aliquem
1405 1730 1542 1765 praesidiis
1562 1729 1658 1756 Claud.
1670 1729 1699 1755 in
1713 1737 1752 1762 pr.
1766 1729 1846 1755 Cons.
1861 1729 1920 1755 Stil.
1935 1737 1961 1760 2,
1974 1737 2032 1754 210.
2119 1728 2261 1756 Collocare

60 1769 144 1800 eredo
156 1769 201 1797 isti
215 1772 362 1807 quidquam
377 1771 524 1802 furcifero,
541 1770 561 1797 fi
574 1770 603 1797 id
616 1770 744 1804 fecerim,
763 1770 921 1806 praesertim
936 1778 1020 1803 quum
1034 1770 1060 1795 se
1073 1770 1126 1795 ser·
1188 1766 1367 1800 praefidimn,
1399 1765 1455 1791 vid.
1475 1769 1643 1804 coLLoco.
1680 1764 1755 1804 Caes.
1769 1764 1798 1789 B.
1812 1764 1845 1789 G.
1861 1771 1882 1796 1,
1897 1768 1926 1795 38
1939 1770 2006 1789 extr.
2097 1764 2262 1799 Comparare

61 1813 127 1833 vum
141 1806 255 1834 fateatur
269 1816 345 1834 tuuni
359 1809 369 1834 Ξ
441 1807 497 1833 Cic.
512 1814 563 1841 pro
576 1806 662 1833 Flacc.
675 1815 707 1839 41
733 1805 809 1832 Facis
823 1804 920 1830 iniuste
933 1803 1026 1835 Laeli,
1046 1803 1064 1829 si
1078 1811 1127 1838 pu·
1189 1801 1234 1827 vel
1249 1808 1379 1835 quaerere
1391 1799 1555 1835 praesidium
1585 1800 1642 1826 Cic.
1657 1807 1706 1833 pro
1720 1800 1792 1825 bcxt.
1806 1807 1851 1831 90.
1939 1798 2109 1826 confirmare
2126 1800 2262 1834 praesidiis

59 1846 100 1869 tas
119 1842 240 1878 periculo
257 1842 350 1870 nostro
375 1842 470 1869 viuere
488 1849 549 1868 tuos
573 1839 796 1873 contubernales,
814 1839 971 1876 praesertim
985 1837 1061 1874 quod
1079 1845 1125 1865 tua
1133 1841 1168 1870 45
1190 1836 1311 1871 aliquam
1323 1836 1496 1871 prouinciam
1524 1835 1582 1862 Cic.
1602 1834 1635 1863 de
1648 1835 1719 1869 Lege
1732 1835 1846 1869 Agraria
1860 1842 1880 1866 1,
1894 1836 1933 1862 16.
2004 1836 2172 1863 Contrahere
2187 1845 2263 1871 prae.-

58 1877 223 1911 negli‘gentia
236 1878 339 1905 facium
351 1878 525 1905 arbitremur.
616 1876 674 1904 Cic.
689 1877 763 1903 Fam.
777 1885 802 1909 2,
815 1877 832 1903 6
852 1875 914 1902 Sera
928 1874 1074 1910 gratulatio
1086 1883 1127 1901 re.
1191 1872 1257 1899 sidia
1276 1873 1325 1901 Cn.
1340 1873 1454 1907 Magnus
1468 1872 1594 1898 Domitio
1607 1879 1647 1907 ap.
1663 1871 1720 1898 Cic.
1732 1871 1786 1897 Ate.
1799 1876 1823 1903 8,
1838 1879 1873 1897 12.
1940 1870 2113 1899 Constituere
2132 1873 2262 1907 praesidia

59 1912 193 1948 prehendi
205 1922 261 1941 non
274 1911 360 1940 solet:
395 1912 552 1950 praesertim
565 1911 585 1940 si
604 1912 679 1939 nulla
697 1912 861 1947 negligentia
879 1910 1059 1947 praetermissa
1078 1911 1125 1939 est.
1192 1908 1223 1936 in
1236 1917 1315 1941 arce,
1334 1908 1389 1935 vid.
1405 1913 1473 1936 (ζου
1495 1914 1615 1934 TITVO.
1652 1907 1709 1934 Cic.
1723 1915 1773 1941 pro
1787 1907 1894 1933 Cluent.
1908 1916 1930 1934 c.
1945 1914 1987 1942 57.
2078 1908 2214 1936 Dec-edere
2227 1909 2261 1936 de

59 1950 81 1977 i.
95 1957 119 1976 e.
139 1949 189 1976 Per
201 1949 322 1986 aliquam
333 1949 537 1985 negligentiam.
609 1949 680 1976 Ter.
694 1948 803 1976 Phorm.
819 1956 847 1981 1,
861 1957 891 1981 2,
910 1956 924 1978 ς
963 1947 1124 1975 Praesertim
1191 1944 1324 1979 praesidio
1344 1951 1372 1984 et
1392 1944 1505 1971 statione
1520 1942 1703 1970 vitae-iniussu
1718 1942 1906 1983 iinpcratoi·i5‚
1926 1943 1978 1971 hoc
1990 1942 2027 1970 est
2041 1944 2109 1976 Dei,
2127 1951 2199 1972 vetat
2213 1946 2260 1978 Py-

58 1990 91 2014 vt
103 1993 173 2012 nunc
186 1986 246 2012 sunt
259 1995 364 2018 mores,
383 1986 452 2013 adeo
470 1994 513 2012 res
531 1983 615 2012 rediit
628 1995 637 2016 3
673 1984 701 2011 Si
728 1984 790 2020 quis
811 1984 879 2020 quid
904 1983 1011 2016 reddit,
1030 1991 1128 2018 magna
1192 1980 1319 2019 thagoras
1340 1980 1398 2007 Cic.
1412 1980 1444 2006 de
1459 1979 1563 2006 Senec‘t.
1577 1986 1617 2012 73.
1654 1978 1730 2019 Conf-
1746 1979 1852 2018 Liri-¹4,
1866 1987 1910 2011 29.
1979 1979 2119 2008 Deducere
2132 1981 2262 2014 praesidia

60 2019 184 2048 habenda
197 2021 235 2047 est
249 2022 342 2055 gratia.
416 2020 493 2056 cmis-
505 2021 578 2054 Nep.
593 2028 621 2054 7,
634 2027 658 2052 ς,
671 2028 696 2047 2.
1134 2024 1168 2050 50
1191 2016 1221 2042 in
1233 2015 1354 2050 aliquem
1368 2016 1458 2042 iocum
1480 2016 1530 2042 Cn.
1553 2015 1625 2048 Mag.
1644 2015 1748 2041 Domit.
1788 2014 1846 2041 Cic.
1868 2015 1922 2041 Att.
1937 2019 1961 2048 8,
1976 2023 2013 2042 12.
2121 2017 2262 2044 Deducere

100 2060 230 2083 FRAES
242 2062 386 2090 Evao,
425 2057 485 2087 ῑυί,
517 2058 604 2087 itum,
628 2058 678 2082 ire.
715 2054 879 2090 [ὕπηρετὲω]
916 2053 1043 2090 Inseruire
1052 2059 1129 2089 prae·
1194 2050 1324 2085 praesidia
1344 2051 1377 2078 de
1396 2051 1480 2083 loeis,
1501 2049 1555 2078 uid.
1577 2056 1716 2077 DEDVCO.
1811 2049 1944 2077 eohortec
1975 2059 2009 2077 ex
2028 2050 2165 2085 praesidiis
2185 2054 2262 2081 Caes.

63 2090 159 2124 eundo,
173 2091 351 2127 praeparando
367 2098 414 2119 ete.
450 2091 534 2118 Plaut.
549 2089 649 2126 Amph.
663 2091 736 2117 Prol.
748 2093 792 2118 126
808 2091 844 2117 Vt
857 2090 1024 2126 praeferuire
1037 2098 1129 2116 aman·
1193 2087 1223 2114 Β.
1237 2088 1268 2114 C.
1282 2096 1303 2120 1,
1316 2096 1353 2114 12.
1463 2086 1615 2114 Defendet-e
1631 2086 1714 2114 vitain
1730 2085 1863 2120 praesidio
1877 2092 1902 2113 et
1916 2086 2002 2120 copiis
2020 2088 2076 2114 Cic.
2085 2097 2135 2122 pro
2143 2089 2212 2116 Sext.
2220 2091 2262 2120 86.

61 2126 84 2154 ti
98 2135 160 2154 ineo
171 2128 270 2163 possem
283 2128 361 2163 patri.
416 2126 492 2163 Conf.
506 2126 576 2153 Geli.
593 2135 611 2158 1,
626 2134 644 2162 7
660 2126 781 2153 Verbum
794 2125 965 2153 indefinitum
1000 2140 1048 2146 —
1084 2134 1129 2152 ne·
1193 2123 1319 2150 Deiicere
1338 2122 1500 2159 praesidium
1523 2122 1581 2150 Cic·
1594 2121 1712 2158 Philipp-
1725 2128 1749 2154 8,
1765 2124 1791 2148 6-
1863 2129 1887 2149 ft
1900 2123 1975 2149 Caes·
1989 2123 2055 2150 Bell·
2070 2125 2153 2151 Ciuil·
2168 2133 2198 2158 3,
2218 2133 2262 2158 23.

61 2172 115 2199 que
127 2165 248 2191 numeris
268 2172 358 2200 neque
377 2163 522 2199 generibus
540 2162 740 2199 praeseruiens,
760 2162 805 2190 sed
824 2161 943 2190 liberum
962 2162 1083 2197 vndiqiie
1102 2166 1130 2189 et
1194 2159 1285 2186 Deiici
1309 2159 1342 2187 de
1361 2159 1492 2195 pracsidio
1514 2158 1590 2186 vrbis
1604 2178 1612 2191 ,
1629 2164 1655 2185 et
1670 2159 1702 2185 de
1715 2158 1834 2185 custodia
1846 2157 1966 2186 ciuitatis
1979 2159 2118 2187 deturbari
2139 2161 2195 2188 Cic.
2210 2170 2261 2197 pro

0 2219 5 2239 ,
59 2199 295 2234 impromiscuum,
309 2208 313 2213 ·
1137 2206 1166 2234 35
1193 2195 1316 2223 Muraen.
1338 2204 1383 2231 79.
1492 2195 1563 2222 Dare
1593 2194 1720 2222 cohortes
1751 2193 1781 2220 in
1811 2193 1971 2230 praesidium
2011 2196 2081 2223 Tac.
2096 2197 2130 2223 H.
2144 2206 2172 2230 4,
2186 2205 2225 2230 33,
2239 2206 2262 2230 3.

97 2241 114 2261 Ρ
124 2241 201 2263 ΚΑΕ
210 2243 224 2263 3
233 2242 249 2263 Ε
260 2241 280 2262 R
291 2242 313 2263 v
322 2241 360 2269 ο,
378 2238 433 2262 are.
468 2234 670 2271 [πραφυλσίττω]
706 2235 793 2261 Huius
803 2234 897 2262 nullum
914 2234 1050 2269 exemplum
1062 2233 1131 2269 apud
1194 2231 1341 2259 Diin'ittere
1356 2231 1486 2267 praesidia
1526 2231 1582 2258 Cic.
1595 2231 1668 2257 Fam.
1683 2239 1709 2264 2,
1723 2236 1749 2265 7.
1868 2230 2015 2265 Disponere
2029 2232 2164 2266 praesidia
2186 2233 2261 2261 Caes.

58 2270 162 2298 idoneos
178 2270 310 2304 auctores,
326 2270 371 2307 etfi
386 2270 492 2298 medicis
501 2277 624 2307 perquam
635 2271 772 2307 familiare
784 2268 828 2304 est.
872 2270 931 2297 Vid.
946 2270 1036 2297 exuar.
1049 2272 1130 2297 Anti·
1192 2267 1227 2294 de
1242 2267 1309 2295 Bell.
1324 2268 1392 2297 Gall.
1407 2276 1426 2300 1,
1441 2276 1480 2294 10.
1515 2273 1540 2294 et
1552 2275 1582 2300 4,
1597 2276 1624 2301 4.
1742 2266 1824 2292 Ferre
1836 2266 1995 2302 praesidium
2003 2288 2019 2301 ,
2032 2270 2073 2295 vel
2085 2268 2181 2296 afferre
2201 2270 2259 2298 Cic.

57 2306 129 2334 barb.
137 2313 167 2344 p.
179 2314 218 2340 83.
288 2307 338 2337 Sed
360 2307 532 2335 Praeseruare
547 2314 598 2344 pro
622 2314 683 2333 ante
704 2306 834 2343 obseruare
856 2305 925 2343 apud
944 2306 1018 2333 Cael.
1034 2305 1128 2333 Aurel.
1191 2304 1226 2330 ad
1241 2305 1315 2331 Brut.
1330 2309 1365 2335 18.
1475 2303 1553 2330 Ferri
1566 2302 1662 2331 inutile
1676 2302 1836 2337 praesidium
1861 2303 1954 2330 Claud.
1968 2305 2017 2331 sec.
2031 2305 2111 2332 Cons.
2126 2305 2183 2332 Stil.
2200 2314 2259 2333 222.

46 2342 140 2374 ,Acue
155 2349 201 2377 3‚8
215 2353 241 2370 n.
254 2351 299 2377 90.
376 2343 458 2371 Verba
469 2343 535 2380 stim
554 2343 628 2377 Qid
641 2343 715 2370 enim
726 2349 781 2370 tam
795 2350 913 2376 vatium,
933 2348 1012 2377 atque
1032 2345 1079 2375 (vt
1092 2342 1131 2368 ita
1191 2340 1315 2367 Firmare
1328 2339 1466 2375 praesidiis
1479 2339 1599 2374 aliquem
1613 2339 1703 2366 locum
1735 2338 1792 2366 Cic.
1807 2339 1880 2366 Fam.
1895 2348 1915 2373 1,
1930 2347 1956 2375 7.
2052 2341 2153 2368 Gerere
2167 2342 2261 2376 praefi-

0 2387 9 2412 :.
58 2379 197 2413 dixerim)
222 2379 388 2413 ridiculum,
407 2388 489 2415 quam
508 2378 546 2408 ob
572 2380 648 2406 vsum
673 2379 888 2415 cataplasmatum
915 2384 1055 2411 naturam,
1080 2377 1126 2405 vel
1137 2378 1173 2403 60
1192 2376 1284 2408 dium,
1304 2377 1379 2403 Ferre
1398 2375 1466 2402 Plin.
1478 2384 1522 2408 22,
1537 2384 1572 2402 12.
1679 2373 1769 2402 Habet
1787 2375 1895 2403 firmum
1921 2375 2082 2410 praesidium
2114 2378 2188 2404 locus
2214 2378 2262 2405 ille

0 2421 6 2431 ¹
59 2421 173 2449 aetates,
191 2425 222 2443 ac
235 2416 308 2444 vitae
322 2416 541 2443 consuetudinem
554 2416 728 2452 praeseruare
741 2417 752 2443 Ξ
787 2418 807 2443 i.
826 2422 885 2442 anti:
903 2424 1019 2452 quaerere
1040 2415 1070 2441 de
1089 2417 1126 2441 iis
1191 2412 1249 2439 Cic.
1264 2421 1314 2447 pro
1326 2412 1398 2447 Lege
1409 2411 1504 2438 Manil.
1519 2420 1553 2444 31.
1656 2411 1800 2446 imponere
1813 2412 1973 2446 praesidium
1988 2413 2094 2440 ciuitati
2112 2414 2262 2450 Liu.24‚7.

59 2451 132 2481 rebus
146 2458 169 2478 et
182 2451 304 2488 dispicere
314 2459 343 2485 at
360 2461 389 2479 ue
407 2452 545 2489 obseruare.
1191 2448 1370 2475 introducere
1382 2447 1544 2484 praesidium
1557 2447 1586 2474 in
1601 2447 1749 2482 oppidum,
1768 2447 1823 2475 vid.
1846 2454 2057 2476 INTRODVCO.
2147 2450 2262 2477 Locatus

93 2494 110 2515 ι’
121 2494 283 2523 RAesEs,
299 2491 327 2515 vi
347 2509 353 2515 .
371 2494 610 2516 PRAESIDEo.
1191 2485 1222 2512 in
1235 2484 1384 2520 praesidio,
1404 2483 1458 2510 vid.
1473 2485 1602 2515 Locatus‚
1620 2488 1648 2510 in
1669 2489 1788 2510 rocvs.
1857 2485 1966 2511 Mittere
1979 2484 2008 2511 in
2024 2484 2183 2519 praesidinm
2200 2486 2264 2513 Liu.

7 2546 9 2550 .
53 2531 76 2556 a,
86 2527 237 2558 ,pariesi
247 2530 290 2552 cc
301 2531 321 2550 v
331 2532 361 2557 s,
381 2534 412 2556 a,
429 2534 482 2551 um.
500 2523 563 2551 Adi.
606 2522 684 2551 Valde
688 2522 782 2559 siccus.
817 2522 950 2550 Praesicca
964 2522 1054 2549 rursus
1066 2521 1127 2549 vul-
1193 2540 1202 2548 .
1240 2540 1248 2548 .
1287 2541 1293 2547 .
1367 2520 1478 2548 Munire
1510 2521 1536 2547 se
1564 2519 1695 2555 praesidio
1725 2520 1783 2547 Cic.
1798 2528 1846 2554 pro
1860 2520 1930 2547 Sext.
1945 2525 1987 2555 78.
2081 2522 2190 2550 Munire
2205 2522 2263 2550 feu.

61 2567 127 2588 πει-ει
142 2558 251 2587 diruer‘e
281 2560 407 2587 Prudent.
421 2560 568 2595 Peristeph.
583 2567 606 2593 ς,
619 2568 671 2593 141.
1141 2560 1174 2593 σς
1192 2556 1327 2584 mentaria
1346 2556 1461 2583 subsidia
1481 2556 1658 2592 Reipublicae
1677 2555 1830 2583 firmisiimis
1851 2556 1988 2591 praesidiis
2010 2556 2182 2593 classibusque
2202 2559 2260 2586 Cic.

0 2615 5 2620 .
96 2602 428 2629 PRAEMCCATVS,
447 2605 478 2630 a,
498 2605 555 2623 um.
573 2595 637 2623 Adi.
674 2595 770 2623 Suetus
783 2594 839 2622 sole
853 2594 1026 2631 praesiccatus
1045 2593 1126 2630 Apul.
1192 2601 1244 2628 pro
1273 2593 1344 2627 Lege
1378 2593 1475 2620 Manil.
1509 2602 1551 2628 34.
1671 2592 1780 2620 Nudata
1805 2593 1868 2619 vrbs
1888 2592 2034 2628 praesidio,
2062 2594 2113 2620 vid.
2136 2600 2262 2622 NVDVS.

0 2635 8 2658 [ι
61 2630 94 2659 de
107 2631 193 2659 H'erb.
206 2641 229 2659 e.
243 2641 302 2666 124.
1193 2628 1323 2656 Obsidere
1355 2634 1383 2656 et
1415 2637 1546 2664 occupare
1578 2628 1683 2655 Italiam
1704 2628 1840 2663 praesidiis
1868 2630 1924 2657 Cic.
1939 2629 1971 2656 de
1983 2630 2054 2664 Lege
2066 2631 2160 2664 Agrar.
2174 2639 2200 2663 2,
2213 2638 2261 2665 74.

0 2691 2 2701 ἱ
97 2673 141 2694 PR
151 2673 199 2696 ΑΕ
209 2666 245 2694 si’
252 2674 346 2700 ΠΕΟ,
373 2667 446 2700 sedi,
472 2668 579 2699 sessum,
605 2671 660 2694 ere.
697 2666 852 2703 [πρά-ψῃ
869 2665 1028 2702 nesciendo]
1065 2667 1129 2693 Pro·
1192 2666 1331 2700 Occiipare
1344 2664 1475 2701 praesidia
1494 2665 1583 2692 Senec.
1596 2664 1702 2692 Troad.
1718 2668 1742 2692 6.
1849 2666 1992 2700 Opponere
2006 2665 2182 2700 praesidium,
2206 2665 2259 2694 vid.

0 2734 2 2738 ι
53 2705 115 2740 ¹prie
129 2706 255 2730 anteriore
267 2705 318 2730 loco
331 2705 379 2736 vel,
393 2707 469 2731 etiam
482 2707 512 2731 in
524 2704 597 2731 aditu
609 2705 657 2730 Ioci
664 2703 770 2738 sedere,
788 2702 863 2738 idque
877 2704 917 2729 uel
937 2703 1042 2729 honoris
1052 2701 1128 2738 causta
1194 2708 1336 2729 OPPONO.
1455 2701 1512 2728 Cic.
1527 2702 1600 2728 Fam.
1615 2710 1640 2734 2,
1655 2704 1684 2728 16
1700 2701 1801 2728 Omnia
1814 2701 1958 2736 praesidia,
1978 2710 2046 2736 quac
2059 2710 2154 2736 magna
2167 2707 2194 2729 et
2214 2702 2261 2730 flr-

58 2746 85 2767 et
96 2734 264 2772 directionis,
281 2737 408 2767 ueletiam
419 2739 454 2766 ad
465 2741 567 2767 tutelam
583 2746 607 2766 et
619 2740 751 2767 auxilium.
795 2738 892 2765 Deinde
908 2738 1015 2765 sedendi
1029 2741 1128 2765 notione
1138 2746 1175 2775 70
1193 2747 1238 2765 ma
1257 2746 1428 2773 paraueram,
1447 2744 1599 2765 commotus
1631 2738 1776 2765 hominurn
1807 2747 1862 2764 non
1886 2737 1972 2764 dubio
1996 2738 2135 2771 sermone,
2160 2738 2259 2766 dimisi.

59 2773 190 2816 neglefflx,
207 2773 349 2808 constanter
362 2774 440 2808 adeffe
453 2778 530 2802 unius
542 2776 630 2802 barum
642 2785 727 2802 rerum
739 2775 824 2811 causa.
870 2775 953 2801 Patrii
967 2780 1075 2810 penates
1089 2773 1128 2801 sa·
1193 2775 1296 2801 Ponere
1310 2773 1439 2810 praesidia
1465 2775 1539 2801 Caes.
1555 2774 1588 2801 de
1601 2773 1667 2801 Bell.
1683 2773 1750 2801 Gall.
1765 2782 1788 2806 ε,
1802 2783 1823 2804 5.
1920 2773 1977 2801 Cic.
1992 2773 2025 2800 de
2039 2774 2109 2808 Lege
2123 2776 2218 2810 Agrar.
2235 2783 2259 2809 1,

0 2830 1 2834 ,
56 2812 248 2846 *miliaresquffi
260 2811 307 2846 qui
322 2810 386 2838 huic
401 2811 465 2838 vrbi
478 2817 504 2838 et
511 2812 586 2846 Reip.
601 2811 754 2848 praesidetis
771 2811 886 2847 Cicipro
894 2811 984 2837 Domo
998 2819 1048 2845 144
1055 2817 1127 2845 c.57.
1194 2820 1226 2838 20
1247 2811 1274 2838 Si
1286 2809 1446 2847 praesidium
1461 2820 1516 2838 non
1528 2811 1703 2846 praeponitur
1715 2810 1777 2836 huic
1793 2808 1854 2836 vrbi
1867 2807 1915 2835 ista
1933 2809 2057 2843 colonia,
2075 2810 2120 2837 sed
2144 2820 2260 2846 opponi—

0 2841 8 2877 ἶ,
60 2847 135 2876 Ideni
150 2849 228 2874 Verr.
244 2855 267 2881 ς,
281 2852 324 2882 187
345 2849 400 2874 Vos
422 2849 503 2875 etiam
522 2854 602 2882 atque
622 2847 703 2874 etiam
722 2847 843 2883 imploro
864 2846 1034 2873 sanciisiiniae
1053 2847 1128 2879 deae,
1193 2853 1237 2874 tur
1250 2848 1261 2874 ἓ
1333 2848 1407 2875 Inter
1421 2848 1465 2873 sua
1478 2847 1605 2882 praesidia
1619 2848 1645 2873 se
1659 2845 1788 2880 Recipere
1810 2845 1879 2879 Nep.
1893 2854 1934 2879 23,
1948 2854 1984 2879 11,
1994 2856 2021 2881 4.
2036 2850 2056 2873 i.
2071 2848 2138 2873 locor
2146 2848 2203 2883 sitis
2215 2847 2259 2874 ho-

62 2893 131 2920 quae
144 2884 206 2910 illos
219 2884 349 2910 Ennenses
364 2883 434 2910 lacus
448 2883 576 2919 lucosque
588 2884 678 2911 colitis
692 2893 698 2909 :
731 2882 841 2910 cuneiae
853 2883 961 2910 Siciliae
970 2903 978 2917 ,
994 2892 1062 2919 quae
1076 2883 1127 2910 mi-
1191 2883 1302 2910 minibus
1315 2890 1456 2919 occupatos.
1563 2883 1620 2909 Cic.
1635 2882 1706 2908 Fani.
1719 2890 1743 2914 3,
1757 2889 1786 2908 10
1817 2882 1975 2909 Praesertim
1989 2890 2074 2917 quum
2087 2890 2116 2910 tu
2129 2883 2258 2911 omnibus

0 2931 13 2946 a
53 2919 92 2948 .hi
106 2919 272 2947 defendenda
291 2919 389 2946 tradita
411 2920 469 2953 est,
484 2920 647 2956 praesidetis.
756 2918 830 2946 Idem
845 2919 962 2955 Philipp.
978 2929 1014 2952 13,
1029 2929 1060 2946 20
1073 2929 1095 2946 c.
1110 2928 1127 2952 9
1142 2925 1174 2953 75
1192 2919 1236 2946 vel
1251 2919 1417 2946 ornamentis
1432 2919 1475 2944 vel
1491 2917 1629 2952 praesidiis
1643 2917 1813 2944 redundares.
1919 2918 2083 2954 Relinquere
2096 2919 2257 2953 praesidium

0 2957 12 2987 i·
62 2956 164 2984 Testor
182 2962 210 2983 et
228 2965 277 2984 vos
298 2962 325 2983 et
347 2956 651 2991 Populumkomanum
671 2960 696 2982 et
714 2964 807 2982 omnes
821 2955 900 2987 dem,
920 2957 968 2990 qui
984 2956 1047 2982 huic
1063 2954 1125 2982 vrbi
1191 2956 1265 2981 Caes.
1279 2955 1313 2980 de
1321 2954 1396 2983 ,RelL
1411 2954 1479 2980 Gall.
1494 2962 1512 2985 1,
1526 2961 1605 2990 sipr.
1700 2953 1812 2981 Tenere
1835 2953 1942 2981 Italiam
1969 2955 2138 2982 interclusam
2161 2954 2257 2988 praesi-

0 3024 4 3030 ·
61 2992 220 3029 praesident.
294 2993 366 3019 Suet.
379 2994 446 3027 Aug.
462 3002 484 3019 c.
499 2995 531 3020 26
547 2994 616 3020 Cum
631 3001 709 3019 mane
722 3000 786 3027 prae
799 2991 862 3019 aede
881 2992 954 3018 iouis
975 2990 1126 3025 Capitolini
1191 2991 1244 3016 diis
1263 2991 1321 3016 Cic.
1336 2990 1368 3017 de
1382 2990 1453 3025 Lege
1466 2991 1562 3025 Agr-ar.
1574 2999 1601 3023 2,
1615 2997 1661 3025 74.
1758 2990 1885 3026 Tenetur
1902 2991 1985 3018 armis
1996 2990 2186 3026 praefidiisque
2199 2996 2257 3018 tota

0 3034 8 3055 ι
63 3028 210 3064 paullulum
229 3028 317 3056 curuli
336 3028 399 3055 sella
417 3029 601 3064 praesedisset,
621 3027 776 3063 magistratu
791 3028 866 3055 abiit.
975 3027 1050 3053 Idem
1066 3036 1086 3052 c.
1101 3033 1126 3059 35
1190 3026 1268 3053 Italia
1288 3026 1344 3053 Cic.
1358 3027 1412 3052 Att.
1427 3034 1455 3060 9,
1471 3037 1491 3059 3.
1563 3026 1639 3063 Conf.
1653 3026 1726 3053 Caes.
1739 3026 1805 3053 Bell.
1821 3027 1904 3055 Ciuil.
1917 3036 1941 3060 3,
1957 3035 1988 3060 ις,
2045 3033 2068 3052 et
2082 3027 2145 3052 Liu.
2159 3035 2207 3060 24,
2228 3034 2256 3061 7.

62 3066 126 3099 Quo
149 3070 273 3101 tempore
296 3064 460 3092 existimatus
484 3065 571 3092 lorica
588 3064 636 3092 sub
654 3064 726 3091 veste
745 3065 863 3092 munitus
880 3064 1009 3098 ferroque
1023 3062 1126 3089 cnidius
1191 3063 1295 3090 Tutari
1309 3062 1403 3097 aliquo
1416 3062 1548 3097 praesidio
1562 3068 1653 3097 caput,
1670 3063 1802 3095 ceruices,
1822 3069 1847 3090 et
1861 3063 1983 3097 iugulum
2004 3062 2061 3089 Cic.
2075 3070 2124 3097 pro
2132 3062 2202 3090 Sext.
2209 3071 2255 3095 90.

95 3101 224 3128 aeseditre.
298 3102 408 3128 Sueton.
421 3102 451 3128 in
464 3101 564 3129 Tibcr.
583 3111 605 3128 c.
624 3103 641 3127 6
673 3100 807 3128 Praesedit
837 3107 863 3128 et
879 3116 881 3119 -
895 3099 1011 3127 Afflacis
1044 3098 1124 3125 ludis.
1141 3104 1174 3130 80
1191 3098 1293 3126 Venire
1306 3099 1338 3125 ad
1352 3098 1485 3126 iudiciuin
1499 3108 1559 3125 cuin
1572 3098 1704 3134 praesidio
1737 3100 1795 3126 Cic.
1809 3108 1858 3133 pro
1872 3099 1947 3125 Rosc.
1962 3099 2052 3125 Amer.
2069 3107 2104 3130 13.
2213 3098 2254 3126 id.

74 3166 78 3169 ³
101 3138 142 3164 iiis
174 3137 304 3173 praesidet
333 3138 438 3174 Iupiter
477 3139 552 3173 Virg.
568 3139 635 3164 Aen.
647 3145 675 3172 7,
690 3142 750 3167 800.
821 3137 936 3164 Foribns
957 3135 1024 3163 caeli
1045 3136 1123 3162 ianus
1192 3144 1242 3171 pro
1257 3136 1366 3163 Caecin.
1380 3141 1408 3168 83
1429 3137 1460 3162 In
1474 3136 1541 3162 meis
1554 3135 1658 3167 castris,
1677 3134 1868 3170 praesidiisque
1881 3134 2008 3165 versaris,
2027 3143 2085 3161 inea
2099 3133 2134 3160 cst
2148 3133 2195 3160 ista
2209 3134 2254 3161 de-

83 3207 85 3210 *
109 3172 146 3200 id.
160 3174 227 3201 Fast.
242 3183 261 3206 1,
276 3181 328 3208 123.
402 3174 492 3201 Naues
505 3183 573 3208 quae
586 3173 764 3209 Hellesponto
776 3173 955 3209 praesiderent
980 3173 1057 3199 Curt.
1071 3181 1090 3204 3,
1107 3180 1127 3203 1,
1190 3171 1283 3199 fensio.
1391 3173 1484 3208 Nempe
1495 3192 1503 3205 ‚
1522 3178 1552 3198 vt
1579 3175 1630 3199 iam
1656 3171 1776 3204 vidimus,
1976 3167 1996 3207 ff
2022 3179 2035 3202 3
2074 3169 2253 3204 Praesidium,

67 3214 106 3236 πο.
174 3210 227 3236 Hic
247 3219 298 3246 ego
316 3209 368 3237 tibi
387 3210 544 3247 praesidebo
569 3210 652 3237 Plaut.
666 3209 746 3237 Most.
759 3217 782 3243 ς,
796 3218 815 3241 1,
828 3218 874 3246 47.
916 3212 934 3235 i.
962 3218 1033 3235 aram
1056 3217 1126 3235 occu·
1190 3208 1315 3235 interdum
1327 3205 1361 3241 est
1373 3209 1453 3235 Locus
1465 3208 1533 3245 ipsc,
1547 3208 1590 3235 vbi
1598 3206 1763 3244 praesidiarii
1777 3206 1869 3232 milites
1881 3205 1994 3232 collocati
2000 3206 2073 3245 fitne.
2111 3207 2219 3232 Lucrct.
2229 3214 2254 3240 ς,

60 3247 148 3278 putam
161 3245 258 3278 tuebor,
277 3256 307 3274 ne
321 3248 387 3274 alius
400 3256 427 3274 eo
439 3247 581 3284 confugiat.
675 3245 794 3281 Imperio
808 3246 870 3273 huic
881 3251 907 3273 et
920 3245 1039 3272 libertati
1055 3253 1127 3271 com·
1192 3250 1250 3275 1108
1278 3244 1402 3272 Condere
1424 3250 1569 3279 coeperunt
1591 3244 1688 3277 vrbes,
1707 3251 1848 3277 arcemque
1870 3241 1958 3268 locare
1993 3242 2155 3268 Praesidium
2176 3251 2253 3277 reges

68 3278 145 3304 muni
158 3281 285 3315 praesidet
298 3289 378 3318 atque
393 3283 525 3318 praesedit
537 3283 627 3311 Gallia
652 3283 711 3310 Cic.
724 3281 842 3318 Philipp.
856 3291 877 3317 ς,
891 3290 922 3316 37
934 3291 954 3308 c.
975 3290 1007 3313 13.
1027 3284 1044 3307 i.
1057 3281 1126 3307 illam
1153 3281 1238 3316 85ipsi
1253 3280 1317 3313 sibi,
1338 3281 1558 3316 perfugiumque.
1678 3280 1710 3306 Et
1731 3278 1798 3314 apud
1830 3277 1886 3304 Cic.
1910 3278 1994 3304 Tusc.
2015 3286 2039 3311 3,
2054 3281 2082 3305 16
2105 3279 2181 3310 Nec,
2202 3278 2252 3313 qui

67 3320 163 3355 turtur·
187 3323 274 3344 contra
303 3320 430 3354 incursum
461 3320 632 3347 barbarorum.
668 3321 709 3346 De
730 3318 857 3355 Cisalpina
879 3319 962 3345 Gallia
979 3318 1061 3354 sermo
1083 3314 1126 3350 est.
1191 3324 1300 3352 propter
1312 3323 1414 3344 metum
1427 3318 1586 3352 praesidium
1600 3315 1728 3350 reliquit,
1747 3314 1820 3350 quod
1837 3313 1873 3340 est
1893 3313 2025 3348 ignauiae.
2134 3315 2207 3341 Caes.
2220 3315 2252 3342 B.

67 3350 166 3377 itineri
177 3352 339 3386 praesidebat
358 3355 437 3382 Curt.
449 3364 479 3388 4,
493 3364 530 3388 12,
544 3364 580 3390 ις.
671 3354 779 3382 Iudicio
792 3355 872 3382 alicui
893 3354 949 3382 Cic.
964 3363 1014 3389 pro
1027 3353 1127 3380 Milon.
1190 3354 1276 3381 Ciuil.
1291 3363 1314 3387 3,
1326 3363 1360 3387 45
1381 3354 1412 3380 In
1425 3354 1466 3381 his
1480 3353 1622 3389 (praeliis)
1637 3360 1697 3378 cum
1708 3350 1780 3386 legio
1789 3349 1907 3376 Caesaris
1918 3350 1956 3378 IX
1969 3348 2128 3385 praesidium
2139 3350 2251 3386 aliquod

71 3394 112 3413 ¹0¹
127 3394 149 3426 C:
164 3394 204 3420 3⁷¹.
276 3389 408 3417 Laetitiae
422 3391 546 3425 publicae
566 3392 633 3419 Plin.
647 3391 677 3419 in
692 3393 787 3425 Paneg.
802 3400 825 3418 c.
837 3399 881 3427 79.
961 3389 1044 3416 Ludis
1065 3391 1127 3417 Mo·
1190 3391 1365 3426 occupauisi'et
1397 3396 1423 3417 et
1454 3391 1559 3417 munire
1591 3388 1723 3422 coepisset.
1796 3386 1870 3422 Conf.
1895 3386 2002 3413 Gronau.
2026 3386 2060 3412 ad
2078 3386 2140 3412 Liu.
2153 3396 2187 3420 4,
2206 3395 2250 3419 29.

29 3453 40 3457 ἣ
65 3421 129 3462 dest.
142 3431 170 3448 in
185 3422 203 3449 l.
217 3423 338 3452 Annuam
351 3427 384 3453 D.
398 3425 431 3453 dc
449 3435 512 3454 ann.
529 3427 607 3462 legat.
700 3428 771 3455 Orbi
784 3434 916 3455 terrarum
936 3427 992 3453 cic.
1008 3425 1123 3462 Philipp.
1190 3424 1211 3463 fl
1234 3437 1252 3462 4
1288 3426 1468 3460 Praesidium,
1485 3434 1532 3463 per
1564 3425 1770 3455 translationem,
1789 3423 1866 3450 Omne
1884 3423 2008 3448 auxilium
2021 3421 2147 3457 etsalutis
2155 3429 2252 3459 propu-

14 3465 15 3474 ¹
53 3467 89 3490 ’2,
103 3467 127 3491 13
140 3467 161 3485 c·
175 3464 200 3493 7·
221 3458 250 3485 de
263 3460 352 3488 Senatu
365 3464 483 3489 Romano.
557 3464 644 3490 Rebus
657 3464 768 3491 vrbanis
788 3465 861 3491 Caes.
874 3462 939 3491 Bell.
951 3463 1036 3489 Ciuis.
1052 3471 1073 3495 1,
1087 3468 1124 3495 85.
1132 3470 1169 3496 90
1187 3464 1328 3498 gnaculum.
1367 3463 1437 3491 Ter.
1451 3462 1534 3490 Andr.
1551 3469 1573 3494 ς,
1587 3469 1613 3491 2,
1627 3468 1643 3486 2
1662 3459 1796 3486 Praesidio
1812 3467 1873 3485 ineo
1888 3464 1969 3493 atque
1982 3457 2103 3493 hospitis.
2182 3459 2207 3485 O
2222 3463 2250 3486 et

65 3493 188 3535 Templo
206 3494 351 3529 praesident
365 3498 406 3525 dii
431 3499 488 3525 Cic.
505 3507 555 3534 pro
568 3500 637 3534 Lege
651 3501 745 3527 Manil.
760 3509 781 3531 5·
843 3514 847 3517 ⁴
892 3501 949 3526 Cum
964 3499 1123 3534 Accnfhtiuo.
1186 3498 1348 3533 praesidium
1375 3506 1402 3526 et
1432 3499 1508 3526 dulce
1527 3496 1606 3523 decus
1627 3504 1717 3522 meum
1743 3496 1810 3521 Hor.
1824 3494 1912 3521 Carni.
1929 3503 1951 3527 1,
1965 3502 1984 3526 1,
1999 3503 2020 3520 ε.
2126 3493 2249 3521 Naturae

9 3550 13 3557 ι
65 3530 158 3558 Taclt-
171 3531 239 3558 Anu.
254 3541 281 3565 4.
295 3540 339 3566 72,
352 3541 365 3566 5
399 3535 431 3561 Et
458 3534 529 3561 haud
547 3535 692 3570 spernenda
719 3537 777 3563 illic
796 3537 914 3567 ciuium,
933 3535 1124 3569 sociorumque
1186 3535 1231 3561 vel
1246 3535 1385 3563 doetrinae
1398 3534 1532 3570 praefidiis
1546 3531 1673 3559 omnibus
1687 3531 1719 3558 ad
1735 3529 1875 3558 dicendum
1890 3530 1976 3564 parati
1987 3529 2043 3557 viri
2064 3529 2122 3557 Cic.
2130 3529 2161 3557 de
2171 3532 2247 3558 Orat.

66 3574 160 3593 manus
174 3566 255 3594 litora
267 3567 368 3595 Oceani
380 3570 550 3604 praesidebat.
640 3571 717 3600 Idem
729 3574 799 3600 Ann.
816 3582 852 3607 12,
865 3582 906 3605 29,
919 3580 938 3605 4
973 3570 1123 3598 Praesidere
1189 3579 1208 3603 1,
1224 3576 1261 3604 38.
1358 3573 1432 3599 Idem
1446 3578 1494 3605 pro
1510 3568 1602 3595 Rabir.
1615 3576 1628 3600 3
1653 3567 1749 3602 Agitur
1765 3566 1836 3593 nihil
1850 3565 1923 3593 aliud
1936 3567 1965 3592 in
1980 3565 2029 3593 hac
2042 3566 2135 3599 causa,
2154 3567 2249 3600 Quiri-

65 3602 238 3630 Parmoniam·
308 3604 384 3640 Conf-
404 3614 426 3637 3,
439 3614 480 3639 39,
493 3615 503 3633 1
519 3613 565 3633 etc.
736 3612 739 3613 ’
1187 3613 1241 3641 tes,
1262 3607 1311 3634 nisi
1334 3614 1362 3634 vt
1387 3606 1490 3633 nullum
1509 3605 1539 3631 sit
1560 3603 1667 3639 posthac
1684 3604 1714 3630 in
1731 3602 1844 3637 Repubi.
1864 3602 2004 3637 publicum
2027 3601 2183 3634 consilium,
2200 3610 2247 3630 etc.

105 3644 180 3667 PRA
192 3645 210 3666 Ε
221 3646 250 3666 SI
263 3645 281 3665 D
293 3646 361 3667 ENS
371 3660 379 3673 ‚
398 3642 473 3668 entis.
530 3641 599 3670 Idem
617 3650 649 3668 αι·
670 3643 780 3679 Praqfi’s.
813 3644 906 3672 Tacit.
921 3643 988 3669 Ann.
1004 3649 1026 3674 3,
1039 3651 1086 3676 40,
1106 3651 1164 3679 495·
1186 3644 1290 3670 nullum
1304 3643 1429 3670 extremis
1443 3640 1567 3676 Reipubl.
1580 3639 1748 3674 temporibus
1763 3638 1916 3674 perfugium
1928 3643 1955 3665 et
1974 3638 2132 3673 praesidium
2147 3638 2247 3665 salutis.

6 3679 17 3695 '·
65 3673 181 3702 Sa'cuitia
192 3684 222 3702 ac
236 3675 360 3710 snperbia
374 3677 588 3712 praesidentium.
659 3678 734 3715 Conf.
747 3680 867 3708 Tertull.
883 3681 914 3707 de
928 3680 1038 3706 Corona
1058 3687 1080 3705 c.
1101 3687 1125 3711 3.
1188 3680 1246 3707 Cic.
1261 3689 1310 3715 pro
1325 3680 1446 3706 Muraen.
1462 3687 1490 3704 22
1509 3678 1609 3704 Omnes
1624 3675 1740 3702 vrbanae
1751 3684 1808 3707 res,
1826 3674 1917 3701 omnia
1931 3673 1994 3701 haec
2005 3675 2094 3701 nostra
2113 3674 2245 3709 praeclara

65 3716 90 3736 ’Ψ
101 3710 217 3738 Βθννῐῑῦ·
231 3711 313 3748 Cogit.
330 3719 359 3746 J>-
375 3721 432 3748 204·
495 3740 501 3744 .
1188 3715 1291 3750 studia,
1312 3722 1338 3741 et
1352 3714 1416 3740 haec
1430 3713 1541 3741 forensis
1555 3712 1610 3738 laus
1624 3717 1650 3739 et
1662 3711 1807 3740 industria,
1827 3710 1909 3737 latent
1921 3710 1950 3737 in
1969 3711 2050 3738 tutela
2068 3718 2097 3737 ac
2116 3708 2245 3745 praesidio

103 3752 292 3781 patrastis,
328 3747 388 3774 idis.
425 3757 447 3775 c·
467 3747 639 3783 [qipa-dem,
668 3747 779 3785 ἓΐῦεὸρος,
809 3751 942 3782 §medi-ns,
968 3749 1122 3785 ἐπιτακτῆρ]
1187 3751 1301 3779 bellicae
1319 3751 1438 3777 virtutis.
1495 3766 1498 3768 >
1544 3748 1715 3774 Innocentiae
1743 3748 1803 3774 leue
1826 3745 1862 3773 est
1886 3745 2063 3781 praesidium,
2081 3745 2128 3772 vbi
2149 3743 2244 3770 lubido

66 3781 118 3816 Qi
133 3782 272 3822 Praffideh
290 3793 317 3810 m
335 3788 442 3816 ratione,
457 3792 505 3819 qud
527 3783 596 3810 modo
619 3782 716 3811 dic'lum
734 3784 776 3818 est.
812 3787 944 3822 Qiiiiftil.
960 3794 983 3818 3,
997 3793 1013 3818 9
1040 3786 1122 3819 Qiod
1188 3788 1343 3815 dominatur
1363 3786 1419 3813 Cic.
1443 3785 1473 3812 in
1495 3784 1570 3811 Orat.
1594 3791 1641 3819 217
1662 3793 1685 3811 c.
1707 3786 1746 3816 63.
1785 3799 1789 3803 ν
1854 3781 1929 3809 Idem
1943 3783 2028 3809 Tusc.
2052 3791 2070 3813 1,
2085 3785 2117 3807 62
2145 3781 2243 3818 Omnes

67 3825 159 3844 omnia
180 3817 213 3844 fic
231 3821 332 3853 egerit,
352 3826 381 3847 vt
402 3821 521 3854 genitum
559 3819 658 3846 raeside
680 3820 813 3848 bellorum
830 3826 883 3851 deo
898 3821 1055 3849 incredibile
1069 3831 1180 3852 non100
1189 3824 1279 3859 magni
1303 3822 1384 3848 ctiam
1409 3820 1575 3856 superiores,
1596 3820 1644 3855 qui
1670 3820 1775 3854 frugc9‚
1795 3818 1843 3853 qui
1861 3818 2005 3852 vestitum,
2025 3818 2072 3854 qui
2092 3814 2173 3855 ῐεξὶδ,
2194 3820 2241 3848 qul

8 3856 21 3870 ⁸
67 3851 107 3893 fit·
123 3887 129 3893 .
179 3852 285 3892 leian‚
301 3857 328 3882 i¹¹
341 3856 358 3883 Ῐ·
373 3866 391 3890 4
406 3857 436 3885 D·
452 3857 485 3882 de
497 3855 522 3882 Ο
553 3855 596 3882 ⁶50
611 3855 752 3891 praesidis,
772 3858 873 3887 Praeses
892 3857 1050 3894 prouinciae
1070 3866 1124 3884 ma·
1189 3861 1291 3887 cultum
1303 3858 1391 3890 vitae,
1413 3858 1461 3892 qui
1480 3855 1607 3891 praesidia
1627 3862 1720 3883 contra
1733 3855 1802 3881 feras
1816 3855 1985 3881 inuenerunt.
2093 3849 2156 3876 Fida
2168 3857 2242 3884 prae-

66 3895 108 3914 ¹¹¹⁵
121 3896 268 3923 ¹¹¹¹Peffl¹¹¹¹
282 3891 310 3918 5¹¹
325 3901 355 3919 ⁶³
370 3892 509 3928 prouincia
522 3890 601 3918 habet
614 3893 740 3918 omnibus
749 3893 805 3928 150st
818 3896 975 3931 principem·
1047 3894 1124 3920 Prae·
1189 3896 1252 3922 sidia
1266 3894 1347 3921 amici
1366 3893 1456 3920 Senec.
1472 3893 1656 3927 Aganienin.'s.
1672 3900 1705 3918 ιι.
1799 3890 1855 3917 Cic.
1870 3899 1920 3925 pro
1934 3891 1998 3917 Sull.
2010 3896 2046 3923 77
2083 3887 2156 3924 qut
2170 3893 2243 3925 prae-

66 3923 119 3950 fide
136 3930 195 3951 tuta
207 3924 257 3951 deo
274 3927 356 3954 Ouid.
370 3930 434 3956 Met.
450 3938 468 3959 1.
482 3936 541 3961 594·
616 3927 692 3963 C0²3f·
709 3929 786 3954 Curt.
802 3940 826 3962 ιι,
838 3940 874 3964 ι3,
887 3941 921 3963 13.
957 3933 988 3956 ir.
1003 3931 1123 3963 3‚10,i6.
1189 3932 1253 3958 sidia
1275 3939 1354 3965 quarn
1375 3929 1482 3955 munita
1504 3927 1614 3963 pudoris
1636 3933 1662 3954 et
1674 3925 1822 3961 pudicitiae
1834 3927 1862 3952 vi
1877 3932 1903 3953 et
1916 3925 2156 3962 audacia'ceperlt,
2176 3921 2241 3955 quui

64 3960 166 3986 Rerum
180 3961 281 3996 Pffleses
294 3963 388 3991 Caesar
413 3965 495 3992 Ouid·
509 3964 575 3990 Met.
589 3970 625 3997 15,
638 3968 695 3997 738-
750 3964 824 4001 Conf-
837 3967 899 3994 Liu.
914 3969 941 3999 6,
957 3968 996 3994 16.
1069 3966 1124 3992 Cu·
1188 3977 1231 3994 mc
1245 3967 1339 3993 attinet
1353 3964 1444 3992 dicere
1464 3970 1510 3992 aut
1524 3964 1686 3997 coniungere
1700 3971 1761 3989 cuni
1777 3962 1853 3988 istius
1873 3962 1977 3996 flagitio
1996 3964 2152 3991 cuiusquam
2171 3965 2243 3990 prae.

63 3995 114 4023 “0⁶
129 4002 155 4023 et
167 3996 269 4032 P¹ ³ese³
284 3997 430 4029 iuuentutis
444 3999 596 4029 Mercurius
615 3999 672 4028 Cic.
687 3999 766 4027 Vei-r.
777 4007 801 4034 ς,
812 4006 861 4036 184
873 4012 896 4030 c.
913 4011 957 4039 72.
1066 4001 1123 4030 Dea
1135 4009 1180 4036 105
1188 4009 1260 4032 terea
1280 4001 1392 4029 dedecus
1405 4002 1416 4028 ἓ
1523 3999 1632 4027 Grande
1657 3997 1740 4026 Ouid.
1767 4005 1799 4025 ex
1818 3998 1904 4026 Ponto
1924 4005 1945 4029 1,
1959 4004 1981 4029 ς,
1997 4001 2036 4025 14·
2141 3991 2242 4025 Insigne

219 4038 305 4060 VOL.
339 4032 391 4062 111.
1493 4037 1512 4063 6
1536 4036 1561 4062 Ο
1582 4032 1586 4037 ’
2135 4027 2243 4054 moestis
