2517 4231
42 192 133 264 v737
448 207 476 250 P
559 211 598 251 A
680 207 735 276 V*
1572 212 1601 254 P
1677 213 1720 254 A
1803 212 1842 254 V
2166 230 2236 277 733

62 301 128 328 tium
141 298 269 327 Punicum
282 300 382 328 bellum
394 299 500 327 initum.
543 299 717 334 Frequentata
730 306 796 325 vero
808 297 957 332 pauimenta
971 302 1030 325 ante
1043 299 1116 326 Cim·
1334 302 1380 329 Me
1401 311 1459 329 mea
1480 309 1616 339 paupertas
1637 302 1707 330 vitae
1725 302 1842 330 traducat
1860 303 1942 333 inerti

63 337 166 364 bricum
187 335 304 369 (bellum)
324 344 416 370 magna
429 336 513 371 gratia
527 337 697 368 animorum,
720 334 821 360 indicio
839 333 875 360 est
898 334 1048 362 Lucilianus
1069 335 1115 362 ille
1379 338 1448 365 Dum
1467 348 1541 365 meus
1559 339 1656 366 alliduo
1676 340 1762 366 luceat
1782 340 1842 374 igne
1862 340 1946 367 focus.

62 372 162 404 versus,
181 372 244 398 Arte
256 372 426 406 pauimento,
445 378 525 406 atque
538 372 696 399 emblemate
707 369 900 409 vermiculato..
965 372 1066 397 Plenius
1081 372 1114 397 la·
1336 373 1392 399 Nec
1411 375 1465 408 spes
1485 374 1623 411 destituat,
1642 375 1684 402 sed
1704 375 1813 410 frugum
1833 376 1934 411 semper
1950 384 2058 404 aceruos

32 424 33 429 .
59 417 113 434 cum
126 406 224 433 Lucilii
245 408 333 435 laudat
345 407 402 434 Cic.
419 407 452 434 de
467 408 543 434 Orat.
558 416 581 440 3,
595 417 628 440 171
649 416 671 433 e.
685 414 717 439 43
748 405 835 438 Q1am
850 405 936 439 lep1de
951 406 1030 433 lexeis
1044 416 1116 434 com·
1384 410 1524 444 Praebeat,
1544 418 1569 437 et
1588 411 1666 446 pleno
1685 411 1793 446 pinguia
1807 411 1890 440 musta
1906 412 1978 445 lacu,
1996 419 2041 439 etc.

61 442 166 479 pastae?
185 448 214 468 vt
233 442 367 470 tesserulae
381 451 474 470 omnes
488 444 552 470 Arte
566 443 734 478 pauimento,
751 447 830 475 atque
848 441 1003 470 emblemate
1017 442 1116 483 vermi-
1142 450 1156 476 ς
1181 441 1254 482 Cpnf.
1270 441 1397 483 Dra-kanb.
1411 449 1445 470 ad
1457 446 1502 473 Sil.
1516 456 1533 480 1,
1549 449 1611 480 (¹09-
1683 447 1740 474 Cic.
1754 447 1783 474 in
1796 447 1886 475 Parad.
1906 450 1922 475 6
1953 447 2018 488 Non
2032 448 2114 488 modo
2129 459 2182 479 non
2194 463 2237 482 co.

61 478 162 505 culato:
185 478 216 511 st
229 478 355 514 intelligas
367 479 422 512 fic,
442 486 471 506 vt
491 478 625 506 tefferulae
644 485 736 503 omnes
758 477 915 517 compositae
930 478 986 505 suut
1005 479 1032 504 in
1046 487 1118 514 paui·
1179 477 1245 519 p1oli
1260 486 1287 519 ac
1304 477 1417 515 diuites,
1436 481 1476 508 sed
1496 483 1577 509 etiam
1596 482 1687 517 inopes
1707 492 1735 509 ac
1756 492 1883 519 pauperes
1899 483 2065 511 existimandi
2078 485 2144 512 sunt.
2200 492 2238 516 υς

61 519 154 541 mento
172 520 228 540 arte
245 520 324 549 atque
342 514 515 548 emblemate,
534 514 578 539 vel
595 514 757 548 emblematis,
778 514 966 540 vernuculato:
991 523 1039 540 mm
1059 521 1116 549 opus
1179 513 1296 548 napi-obis
1309 520 1332 538 et
1346 517 1439 542 anai-ir.
1496 519 1605 552 Pauper,
1625 526 1639 544 a
1652 519 1758 553 paulola
1772 528 1800 545 rc
1818 521 1906 547 Varro
1919 520 1951 546 de
1966 520 1995 547 L.
2004 520 2034 547 L.
2049 531 2074 552 4,
2090 530 2121 553 17.
2176 523 2239 550 Lin-

61 551 112 576 erit
124 548 248 584 Scaligeri
264 552 434 576 emendatione
452 549 597 585 pauimenti
615 555 639 574 et
657 549 851 575 vermiculatae.
923 551 1012 584 Magis
1026 548 1115 582 verifi-
1179 557 1230 582 gua
1245 557 1344 583 pauper
1367 550 1456 578 Sidon.
1472 553 1550 588 Epist.
1569 563 1587 586 1,
1614 574 1620 580 .
1644 573 1651 581 .
1742 555 1792 581 Res
1805 564 1933 592 pauperes
1958 555 2042 583 Plaut.
2056 555 2123 583 Rud.
2139 566 2161 590 5,
2175 568 2193 591 1,
2208 568 2240 590 17.

61 585 129 611 milis
141 584 175 621 est
187 585 267 618 ΙεΗίο,
289 585 364 613 Endo
376 586 538 622 pauimento.
609 584 763 610 Pauimenta
771 585 860 618 facere
870 587 937 612 docet
950 586 1055 612 Vitruu.
1071 592 1115 619 7,1
1180 584 1276 610 Turba
1292 586 1482 619 pauperiorum
1512 590 1580 615 Hor.
1593 590 1676 616 Senn.
1692 599 1711 623 1,
1727 599 1744 624 1,
1759 600 1798 618 111.
1889 593 1998 628 Semper
2010 592 2068 619 Eris
2084 601 2198 627 pauper,
2221 593 2240 620 fi

62 621 106 655 qui
118 618 228 654 clafficus
241 621 273 656 est
286 623 358 650 (orus,
431 622 523 649 quen.
537 620 588 646 Sat.
603 628 636 651 14,
650 621 684 646 60
716 621 799 646 Verre
821 621 1018 656 pauimentum,
1038 627 1063 647 et
1076 620 1115 646 ni·
1134 630 1164 648 10
1180 628 1279 654 pauper
1292 629 1318 646 es
1334 622 1499 649 Aemiliane:
1529 625 1630 650 Dantur
1646 634 1709 660 opes
1722 626 1801 653 nullis
1815 636 1884 654 nunc
1896 627 1951 662 'nisi
1968 627 2099 655 diuitibus
2125 628 2240 656 Martial.

60 655 126 682 tides
138 656 246 683 ostende
261 657 405 684 columnas.
495 656 562 682 Cato
576 656 608 682 R.
622 656 652 681 R.
673 665 694 682 c.
712 662 736 686 ¹8
763 657 916 683 Pauimenta
931 657 962 683 ad
977 657 1046 684 hunc
1059 664 1116 682 mo-
1179 663 1202 688 ς,
1218 661 1255 684 82.
1329 657 1467 684 Ambitiosi
1483 668 1608 694 pauperes
1633 661 1765 693 Quinctil.
1779 672 1800 698 2,
1813 673 1836 695 4.
1905 661 2031 692 Esuriens
2046 673 2145 700 pauper
2171 665 2241 692 Mar·

62 690 125 718 dum
139 692 238 725 facito,
259 693 299 720 De
313 693 376 720 testa
388 691 461 719 arida
480 691 663 725 pauimentum
678 692 788 719 struito:
809 691 855 719 vbi
867 691 994 718 siruelmm
1009 692 1054 726 est,
1074 700 1117 726 pa·
1179 691 1235 731 tial.
1250 701 1275 726 9,
1289 697 1325 721 82.
1398 694 1493 720 Facere
1511 703 1653 729 pauperem
1686 697 1774 724 Senec.
1789 698 1821 724 de
1835 699 1925 726 Benef.
1938 710 1960 734 2,
1972 709 1993 726 2.
2067 700 2104 727 Ex
2125 709 2241 735 paupere

60 727 130 761 vito,
149 727 293 763 siccatoque
306 728 386 761 oleos
397 733 426 753 vt
439 727 621 762 pauimentum
636 727 737 754 bonum
752 727 806 755 siet.
878 728 943 754 Plin.
957 728 1033 762 Epist.
1046 736 1116 760 2,1‚5
1180 726 1256 753 diues
1270 727 1364 754 Faetus
1377 737 1403 754 es
1424 729 1480 756 Cic.
1497 730 1525 756 in
1540 731 1600 757 Vat.
1621 740 1642 757 c.
1658 740 1690 758 12.
1764 734 1865 768 Pauper
1879 734 1979 770 vbique
1992 735 2059 764 iacet
2078 736 2159 763 Ouid.
2174 737 2240 764 Fast.

61 763 188 798 Virginio
200 763 270 790 liber
281 764 379 798 elapsus
391 762 437 789 est.
509 763 590 789 Hunc
609 763 672 790 dum
691 763 861 798 consequitur
875 763 1048 797 colligitque,
1070 771 1118 797 per
1182 771 1201 795 1,
1215 769 1263 792 218.
1295 798 1300 803 Ι
1336 764 1459 798 Pauperis
1473 765 1509 792 est
1522 774 1663 794 numerare
1676 775 1753 801 pecus
1772 768 1844 795 Idem
1859 771 1923 797 Met.
1939 782 1970 805 13,
1984 777 2037 804 824.
2105 773 2169 799 Meo
2184 773 2241 800 sum

60 798 119 826 leue
136 805 163 826 et
176 799 308 827 lubricum
328 799 509 834 pauimentum
524 798 632 826 fallente
646 800 758 834 vestigio
773 798 884 828 cecidit,
903 807 1048 833 coxamque
1064 799 1116 825 fre·
1136 805 1162 831 ις
1181 801 1281 833 pauper
1294 808 1322 825 111
1337 808 1399 825 aere
1429 801 1497 827 Hor.
1513 801 1591 835 Epist.
1606 810 1628 834 2,
1643 811 1665 836 2,
1678 811 1711 829 12.
1748 804 1767 831 i.
1787 806 1885 840 Pauper
1903 808 2001 840 quidem
2014 809 2087 843 sum,
2097 808 2146 844 sed
2158 815 2241 834 tamen

58 834 107 869 git,
125 842 169 861 etc.
228 834 381 862 Pauimenta
394 839 420 860 et
433 835 551 870 porticus
566 835 644 862 habet
657 835 721 862 villa
740 833 795 861 Cic.
805 834 913 867 QFrat.
929 843 950 869 3,
967 844 982 861 1.
1038 835 1118 860 Com·
1181 835 1208 860 in
1221 844 1268 860 meo
1280 844 1351 868 aere,
1371 845 1418 861 non
1431 837 1457 861 in
1471 838 1552 862 alieno
1568 837 1723 873 constitutus,
1743 840 1771 864 id
1784 840 1833 875 est,
1852 840 1913 866 nulli
1930 842 2064 876 quidquam
2076 844 2148 871 debeo
2176 843 2241 871 Por-

58 870 147 905 postae
159 875 215 897 arte
226 869 381 904 pauimento
394 871 463 897 lexes
489 871 562 897 Idem
581 871 615 898 de
628 871 703 898 Orat.
717 880 739 904 3,
754 874 805 902 ¹⁶9·
863 871 901 894 lix
916 869 1001 895 Lucil.
1071 870 1117 896 Fa·
1179 870 1255 910 phyr.
1327 871 1460 906 Congesto
1474 881 1572 907 pauper
1588 873 1616 899 in
1630 881 1697 900 auro
1730 874 1790 901 Sen.
1805 875 1884 902 Herc.
1897 876 1951 904 fur.
1970 878 1989 903 s.
2003 887 2023 909 3.
2097 879 2173 912 Q1ae
2192 879 2241 907 fibi
2278 895 2281 902 .

58 914 118 932 cere
130 904 278 939 pauimefita
298 905 370 933 Idem
384 907 557 940 Qtint.Frat.
571 916 595 940 3,
609 917 626 940 1,
640 916 656 934 1.
728 905 861 933 Natabant
875 905 1024 939 pauimenta
1038 905 1117 932 vino:
1180 905 1319 932 inhoneste
1338 908 1440 941 optauit
1457 917 1550 942 parare
1568 907 1614 935 hic
1628 908 1737 936 diuitias
1756 911 1863 946 potius,
1881 921 1960 946 quam
1979 913 2008 938 in
2028 915 2111 948 patria
2130 914 2241 942 honeste

22 945 26 963 -“
57 940 197 969 madebant
215 941 327 975 parietes
357 942 413 969 Cic.
434 942 548 978 Philipp.
569 952 596 975 2,
617 952 659 974 105
675 951 697 968 c.
710 950 748 975 41.
838 940 942 967 Suffuso
963 941 1118 976 pauimento
1181 951 1279 976 pauper
1294 942 1407 969 Vineret
1432 944 1502 970 Ter.
1518 945 1600 972 Andr.
1614 954 1642 978 4,
1657 947 1681 978 6,
1697 955 1721 973 2.
1792 947 1910 981 Pauper,
1930 958 1982 974 cum
1996 949 2113 977 Gcnitiuo
2123 952 2242 986 positum:

58 976 167 1005 testaceo
206 977 302 1004 Pallad.
319 987 337 1011 1,
353 986 388 1011 19,
404 987 422 1004 1.
511 977 708 1013 Superfundere
726 975 878 1011 pauimenta
911 976 984 1003 Idem
1006 986 1025 1010 1,
1037 987 1081 1009 40,
1096 987 1116 1003 2.
1132 986 1167 1004 20
1182 978 1290 1011 Argenti
1304 984 1329 1004 et
1343 979 1401 1004 auri
1414 988 1513 1014 pauper
1544 981 1613 1008 Hor.
1628 980 1710 1008 Serm.
1723 990 1746 1016 2,
1761 990 1784 1015 3,
1798 991 1845 1014 142.
1918 985 2007 1018 Aquae
2020 994 2117 1020 pauper
2133 986 2242 1014 Daunus

60 1011 210 1041 Pauiinenta
223 1013 341 1046 testacea,
361 1022 521 1046 marmorea,
540 1013 672 1044 tenellam,
693 1012 827 1045 scutulata,
844 1013 930 1047 nigra,
947 1014 1018 1039 babes
1043 1013 1118 1040 Idem
1181 1013 1255 1040 Idem
1277 1014 1365 1040 Carm.
1380 1024 1401 1049 3,
1414 1024 1452 1048 30,
1469 1026 1497 1043 11.
1606 1016 1727 1044 Colonus
1740 1026 1840 1053 pauper
1858 1019 1928 1045 ruris
1960 1019 2033 1046 Idem
2052 1021 2117 1049 ibid.
2134 1032 2152 1056 1,
2165 1031 2200 1056 35,
2215 1025 2243 1050 6.

58 1056 78 1082 ι,
89 1056 115 1082 9,
130 1058 151 1079 5.
223 1049 378 1076 Pauimenta
392 1049 515 1080 Poenica,
527 1049 611 1083 inquit
623 1048 721 1081 Festus,
734 1056 868 1075 marmore
881 1048 1028 1075 Numidico
1041 1048 1119 1075 strata
1182 1050 1246 1084 Agri
1261 1050 1384 1085 pauperis
1398 1052 1482 1078 custos
1511 1051 1620 1080 Tibull.
1636 1062 1655 1088 1,
1668 1062 1686 1086 1,
1701 1063 1737 1088 25.
1847 1055 1936 1082 Altera
1955 1064 2053 1092 pauper
2071 1064 2127 1085 erat
2159 1058 2242 1086 Ouid.

58 1083 186 1119 fignificat
199 1085 277 1119 Cato,
296 1094 379 1120 quum
393 1086 432 1112 ait
444 1085 474 1110 in
485 1093 516 1111 ea
530 1084 663 1118 oratione,
684 1092 763 1119 quam
776 1083 879 1116 habuit,
899 1093 933 1111 ne
947 1084 1006 1119 quis
1020 1085 1119 1111 Consul
1182 1085 1257 1112 Rem.
1273 1085 1365 1112 Amor.
1380 1093 1431 1120 748.
1504 1088 1598 1114 Cultus
1619 1097 1719 1123 pauper
1749 1088 1860 1117 Tibull.
1874 1100 1892 1124 1,
1907 1100 1944 1131 1o,
1951 1100 1993 1131 J9.
2066 1093 2167 1121 Domus
2181 1103 2242 1129 pau-

56 1118 144 1153 60101,
165 1120 262 1148 Dicere
275 1121 375 1156 possi1m
390 1120 488 1156 quibus
501 1120 597 1156 villae,
616 1126 694 1156 atque
706 1119 782 1147 aedes
795 1119 963 1151 aedificatae,
983 1126 1063 1155 atque
1076 1129 1118 1160 ex·
1181 1130 1228 1155 per
1253 1122 1329 1157 Virg.
1345 1123 1409 1150 Aen.
1426 1131 1458 1156 12,
1471 1131 1522 1156 519.
1596 1124 1754 1158 Eloquentia
1769 1134 1869 1162 pauper
1882 1133 1909 1153 et
1922 1135 2021 1161 ieiuna,
2038 1135 2084 1163 per
2096 1130 2244 1156 translatio-

57 1156 158 1191 Politae
176 1158 296 1186 maximo
317 1164 398 1192 opere
415 1156 484 1184 citro
505 1163 584 1191 atque
603 1155 700 1188 ebore,
720 1162 799 1190 atque
820 1156 978 1192 pauimentis
998 1157 1119 1183 Poenicis
1135 1165 1166 1192 25
1184 1164 1312 1197 '⁷‘mae,P’‘⁰
1327 1160 1398 1192 '’wi-’⁸
1412 1166 1436 1185 θ’
1448 1159 1531 1185 infmia
1551 1160 1685 1193 Qiinffil.
1701 1169 1740 1195 10,
1751 1170 1774 1195 5,
1788 1171 1810 1193 5-
1883 1162 1978 1189 Honos
1998 1164 2245 1198 Sta‘·Theb¹5’⁵¹⁵·

57 1191 140 1224 ssent,
159 1192 214 1218 vid.
232 1200 254 1219 N
264 1199 319 1220 VM
331 1197 428 1219 1D1A.
519 1192 673 1219 Pauimenta
690 1192 814 1223 Asarota‚
833 1191 922 1228 vid.s.
935 1193 954 1220 l.
979 1192 1080 1219 sectilia
1093 1198 1119 1219 et
1181 1193 1265 1219 Horu
1280 1194 1503 1228 pauperissustos
1530 1196 1605 1230 Virg.
1620 1196 1673 1223 Ecl.
1686 1206 1710 1230 7,
1724 1207 1759 1229 34·
1856 1198 1946 1224 Incola
1978 1199 2059 1226 Ouid.
2073 1201 2159 1227 Trist.
2174 1210 2194 1236 3,
2207 1209 2245 1228 10.

59 1227 197 1261 teffellata,
223 1229 277 1255 vid.
302 1228 423 1261 Seffilis,
445 1228 472 1253 in
492 1234 558 1254 SEC
570 1234 610 1258 o;
632 1236 657 1254 et
676 1227 851 1261 Tess'ellatus,
869 1230 898 1254 in
919 1234 941 1255 'r
954 1235 972 1256 Ε
984 1235 1045 1256 SSE
1056 1236 1075 1255 R
1086 1235 1118 1255 A.
1183 1228 1256 1255 Loro
1271 1230 1303 1255 dc
1316 1239 1430 1265 paupere
1443 1230 1544 1265 lignum
1564 1232 1682 1259 quenal.
1698 1242 1720 1265 5,
1735 1235 1784 1264 16ς.
1855 1234 1933 1261 Mero
1949 1236 2106 1269 pauperiore
2127 1237 2245 1264 Martial.

50 1264 98 1290 De
111 1264 173 1289 luxu
185 1268 296 1290 veterum
307 1265 335 1290 in
348 1263 518 1298 pauimentis,
535 1264 588 1290 vid.
604 1263 708 1299 Casaeub.
720 1266 756 1291 ad
768 1264 838 1291 Suet.
851 1264 924 1292 Caes.
940 1273 963 1291 c.
977 1271 1023 1299 47.
1184 1273 1218 1297 ¹4,
1234 1274 1284 1298 103.
1357 1266 1407 1292 Res
1429 1267 1510 1293 Plaut.
1526 1267 1591 1294 Rud.
1606 1275 1629 1302 ς,
1646 1278 1663 1302 1,
1677 1278 1709 1301 17.
1782 1268 1875 1296 Τεέὶο
1887 1269 1935 1297 sub
1951 1279 2064 1306 paupere
2086 1272 2154 1298 Hor.
2164 1272 2246 1306 Epist.

98 1304 115 1325 Ρ
124 1305 175 1325 AV
187 1306 197 1325 1
209 1306 236 1327 Μ
249 1305 265 1326 Ε
277 1306 300 1326 Ν
309 1305 330 1326 T
340 1305 361 1326 0
372 1321 381 1333 ,
398 1304 450 1326 ire.
493 1300 666 1326 pauimentum
673 1299 780 1334 ficere,
795 1300 841 1335 seu
852 1300 992 1335 pauimento
999 1299 1120 1335 sternere.
1183 1307 1204 1333 ¹,
1220 1310 1256 1333 10,
1272 1310 1308 1334 32.
1382 1303 1472 1329 Terra
1500 1303 1576 1338 Virg.
1593 1305 1658 1330 Aen.
1671 1307 1697 1338 6,
1712 1310 1757 1335 811.
1829 1305 1997 1341 Tugurium.
2064 1308 2138 1334 Vena
2151 1317 2247 1343 paupe-

55 1334 122 1361 Plin.
136 1342 175 1368 27,
189 1345 203 1367 4
233 1335 303 1370 Ergo
314 1335 550 1370 pauimentandum
567 1334 614 1363 vbi
632 1336 684 1362 sata
696 1335 742 1370 fit,
760 1336 882 1370 censent,
901 1341 929 1363 vt
943 1336 1052 1363 lacrima
1064 1345 1120 1363 non
1137 1344 1168 1369 30
1183 1337 1257 1363 riore
1270 1336 1330 1363 fluit
1342 1347 1447 1365 carmen
1474 1339 1556 1365 Ouid.
1574 1348 1606 1366 ex
1621 1341 1697 1367 Pont.
1710 1350 1734 1374 4,
1749 1348 1774 1374 z,
1787 1348 1831 1367 20.
1938 1343 2012 1369 Vena
2028 1352 2143 1378 paupere
2159 1349 2248 1371 manat

56 1369 238 1397 absorbeatur.
1183 1372 1322 1407 ingenium
1351 1373 1423 1401 Idem
1438 1374 1504 1402 ibid.
1520 1383 1545 1408 2,
1559 1383 1581 1404 ς.
1678 1376 1807 1403 Voluntas
1820 1385 1867 1404 nec
1880 1377 1968 1412 iners,
1985 1387 2033 1405 nec
2046 1387 2147 1414 pauper
2172 1379 2248 1406 Idem

60 1423 64 1427 ,
93 1412 108 1432 1²
120 1412 252 1433 AV1ME
263 1412 448 1438 NTATvs‚
473 1415 502 1440 a,
527 1415 583 1434 urn.
622 1406 716 1434 Partic.
774 1407 832 1435 Cic.
850 1416 900 1443 pro
915 1408 1004 1435 Domo
1023 1408 1060 1434 116
1089 1408 1120 1435 111
1183 1409 1247 1435 Met.
1262 1415 1286 1441 8,
1302 1411 1357 1441 678.
1557 1408 1578 1448 q
1600 1419 1615 1437 2.
1653 1412 1840 1448 Obseruationes
1856 1414 2056 1440 Grammaticae:
2077 1416 2197 1449 Dicitur,
2217 1422 2247 1441 vt

57 1442 155 1477 palatio
167 1441 352 1477 pulcherrimo
365 1443 522 1478 prospeeht,
540 1443 674 1477 porticum
696 1451 756 1469 cum
774 1443 946 1471 conclauibus
960 1443 1122 1480 pauimenta·
1184 1445 1295 1470 vi..1'iiiius
1310 1446 1409 1480 Pauper
1423 1446 1542 1478 Domus,
1563 1447 1740 1482 Eloquentia,
1760 1449 1901 1476 Voluntas.
1959 1451 2010 1477 Sed
2022 1453 2096 1476 etiam
2111 1451 2248 1485 aliquando

56 1484 110 1505 tam
125 1477 270 1505 trecentsun
283 1478 379 1513 pedum
392 1478 573 1513 concupierat.
611 1478 684 1505 Idem
697 1480 735 1512 Q
744 1479 814 1507 Frat.
829 1489 850 1512 3,
863 1489 882 1513 1,
896 1489 913 1506 1.
1185 1481 1286 1514 Pauper
1293 1481 1317 1516 fl
1324 1482 1405 1507 ¹c7itur
1419 1482 1444 1506 in
1462 1490 1475 1508 a
1485 1503 1493 1515 ‚
1513 1492 1576 1509 um:
1591 1483 1640 1518 sed
1651 1493 1718 1510 raro.
1756 1485 1858 1512 Plautus
1871 1485 1987 1520 Paupera
2000 1486 2063 1513 haee
2076 1495 2118 1513 res
2131 1487 2167 1513 est
2179 1487 2248 1513 dixit

92 1520 168 1541 PAV
179 1521 188 1540 1
199 1520 236 1547 0,
261 1513 319 1549 iui,
353 1517 436 1549 itum,
465 1517 514 1542 ire.
552 1514 654 1550 [παίω]
709 1515 813 1549 ferire,
836 1522 982 1550 percutere,
1009 1515 1121 1541 mndert‘·
1138 1521 1167 1547 35
1183 1515 1212 1542 in
1227 1516 1328 1551 Fragm.
1352 1516 1516 1546 Vidulariae.
1558 1520 1614 1546 Vid.
1634 1519 1708 1546 Seru.
1721 1522 1758 1545 ad
1768 1521 1831 1546 Aen.
1846 1529 1869 1553 3,
1882 1529 1938 1554 539.
1980 1524 2048 1549 Vnde
2064 1521 2187 1556 francisc.
2203 1523 2248 1548 Fa-

57 1549 167 1576 Sumtum
184 1560 200 1576 a
214 1551 332 1583 Graecis,
352 1551 396 1585 qui
412 1554 488 1578 παίειν
505 1550 594 1576 dicum
603 1557 739 1585 percutere.
829 1551 886 1578 Cic.
905 1551 937 1578 de
952 1549 1044 1577 Diuin.
1059 1557 1081 1583 2,
1095 1559 1122 1583 73
1185 1552 1276 1578 bricius
1294 1556 1360 1587 apud
1376 1553 1443 1580 Ter.
1467 1554 1548 1582 Andr.
1567 1564 1596 1588 4,
1609 1557 1634 1589 6,
1648 1564 1660 1581 2
1687 1556 1749 1590 legit
1767 1555 1883 1592 Paupera
1903 1558 2006 1586 viuere.
2079 1560 2113 1584 Et
2125 1558 2248 1590 fimiliter

59 1594 90 1612 c.
101 1593 136 1618 24
163 1585 211 1613 Sed
230 1585 293 1620 quia
308 1594 390 1620 quum
410 1587 551 1621 pascuntur
571 1588 584 1619 (
590 1585 652 1621 pulli
663 1587 816 1622 augurales)
837 1588 935 1614 neceffe
950 1587 1001 1619 011,
1020 1585 1123 1620 aliquid
1185 1588 1373 1615 Commodian.
1390 1589 1510 1617 instruet.
1525 1600 1549 1623 71
1569 1591 1653 1618 Soror
1673 1600 1795 1626 paupera.
1868 1594 1900 1619 Et
1920 1594 1992 1621 Cael.
2006 1593 2224 1629 Aurel.Tard.1‚
2238 1602 2248 1620 ι

56 1629 91 1650 ex
104 1630 153 1647 ore
163 1621 268 1654 cadere,
288 1627 314 1648 et
326 1628 425 1648 terram
436 1622 539 1656 pauire,
560 1622 738 1656 terripanium
754 1622 852 1656 primo,
872 1623 929 1658 post
942 1622 1122 1657 terripudium
1185 1624 1271 1658 Caput
1284 1624 1406 1651 cat-uibus
1421 1634 1567 1660 pauperum
1579 1626 1657 1660 dixit,
1680 1628 1698 1652 ι’.
1720 1630 1821 1654 Carens.
1894 1629 1982 1657 Varro
1995 1630 2026 1656 L.
2041 1631 2071 1656 L.
2085 1640 2108 1665 7,
2119 1638 2151 1662 39
2172 1637 2249 1665 negat

57 1656 160 1683 1116111111
175 1656 225 1684 est:
251 1657 302 1683 hoc
315 1657 424 1691 quidem
439 1658 491 1684 iam
509 1657 667 1692 tripudium.
739 1658 808 1685 Cato
828 1668 849 1686 c.
867 1665 901 1692 18,
914 1670 925 1691 7
959 1658 1001 1686 Ibi
1015 1658 1047 1684 de
1060 1657 1122 1684 testa
1184 1660 1236 1685 dici
1254 1665 1283 1686 vt
1303 1661 1445 1691 candidus,
1470 1662 1579 1688 candida
1599 1662 1638 1689 fio
1649 1671 1747 1697 pauper
1764 1671 1887 1698 paupera.
2005 1668 2120 1700 Compar.
2142 1665 2248 1700 leian.

57 1691 133 1719 arida
146 1693 327 1727 pauimentum
341 1693 450 1720 struito:
474 1692 521 1720 vbi
534 1693 661 1720 structum
675 1693 727 1726 est,
746 1694 854 1728 pauito,
875 1695 1040 1728 fricatoque,
1059 1693 1121 1719 oleo
1134 1702 1171 1727 40
1183 1694 1212 1720 in
1232 1695 1250 1722 l.
1272 1696 1329 1722 Nec
1345 1697 1369 1722 ei
1384 1697 1549 1730 permittitur
1567 1699 1590 1731 §.
1602 1698 1708 1724 vltimo.
1730 1698 1761 1726 D.
1779 1698 1812 1725 dc
1831 1699 2000 1733 adoptionib.
2019 1699 2156 1727 Interdum
2170 1707 2195 1726 et
2209 1701 2248 1726 di-

57 1728 216 1764 perungito,
241 1729 281 1754 vti
302 1728 484 1763 pauimentum
504 1729 607 1756 bonum
624 1728 681 1759 fiet.
769 1729 880 1756 Pauitur
900 1730 987 1756 solum
1003 1728 1121 1763 vestigiis
1185 1729 1285 1757 tiorem
1299 1731 1463 1765 permittitur
1476 1733 1601 1768 adoptare
1614 1734 1778 1768 pauperiori.
1851 1735 1985 1769 Exemplis
1998 1736 2143 1770 pauperior
2168 1735 2248 1771 Apul.

57 1763 125 1791 Ptin.
146 1771 181 1797 17,
196 1773 223 1790 10
242 1764 260 1790 s.
276 1774 308 1796 14.
1183 1765 1254 1792 Flor.
1269 1774 1334 1793 extr.
1351 1776 1375 1800 p.
1391 1769 1445 1798 366.
1489 1769 1544 1794 Vid.
1565 1768 1647 1796 Ouid.
1670 1776 1694 1794 et
1709 1768 1872 1804 Honsupra.
1969 1772 2066 1805 Superi.
2086 1773 2249 1807 [nabsan-oc]

58 1804 60 1807 '
94 1806 142 1827 ΡΑ
155 1805 174 1823 ν
184 1800 232 1826 ῐΤ
245 1806 304 1832 vs,
330 1807 360 1832 a,
387 1807 442 1825 um.
480 1799 574 1825 Partic.
632 1798 726 1826 Pauita
739 1806 801 1826 area
829 1799 907 1826 Varr.
926 1798 958 1825 R.
972 1798 1004 1825 R.
1019 1806 1041 1831 1,
1053 1806 1087 1832 51,
1103 1807 1120 1825 1.
1184 1799 1251 1827 Plin.
1265 1810 1302 1834 24,
1318 1811 1324 1828 1
1353 1803 1446 1835 Quum
1466 1803 1584 1830 remedia
1603 1812 1665 1830 vera
1684 1804 1805 1838 quotidie
1820 1805 2005 1840 pauperrimus
2020 1807 2133 1841 quisque
2147 1814 2250 1834 coenet.

55 1835 148 1862 Pauita
159 1840 185 1860 et
197 1834 361 1869 complanata
373 1839 445 1860 terra
472 1834 540 1860 Ptin.
553 1842 580 1866 9,
594 1842 632 1860 10.
1185 1836 1243 1863 Val.
1258 1839 1327 1864 Max.
1343 1849 1367 1871 4,
1381 1848 1401 1871 2,
1416 1841 1431 1865 6
1458 1839 1595 1866 Fabricius
1611 1841 1688 1866 censu
1709 1849 1756 1875 par
1775 1842 1920 1876 vnicuique
1932 1842 2115 1877 pauperrimo.
2173 1843 2249 1877 Conf.

94 1868 256 1896 ΡΑνέκν
267 1875 299 1899 s,
317 1878 348 1902 a,
366 1878 419 1895 11111.
455 1869 514 1895 Adi.
552 1869 669 1896 Multum
682 1868 771 1896 tritus.
807 1875 847 1901 vt,
865 1870 964 1896 Pauera
976 1870 1119 1903 frumenta,
1135 1878 1169 1904 45
1184 1873 1241 1899 Cic.
1256 1875 1333 1900 Verr.
1346 1874 1403 1901 Aet.
1420 1885 1426 1900 1
1447 1884 1469 1902 e.
1486 1884 1518 1906 15.
1626 1876 1697 1903 Hor.
1716 1877 1799 1904 Serm.
1813 1885 1834 1911 1,
1848 1887 1867 1911 1,
1881 1886 1911 1911 79
1946 1879 2052 1905 Horum
2072 1879 2179 1914 Semper
2198 1888 2249 1914 ego

55 1912 123 1939 quae
142 1904 189 1931 vix
207 1913 222 1930 e
235 1904 332 1939 glumis
345 1904 397 1931 suis
410 1905 546 1940 euaginari
558 1906 663 1940 potsunt
690 1905 756 1934 Fest.
830 1906 872 1932 Sic
887 1912 933 1941 pro
953 1906 1048 1933 Paueri
1068 1906 1119 1941 legi
1181 1910 1272 1944 optflui
1286 1911 1469 1946 pauperrimus
1481 1912 1532 1939 effe
1543 1911 1687 1939 bonorum,

53 1941 112 1968 vult
124 1940 218 1975 Scalig.
233 1942 269 1966 ad
280 1940 399 1966 Caralea.
415 1947 443 1976 p.
458 1944 496 1968 σι.
554 1943 587 1967 Et
603 1942 705 1968 Ferrar.
719 1944 749 1968 de
759 1942 791 1970 R.
809 1941 870 1978 Veli.
886 1952 908 1975 ι,
921 1950 944 1977 2,
957 1952 992 1969 η.
1046 1941 1119 1977 Conf.
1221 1958 1237 1977 p
1247 1958 1268 1978 A
1277 1958 1298 1977 v
1311 1959 1326 1978 p
1338 1959 1381 1979 ER
1393 1959 1410 1980 C
1421 1950 1444 1979 χῖ
1454 1960 1470 1979 L
1486 1959 1505 1978 V
1519 1960 1549 1986 S,
1575 1963 1606 1988 ἃ,
1631 1963 1687 1980 um,
1722 1953 1784 1980 Adi·
1810 1953 1908 1981 dimin,
1945 1954 2092 1990 [πωχςός]
2129 1956 2248 1983 Terent.

55 1981 74 2003 P
83 1982 106 2003 Α
115 1981 132 2002 1>
146 1983 168 2003 Α
180 1981 228 2003 VB
241 1982 292 2003 ΚΑ
304 1981 388 2003 TVS·
609 2012 615 2017 ,
769 2012 774 2017 ,
934 2013 940 2017 ,
1030 2013 1036 2018 ,
1183 1987 1279 2013 Heaut.
1296 1997 1315 2018 1,
1329 1998 1347 2021 1,
1362 2000 1391 2021 44
1425 1989 1467 2015 Est
1480 1998 1494 2014 e
1508 1989 1643 2015 Corintho
1657 1989 1701 2014 hic
1715 1989 1814 2015 aduena
1835 1998 1899 2015 anus
1912 1991 2078 2024 paupercula.
2160 1993 2248 2019 Varro

90 2017 107 2038 P
116 2017 168 2037 AV
177 2019 187 2039 1
201 2017 224 2039 Τ
238 2018 256 2038 Ε
268 2017 291 2038 Ν
302 2018 334 2039 81
344 2017 373 2044 S,
394 2020 418 2038 e·
454 2011 515 2038 Μὴ
552 2011 695 2038 Panlfenffi
710 2012 807 2046 νεὼς»
825 2018 958 2039 coninua
971 2012 1121 2045 Leffldenfi,
1185 2021 1217 2048 de
1230 2023 1260 2049 R.
1269 2023 1299 2048 R.
1314 2032 1333 2053 1,
1348 2033 1369 2054 ¹7
1397 2025 1433 2049 Vt
1445 2024 1565 2058 plerique
1578 2024 1733 2059 pauperculi
1747 2033 1807 2051 cum
1821 2025 1864 2050 sua
1878 2025 2016 2059 progenie.
2088 2027 2175 2054 Mater
2185 2036 2250 2062 pauo

48 2046 129 2083 qumi
140 2047 259 2081 grauiter
271 2047 352 2081 Pfeffa
366 2052 392 2073 et
403 2047 499 2073 calcata
513 2047 543 2073 fit
566 2047 659 2074 Ifidor·
672 2056 708 2080 ¹92
719 2056 755 2074 22·
1137 2057 1169 2082 50
1183 2058 1289 2091 percula
1316 2059 1384 2084 Hor.
1398 2058 1477 2093 Epist.
1494 2068 1511 2092 1,
1526 2065 1562 2092 18,
1574 2062 1614 2091 46.
1686 2060 1737 2086 Res
1751 2060 1909 2095 paupercula
1932 2061 2013 2088 Plaut.
2028 2061 2095 2088 Pers.
2108 2072 2129 2096 3,
2144 2072 2163 2097 1,
2177 2072 2212 2096 17.

95 2088 180 2109 PAv
194 2090 210 2108 ι.
224 2088 305 2109 ιΑΤ
319 2089 369 2108 ιΜ
423 2088 502 2108 PAV
517 2087 710 2115 LLISPER,
748 2088 914 2109 PAVLLV
928 2088 973 2116 Μ,
1009 2088 1123 2110 ΡΑνι-

56 2125 76 2147 1.
85 2124 105 2144 ν
116 2123 135 2143 1.
144 2124 200 2145 VM
240 2124 257 2144 e
268 2123 345 2143 Avr.
354 2102 403 2143 L’v
412 2123 425 2142 s
434 2137 442 2149 ‚
462 2117 517 2144 vid.
542 2123 558 2143 1²
570 2124 593 2144 A
602 2123 651 2144 nv
660 2124 695 2144 Μ,
1221 2113 1237 2134 P
1250 2115 1271 2135 A
1280 2114 1301 2133 v
1310 2116 1324 2135 1³
1335 2115 1351 2135 Ε
1361 2115 1378 2134 R
1390 2117 1398 2136 1
1412 2115 1432 2135 v
1445 2116 1471 2136 s.
1510 2110 1577 2136 Adu.
1594 2118 1710 2145 compar.
1747 2110 1868 2138 Tertull.
1882 2110 1914 2138 de
1925 2111 2006 2138 Cultu
2021 2112 2092 2140 Fem.
2107 2122 2129 2146 2,
2144 2123 2173 2140 11.

92 2160 172 2180 rAv
183 2138 227 2179 2⁵1.
238 2159 301 2186 vs,
319 2152 339 2180 i.
359 2162 395 2179 m.
418 2153 556 2188 [Παῦλος]
583 2161 714 2187 cqenomen
730 2151 922 2186 Aemiliorum,
942 2163 969 2181 v.
979 2163 1008 2189 g.
1028 2154 1058 2180 L.
1070 2155 1121 2180 Ae·
1218 2165 1297 2185 PAV
1308 2166 1324 2186 P
1336 2166 1379 2187 ER
1390 2167 1440 2187 TA
1451 2167 1482 2192 s,
1507 2161 1565 2188 atis.
1602 2161 1622 2188 f.
1659 2162 1765 2196 [πενία]
1802 2161 1858 2198 Ipsa
1872 2162 1988 2197 pauperis
2010 2164 2125 2190 conditio.
2181 2165 2247 2192 Pau-

55 2189 128 2217 milii
143 2188 266 2225 Consulis,
286 2190 317 2214 de
327 2198 389 2223 quo,
409 2188 538 2223 Prodigus
552 2189 657 2216 Paullus
672 2197 780 2223 magnae
792 2189 896 2216 animae
914 2190 983 2217 Hor.
998 2190 1086 2219 Carm.
1101 2200 1121 2224 1,
1183 2202 1269 2229 pertas
1284 2195 1334 2229 est,
1353 2192 1408 2222 non
1429 2205 1495 2230 quae
1515 2206 1596 2232 pauca
1608 2196 1729 2232 poffidet,
1749 2196 1791 2223 sed
1805 2206 1872 2232 quae
1887 2198 1970 2224 multa
1984 2207 2038 2225 non
2052 2199 2162 2233 poffidet
2186 2201 2246 2228 Sen.

61 2235 103 2259 1²,
117 2230 153 2256 38-
225 2223 350 2258 Belligel'i
363 2223 483 2250 sublimis
496 2225 571 2259 regia
583 2224 668 2251 Panlli
694 2224 755 2251 Stat.
770 2225 835 2251 Silss-
851 2234 872 2259 Ι,
888 2235 905 2258 '2
919 2234 960 2258 30.
1138 2235 1167 2261 55
1183 2231 1228 2266 Ep.
1243 2237 1281 2263 87.
1390 2232 1454 2259 Non
1467 2232 1503 2259 est
1518 2240 1673 2268 paupertaS,
1693 2232 1807 2266 Nestor,
1827 2233 1924 2259 habere
1937 2233 2006 2260 nihil
2036 2235 2153 2262 Martial.
2169 2246 2198 2269 11,
2213 2246 2247 2269 33.

94 2265 219 2292 PAVO,
241 2259 311 2286 fmis-
346 2267 415 2286 Gom·
452 2267 477 2286 et
503 2266 648 2294 PAvvs,
673 2260 692 2287 i·
729 2269 764 2288 1¹¹·
802 2260 902 2296 [raaia]
940 2263 1007 2288 Aufr
1025 2261 1078 2287 “dl’'
1096 2269 1119 2288 e!
1184 2267 1240 2294 Cic.
1262 2267 1346 2293 Tusc.
1365 2275 1393 2300 3,
1414 2275 1444 2301 57
1476 2270 1510 2294 Vt
1531 2269 1563 2295 de
1580 2275 1733 2303 paupertate
1749 2277 1958 2303 nonnunquam,
1977 2271 2051 2297 cuius
2072 2280 2139 2297 onus
2160 2270 2248 2307 dispu-

57 2298 150 2323 nudae
162 2295 280 2321 coloribus
296 2295 411 2329 infiff²⁷1⁴50
486 2295 554 2323 Pllfl·
567 2305 606 2330 ¹0,
619 2305 654 2324 20
688 2297 719 2323 In
739 2296 782 2323 his
801 2305 908 2331 Pauoml
958 2306 1039 2332 genus
1058 2307 1119 2324 cum
1184 2303 1265 2329 tando
1280 2302 1415 2336 leuamus,
1436 2303 1578 2337 docentes,
1599 2313 1679 2338 quam
1698 2313 1779 2339 parua
1797 2312 1823 2332 et
1841 2314 1920 2337 quarn
1937 2314 2018 2341 pauca
2033 2307 2096 2340 fint,
2115 2317 2182 2342 quae
2203 2317 2247 2334 na-

59 2333 162 2364 sorum,
179 2336 235 2357 tum
247 2330 385 2357 intelleEtu
399 2331 456 2358 eius
468 2337 494 2358 et
506 2332 603 2367 gloria.
677 2333 848 2359 Gemmantes
862 2333 921 2359 laud
940 2340 980 2360 tus
993 2333 1119 2368 expandit
1181 2345 1241 2365 tura
1255 2338 1388 2365 desideret.
1460 2340 1532 2369 Idem
1547 2340 1574 2366 in
1589 2340 1678 2368 Parad.
1693 2343 1708 2365 ό
1736 2341 1827 2375 Itaque
1843 2341 1915 2367 istam
1929 2349 2125 2377 paupertatem,
2144 2345 2186 2371 vel
2200 2353 2248 2378 po-

57 2368 162 2396 eolores
175 2366 282 2393 aduerso
298 2367 416 2394 maxime
432 2367 500 2401 sole,
522 2368 586 2401 quia
600 2368 633 2394 sic
646 2368 793 2403 fulgentius
808 2368 921 2396 radiant.
996 2371 1028 2395 Et
1038 2369 1119 2404 paullo
1182 2375 1233 2400 tius
1247 2374 1383 2409 egestatem
1399 2384 1428 2402 ac
1443 2377 1641 2403 mendicitatem
1661 2383 1732 2403 tuam
1751 2386 1887 2411 nunquam
1904 2378 2016 2404 obscure
2035 2378 2126 2405 tulisti.
2198 2381 2247 2406 l'u-

55 2403 125 2442 pist,
135 2402 186 2438 l-‚Ab
197 2402 353 2429 aue'toribus
366 2412 420 2430 non
431 2403 580 2438 gloriosum
595 2410 698 2432 tantum
710 2404 810 2432 animal
823 2404 873 2431 hoe
886 2403 1018 2437 traditur,
1036 2405 1078 2431 sed
1092 2411 1117 2432 et
1132 2412 1167 2437 60
1182 2410 1231 2437 dor
1246 2411 1406 2445 paupertatis
1438 2412 1508 2439 Hor.
1524 2412 1604 2447 Epist.
1619 2421 1638 2443 1,
1653 2421 1688 2445 19,
1703 2422 1739 2445 24.
1815 2415 1970 2448 Paupertas,
1990 2414 2078 2441 bonae
2096 2415 2193 2442 mentis
2208 2416 2248 2442 s0.

57 2438 228 2470 maleuolum,
249 2438 312 2465 ficut
324 2440 400 2466 anser
412 2439 602 2467 verecundum.
676 2441 764 2467 Varro
777 2447 818 2476 ap.
833 2441 902 2468 Gell.
917 2451 940 2474 7,
955 2444 981 2468 16
1005 2442 1088 2468 Pauus
1102 2451 1116 2468 e
1180 2455 1228 2473 ror
1259 2447 1364 2474 Petron.
1382 2456 1402 2473 c.
1416 2453 1457 2480 84.
1577 2449 1670 2474 Contra
1690 2448 1781 2475 Audax
1794 2457 1933 2485 paupertas
1966 2451 2036 2477 Hor.
2051 2450 2131 2485 Epist.
2146 2461 2168 2484 2,
2184 2461 2207 2485 2,
2221 2459 2247 2484 5¹

57 2477 137 2504 Samo
147 2474 319 2509 praestantior
331 2475 376 2502 est.
448 2475 520 2509 Confi
541 2477 618 2503 Varr.
630 2476 662 2503 R.
672 2476 704 2502 R.
716 2485 738 2511 3,
751 2478 778 2510 6,
791 2485 812 2504 2.
890 2478 946 2504 Viel.
961 2479 991 2503 de
1003 2478 1116 2504 Pauoni-
1180 2481 1299 2517 aptIffmio
1313 2491 1336 2508 et
1350 2493 1388 2509 vm
1397 2481 1472 2517 iffimo
1484 2484 1604 2519 epitheta.-
1623 2483 1691 2509 nulla
1705 2486 1769 2510 enim
1783 2495 1822 2511 νη
1836 2485 1886 2521 est,
1906 2495 1968 2520 quae
1985 2487 2066 2521 magis
2079 2485 2186 2522 impellat
2208 2488 2247 2513 bo-

59 2511 109 2539 bun
119 2510 165 2537 Rei
180 2510 300 2537 Rusticae
315 2511 425 2537 amores
440 2512 557 2538 Varron.
572 2522 593 2546 3,
609 2514 633 2538 6.
687 2512 794 2539 Colum·
809 2518 833 2548 8,
847 2522 877 2539 Π-
934 2513 1029 2540 ΡόΗὸἆ-
1046 2524 1064 2547 ¹,
1078 2519 1117 2544 28-
1181 2518 1255 2544 mines
1269 2519 1425 2552 adfacinus,
1444 2519 1612 2554 iniuriamque
1622 2519 1701 2545 alteri
1713 2521 1887 2554 inferendam,
1904 2531 1977 2556 quam
1988 2529 2130 2557 paupertas.
2188 2525 2247 2550 Non

57 2545 231 2579 Catonifiarte
245 2547 344 2581 ignotus
357 2547 506 2580 adhuc-fidu
580 2547 637 2575 Cic.
645 2547 679 2574 de
692 2548 752 2575 Fin.
765 2554 821 2582 3,18
842 2549 902 2576 Alia
913 2555 1003 2576 autem
1017 2550 1117 2576 nullam
1181 2554 1245 2579 male
1259 2554 1340 2589 igitur
1354 2556 1427 2582 Plato
1446 2555 1490 2582 lib.
1503 2561 1518 2585 8
1537 2558 1567 2581 de
1579 2556 1670 2591 Repuh.
1680 2557 1836 2592 Perspiruum
1848 2556 1880 2593 est
1901 2558 2020 2592 (inquit)
2040 2567 2088 2592 qua
2103 2558 2130 2583 in
2144 2560 2248 2585 ciuitate

55 2580 92 2609 ob
111 2581 253 2608 vtilitatem
274 2582 344 2616 quali
364 2583 396 2609 ad
415 2583 549 2617 quendam
568 2590 709 2617 ornatum,
727 2590 757 2611 vt
776 2584 856 2611 cauda
876 2585 993 2620 pauoni,
1013 2586 1117 2620 plumae
1132 2592 1164 2624 63
1180 2590 1303 2615 mendicos
1315 2590 1429 2625 videris,
1450 2592 1477 2616 in
1490 2601 1520 2617 ea
1533 2592 1651 2624 ciuitate,
1667 2591 1759 2625 fures,
1779 2602 1951 2619 crumenarum
1964 2593 2086 2628 fimi-es,
2102 2594 2248 2629 sacrilegos,

52 2616 224 2645 versicolores
238 2617 380 2650 columbis,
399 2618 466 2646 viris
481 2629 610 2647 mammae
622 2626 701 2654 atque
715 2619 806 2647 barba.
923 2621 1021 2648 Auson.
1037 2621 1116 2655 Epist.
1180 2631 1204 2650 et
1218 2626 1324 2651 emulum
1342 2626 1480 2653 huiusmodi
1498 2628 1618 2653 malorum
1635 2628 1730 2662 opifices
1749 2629 1864 2656 latitare.
1957 2630 2107 2656 Hominem
2127 2631 2246 2664 experiri

53 2662 103 2686 2ο,
123 2662 140 2686 9
171 2653 228 2679 Nec
249 2653 311 2688 quia
327 2654 402 2682 mille.
414 2663 497 2683 annos
516 2656 586 2683 viuit
601 2656 761 2690 Gangeticus
776 2655 844 2690 ales,
899 2657 989 2684 Vincit
1009 2665 1116 2684 eentum
1180 2660 1267 2690 multa,
1277 2667 1414 2696 paupertas
1430 2661 1504 2690 iubet
1530 2662 1606 2690 Publ.
1618 2663 1705 2695 Syrus.
1779 2665 1919 2700 Paupertas
1933 2674 2026 2692 omnes
2038 2672 2106 2691 artes
2119 2666 2246 2700 perdocet

53 2689 156 2722 oculoS,
176 2689 250 2722 regie
262 2698 340 2724 pauo,
359 2696 427 2718 tuos.
500 2692 644 2727 Caudaque
660 2692 772 2727 pauonis
785 2692 857 2727 larga
870 2701 929 2719 cum
945 2693 1003 2719 luce
1017 2694 1117 2728 repleta
1180 2696 1262 2723 Plaut.
1276 2697 1356 2725 Stich.
1373 2707 1391 2731 1,
1409 2708 1431 2732 3,
1445 2708 1482 2731 24.
1557 2700 1673 2725 Laudant
1686 2698 1791 2734 victffim
1806 2707 1980 2736 paupertatem
2006 2701 2064 2728 Sen.
2076 2701 2107 2727 ad
2124 2702 2201 2728 Helu.
2220 2711 2245 2729 c.

52 2724 90 2751 est
115 2724 221 2751 Lucret.
237 2733 261 2760 2,
276 2732 332 2756 805-
403 2726 477 2754 Tam
494 2737 580 2763 nuper
591 2728 672 2763 pieiis
684 2729 758 2755 caeso
770 2728 920 2763 pauonibus
935 2729 1007 2764 Argo
1033 2729 1116 2757 Ouid.
1181 2742 1206 2765 9.
1222 2742 1259 2759 10.
1274 2742 1303 2761 11.
1318 2743 1350 2761 12.
1425 2735 1503 2769 Apul.
1519 2734 1595 2770 Apol.
1616 2744 1641 2770 p.
1657 2741 1709 2766 285-
1819 2737 1868 2763 Sed
1886 2736 2001 2763 Facilius
2015 2736 2049 2763 est
2062 2743 2245 2772 paupertatem

28 2758 33 2769 “
53 2761 118 2788 Met.
132 2770 154 2790 2,
169 2768 217 2792 533-
327 2762 418 2797 Nempe
430 2764 557 2798 interfe1<7i
575 2774 592 2790 a
605 2765 734 2791 Mercurio
752 2764 818 2798 Argi
838 2770 943 2791 centum
956 2765 1049 2793 oculos
1070 2782 1116 2787 ——
1129 2776 1164 2804 70
1181 2768 1300 2796 Laudare
1313 2779 1391 2804 quam
1406 2770 1487 2797 Ferre
1506 2770 1586 2797 Arell.
1599 2770 1695 2798 Fuscus
1711 2778 1752 2807 ap.
1766 2772 1923 2799 Scn.Contr.
1937 2781 1963 2805 9.
2036 2772 2176 2800 Columell.
2190 2782 2244 2808 12,2

53 2796 159 2830 Excipit
177 2811 224 2816 —
244 2796 414 2830 volucrisque
428 2798 487 2825 suae
500 2799 621 2826 Saturnia
635 2800 729 2834 pennis
742 2800 873 2834 Colloeat,
892 2806 918 2828 et
930 2802 1044 2836 gemmis
1057 2811 1116 2829 cau·
1179 2805 1251 2832 Nam
1271 2814 1347 2832 vetus
1367 2806 1403 2833 est
1421 2806 1615 2842 prouerbium,
1633 2813 1813 2843 paupertatem
1826 2807 2000 2835 Certissimam
2015 2809 2079 2841 esse,
2100 2817 2183 2843 quum
2196 2810 2244 2836 ali-

53 2831 114 2866 dam
134 2831 297 2858 stellantibus
313 2832 421 2869 implet,
443 2840 474 2860 vt
488 2836 558 2861 canit
574 2835 658 2862 Ouid.
671 2837 738 2863 Met.
752 2845 771 2870 1,
784 2845 834 2869 7²¹·
944 2838 1016 2865 Pauo
1033 2839 1115 2874 igitur
1180 2840 1254 2867 cuius
1268 2841 1397 2876 indigeas,
1418 2843 1457 2869 vti
1472 2852 1505 2870 eo
1518 2852 1574 2870 non
1587 2844 1667 2877 posse,
1685 2844 1748 2877 quia
1761 2843 1912 2879 ignoretur,
1933 2843 1979 2870 vbi
1992 2844 2145 2878 proieehim
2159 2845 2243 2872 iaceat

54 2868 121 2895 Auis
133 2867 256 2901 lunonis,
275 2875 297 2893 ct
311 2869 425 2896 Iunonia
436 2871 533 2896 dicitur
549 2870 623 2898 Idem
637 2871 670 2898 de
684 2873 748 2899 Arte
763 2873 822 2899 Am.
836 2881 855 2906 1,
868 2875 926 2907 627.
975 2875 1006 2900 Et
1021 2876 1114 2901 quen.
1178 2876 1252 2911 quod
1272 2877 1440 2905 desideratur.
1534 2879 1676 2906 Contraeia
1696 2879 1725 2904 in
1747 2886 1899 2914 paupertate
1912 2878 2012 2906 solutus
2047 2881 2116 2907 Hor.
2131 2881 2208 2916 Epist.
2223 2890 2243 2913 1,

53 2903 105 2931 Sat.
121 2913 144 2937 7,
159 2913 197 2936 30.
271 2904 340 2931 Hor.
348 2905 430 2934 Serm.
444 2913 469 2942 2,
481 2915 505 2939 2,
518 2914 547 2939 23
563 2907 600 2941 sq.-
620 2908 698 2941 ridet,
718 2908 762 2943 qui
775 2908 800 2933 in
813 2909 864 2934 cibo
873 2915 992 2944 pauonem
1002 2909 1116 2945 gallinae
1178 2922 1200 2946 5,
1214 2922 1254 2940 20.
1328 2914 1448 2941 Fecunda
1466 2922 1602 2950 paupertas
1623 2915 1746 2941 virorum
1766 2915 1870 2949 fugitur
1899 2915 1997 2942 Lucan.
2017 2925 2042 2949 1,
2062 2918 2113 2944 166.
2187 2915 2241 2943 Vbi

49 2940 209 2976 praeferant.
284 2941 308 2966 P.
321 2941 399 2972 Syrus
411 2945 479 2976 apud
494 2943 598 2970 Petron.
611 2951 638 2974 55
657 2944 725 2971 Tuo
739 2943 826 2978 palato
840 2944 939 2971 clausus
953 2954 1022 2980 pauo
1036 2946 1116 2981 pasci-
1128 2953 1161 2982 73
1177 2948 1209 2976 ad
1223 2955 1402 2983 paupertatem
1416 2951 1513 2977 accessu
1526 2950 1646 2983 infamia,
1664 2957 1801 2986 paupertas
1814 2951 1934 2978 Grauior
1947 2951 1976 2978 fit
2002 2952 2083 2979 Plaut.
2098 2953 2164 2987 apud
2175 2951 2241 2978 Fest.

52 2980 96 3002 tur
108 2975 229 3002 Plumato
247 2976 360 3003 amieius
377 2985 460 3004 aureo
473 2976 646 3011 Babylonico.
719 2980 838 3007 Tertull.
851 2981 883 3008 de
896 2981 959 3008 Pall.
974 2991 985 3014 3
1003 2989 1044 3017 pr.
1066 2983 1113 3009 elo·
1177 2985 1298 3011 Horrida
1318 2992 1454 3020 paupertas
1485 2987 1589 3013 Lucret.
1609 2989 1640 3019 6,
1661 2993 1726 3016 1280.
1835 2987 1934 3014 Infelix
1962 2989 2054 3014 quen.
2075 2988 2123 3014 Sat.
2142 2997 2168 3019 3,
2190 2995 2240 3018 152.

49 3011 121 3046 giam
132 3012 236 3046 11111101ιί1-
247 3012 335 3046 babet,
354 3015 421 3048 quod
432 3013 522 3049 copiose
536 3014 646 3051 illustrat
657 3015 799 3049 Salmasius.
893 3018 965 3044 Pauo
983 3018 1112 3045 masculus
1176 3021 1256 3047 Saeua
1285 3021 1353 3048 Hor.
1369 3022 1458 3048 Carm.
1472 3031 1493 3054 2,
1509 3032 1539 3052 12,
1553 3031 1593 3054 43.
1702 3021 1797 3050 Sobria
1823 3022 1916 3050 Claud.
1931 3023 1963 3050 de
1980 3024 2058 3049 Cons.
2072 3023 2142 3049 Hon.
2156 3034 2178 3055 4,
2193 3032 2239 3055 411.

53 3046 195 3073 Columell.
208 3052 230 3077 8.
246 3055 276 3074 11.
385 3048 458 3076 Pauo
477 3049 578 3077 femina
607 3050 681 3078 Idem
700 3056 730 3086 8,
749 3060 779 3079 11.
845 3055 915 3080 Add.
937 3053 1005 3080 Plin.
1021 3064 1058 3090 10,
1072 3063 1112 3082 20.
1177 3055 1327 3082 Defendere
1341 3058 1440 3084 causam
1455 3057 1616 3093 paupertatis
1636 3057 1694 3085 Cic.
1705 3058 1788 3085 Tusc.
1805 3065 1826 3092 ς.
1898 3059 2013 3086 Effecere
2027 3058 2112 3084 leuem
2128 3067 2239 3093 pauper-

53 3082 142 3117 Lepor
154 3092 290 3117 pauonum
316 3083 422 3113 Lucret.
434 3094 464 3119 2,
482 3094 535 3119 501.
656 3087 745 3114 Pieius
759 3097 828 3122 pauo
851 3089 933 3116 Ouid.
946 3090 1011 3116 Met.
1025 3100 1049 3123 2,
1064 3099 1112 3123 533.
1177 3098 1257 3118 tatem
1273 3092 1386 3120 ferendo
1408 3093 1488 3120 Ouid.
1503 3094 1566 3120 Met.
1580 3100 1603 3124 8,
1615 3095 1665 3124 633·
1763 3094 1866 3121 Leuare
1877 3099 2054 3128 paupertatem
2069 3093 2164 3127 alicui,
2184 3095 2238 3121 vid.

55 3117 157 3145 erudas
166 3139 174 3151 ‚
193 3120 248 3145 vid.
269 3125 287 3147 c
297 3126 316 3146 R
329 3126 350 3146 v
360 3127 379 3147 D
389 3127 410 3146 v
419 3128 442 3148 s.
513 3121 711 3150 Pulcherrimus
729 3132 811 3160 pauus
829 3130 856 3151 et
874 3134 929 3160 quo
943 3126 1008 3153 velit
1021 3127 1112 3154 colore
1125 3131 1158 3157 80
1176 3134 1192 3153 1,
1202 3135 1218 3154 E
1228 3134 1301 3154 VIS.
1411 3129 1509 3156 Ornari
1524 3129 1656 3164 patientia*
1670 3131 1830 3165 paupertatis
1856 3130 1911 3156 Cic.
1925 3131 1957 3156 de
1969 3129 2037 3163 Lege
2050 3131 2141 3164 Agrar.
2155 3138 2180 3162 2,
2196 3132 2237 3162 63.

57 3152 204 3180 cuitissimus
228 3155 347 3183 Tertull.
361 3156 393 3183 de
408 3157 504 3184 Anima
523 3167 546 3185 e.
560 3168 594 3191 33.
1175 3164 1301 3190 Viuimus
1315 3164 1454 3193 ambitiosa
1470 3171 1620 3200 paupertate
1646 3166 1737 3192 quen.
1751 3166 1800 3193 Sat.
1814 3175 1835 3197 ς,
1851 3170 1897 3196 182.
1970 3166 2145 3200 Paupertates,
2165 3174 2238 3192 noue

87 3194 113 3227 ‘P
126 3194 226 3222 AVA,
246 3200 285 3218 ae.
315 3192 334 3218 f.
371 3192 486 3228 [ταῶνη]
526 3193 749 3228 Pauonisfemina.
785 3196 884 3223 Auson.
899 3197 988 3232 Epigr.
1006 3202 1041 3231 69
1066 3199 1114 3225 Fe.
1175 3199 1286 3233 positum
1300 3200 1425 3227 Numero
1439 3201 1535 3235 plurali
1557 3202 1644 3228 Varro
1660 3201 1693 3227 de
1704 3202 1759 3227 Vit.
1776 3201 1865 3235 Popul.
1878 3200 1988 3227 Roman.
2006 3210 2035 3226 11.
2108 3201 2181 3234 Qtid
2196 3201 2237 3228 in-

57 3231 155 3249 mmam
175 3224 203 3250 in
217 3226 328 3260 speciem
343 3229 477 3256 conuertit
495 3229 593 3266 (paffi)
613 3230 742 3258 masculus
755 3231 824 3266 ales,
860 3233 981 3268 Pauaque
995 3233 1027 3260 de
1042 3243 1111 3270 pauo
1174 3241 1215 3261 ter
1228 3235 1276 3261 hos
1292 3237 1369 3263 Ioues
1382 3236 1493 3270 interfit,
1514 3243 1539 3264 et
1551 3246 1606 3272 eos,
1624 3238 1670 3272 qui
1684 3245 1715 3263 ex
1728 3245 1871 3269 marmore,
1884 3235 1976 3270 ebore,
1995 3245 2061 3262 auro
2076 3246 2145 3263 nunc
2158 3237 2237 3271 fiunt,

57 3258 175 3285 constitit
194 3267 251 3286 ante
264 3263 365 3290 oculos.
1175 3277 1248 3305 potes
1261 3272 1353 3298 animo
1367 3272 1521 3308 aduertere,
1540 3280 1566 3301 et
1587 3273 1684 3300 horum
1697 3279 1847 3308 temporum
1862 3271 1988 3303 diuitias,
2008 3278 2034 3299 et
2050 3272 2160 3299 illorum
2174 3282 2236 3308 pau-

91 3300 167 3321 1²Av
178 3298 281 3323 οΝᾸε
292 3303 342 3323 Ev
353 3306 384 3330 s,
407 3310 436 3335 a,
459 3309 514 3330 um.
551 3301 611 3329 Adi.
649 3301 796 3339 [ταωειδιὶς]
854 3304 923 3332 Ρ1111.
942 3307 981 3338 36,
996 3314 1022 3331 22
1040 3306 1058 3332 s.
1073 3314 1111 3339 44
1128 3310 1157 3338 ες
1173 3313 1285 3341 pertates
1314 3308 1386 3335 Non.
1401 3317 1431 3339 2,
1444 3317 1501 3344 714.

56 3329 206 3357 Candidum
217 3330 334 3370 ⁴lapidem
347 3334 416 3361 serra
434 3336 531 3374 secant,
549 3339 592 3366 vel
606 3338 624 3365 fi
637 3338 735 3372 libeat,
755 3339 786 3366 ad
801 3348 868 3374 quae
881 3347 977 3368 vocant
996 3350 1111 3375 113110113-
1214 3349 1229 3370 1>
1242 3350 1322 3370 AV?
1333 3350 1350 3371 E
1363 3351 1470 3379 RIES,
1498 3345 1533 3371 ei.
1570 3344 1589 3372 f.
1627 3342 1803 3378 [πενιχρᾶτηε]
1838 3344 1914 3371 Idem.
1973 3343 2042 3370 Hor.
2061 3343 2144 3371 Serm.
2164 3353 2187 3377 2,
2209 3353 2236 3379 7,

55 3375 101 3393 cea
121 3364 224 3407 tegendi
245 3375 354 3402 genera,
389 3370 408 3397 ἱ.
433 3381 463 3397 ex
476 3373 585 3408 squamis
610 3381 634 3401 et
654 3373 758 3401 lamellis
782 3377 886 3411 lapideis
903 3377 1000 3410 diuersi
1014 3378 1111 3405 coloris.
1173 3384 1202 3410 84
1240 3380 1325 3413 Quem
1354 3390 1439 3417 neque
1460 3380 1614 3417 pauperies,
1653 3388 1738 3414 neque
1763 3388 1852 3412 mors,
1891 3387 1976 3413 neque
1997 3379 2101 3406 vincula
2123 3387 2234 3408 terrent.

54 3403 99 3428 Sic
119 3408 194 3427 ΨΜ]
208 3403 292 3429 Hard·
1173 3415 1248 3449 Virg.
1259 3417 1322 3443 Aen.
1335 3418 1409 3452 &437
1430 3433 1475 3438 —-
1495 3426 1573 3452 quam
1587 3416 1685 3442 vellent
1697 3415 1802 3442 aethere
1815 3415 1843 3441 in
1857 3414 1910 3441 alto
1949 3415 2028 3442 Nunc
2042 3422 2068 3441 et
2080 3417 2235 3451 pauperiem

91 3443 167 3477 PAy
179 3445 230 3465 ΟΝ
242 3439 366 3471 fN'VS,
389 3449 419 3473 ὃ,
447 3450 503 3469 u¹¹¹-
539 3444 600 3471 Adi.
638 3444 783 3482 [ταωνινδε]
820 3448 896 3484 Qod
911 3457 941 3473 ex
959 3455 1051 3483 pauone
1069 3448 1108 3484 est.
1174 3457 1199 3477 et
1220 3451 1300 3479 duros
1319 3453 1439 3487 perferre
1459 3453 1571 3480 labores.
1645 3452 1772 3485 Magnum
1798 3450 1937 3485 pauperies
1957 3450 2134 3486 opprobrium
2164 3453 2234 3480 Hor.

54 3473 220 3500 Pauonmum
234 3482 317 3501 ouum
348 3476 488 3504 Columell.
503 3484 525 3510 8,
538 3487 552 3513 ς
571 3487 595 3506 et
611 3489 641 3508 11.
684 3482 779 3509 Pallad.
794 3493 812 3517 1,
826 3493 864 3514 30.
913 3485 1018 3511 Petron.
1039 3493 1060 3511 c.
1076 3495 1109 3517 33.
1124 3493 1157 3517 90
1174 3488 1261 3514 Carni.
1284 3497 1305 3520 3,
1319 3498 1355 3521 24,
1372 3498 1409 3519 42.
1504 3487 1602 3515 Aba&a
1619 3486 1773 3522 pauperies,
1798 3487 1851 3514 ’11ῐαῖ
1878 3493 2016 3514 ABIGO.
2135 3489 2231 3523 Aspera

46 3509 143 3536 ‘Varro
155 3509 187 3535 de
203 3510 234 3536 R.
244 3510 275 3536 R.
288 3520 310 3543 3,
323 3519 348 3544 9,
362 3520 398 3538 10.
471 3513 586 3541 Ornatus
611 3517 730 3545 Tertull.
744 3522 801 3544 adu.
816 3519 918 3547 Valent.
937 3530 958 3547 c.
975 3529 1003 3551 ¹3·
1173 3524 1267 3550 Claud.
1283 3524 1315 3551 de
1329 3524 1395 3551 Bell.
1410 3526 1470 3551 Get.
1483 3527 1535 3558 633.
1608 3522 1747 3550 immunda
1761 3522 1899 3556 pauperies
1910 3522 2005 3549 domus
2032 3522 2100 3549 Hor.
2115 3523 2193 3557 Epist.
2209 3533 2233 3559 2,

6 3580 7 3586 ,
32 3556 36 3566 “
95 3551 112 3571 ¹²
124 3551 178 3586 A·v
192 3552 212 3572 0
225 3553 246 3571 N
258 3553 265 3571 ¹
277 3551 335 3579 VS,
362 3555 393 3580 ὃ,
420 3556 473 3575 Um·
510 3550 593 3575 Aliud
610 3552 669 3579 Adl-
705 3553 838 3590 [mim]
874 3557 938 3582 idern
953 3556 1110 3591 fignificans.
1172 3568 1194 3591 2,
1210 3569 1261 3593 199.
1352 3562 1507 3595 Importuna
1535 3559 1606 3587 Idem
1623 3560 1710 3589 Carm.
1724 3567 1743 3590 3,
1756 3560 1793 3591 16,
1808 3567 1841 3591 37.
1933 3558 2019 3585 Proba
2043 3558 2114 3586 Idem
2129 3559 2194 3586 ibid.
2209 3569 2231 3592 3,

5 3590 7 3596 ⁴
54 3580 168 3607 Pauonia
181 3590 233 3608 oua
250 3582 351 3614 quidam
363 3584 450 3618 legunt
468 3585 546 3612 Varr.
560 3584 592 3612 de
603 3586 635 3614 R.
646 3588 677 3615 R.
688 3599 710 3622 3,
724 3599 750 3624 9,
766 3599 803 3617 10.
848 3592 1017 3628 Castigatiora
1030 3601 1109 3618 exem·
1171 3604 1212 3627 29,
1227 3598 1264 3624 56,
1356 3598 1459 3623 Inferre
1474 3597 1588 3630 aliquem
1605 3595 1631 3620 in
1646 3593 1808 3628 pauperiem,
1826 3594 1880 3620 vid.
1903 3601 1970 3621 1NF
1981 3600 2065 3621 ERO.
2156 3595 2230 3628 Qud

6 3634 8 3648 ’-
53 3616 140 3655 μανία
151 3618 240 3643 '’⁶⁶⁶⁷'‘
254 3618 400 3645 P³¹¹⁰¹'i'¹‘'¹·
1171 3631 1242 3657 inter
1256 3633 1409 3667 pauperiem
1425 3641 1452 3658 ae
1467 3631 1582 3658 Diuitias
1595 3629 1697 3656 Intersit
1723 3629 1801 3664 Apul.
1815 3629 1848 3656 de
1861 3630 1927 3657 Phil.
1940 3639 2008 3657 mor.
2025 3640 2049 3665 p.
2067 3636 2100 3659 ¹8.
2175 3631 2229 3657 Pati

90 3657 193 3679 PAVO
203 3659 223 3679 R
235 3674 243 3686 5
266 3660 282 3679 Ρ
293 3659 343 3679 AV
353 3660 371 3681 0
382 3661 401 3681 R
413 3660 442 3681 ¹1
452 3675 461 3688 9
486 3655 541 3682 vid·
563 3661 580 3681 P
591 3663 612 3683 A
623 3663 672 3685 νε
681 3665 713 3687 o.
1123 3673 1154 3697 95
1171 3668 1306 3698 angustam
1321 3668 1472 3703 pauperiem
1501 3668 1567 3693 Hor.
1582 3667 1669 3692 Carm.
1684 3674 1704 3697 3,
1718 3674 1740 3699 2,
1758 3675 1774 3692 1.
1870 3666 1971 3693 Duram
1991 3667 2044 3701 pati
2070 3666 2143 3693 Idem
2163 3667 2228 3693 ibid.

85 3692 219 3720 ,PAVPE
229 3695 248 3715 R
259 3709 267 3722 1
288 3690 350 3717 3¹3⁵·-
378 3690 437 3718 Adl-
473 3690 576 3724 [³5¹⁰ssae
594 3690 695 3729 ἔπεσε]
732 3697 857 3725 Priscian.
870 3708 882 3731 7
901 3708 924 3733 p.
939 3699 987 3733 765
1015 3698 1068 3725 Hic
1082 3705 1107 3726 et
1171 3713 1195 3734 4,
1207 3696 1235 3739 ᾖ,
1249 3713 1287 3735 40,
1361 3704 1494 3730 Tolerare
1507 3702 1627 3734 iniquam
1647 3700 1740 3728 Claud.
1755 3701 1783 3728 in
1797 3702 1904 3738 Eutrop.
1917 3712 1939 3736 2,
1950 3707 2006 3733 208.
2079 3702 2228 3735 Pauperics,

56 3720 120 3748 haec
131 3729 156 3749 et
170 3723 220 3750 hoc
232 3734 342 3759 pauper,
361 3734 375 3753 a
389 3734 510 3761 paupere.
548 3728 617 3752 Add.
635 3727 707 3757 Seru.
721 3735 756 3758 ad
768 3734 834 3761 Aen.
848 3743 882 3769 12,
897 3743 948 3767 5¹9·
1003 3735 1107 3770 Proprie
1170 3739 1302 3766 Damnum
1323 3740 1437 3770 dicitur,
1457 3738 1527 3773 quod
1541 3736 1690 3772 quadrupes
1704 3737 1767 3763 facit
1793 3737 1874 3764 Paull.
1948 3739 2016 3764 Hinc
2033 3737 2072 3765 tit.
2088 3738 2116 3764 in
2133 3737 2227 3764 Pande-

55 3757 160 3783 medt'um
177 3761 244 3802 quid·
254 3761 285 3796 est
298 3762 365 3788 inter
382 3763 484 3788 diuitem
496 3768 521 3787 et
534 3763 683 3797 mendicum,
702 3775 792 3804 nempe,
808 3770 848 3795 cui
861 3770 996 3805 nese-[lbra
1009 3777 1106 3797 tantum
1169 3774 1228 3805 etis,
1250 3775 1274 3801 Si
1289 3775 1435 3809 quadrupes
1450 3774 1601 3809 pauperiem
1616 3773 1701 3799 fecin'e
1716 3773 1828 3806 dicatur,
1847 3774 1865 3802 i.
1879 3774 1979 3809 Dediffi
1990 3775 2114 3800 damnum.
2153 3771 2225 3804 Conf-

51 3791 197 3827 suppetunt‚
215 3797 284 3821 mhi!
291 3796 409 3834 superest¹
429 3808 482 3824 eum
495 3806 637 3832 pauperem
654 3808 752 3829 vocant.
822 3806 939 3832 Martial.
958 3815 988 3836 11,
1003 3815 1026 3838 33
1053 3807 1106 3833 Ne·
1169 3811 1258 3838 lustin.
1273 3811 1335 3836 Iuli.
1350 3821 1372 3843 a,
1387 3819 1410 3839 ε).

56 3825 152 3855 storem
161 3831 236 3865 plane
248 3833 315 3858 nihil
326 3830 450 3860 hab'emem
464 3834 579 3859 deridens
598 3833 656 3860 Nec
670 3841 746 3869 toga,
764 3847 811 3865 nee
829 3841 903 3867 focus
917 3841 970 3873 est,
989 3848 1035 3869 etc.
1067 3843 1105 3869 ita
1114 3852 1161 3870 100
1207 3853 1222 3872 1³
1234 3853 1253 3873 Α
1265 3853 1286 3871 v
1298 3853 1312 3872 P
1326 3853 1342 3872 E
1355 3852 1373 3871 R
1385 3851 1406 3871 T
1417 3847 1429 3870 ῑ
1439 3851 1489 3870 NV
1498 3850 1526 3877 s,
1553 3852 1583 3875 a,
1615 3853 1668 3870 um.
1708 3844 1766 3870 Adi.
1811 3844 1996 3879 [πενιχραλέος]
2039 3844 2114 3880 Qod
2130 3848 2224 3875 Paupe-

22 3883 25 3885 ·
50 3864 130 3898 finit,
212 3866 260 3893 Tu
280 3872 368 3896 tamen
386 3869 509 3902 31106135,
530 3869 644 3902 Nestor,
664 3870 717 3896 dici
732 3878 809 3907 atque
822 3876 908 3903 <rideri
1001 3884 1004 3887 ⁴
1168 3891 1225 3908 rein
1242 3884 1310 3907 decet
1321 3882 1364 3906 vel
1373 3881 1483 3906 indicat:
1502 3880 1640 3911 formatum
1659 3888 1688 3905 vt
1701 3879 1857 3906 Libertinns
1876 3892 1891 3906 a
1905 3880 1996 3907 Liber.
2089 3878 2173 3902 Varro
2190 3876 2222 3901 de

251 3902 366 3939 Pauper,
385 3911 411 3932 et
425 3906 453 3932 in
466 3905 565 3941 populo
583 3906 689 3939 quaeris
702 3905 798 3935 habere
809 3910 906 3940 locum.
1168 3918 1230 3944 Vita
1246 3917 1337 3951 Popul.
1355 3916 1431 3943 Rom.
1447 3925 1454 3941 1
1483 3914 1564 3949 Qiod
1577 3914 1594 3942 si
1610 3916 1763 3950 paupertina
1777 3915 1825 3942 lint
1839 3916 1891 3942 ssne
1906 3915 2049 3950 elegantia,
2069 3920 2097 3938 ac
2109 3920 2168 3936 cum
2183 3919 2221 3937 <⁸-

210 3936 350 3975 MCMIKIS,
369 3950 492 3976 vanoque
509 3941 559 3968 (Ibi
574 3940 704 3968 blandiris
717 3941 828 3972 honore.
1168 3953 1291 3979 stimonia
1320 3952 1392 3978 Non,
1407 3960 1429 3984 2,
1444 3959 1495 3986 713,
1587 3951 1707 3978 Coenula
1731 3952 1808 3985 Apul,
1822 3953 1886 3978 hier·
1900 3961 1912 3983 3
1932 3961 1956 3986 p,
1971 3959 2014 3982 135,
2099 3946 2223 3986 calasini!

252 3972 318 4001 N⁰¹¹
331 3976 367 4002 est
381 3983 532 4012 ΡὸυΡΕΥῒὸς,
552 3976 664 4011 Nestor,
684 3976 784 4005 h³bere
795 3980 874 4009 nihil.
1168 3988 1260 4015 Sidon.
1275 3987 1352 4021 Epist.
1367 3995 1392 4017 2,
1406 3996 1442 4014 10.
1532 3988 1589 4014 601·
1622 3987 1721 4014 Arnob.
1742 3987 1839 4015 aduers.
1854 3988 1949 4014 Gentes
1969 3989 1992 4011 ό.
2083 3982 2223 4016 Ingenuum

55 4006 123 4033 Add.
139 4005 260 4071 Βνοιιεέέῧ
271 4012 306 4072 ἴα
317 4011 386 4075 'Iiilb1
400 4022 420 4048 1,
433 4024 454 4046 1,
467 4023 478 4046 3
1118 4029 1160 4054 105
1169 4022 1406 4091 8)*1111113111.5Ερᾶ11.
1421 4031 1442 4055 1,
1456 4031 1489 4055 14.
1560 4023 1664 4050 Lites-ae
1690 4022 1757 4049 Gell.
1771 4032 1807 4055 14,
1821 4024 1844 4049 6.
2125 4057 2140 4075 P
2156 4058 2173 4076 A
2187 4057 2218 4075 v-
