2517 4231
12 2021 14 2025 ’
55 2009 114 2037 Cic.
127 2011 180 2038 Att.
196 2014 238 2042 16,
257 2013 275 2038 6
306 2012 427 2039 Nomina
442 2021 500 2039 mea
514 2021 560 2046 per
577 2012 640 2039 deos
659 2011 771 2044 expedi,
799 2010 916 2037 exsolue.

73 153 146 193 457
480 134 724 177 ΝΟΜ

74 231 154 258 deleat
169 236 254 255 nomm
268 229 399 262 etfama·
409 225 524 262 vestram.
601 225 659 253 Cic.
673 225 727 252 Att.
741 233 766 256 ι,
784 230 808 263 ‚¹³
833 221 929 262 *Quum
951 221 997 249 ille
1016 221 1048 248 ad
1067 230 1130 263 ‘⁰¹35

75 265 164 293 eiones
175 263 344 299 confugiffet,
366 264 395 290 in
414 262 510 297 hisque
529 271 591 290 nico
612 261 722 288 nomine
737 259 770 286 ad
782 258 914 298 inuidiam
926 263 1061 292 vteretur,
1088 258 1130 284 dit

70 294 234 330 'immortales
243 320 252 333 ,
268 308 330 334 quas
344 308 394 335 ego
407 308 522 334 pugnas,
540 304 567 326 et
579 303 687 334 quantas
701 295 796 336 strages
810 293 901 335 edidii
988 330 993 335 θ
1070 292 1091 332 ff
1113 296 1128 321 6

74 335 197 369 Nomen,
213 343 258 371 pro
271 336 350 372 Causa
361 336 463 371 ponitur
476 345 538 361 vera
544 333 635 370 falsa,
658 341 711 359 cum
726 340 755 371 gn
774 332 850 363 caulis
869 328 1004 370 cunegunda
1019 339 1130 371 nomine

73 372 178 398 hominis
193 372 236 397 vel
246 372 284 398 rei
289 371 440 406 frequenter
450 371 492 397 vti
497 371 624 407 sulcamus.
701 366 758 393 Cic.
772 365 924 407 de.A.¹¹¹¹“.¹‘·.
940 376 969 405 79
1005 365 1046 394 Ab
1064 375 1130 393 auu-

73 407 134 434 citia
146 408 180 440 Q
193 407 313 442 Pompeii
325 416 387 434 meo
401 407 512 434 nomine
526 407 551 432 se
563 408 724 436 remouerat,
742 408 770 429 vt
782 402 868 433 scitis,
887 404 999 443 Scipio..
1056 403 1131 443 Idem

72 441 102 470 in
115 443 202 469 Vatin.
218 451 235 476 9
267 443 332 470 Non
352 450 405 470 tam
419 451 483 476 tuo,
506 449 584 477 quam
597 440 672 474 Reip.
691 439 810 465 nominc.
864 439 1007 478 'Pol-torn·
1020 446 1130 465 nomine

72 477 174 512 aliquid
186 479 293 506 exiaere
319 479 376 506 Cic,
389 487 440 514 pro
452 479 528 506 font,
541 485 567 510 9.
639 474 781 501 Amicitiae
795 482 906 501 nomine
925 474 1029 509 aliquid
1042 481 1131 513 petere

72 513 169 542 Caffius
182 513 215 540 ad
229 499 406 549 Cicffiamae,
421 523 451 542 ιε.
522 510 608 539 Classis
622 511 732 537 nomine
745 511 887 545 ¹imperare
907 511 1044 545 pecuniam
1066 509 1131 535 ciui-

71 550 168 578 tatibus
192 549 231 578 Id.
245 560 294 585 pro
310 551 391 578 Flacc.
405 560 441 584 27.
514 546 718 575 coniurationis
730 547 840 574 nomine
853 546 973 573 damnari
1000 545 1130 585 1d'.ver¹'·

70 581 138 617 521i.
212 587 290 614 Dotis
302 587 413 614 nomine
426 584 518 617 omnia
536 583 627 610 vxoris
646 583 700 610 viri
719 582 788 609 fiunt
832 583 905 610 Idem
927 583 954 608 in
973 581 1074 621 Topm
1088 588 1129 620 *23.

70 620 258 656 Negligcntiae
272 623 380 650 nomine
390 620 520 656 suspectus
534 619 614 646 alicui
634 618 673 646 Id.
682 619 785 652 Fama,
800 627 818 645 ι.
893 620 1006 656 Praeniii
1020 624 1130 655 nomine

68 657 172 692 aliquid
184 658 325 694 impetrare
351 655 481 691 Quinctil.
496 665 518 690 7,
531 664 553 682 2.
624 655 772 682 Din‘oluere
790 654 870 682 alicui
890 653 997 680 alterius
1017 659 1129 691 nomine

69 693 127 721 cic.
136 702 184 729 pro
199 694 272 721 Rosc.
280 694 403 726 Com-41.
476 690 611 723 Gratulari
623 691 704 718 alicui
717 691 827 718 alterius
842 689 951 716 nomine
978 687 1015 714 ld.
1031 687 1129 720 Philip.

72 737 92 763 ¹,
105 737 144 762 30.
215 729 268 756 Suo
289 728 414 761 nomine,
435 728 484 754 Sua
497 727 586 762 causa:
643 727 758 762 Cic.pro
772 727 877 753 cluent.
891 726 925 750 66
958 723 1007 762 Res
1023 724 1069 750 suo
1083 731 1130 747 uo-

69 759 185 792 mine'in
197 764 325 792 iudicium
339 771 475 798 nunquam
489 763 525 790 est
539 770 641 791 vocata.
713 763 832 791 Indicere
845 761 1015 799 fiio-nomine
1030 758 1130 798 bell-um

69 800 204 835 aliquibus
226 800 264 827 ld.
278 800 306 826 in
318 799 396 826 Catil.
405 808 428 832 2,
443 808 480 832 ¹4·
551 799 589 827 id.
603 801 711 830 νει-ιη,
724 807 771 838 22.
782 798 853 830 Lege
868 795 1016 835 Hieronica
1029 793 1130 834 iudicia

88 835 242 862 lurimamm
258 834 497 862 controuerfiarum
511 835 610 863 sublata
629 844 684 862 vno
697 841 808 862 nomme
825 838 928 857 onlma·
1002 831 1131 869 Nouum-

88 880 118 898 us
128 869 243 898 honestis
254 871 323 897 dixit
335 870 470 898 Sallustius
482 871 562 898 Catil.
576 882 598 899 c.
607 877 634 904 38
655 877 702 906 pro
714 869 762 908 Suq
774 866 868 901 honusta
881 873 1022 900 praetecta.
1040 903 1047 908 Ἰ
1073 866 1130 892 Cic.

67 914 119 943 pro
134 906 209 932 Font.
230 911 245 936 8
290 907 318 934 Si
336 907 388 934 hoc
408 907 510 934 crimen
531 907 640 944 optimis
658 903 815 943 nominibus
834 902 963 936 denegare
987 904 1129 937 possumus.

71 944 142 969 Vetus
153 943 279 976 exemplar
291 943 354 978 legit
366 942 541 970 Hominibus,
612 941 714 974 Aliquo
727 947 838 966 nomine
857 945 1009 980 praetexere
1024 939 1130 978 culpam

29 996 31 1000 Α
66 976 141 1010 Virg.
154 977 220 1003 Aen.
231 988 246 1009 4
257 997 266 1011 ,
281 985 331 1013 ¹7²·
402 979 441 1005 Eo
460 979 569 1005 nomine
595 978 695 1004 Patere.
709 984 738 1009 2,
753 984 813 1007 104,
827 983 852 1014 2.
923 974 998 1000 Falto
1018 982 1130 1000 nomine

61 1011 169 1047 poscere
179 1012 283 1047 aliquid
314 1015 408 1042 quen.
421 1015 471 1040 Sat.
486 1023 504 1046 ι,
516 1017 557 1046 98.
629 1013 690 1038 Hoc
710 1020 765 1038 vno
777 1018 888 1038 nomine
931 1012 986 1050 Hac
1003 1019 1055 1035 vna
1074 1017 1131 1035 tan-

63 1052 116 1074 tum
133 1048 162 1073 de
180 1049 261 1083 cattfh.
340 1051 397 1077 Cic.
418 1050 496 1076 Verr.
518 1057 547 1080 3,
562 1056 588 1080 23
631 1048 729 1075 Scitote
742 1046 879 1086 quosdaur
891 1031 1032 1086 homines,
1059 1045 1130 1072 hunc

62 1091 144 1117 quem
157 1084 242 1110 sciunt
254 1085 476 1120 improbiffimum
489 1084 646 1119 hominem,
670 1083 722 1111 hoc
736 1092 791 1110 vno
805 1090 917 1109 nominc
929 1081 1031 1108 absolui
1045 1081 1129 1114 velle,

61 1125 93 1145 vt
106 1119 139 1146 ab
155 1120 265 1154 Senatu,
292 1128 337 1148 etc.
410 1121 471 1147 Hoc
483 1128 538 1148 vno
551 1121 662 1147 nomine
675 1119 799 1154 deceptus
832 1119 900 1144 Hor.
915 1118 998 1144 Serm.
1016 1127 1035 1149 ι,
1050 1125 1075 1150 2,
1089 1123 1128 1147 ος.

62 1154 127 1182 Meo
139 1156 249 1182 nomine
261 1161 290 1182 tc
301 1156 362 1183 huic
375 1156 519 1186 inimicum
532 1157 580 1185 etse
592 1156 657 1183 nolo
689 1157 746 1184 Cic.
760 1156 814 1182 Att.
834 1163 861 1195 io
870 1173 878 1187 ,
898 1163 921 1180 2.
1004 1154 1068 1193 Qto
1082 1162 1130 1179 no-

63 1191 137 1218 mine
151 1191 244 1218 mirari
256 1192 382 1220 conuenit
412 1192 512 1220 Patere.
526 1202 551 1226 i,
565 1201 592 1225 3,
605 1201 630 1220 2.
703 1193 768 1225 Qio
780 1198 891 1230 nomine
905 1198 959 1230 non
973 1189 1010 1230 el't
1029 1197 1130 1231 intran-

62 1225 126 1254 dum
152 1226 190 1254 Id.
205 1237 222 1262 i,
234 1236 259 1261 ς,
272 1236 300 1262 4.
459 1226 480 1266 Ἴ
499 1236 517 1264 7
552 1228 689 1262 Nomina,
708 1227 873 1262 Capitasunt
885 1227 1007 1252 breuiora
1017 1247 1027 1260 ,
1048 1227 1078 1250 nl
1090 1223 1124 1260 est

62 1262 170 1289 rationis
183 1264 352 1299 argentariae.
1003 1297 1007 1302 ι

61 1297 116 1333 ΐῖἢ,
134 1306 159 1325 et
175 1298 309 1335 Persianas,
329 1299 414 1335 quibus
427 1302 454 1326 e‘n
468 1300 624 1335 confideretis
635 1299 774 1326 rationibus
788 1296 908 1333 expensae
915 1298 1129 1338 pecuttiaefee‘un-

59 1339 113 1361 tur.
171 1335 247 1370 Vulgo
266 1344 331 1361 nunc
349 1336 454 1362 articuli
472 1337 606 1363 dicuntur:
643 1337 748 1368 deinde,
780 1341 811 1360 vt
824 1335 875 1368 fit,
904 1339 1053 1372 metonymta
1074 1342 1129 1357 con-

53 1366 144 1404 suem,
162 1370 213 1405 ¹?st
220 1380 311 1406 quoque
323 1371 456 1406 debitores,
477 1373 506 1398 in
518 1379 638 1406 quantum
645 1371 708 1407 sum
721 1371 844 1397 debitores
852 1389 861 1402 ‚
881 1377 993 1395 nomina
1004 1367 1127 1409 appellan-

59 1412 111 1432 tur.
184 1405 241 1433 Cic.
257 1408 333 1434 Verr.
343 1417 361 1440 ι,
376 1415 408 1440 92
442 1407 540 1442 Neque
553 1407 581 1434 in
595 1414 652 1434 tuas
669 1405 770 1433 tabulas
783 1406 866 1432 vllum
880 1413 979 1444 nomen
995 1408 1110 1430 reterres
1120 1423 1129 1436 ‚

26 1464 29 1467 .
60 1449 144 1475 quum
158 1446 199 1468 tot
212 1441 266 1469 tibi
279 1442 437 1470 nominibus
455 1450 590 1477 acceptum
608 1443 697 1470 Curtii
718 1441 867 1469 referrent?
905 1440 987 1480 quid
1109 1476 1112 1479 Δ

60 1475 112 1503 tibi
126 1484 152 1503 te
163 1478 305 1511 expensum
317 1478 372 1506 illis
386 1488 442 1505 non
455 1479 556 1505 tuliss'e3
629 1479 694 1505 lbid.
708 1487 717 1504 1
726 1498 734 1510 ,
749 1486 781 1512 99
815 1477 863 1517 ῌίε
885 1475 1042 1517 nominibus
1067 1475 1129 1515 solis

60 1512 111 1540 Cn.
123 1512 278 1542 Dolabellae
290 1513 436 1542 sestertium
451 1514 482 1541 ad
497 1514 586 1541 tricies
600 1513 676 1541 litem
687 1514 737 1540 esse
761 1513 933 1540 aestimatam.
971 1521 990 1538 ι.
1023 1513 1075 1544 (vt
1091 1517 1129 1550 uit

59 1548 208 1582 Asconius)
229 1550 279 1576 His
294 1551 379 1577 titulis
391 1556 417 1577 et
429 1550 560 1585 capitibus
573 1550 735 1577 criminum:
773 1549 893 1588 articul-os
907 1556 978 1574 nunc
992 1547 1075 1581 vulgo
1089 1545 1130 1587 di-

61 1583 153 1610 eunus.
209 1585 240 1612 Et
253 1586 282 1612 in
294 1585 409 1614 eundem
423 1587 498 1622 saepe
511 1587 593 1619 dicit,
614 1586 705 1612 Recita
718 1584 842 1617 nomina,
865 1583 893 1623 id
913 1583 949 1610 est
962 1592 1019 1613 res,
1041 1585 1130 1616 perlo-

60 1627 123 1681 Bas,
148 1621 249 1655 causas,
274 1622 304 1648 in
323 1631 388 1658 quas
401 1622 463 1656 ille,
490 1629 536 1649 aut
548 1621 645 1656 quibus
660 1622 804 1656 expensum
825 1620 896 1646 tulit.

86 1663 143 1682 eor.
700 1676 703 1677 ν

157 1664 188 1690 3,
204 1665 272 1719 „Aut
291 1698 320 1720 tu
340 1693 418 1720 illum
436 1693 528 1720 fructu
547 1692 642 1724 fallas,
668 1696 714 1717 aut
733 1698 781 1724 per
800 1689 890 1716 literas

215 1729 328 1755 Aucrtas
345 1729 454 1762 aliquod
475 1736 592 1760 nomen,
611 1732 656 1753 aut
674 1735 721 1760 per
741 1725 878 1751 seruolum

1184 259 1288 293 fecerit.

1146 547 1177 566 ιο
1193 542 1291 575 solere,
1311 549 1337 570 et
1351 544 1376 569 se
1389 552 1566 580 recepturum.

1149 727 1174 753 ις
1194 730 1222 747 ιο
1250 720 1358 748 Nomen
1372 722 1532 751 Caeninum.

407 1264 529 1292 Nomina
550 1265 648 1291 Cicero
664 1262 787 1300 appellare
799 1262 865 1298 solet
878 1262 986 1296 Causas,
1012 1269 1036 1287 et
1047 1262 1130 1296 Nego·
1146 1264 1179 1289 30
1190 1260 1238 1294 qui
1253 1268 1314 1287 ante
1327 1261 1359 1288 de
1374 1263 1400 1288 sc
1421 1263 1540 1290 voluerit
1559 1263 1695 1290 confiteri.

1003 1439 1129 1474 proderat
1146 1445 1174 1471 35
1193 1447 1223 1471 ii,
1236 1448 1261 1472 9.

1592 133 1835 177 ΝΟΜ
2175 147 2252 194 458

1188 222 1291 250 tionem
1303 222 1424 251 criminis
1443 223 1500 252 Cic.
1513 224 1622 260 ναι-..1,
1634 234 1661 259 9ι
1675 234 1696 252 c.
1707 235 1748 260 ⁴2·
1783 226 1802 253 ἰ.
1822 226 1878 262 pati
1890 227 1917 252 in
1926 226 1954 261 se
1966 229 2091 265 confhrrr‘,
2109 232 2179 266 quod
2186 231 2254 257 alter

1362 260 1420 286 Cic.
1433 260 1511 288 Verr.
1524 270 1547 292 2,
1561 272 1591 295 94
1616 262 1642 288 Si
1658 261 1752 289 liceret
1771 270 1870 288 nomen
1883 262 1995 290 absentis
2008 266 2124 300 deferre,
2143 267 2168 293 se
2176 267 2255 300 velle,

1190 295 1281 326 verbo,
1305 295 1427 330 accusare.
1482 298 1512 322 Et
1529 306 1580 332 pro
1597 297 1668 325 Cael.
1683 300 1716 325 26
1744 298 1791 324 Sui
1802 297 1911 333 quidem
1924 308 1978 325 non
1991 303 2073 329 modo
2088 303 2198 329 nomina
2213 302 2257 328 de-

1192 329 1282 356 ferunt
1296 329 1366 357 inter
1380 331 1405 357 se
1424 331 1541 366 sodales,
1567 334 1609 360 sed
1627 334 1708 361 etiam
1726 342 1936 361 commemorant
1956 335 2118 364 sodalitatem
2139 339 2166 364 in
2183 346 2256 364 accu-

1192 364 1281 391 sando.
1354 366 1411 393 Cic.
1434 369 1512 395 Verr.
1534 379 1563 402 2,
1581 378 1616 403 94
1661 369 1794 397 Palam-de
1806 370 1865 397 sella
1879 379 1908 398 ac
1922 370 2072 397 Tribunali
2087 374 2258 406 pronuntiat,

1195 400 1212 427 fi
1227 400 1287 434 quis
1300 400 1433 428 absentem
1449 404 1587 432 Sthenium
1607 405 1648 432 rei
1667 406 1785 441 capitalis
1799 415 1875 433 rcum
1898 406 1986 432 facere
2007 407 2103 439 vellet,
2130 409 2181 434 sese
2199 410 2258 435 eius

1193 444 1292 462 nomen
1306 443 1489 472 recepturum,
1508 450 1560 466 cum
1570 441 1621 476 ipso
1635 442 1741 468 crimine
1754 443 1890 476 videlicet,
1902 441 1928 477 s.
1941 442 2103 475 accusatione.
2143 443 2257 478 EtpaulIo

1188 471 1250 510 ΡΨ,
1271 471 1322 497 Hic
1335 478 1391 498 tum
1406 482 1512 508 repente
1522 477 1631 503 Pacilius
1645 477 1754 513 quidem
1767 477 1852 506 homo
1862 487 1942 512 egens
1955 483 1981 504 et
1995 477 2061 504 leuis
2076 478 2189 504 accedit:
2211 479 2257 511 ait,

1192 506 1210 533 fi
1224 507 1332 540 liceret,
1353 516 1451 535 nomen
1466 506 1578 538 absentis
1592 512 1696 540 desei-rc
1709 514 1734 541 se
1747 514 1827 541 velle:
1865 513 1913 540 iste
1927 522 1994 540 vero
2007 519 2034 540 et
2049 513 2140 549 licere,
2158 519 2185 540 et
2198 513 2259 540 fieri

1610 550 1665 576 Vid.
1680 550 1788 585 Bmffin.
1799 552 1831 576 ae
1837 550 1918 584 form.
1929 553 2022 586 p.467.
2201 548 2258 611 5N9

1193 577 1302 605 Nomen
1312 599 1320 612 ‚
1337 586 1384 614 pro
1398 581 1503 606 Homine
1516 583 1559 607 vel
1571 584 1605 608 Re
1616 584 1668 618 ipsa
1677 586 1776 620 saepius
1786 587 1897 619 ponitur.
1966 583 2076 612 Tibull.
2086 594 2108 618 3,
2120 592 2151 618 4,
2164 587 2192 612 σι
2245 593 2259 611 e

1191 613 1275 640 fidum
1294 614 1395 642 femina
1415 625 1523 643 nomen.
1598 619 1666 646 Cato
1685 620 1712 646 in
1735 620 1806 647 Diris
1824 630 1857 654 φο
1899 621 1937 648 Vt
1959 621 2025 648 felix
2044 629 2144 648 nomen
2171 621 2259 655 agelli.

1197 649 1253 677 Vid.
1268 651 1360 685 Scaltg.
1436 652 1494 679 Val.
1510 652 1592 680 Flacc.
1606 663 1634 687 5,
1650 661 1684 684 ¹¹8
1714 655 1794 683 Noua
1813 657 1866 683 dux
1884 657 2008 684 accedere
2019 655 2115 692 gaudet
2129 656 2260 683 Nomina.

1191 685 1264 712 Idem
1279 695 1313 719 4,
1326 695 1378 719 224
1408 687 1517 723 Iasonem
1528 696 1552 714 et
1564 690 1695 716 Herculem
1708 692 1815 726 app‚,·llat
1829 693 1946 720 Maxima
1958 694 2080 720 nomina.
2152 693 2213 719 Liu.
2234 701 2261 723 ι,

1608 727 1650 750 Sic
1664 725 1755 753 Tacit.
1770 727 1837 754 Hist.
1850 738 1874 760 4,
1890 735 1926 763 ¹8,
1938 737 1955 755 2.
1986 730 2138 756 Romanum
2152 736 2262 756 nomen.

1193 756 1275 783 Ouid.
1290 758 1354 784 Met.
1378 768 1404 792 i,
1425 767 1471 786 201
1517 760 1648 795 Sanguine
1660 761 1790 789 Caesareo
1802 763 1954 790 Romanum
1966 765 2134 800 exstinguere
2148 772 2259 791 nomen.

1194 793 1293 820 Patere.
1307 802 1328 827 ι,
1343 799 1370 828 6,
1384 803 1396 828 3
1422 795 1535 823 Graium
1549 806 1658 823 nomen.
1711 800 1785 830 conf.
1801 799 1873 825 Idem
1887 807 1922 834 2,
1937 809 1979 833 53,
1991 810 2018 827 2:
2038 809 2070 834 2,
2084 809 2138 834 114,
2151 808 2176 835 5.
2192 807 2218 826 et
2236 809 2263 833 2.

1192 830 1235 862 69,
1250 839 1270 860 3.
1311 831 1368 858 Via.
1385 831 1492 858 Gronau.
1506 833 1542 859 acl
1553 832 1614 860 Liu.
1629 842 1648 866 1,
1661 842 1686 865 3.
1739 834 1868 860 Drakenla.
1882 837 1917 861 all
1928 835 1973 861 Sil.
1984 845 2023 869 ι4,
2036 844 2082 870 70.
2188 833 2210 871 q
2230 843 2261 863 ιο

1193 864 1321 900 Nomen,
1341 867 1398 893 item
1415 868 1459 893 Rei
1470 868 1514 893 vel
1525 867 1647 904 Personae
1662 868 1736 903 saepe
1754 871 1894 904 apponitur.
1956 873 1988 911 Vt
1999 872 2058 898 Liu.
2072 882 2103 905 7,
2122 880 2153 906 29
2183 873 2264 900 Cam-

1145 908 1180 927 πο
1192 902 1255 935 pani
1268 902 1351 937 magis
1365 912 1463 930 nomen
1477 904 1508 930 ad
1523 904 1681 939 praesidium
1696 906 1831 932 sociorum
1841 926 1849 938 ‚
1870 915 1949 939 quam
1961 914 2032 933 Vires
2045 916 2104 933 cum
2113 907 2264 935 attuliss‘ent.

1193 937 1266 964 Idem
1281 948 1303 970 3,
1316 941 1356 970 σς.
1376 947 1400 965 et
1415 947 1437 973 ς,
1459 945 1482 970 18
1500 947 1541 975 pf.
1612 948 1637 966 et
1651 940 1734 968 Ouid.
1749 941 1782 968 de
1796 943 1858 968 Arte
1873 944 1931 968 Am.
1949 952 1975 975 1,
1986 951 2035 975 440
2069 943 2177 970 Nomen
2197 944 2264 970 ami-

1193 973 1258 999 citia
1271 974 1323 1007 est,
1342 984 1441 1002 nomen
1455 976 1534 1002 inane
1547 975 1621 1003 fides.
1679 978 1753 1010 (mnf.
1767 977 1860 1004 Tacit.
1874 978 1941 1004 Hist.
1953 988 1984 1010 a,
2001 986 2050 1012 73,
2070 987 2096 1005 2.
2133 987 2157 1005 et
2169 981 2264 1006 Graeu.

1192 1012 1228 1034 ad
1238 1010 1295 1038 Cic.
1310 1012 1363 1037 Att.
1375 1021 1397 1043 5,
1413 1019 1446 1044 ις.
1519 1013 1586 1038 Hinc
1600 1020 1639 1048 up.
1652 1013 1708 1040 Cic.
1717 1013 1807 1040 l'arad.
1818 1024 1829 1043 ⁴
1842 1021 1956 1039 emendat
1969 1015 2072 1049 Gesner.
2109 1024 2169 1041 cum
2186 1016 2263 1042 ferro

1192 1044 1271 1079 pulsis
1284 1047 1480 1081 magistratibus
1501 1049 1602 1074 senatus
1617 1058 1716 1075 nomen
1730 1049 1759 1075 in
1773 1058 1829 1084 rep.
1843 1056 1908 1076 erat.
2085 1049 2107 1089 fl
2130 1060 2150 1078 ιι
2187 1053 2217 1077 In
2231 1052 2263 1077 li-

1147 1085 1175 1111 25
1192 1081 1244 1106 oris
1254 1082 1439 1116 cornmajfhemur
1453 1083 1561 1110 Nomen
1574 1092 1598 1110 et
1611 1084 1731 1112 Numen.
1768 1084 1898 1112 Drakenb.
1910 1087 1946 1111 ad
1955 1085 2001 1112 Sil.
2011 1096 2029 1119 1,
2041 1088 2102 1120 669.
2121 1095 2146 1113 et
2158 1090 2195 1122 16,
2208 1089 2263 1119 655.

1230 1122 1252 1141 N
1263 1123 1283 1143 o
1293 1123 1320 1144 M
1333 1116 1350 1144 ι·
1358 1124 1378 1143 Ν
1388 1124 1426 1151 ο,
1451 1124 1506 1147 are.

1192 1151 1271 1179 Most.
1283 1163 1306 1186 3,
1319 1162 1347 1188 2,
1360 1163 1400 1188 97.

1192 1188 1290 1215 Heaut.
1304 1198 1320 1216 2
1330 1210 1338 1223 ,
1355 1200 1384 1223 3,
1399 1192 1431 1217 62

2179 1123 2262 1150 Plaut.

2191 1160 2264 1185 Ter.

1952 1193 2009 1221 Cic.
2023 1203 2072 1228 pro
2085 1195 2156 1227 Lege
2169 1194 2263 1220 Manil.

1191 1232 1223 1258 37
1250 1225 1307 1260 Ego
1320 1232 1410 1252 autem
1422 1228 1559 1254 neminem
1574 1229 1704 1254 nomino:
1740 1237 1822 1262 quare
1836 1227 1913 1255 irasci
1926 1229 1995 1256 mihi
2009 1238 2089 1256 nemo
2098 1230 2207 1264 poterit,
2215 1229 2263 1256 nili

1767 1263 1889 1293 Poteram
1903 1266 2044 1291 nominare
2076 1266 2197 1294 Scribon.
2213 1274 2263 1292 ¹02.

1192 1296 1290 1323 Piscem
1305 1297 1553 1329 nominareld.186.
1627 1300 1682 1326 Suo
1689 1306 1764 1326 certo
1771 1307 1800 1326 ac
1812 1301 1924 1335 proprio
1938 1300 2070 1328 vocabulo
2078 1310 2134 1328 rem
2148 1301 2265 1335 aliquam

1191 1334 1333 1359 nominare
1359 1333 1419 1360 Cic.
1432 1344 1483 1370 pro
1498 1335 1635 1365 Caecin.5=
1651 1345 1673 1362 c.
1682 1341 1717 1365 18.
1791 1336 2172 1364 Nominare-nornenalicuius
2192 1337 2264 1364 Ter.

1191 1368 1301 1396 Phorm.
1315 1379 1337 1401 ς,
1354 1379 1372 1402 v,
1387 1378 1422 1396 12.
1497 1369 1551 1397 Vbi
1564 1379 1608 1397 me
1622 1371 1746 1398 nominas
1775 1371 1813 1399 Id.
1831 1373 1926 1399 Heaut.
1936 1382 1959 1406 2,
1970 1383 1990 1406 3,
2005 1379 2046 1400 oz.
2117 1373 2175 1400 Civ.
2185 1374 2264 1401 Verr.

1190 1413 1220 1436 4,
1234 1412 1263 1436 55
1289 1404 1441 1432 Nominato
1454 1414 1533 1439 quem
1549 1406 1623 1433 voles
1637 1406 1670 1434 de
1683 1415 1729 1433 etc.
1802 1408 1944 1435 Nominor
1956 1410 2018 1436 exul
2044 1409 2127 1437 Ouid.
2141 1409 2226 1436 Trisl.
2242 1417 2265 1442 ς,

1334 1438 1484 1468 Praedicari
1497 1441 1529 1468 de
1542 1442 1567 1468 se
1580 1448 1606 1468 et
1617 1442 1755 1469 nominari
1768 1444 1864 1470 volunt
1876 1454 1970 1471 ornnes
1997 1445 2055 1472 Cic.
2070 1454 2120 1480 pro
2128 1445 2207 1472 Arch.
2222 1446 2264 1472 26.

1190 1474 1229 1501 Id.
1245 1483 1295 1509 pro
1310 1475 1384 1502 Cael.
1398 1485 1429 1509 43
1457 1477 1538 1504 Multi
1552 1486 1567 1504 a
1581 1487 1624 1505 me
1639 1479 1736 1505 summi
1751 1487 1830 1513 atque
1843 1481 1998 1507 ornatiffiini
2012 1481 2066 1507 viri
2082 1480 2264 1515 praedicaren-

1564 1120 1577 1154 [
1591 1121 1722 1155 ὅνομάζω]
1779 1122 1936 1147 Νωηιηιιιίνη
1955 1122 2102 1156 compellare.

1476 1155 1645 1189 Nominare‚
1662 1157 1873 1190 proMentionem
1881 1157 1969 1190 fiicere
1982 1163 2012 1182 tle
2027 1174 2034 1182 A
2044 1160 2119 1192 liquo.

1464 1192 1536 1224 Qid
1551 1192 1605 1224 ait,
1625 1192 1674 1219 vbi
1685 1200 1728 1219 me
1741 1192 1882 1218 nominas?

1167 1536 1169 1538 .
1191 1515 1250 1536 tur:
1275 1520 1404 1550 ’quorum
1424 1514 1523 1547 partim
1548 1514 1633 1541 nimia
1653 1514 1761 1541 libertas
1779 1515 2011 1549 innotescentia,
2037 1516 2133 1551 partim
2156 1517 2264 1551 profusa

1190 1545 1328 1583 luxuries,
1367 1549 1526 1582 magnitudo
1549 1551 1617 1576 aeris
1636 1551 1734 1584 alieni,
1758 1551 1876 1584 sumtus,
1901 1552 2028 1578 libidines
2047 1552 2262 1579 nominarentur.

1190 1578 1212 1618 ff
1234 1590 1250 1607 2
1287 1583 1457 1617 Nominare,
1474 1587 1570 1611 Nmnen
1585 1586 1718 1620 imponere.
1790 1587 1847 1613 Cic.
1860 1587 1894 1613 de
1908 1588 2014 1614 Amicii.
2030 1592 2064 1615 26
2091 1591 2175 1615 Amor
2189 1588 2264 1615 enim

951 1619 994 1645 Sic
1013 1618 1045 1644 de
1063 1617 1128 1643 Nat.
1139 1624 1179 1650 40
1191 1620 1245 1650 [ex
1258 1627 1313 1652 quo
1327 1619 1446 1645 amicitia
1459 1620 1496 1646 est
1512 1621 1670 1656 nominata)
1695 1622 1817 1656 princeps
1831 1622 1866 1648 est
1878 1624 1909 1648 ad
1923 1623 2138 1650 beneuolentiarn
2151 1624 2263 1651 coniun-

1190 1653 1312 1686 gendam.
1386 1654 1461 1681 Idem
1475 1654 1507 1682 de
1521 1656 1624 1683 Sene&
1638 1664 1675 1691 77
1701 1658 1756 1691 Ego
1771 1658 1872 1683 vestros
1887 1666 1990 1691 patres,
2011 1659 2038 1685 P.
2054 1659 2161 1693 Scipio,
2180 1667 2265 1694 tuque

1190 1689 1240 1716 Cai
1256 1689 1344 1723 Laeli,
1372 1690 1448 1716 viros
1462 1690 1615 1718 clariffimos
1626 1713 1634 1724 ,
1655 1692 1779 1727 mihique
1791 1694 1961 1720 amieiffimos
1975 1693 2070 1720 viuere
2083 1694 2219 1727 arbitror,
2237 1699 2266 1721 et

1189 1732 1220 1752 ea
1234 1725 1344 1759 quidem
1356 1726 1429 1758 vita,
1456 1735 1524 1760 quae
1536 1726 1573 1752 est
1587 1728 1640 1754 sola
1653 1728 1709 1754 vita
1723 1729 1896 1755 nominanda.
1970 1729 2010 1756 Id.
2023 1728 2103 1756 Offic.
2117 1739 2144 1762 3,
2157 1733 2190 1757 66
2227 1731 2265 1757 Vt

216 1763 348 1788 Percutias
367 1763 504 1796 pauidum.
727 1762 765 1786 Ex
777 1767 878 1794 quadem
892 1761 978 1787 Pom.
1052 1758 1128 1800 Idem
1189 1760 1286 1800 caeteri
1300 1770 1332 1787 ex
1344 1762 1480 1797 patribus,
1500 1761 1532 1789 fic
1547 1762 1601 1796 hic,
1615 1764 1662 1798 qni
1677 1763 1743 1790 illud
1758 1765 1848 1805 lumen
1862 1766 2023 1805 progenuit,
2041 1774 2074 1792 ex
2094 1765 2152 1792 filio
2167 1767 2203 1807 el}
2217 1775 2265 1793 no-

57 1794 112 1822 Act.
124 1805 162 1828 ιε,
176 1804 208 1830 ςο
234 1798 387 1823 Sustinenda
407 1804 495 1824 tamen
525 1796 564 1831 (si
580 1796 631 1823 tibi
642 1795 801 1828 videbitur)
833 1796 932 1823 solutio
951 1795 988 1822 est
1008 1804 1128 1835 nominis
1140 1804 1175 1831 45
1188 1796 1338 1837 minandus.
1388 1834 1394 1838 Ι
1498 1796 1520 1836 ff
1542 1807 1555 1831 3
1593 1800 1737 1840 qumulaef
1773 1800 1914 1827 Cic.Ac}.i
1934 1810 1964 1827 in
1977 1802 2054 1841 Verr.
2064 1807 2088 1833 18
2101 1809 2149 1836 c.7
2169 1802 2266 1842 Ἐμοὶ)-

57 1831 210 1865 Cei-eliani,
237 1832 299 1859 dum
318 1838 344 1859 et
363 1833 395 1860 de
408 1834 531 1861 Metione
544 1839 569 1860 et
582 1832 615 1859 de
636 1832 750 1859 Faberio
770 1832 891 1859 sciamus.
968 1832 1073 1865 leian.
1094 1831 1128 1859 D.
1192 1840 1264 1858 Viam
1276 1841 1303 1859 ei
1317 1833 1486 1860 multitudini
1500 1835 1559 1861 casu
1572 1835 1652 1862 Caius
1667 1836 1763 1869 Curio,
1783 1845 1863 1870 quem
1875 1846 1928 1872 ego
1940 1836 2079 1864 hominem
2095 1838 2209 1865 honoris
2218 1848 2265 1872 po-

56 1865 91 1894 de
104 1866 167 1894 Doli
181 1866 245 1894 mali
257 1869 430 1903 exceptione,
450 1870 468 1896 l.
483 1869 559 1903 Apud
573 1868 697 1903 Celsum,
715 1867 799 1901 Qiod
813 1867 830 1894 si
845 1868 883 1907 is,
902 1868 946 1894 cui
961 1868 1072 1907 pecunia
1085 1867 1130 1893 dc-

59 1900 190 1935 bebatur,
208 1912 267 1930 cum
281 1904 404 1932 debitore
417 1905 532 1938 decidit,
558 1911 583 1932 ct
597 1914 696 1932 nomen
715 1905 772 1931 eius
787 1904 910 1930 vendidit
924 1905 1001 1936 Seio,
1027 1912 1071 1930 cui
1085 1903 1129 1929 de-

55 1934 131 1965 bitor
142 1938 319 1975 mandauerat,
333 1948 362 1967 vt
377 1950 475 1968 nomen
488 1948 598 1968 emeret.

52 1982 119 2003 {um
142 1974 284 2003 Africanus
298 1977 327 2002 in
347 1977 364 2003 l.
383 1977 487 2005 Tutor.
524 1975 547 2013 §.
576 1976 690 2003 Deinde.
1017 2009 1022 2013 ι

990 2010 1079 2035 Cinna
1097 2018 1129 2035 ae

55 2047 164 2080 Catone,
183 2048 252 2082 apud
264 2048 371 2074 Sueton.
420 2048 488 2074 Plin.
501 2047 533 2073 de
547 2047 633 2073 Claris
646 2052 785 2080 grammat.
799 2054 821 2070 c.
836 2054 856 2071 ii

215 2082 309 2108 Mirati
331 2083 419 2108 sumus
439 2083 547 2108 vnicum
568 2082 741 2116 magistrum,

213 2116 351 2143 Summum
370 2117 589 2151 grammaticum,
609 2116 742 2151 optimum
764 2115 891 2148 PoEtam,

220 2152 320 2179 Omnes
341 2153 445 2180 soluere
462 2154 535 2188 poffe
554 2152 737 2187 quaestiones,

216 2189 306 2215 Vnum
327 2187 434 2215 difficile
453 2188 578 2222 expedire
597 2196 706 2214 nomen.
762 2220 768 2225 .
912 2219 918 2224 ι
1060 2217 1067 2224 .

58 2224 118 2253 Cic.
131 2225 185 2251 Att.
198 2232 230 2259 ¹3,
244 2232 276 2257 29
311 2224 456 2257 Reliquum
469 2223 513 2256 est,
527 2223 545 2249 fi
561 2222 687 2249 Faberius
703 2219 783 2248 nobis
797 2228 897 2260 nomen
910 2218 977 2246 illud
997 2218 1126 2254 explicat,

59 2260 129 2288 nihil
143 2268 270 2294 quaerere
281 2259 383 2294 quanti.
455 2259 512 2286 Cic.
524 2259 635 2292 Verr.2,
649 2261 690 2288 186
709 2267 731 2284 c.
739 2259 774 2291 76
799 2255 1005 2296 Inspictebamus
1025 2269 1071 2275 —-
1090 2263 1126 2280 ta-

59 2290 135 2324 bulas
153 2295 299 2325 societatis,
331 2303 398 2329 quae
416 2293 612 2330 significabant,
641 2293 741 2332 multis¹
754 2290 910 2318 nominibus
935 2299 981 2316 eos
999 2290 1124 2317 homines

57 2333 196 2360 versuram
208 2340 223 2357 a
235 2331 390 2365 Carpinatio
404 2331 509 2363 feciffe,
527 2329 574 2365 qui
588 2330 669 2357 Verri
684 2328 818 2355 dediss‘ent.
991 2362 997 2367 .
1045 2363 1050 2367 ι

62 2367 122 2393 bant
129 2367 259 2402 solvebant
268 2366 373 2401 pecunia
384 2376 400 2392 a
412 2366 560 2402 Carpinatio
572 2373 654 2392 mutuo
661 2365 757 2401 sumta.
832 2364 914 2404 Parua
923 2371 1033 2389 nomina
1044 2371 1071 2403 in
1081 2370 1124 2403 co-

63 2401 149 2429 dicem
159 2410 214 2428 non
227 2402 328 2429 referre
353 2401 409 2429 Cic.
423 2411 473 2437 pro
485 2402 578 2435 Qint.
588 2412 610 2433 4.
683 2403 750 2427 Hinc
768 2400 889 2427 Nomina
898 2419 906 2432 ‚
929 2405 975 2439 pre
1000 2399 1124 2424 vebum-1.

61 2438 106 2464 bus
115 2443 249 2472 ponuntur.
309 2438 366 2464 Cic.
379 2438 451 2465 Fam.
468 2445 496 2472 ς,
509 2441 523 2465 6
554 2439 611 2472 Ego
629 2444 718 2464 autem
731 2437 797 2463 meis
811 2435 890 2463 rebus
908 2436 984 2469 gestis
993 2433 1050 2475 ’hoc
1065 2434 1124 2475 alse-

61 2478 138 2500 cutus
152 2473 225 2505 sum,
242 2480 271 2500 vt
283 2472 384 2500 bonum
399 2482 498 2500 nomen
513 2473 659 2501 existimer:
695 2472 825 2508 quemfii
842 2474 926 2497 maere
946 2471 1027 2496 vdmt
1047 2471 1122 2495 hom:-

61 2518 112 2535 nes.
186 2507 291 2536 Colum.
306 2519 325 2542 ι,
338 2516 366 2544 7,
379 2517 396 2536 2
421 2510 469 2536 Vel
485 2511 587 2544 optima
599 2509 711 2536 nomina
724 2518 779 2535 non
791 2506 949 2542 appellando
964 2506 1023 2532 fieri
1038 2505 1123 2537 mala,
1140 2510 1172 2542 65
1185 2507 1227 2539 vst
1242 2508 1317 2533 etiam
1333 2509 1402 2536 Suet.
1416 2510 1491 2537 Caes.
1510 2520 1531 2537 e.
1547 2518 1576 2546 17
1593 2519 1618 2538 et
1632 2521 1673 2539 20.

59 2543 198 2572 fenerator
210 2545 292 2571 Alfius
303 2544 396 2572 dixitse
414 2546 544 2573 verissime
557 2546 653 2573 fertur.
740 2545 844 2572 Paullus
858 2544 913 2570 l(.t.
927 2544 935 2569 l
956 2545 989 2568 26
1010 2542 1033 2575 §.
1048 2550 1064 2568 2
1089 2542 1121 2567 D.

59 2580 172 2607 mandat.
197 2580 300 2608 Bonum
312 2582 489 2609 nomenfacit
497 2581 632 2615 creditor,
656 2582 703 2616 qui
717 2580 833 2607 admittit
846 2579 997 2605 debitorem
1019 2577 1123 2612 delega-

60 2622 136 2644 tum:
168 2626 194 2643 eo
208 2616 259 2652 t‘pso
271 2617 418 2653 stgnfflcat,
438 2618 468 2653 se
477 2618 584 2654 sperare
594 2618 648 2651 sibi
661 2618 771 2652 solutum
795 2616 831 2641 iri
845 2626 851 2642 ;
889 2624 932 2640 nec
948 2614 1024 2650 potest
1038 2615 1123 2649 postea

59 2652 144 2678 redire
158 2653 195 2678 ad
203 2654 365 2688 delegantem.
419 2655 538 2680 Debitum
552 2654 630 2689 ipsum
644 2652 766 2688 intelligit
779 2652 835 2678 Cic.
850 2660 900 2686 pro
909 2651 999 2691 'Planc-
1015 2656 1046 2680 ’.νε
1074 2651 1123 2675 Ve-

62 2688 176 2721 rumfac
188 2696 231 2715 me
243 2689 334 2716 multis
347 2688 444 2717 debere
453 2710 462 2722 ,
487 2697 513 2716 et
526 2690 554 2717 in
569 2690 603 2716 iis
616 2689 732 2717 Plancio.

61 2723 168 2751 turbare
179 2730 302 2759 oportet,
323 2734 356 2752 an
364 2726 482 2759 caeteris,
499 2735 581 2760 quum
595 2726 722 2760 cuiusque
735 2723 791 2751 dies
805 2730 930 2765 venerit,
952 2721 1004 2748 hoc
1024 2730 1123 2749 nomen

60 2759 133 2795 quod
148 2766 239 2795 vrget‚
263 2769 333 2788 nunc
346 2770 428 2796 quum
442 2762 559 2796 petitur,
585 2762 744 2789 diffoluere?
802 2762 844 2787 διε
865 2759 1004 2794 Appellare
1023 2758 1055 2785 de
1075 2766 1123 2785 no-

58 2796 150 2829 mine,
169 2798 189 2823 i.
209 2798 302 2830 quen
316 2798 358 2822 exi
375 2807 415 2824 ere
435 2798 492 2825 Cic.
502 2799 554 2825 Att.
568 2806 591 2831 ς,
606 2807 643 2832 19.
719 2798 769 2823 Sea‘
779 2797 837 2823 Cic.
845 2797 897 2822 Att.
913 2805 924 2828 5
939 2796 987 2822 vlt.
1002 2802 1068 2821 extr.
1092 2799 1122 2819 de

59 2832 157 2867 Scapt1'o
173 2833 196 2858 lo
215 2842 288 2866 uens,
309 2833 350 2860 Mi
372 2833 482 2860 iautem
497 2834 637 2868 impudens
651 2833 751 2868 magis,
771 2841 849 2868 quam
864 2831 957 2858 stultus
972 2830 1121 2857 videbatur.

672 1941 767 1967 Parum
781 1940 879 1967 idonea
897 1940 1007 1966 uomina
1027 1938 1131 1966 debito-

730 1977 762 2003 1).
779 1975 811 2001 ad
844 1976 868 2001 S.
883 1976 915 2002 C.
948 1975 1127 2002 Velleianum.
1141 1987 1175 2012 50
1190 1976 1229 2001 Id.
1244 1985 1295 2009 pro
1309 1977 1333 2003 S.
1346 1977 1422 2003 Rosc.
1436 1987 1457 2003 c.
1466 1986 1487 2004 2.

1181 2832 1315 2861 tissimum.

1189 1868 1260 1901 tius,
1279 1878 1359 1904 quam
1375 1871 1555 1898 contumeliae
1570 1873 1644 1898 causa
1657 1872 1826 1899 nominatum
1841 1874 1922 1900 volo:
1958 1874 2059 1900 etenim
2066 1883 2097 1900 ea
2109 1874 2204 1908 dicam,
2217 1882 2265 1902 etc.

1192 1906 1210 1931 i.
1259 1908 1307 1931 uod
1320 1915 1406 1932 nomen
1419 1917 1470 1933 etus
1489 1907 1582 1942 effm,
1612 1910 1641 1933 id
1658 1917 1707 1935 mn
1732 1909 1756 1933 ei
1773 1908 1969 1943 contumdiosum
1989 1909 2051 1935 erit.
2123 1910 2197 1937 Idem
2214 1919 2265 1944 pro

1192 1941 1287 1973 Qnint.
1301 1947 1329 1971 28
1350 1943 1440 1975 Qiem
1454 1948 1483 1969 vt
1496 1943 1576 1978 ipfius
1589 1943 1705 1977 dignitas
1718 1944 1801 1977 poscit
1814 1944 1927 1971 honoris
1942 1945 2025 1978 gratia
2033 1946 2157 1973 nomino.
2192 1947 2264 1973 Aad.

1562 1979 1650 2010 Quas,
1671 1985 1700 2004 vt
1713 1987 1828 2011 aequum
1843 1979 1878 2005 est
1887 1999 1896 2011 ,
1919 1980 2037 2006 familias
2050 1981 2195 2007 honestatis
2208 1990 2263 2008 am-

1188 2010 1386 2044 plitudinisque
1398 2012 1485 2045 gratia
1498 2012 1613 2038 nomino
1643 2013 1701 2039 Cic.
1714 2021 1765 2046 pro
1779 2014 1853 2042 Rosc.
1868 2016 1927 2040 Am.
1940 2018 1996 2042 c.6.
2068 2016 2152 2043 Nefas
2165 2016 2263 2044 habent

1189 2044 1358 2070 Mercurium
1373 2047 1516 2072 nominare
1530 2047 1654 2082 Aegyptii
1686 2047 1723 2074 Id.
1740 2049 1773 2074 de
1788 2049 1851 2076 Nat.
1866 2049 1948 2077 Deor.
1963 2059 1994 2084 2,
2012 2058 2042 2084 59
2127 2054 2193 2078 Idem
2211 2053 2263 2088 est,

1188 2079 1391 2114 quodfhff}-agio
1398 2080 1445 2115 suo
1459 2083 1589 2116 a'eszgnare
1601 2082 1657 2109 Cic.
1672 2083 1704 2109 ad
1720 2083 1793 2110 Brut.
1803 2094 1815 2117 7
1848 2086 1871 2112 Is
1886 2086 1980 2112 Pansae
1994 2087 2083 2113 locum
2096 2094 2186 2121 petere
2200 2098 2263 2115 con-

1188 2114 1289 2144 stituit,
1305 2123 1363 2141 eam
1377 2117 1593 2145 nominationem
1609 2127 1623 2144 a
1638 2124 1663 2145 te
1677 2119 1805 2153 petimus:
1842 2130 1930 2154 neque
1943 2123 2128 2150 coniunctiori
2140 2123 2205 2150 dare
2218 2124 2263 2151 be-

1140 2158 1171 2185 53
1188 2150 1331 2183 neficiurn,
1358 2160 1437 2184 quam
1457 2162 1507 2179 nos
1525 2153 1576 2180 tibi
1597 2155 1686 2180 finnus
1701 2164 1707 2180 t
1732 2164 1832 2189 neque
1849 2157 2010 2191 digniorem.
2025 2160 2166 2185 nominare
2184 2166 2261 2194 potes

1188 2194 1268 2219 quain
1281 2186 1416 2214 Bibulum.
1490 2189 1560 2216 Plin.
1572 2190 1667 2223 Paneg.
1681 2199 1703 2216 c.
1712 2200 1734 2222 71
1763 2192 1832 2217 Cum
1845 2192 1991 2219 candidatis
2001 2214 2009 2226 ‚
2028 2200 2057 2220 vt
2071 2203 2204 2230 quemque
2211 2205 2260 2223 no-

1187 2221 1356 2251 minaueras.
1376 2223 1469 2250 osculo
1483 2233 1648 2251 occurrereS.
1722 2225 1797 2252 Idem
1811 2226 1891 2261 Epist.
1904 2237 1927 2260 2,
1942 2237 1956 2254 ιΔ
1973 2229 2023 2255 1110
2043 2229 2097 2263 die,
2111 2239 2166 2264 quo
2179 2231 2260 2258 sacer—

1187 2255 1262 2282 dotes
1276 2257 1361 2283 solent
1374 2259 1531 2293 nominare,
1553 2268 1620 2293 quos
1635 2260 1797 2295 digniffimos
1810 2263 1958 2290 sacerdotio
1971 2264 2105 2299 iudicant,
2130 2275 2175 2292 mc
2194 2268 2259 2294 sem-

1186 2300 1234 2325 per
1248 2292 1414 2320 nominabat.
1489 2295 1562 2321 Idem
1576 2296 1657 2330 Epist.
1672 2307 1697 2329 4,
1711 2303 1733 2326 8.
1770 2306 1793 2323 et
1806 2298 1876 2325 Suet.
1896 2300 1989 2327 Claud.
2009 2309 2032 2327 c.
2045 2309 2085 2328 22.
2161 2303 2259 2330 Nomi-

873 2329 944 2364 [ζέω
966 2327 1041 2352 Verri
1056 2327 1124 2351 aebe—
1138 2332 1174 2356 60
1186 2335 1265 2360 nare,
1292 2329 1367 2354 etiam
1389 2329 1423 2365 ⁶st
1442 2331 1536 2356 Numen
1556 2333 1664 2357 alicuius
1684 2335 1718 2358 ad
1736 2334 1915 2369 Adagg'stratum
1929 2329 2029 2369 nefiss‘e
2041 2338 2155 2363 criminis
2175 2339 2260 2374 causa.

1185 2363 1245 2390 Liu.
1260 2373 1294 2397 3¹,
1309 2373 1331 2403 ι]
1362 2365 1389 2391 Si
1403 2366 1543 2401 quisquam
1557 2365 1591 2393 ad
1610 2368 1635 2394 se
1648 2367 1810 2402 deduxiffet‚
1830 2379 1966 2398 nomenuc·
1982 2371 2096 2399 absentis
2111 2374 2260 2409 detulisset,

1186 2399 1234 2432 qui
1247 2407 1399 2427 nominatus
1414 2403 1586 2437 profugisset,
1612 2403 1685 2430 diem
1705 2412 1807 2432 certum
1823 2406 1992 2440 definiamus,
2011 2407 2044 2434 ad
2057 2418 2147 2441 quem,
2160 2410 2208 2436 nili
2222 2411 2258 2437 ci-

1184 2440 1252 2462 tatus
1267 2436 1455 2471 respondiffet‚
1474 2438 1564 2465 absens
1578 2438 1760 2467 damnaretur.
1832 2442 1858 2469 Si
1873 2443 1933 2477 quis
1945 2447 2106 2480 eorum‚qui
2116 2452 2173 2472 tum
2184 2453 2259 2474 extra

1185 2476 1284 2498 terram
1297 2473 1400 2502 Italiam
1415 2475 1492 2508 esset,
1522 2476 1726 2510 nominaretur,
1753 2477 1780 2503 ei
1798 2477 1929 2505 laxiorem
1946 2480 2018 2507 diem
2039 2481 2157 2508 daturos.
2215 2483 2258 2509 Sie

1729 2513 1799 2540 Plin.
1810 2514 1889 2549 Epist.
1904 2526 1936 2549 9,
1949 2524 1990 2549 13,
2005 2526 2038 2550 ¹7·
2064 2525 2091 2543 ec
2104 2526 2148 2551 ιο,
2161 2526 2212 2553 97,
2231 2521 2257 2546 6.

1183 2544 1215 2570 In
1227 2543 1412 2577 nominando,
1442 2550 1497 2573 md.
1512 2554 1523 2574 1
1532 2553 1554 2574 N
1563 2549 1654 2584 Praep.
2065 2556 2067 2559 ⁴
2244 2555 2247 2561 ⁴

1223 2585 1246 2605 N
1260 2585 1281 2605 O
1291 2586 1316 2606 M
1327 2589 1336 2607 1
1349 2587 1370 2607 Ν
1382 2582 1436 2608 AT
1445 2588 1466 2608 V
1478 2589 1492 2609 S
1504 2604 1512 2616 ,
1532 2592 1547 2609 a
1556 2604 1564 2615 ,
1585 2592 1641 2611 um.
1682 2584 1776 2612 Partic-
1834 2585 2030 2622 [ὠνομασμένοι]
2084 2588 2144 2617 Cic.
2156 2589 2213 2617 Off.
2227 2599 2255 2626 3,

1186 2617 1225 2641 116
1238 2624 1260 2642 c.
1273 2625 1297 2648 33
1327 2617 1411 2650 Atqui
1429 2617 1462 2644 ab
1481 2619 1616 2660 Aristippo
1636 2620 1778 2653 Cyrenaici
1790 2629 1870 2657 atque
1885 2623 2025 2650 Annicerii
2036 2623 2193 2661 philosophi
2207 2635 2256 2653 no-

1184 2651 1296 2685 minati,
1314 2661 1397 2681 omne
1412 2652 1514 2682 bonum
1527 2664 1557 2682 in
1569 2656 1706 2691 voluptate
1719 2659 1872 2692 posuerunt.
1909 2659 1948 2686 Id.
1963 2661 2040 2687 Verr.
2053 2660 2113 2688 Aci.
2126 2670 2148 2695 ι,
2160 2667 2185 2692 18
2198 2672 2219 2690 c.
2227 2670 2255 2698 7.

790 2689 897 2727 Vtrum.
907 2687 992 2722 igitur
1005 2695 1048 2712 me
1062 2694 1124 2715 eon-,
1136 2697 1173 2726 70
1185 2687 1365 2724 Nominatus,
1385 2690 1447 2724 ior,
1467 2691 1572 2718 iffimus.
1609 2692 1761 2729 [ὄνομαςδς]
1798 2696 1848 2721 Pro
1862 2695 1966 2723 celebri.
2003 2696 2060 2722 Cic.
2070 2697 2151 2724 Verr.
2173 2702 2188 2725 6
2204 2702 2253 2731 (4)

1184 2733 1213 2757 27
1228 2734 1279 2751 can
1307 2725 1392 2759 Qud,
1412 2727 1457 2753 illa
1472 2728 1601 2761 Attalica,
1621 2735 1677 2756 tota
1689 2729 1777 2756 Sicilia
1790 2731 1945 2765 nominata,
1967 2731 2001 2758 ab
2013 2731 2109 2760 eodem
2122 2734 2195 2760 Heio
2208 2743 2253 2770 pe-

1183 2761 1352 2794 ripetasmata
1371 2771 1460 2790 emere
1478 2763 1580 2791 oblitus
1600 2766 1644 2791 es?
1719 2765 1910 2793 Nominatiora
1930 2768 2048 2802 pericula
2081 2769 2204 2797 Tertull.
2219 2770 2252 2798 de

1183 2797 1231 2822 An.
1245 2806 1304 2829 αις.
1375 2799 1443 2826 Plin.
1454 2808 1488 2831 ιι,
1502 2810 1518 2833 9
1543 2800 1638 2828 Vicina
1652 2801 1688 2827 cst
1701 2801 1853 2836 Bactriana,
1873 2803 1902 2829 in
1915 2812 1966 2838 qua
1978 2804 2110 2831 bdellium
2126 2806 2250 2833 nomina-

1386 2836 1525 2869 Augustin.
1542 2836 1576 2864 de
1597 2837 1658 2863 Ciu.
1677 2837 1728 2863 Dei
1745 2840 1785 2870 16,
1803 2848 1816 2864 2
1860 2839 1935 2872 Qiid
1954 2840 2119 2867 nominatius
2130 2841 2249 2869 Christo.

59 2866 131 2895 Nam
144 2873 188 2894 aut
222 2877 275 2895 ono
289 2868 400 2895 nomine
420 2869 566 2896 centefimis
579 2875 719 2897 contentus
733 2876 804 2902 crat,
828 2875 874 2895 aut
893 2877 947 2894 non
969 2867 1122 2907 bonobqua-
1133 2877 1166 2905 75
1181 2867 1390 2898 Nominatissimi
1416 2872 1544 2899 Graeciae
1559 2872 1685 2900 aritstores
1722 2874 1845 2901 Priscian.
1867 2875 1901 2902 de
1928 2875 2004 2903 Verr.
2029 2877 2108 2904 Corn.
2133 2887 2160 2912 p.
2187 2886 2248 2911 1327.

55 2909 143 2931 ternas
157 2904 305 2931 centesimas
313 2905 443 2939 sperabat.
498 2907 589 2942 Nempe
601 2907 632 2931 ab
645 2915 679 2939 eo,
692 2915 708 2931 a
720 2915 765 2940 quo
779 2906 836 2932 Sors
843 2904 963 2940 speratur
976 2910 1061 2938 zyurts
1074 2912 1120 2943 'W'

57 2940 180 2966 diocribus
193 2948 317 2966 contentus
330 2948 388 2967 erat
401 2950 409 2971 3
445 2948 534 2967 metum
543 2942 666 2976 perdendi
679 2942 773 2969 Sortem·
787 2941 870 2967 Salam·
888 2941 984 2966 volebat
997 2946 1123 2979 'magni-thu-

56 2974 115 3001 dine
126 2975 261 3010 vsurarum
270 2996 278 3009 ,
305 2985 366 3010 quas
378 2977 480 3004 interim
499 2977 645 3013 perciperet.
718 2977 798 3004 Cedit
814 2976 955 3003 nominum
977 2975 1033 3016 dies
1066 2975 1122 3003 (ic.

57 3010 109 3038 Att.
122 3015 146 3041 8.
217 3011 257 3039 Id.
271 3010 338 3039 ibid.
353 3014 389 3046 16,
402 3021 415 3045 3
448 3012 489 3039 Ad
507 3012 615 3040 Balbum
637 3013 723 3047 scripsi
743 3013 874 3048 apertius,
903 3019 932 3038 vt
953 3011 970 3038 fi
984 3011 1049 3046 quid
1070 3011 1121 3037 tale

57 3046 204 3080 accidisset,
224 3053 253 3074 vt
265 3057 320 3074 non
333 3054 523 3075 concurrerent
539 3050 663 3083 nomina,
682 3049 847 3076 subueniret.
883 3049 902 3075 ι’.
921 3052 962 3074 Aa
971 3055 1064 3084 tempus
1072 3055 1119 3071 mm
1135 3056 1168 3082 80
1181 3049 1248 3076 lium
1261 3052 1456 3078 nominamum,

59 3081 239 3117 responderent,
251 3084 298 3119 seu
309 3084 439 3120 soluerent
450 3085 481 3118 ii,
494 3086 537 3119 qui
549 3086 644 3112 debent.
717 3086 822 3112 Debere
851 3084 931 3111 certis
963 3083 1119 3110 nominibus

60 3116 185 3150 grandem
197 3119 335 3153 pecuniam
359 3120 416 3148 Cic.
424 3130 474 3156 pro
487 3121 581 3154 Qiint.
589 3127 625 3154 38.
697 3122 752 3149 Effe
765 3122 793 3148 in
805 3121 961 3148 nominibus
988 3120 1027 3147 Id.
1040 3121 1119 3146 Verr.

60 3159 86 3185 5,
98 3160 130 3184 ¹7·
198 3154 310 3190 Exigere
318 3156 438 3190 nomina,
445 3164 491 3198 P⁷.'⁰
498 3161 543 3183 Aa
549 3156 728 3192 afflationem
734 3167 826 3193 cogere.
881 3157 940 3184 Cic.
951 3157 1045 3188 ναι-,3
1065 3156 1080 3189 (
1088 3157 1117 3190 ι)

61 3192 94 3216 28
113 3194 184 3226 ‘³2¹0
226 3191 317 3224 Qum
336 3201 383 3227 per
402 3202 447 3219 eos
467 3193 537 3228 ipsos
555 3193 627 3227 dies,
661 3203 709 3229 per
727 3202 794 3228 quos
812 3194 913 3220 causam
930 3193 983 3218 Dio
1004 3192 1118 3224 diceret,

303 3263 453 3298 Expendere
472 3274 568 3292 numos
590 3266 668 3292 certis
682 3265 840 3292 nominibus
869 3267 936 3292 Hor.
951 3264 1029 3299 Epist.
1045 3272 1059 3290 2
1069 3285 1076 3297 ‚
1092 3273 1117 3296 ι,

60 3303 113 3326 ¹05·
185 3294 309 3329 Expedita
320 3305 347 3325 et
359 3300 484 3335 explicata
496 3302 613 3328 nomina.
663 3303 718 3328 Vix.
733 3303 803 3328 Grot.
823 3304 920 3327 Florum
942 3304 1065 3337 Spmen.
1084 3301 1119 3325 nd

58 3332 102 3357 ΙΨ
118 3329 206 3365 ''iffi'’-
219 3337 303 3365 P·234·
370 3335 525 3371 Expungere
536 3338 646 3365 nomina
676 3338 756 3365 Plaut.
770 3338 834 3365 cist.
850 3347 868 3371 1,
882 3348 903 3370 3,
914 3347 949 3371 4¹·
1022 3337 1117 3376 Facere

46 3400 48 3404 .
60 3366 172 3394 nomina
198 3366 256 3393 Sen.
271 3367 387 3402 Benefii,
399 3380 417 3398 ι,
488 3373 543 3400 Cic.
556 3374 629 3400 Fam.
642 3381 670 3408 7,
683 3383 709 3407 23
722 3382 763 3409 pr.
789 3375 815 3399 in
829 3375 918 3400 literas
931 3374 1028 3407 ›efcrre
1039 3372 1118 3406 pavli-

63 3412 121 3436 cas,
138 3402 156 3427 i.
169 3402 196 3427 in
209 3404 307 3428 tabulas
320 3406 455 3438 trapezitae
464 3409 587 3443 publicam
600 3411 770 3436 ..afim-itatem
783 3411 908 3436 habentes.

63 3437 152 3470 mina,
170 3437 308 3473 negotium
322 3439 428 3467 conficit
441 3442 569 3471 Caninius
594 3446 650 3472 Cic.
667 3445 744 3473 Offic.
759 3454 788 3479 3,
803 3448 841 3477 56.
914 3445 1021 3472 Habere
1036 3452 1061 3469 ιιι
1071 3451 1116 3468 ιιο-

63 3473 183 3500 minibus
214 3472 254 3501 Id.
270 3474 323 3501 Att.
338 3481 368 3508 8,
382 3483 420 3501 io.
488 3477 585 3507 Idonea
596 3482 705 3508 nomina
734 3483 763 3509 L.
779 3492 804 3516 19
829 3482 889 3516 Dig.
907 3481 939 3508 ad
952 3482 999 3508 SC.
1021 3479 1115 3506 Vellei.

62 3507 87 3548 ᾖ.
100 3521 123 3543 4.
196 3509 305 3543 Liuius,
330 3509 425 3537 Tarda
438 3513 545 3541 nomina
558 3522 583 3542 et
596 3517 722 3552 impedita
742 3518 838 3545 inertia
856 3517 1020 3545 debitorum.
1076 3516 1116 3541 Sic

63 3553 87 3571 et
99 3544 244 3580 Expedita,
269 3552 293 3572 et
308 3546 448 3581 Explicata.
520 3551 626 3584 Optima
657 3555 767 3580 nomina
800 3564 854 3581 non
875 3552 1028 3588 appellando
1050 3551 1115 3578 fiunt

64 3580 131 3607 mala
156 3582 288 3609 Columel.
303 3592 321 3616 ι,
336 3592 358 3615 7.

66 3614 140 3643 Rosc.
151 3617 228 3644 Com.
243 3626 279 3645 iz.
351 3618 389 3646 Id.
405 3618 432 3644 in
446 3618 546 3646 Sallust.
560 3630 586 3654 ¹9
619 3623 694 3652 Vnde
708 3632 809 3652 tantum
824 3627 867 3653 hic
882 3626 1016 3659 cxhausst,
1036 3633 1116 3658 quan-

60 3655 124 3677 tum
135 3652 221 3685 potuit
233 3661 277 3681 aut
290 3653 343 3681 fide
355 3654 497 3681 nominum
513 3656 614 3691 traiici,
634 3660 672 3692 (j.
690 3664 763 3691 certis
776 3664 910 3688 hominibus
923 3672 964 3687 nu:
975 3675 978 3684 ι
996 3678 999 3685 s
1010 3662 1060 3692 aff,
1074 3661 1116 3695 qui

68 3694 202 3728 curareris,
218 3692 283 3723 quod
286 3690 338 3722 sthi
351 3691 378 3715 in
387 3691 516 3726 prouincia
532 3698 615 3718 natum
630 3694 701 3728 effit,
722 3699 918 3733 Ronmesalui:)
939 3706 983 3723 aut
996 3697 1022 3722 in
1038 3705 1116 3723 naues

69 3722 200 3749 contrudi.
271 3725 371 3753 Locare
385 3735 482 3753 nornen
489 3727 582 3761 sponsu
589 3727 713 3762 improbo
731 3732 777 3766 <Ji
786 3743 848 3760 vera
860 3733 960 3769 eflnffh'.
974 3734 988 3766 J
1008 3732 1115 3760 Phaedr.

63 3792 143 3828 scribi
151 3800 196 3828 pro
209 3796 267 3822 alio.
337 3798 447 3825 Soluere
461 3799 570 3825 nomina
600 3799 657 3825 Cic.
672 3801 764 3836 Att.6‚
778 3814 799 3831 2.

69 3827 101 3855 de
115 3828 203 3856 tabula
226 3830 319 3866 Id.pro
332 3834 401 3861 Sext.
414 3843 458 3861 20.
530 3835 735 3862 Transscribere
748 3841 855 3868 nomina
868 3842 894 3868 in
908 3842 974 3867 alios
1006 3840 1066 3867 Liu.
1081 3849 1118 3874 35,

69 3874 84 3897 7
110 3871 152 3900 pr.
221 3866 383 3897 Transferre
415 3879 532 3904 nomen,
571 3872 589 3898 i.
615 3871 744 3906 Vezsuram
761 3875 847 3906 facere
878 3878 936 3904 Cic.
952 3878 1021 3903 Fam.
1037 3886 1064 3913 ς,
1085 3886 1118 3910 13.

69 3897 91 3938 q
112 3906 126 3931 8
164 3901 245 3927 Habet
263 3904 336 3930 locum
354 3915 452 3934 nomen
470 3915 546 3934 erma:
566 3908 592 3931 in
611 3908 727 3941 inultm,
752 3912 942 3938 unuſsnionioas
959 3914 1117 3948 pnellrtim.

74 3938 105 3963 Vt
118 3935 233 3964 Abolcre
244 3946 339 3966 nomen
350 3950 377 3968 v.
385 3951 412 3969 v.
1018 3943 1025 3948 ⁴

226 3978 309 4002 voi..
343 3977 404 4006 111.

871 3805 987 3832 Tollere
1009 3805 1118 3832 nomina

1180 3085 1279 3113 habent
1292 3087 1423 3121 analogias
1438 3087 1597 3115 nominatus.

1179 3129 1207 3149 vt
1220 3122 1249 3149 fit
1263 3122 1357 3149 codem
1371 3132 1484 3158 genere,
1503 3125 1588 3160 specie
1601 3124 1703 3154 eadem.

1176 3194 1388 3229 perstvzgulorum,
1395 3197 1503 3223 nomina.

62 3228 226 3285 repedrgcfpir
243 3228 364 3260 pecunias
384 3228 494 3256 sumsisse
514 3236 633 3263 mutuas,
666 3230 775 3256 nomina
794 3230 837 3256 sua
855 3229 981 3264 exegisse,
1014 3227 1119 3262 praedia
1129 3235 1159 3264 85
1179 3230 1258 3256 bunal
1272 3230 1430 3265 ascendunt,
1448 3232 1531 3260 citant
1545 3234 1703 3261 nominatim
1719 3234 1848 3261 iuniores.

10 3267 14 3270 ’
59 3267 112 3286 ven
134 3267 142 3284 1
163 3267 172 3284 1
193 3267 216 3285 e.

1182 2906 1244 2931 eu'it.
1257 2907 1356 2941 Pul-sch.

1220 2948 1327 2970 NOMI
1338 2950 1360 2969 N
1371 2944 1424 2971 ᾸΤ
1435 2949 1457 2969 v
1467 2950 1494 2976 s,
1514 2942 1553 2971 sis.
1573 2952 1610 2970 m.
1648 2946 1715 2970 Idem
1733 2946 1799 2980 quod
1810 2955 1907 2973 nomen.
1962 2948 2042 2975 Varr.
2053 2948 2088 2975 *de
2101 2949 2130 2975 L.
2144 2950 2173 2976 L.
2186 2957 2203 2982 9
2213 2968 2221 2981 ‚
2236 2957 2246 2975 i

1182 2985 1208 3011 p.
1221 2987 1275 3011 132,
1290 2988 1298 3004 ι
1330 2980 1412 3012 Quod
1426 2979 1458 3006 ad
1473 2980 1659 3007 nominatuum
1674 2980 1860 3009 similitudines
1874 2982 2122 3011 animaduertendas
2134 2984 2247 3010 arbitra-

1183 3019 1223 3040 tus
1236 3015 1293 3041 sum
1305 3015 1365 3041 satis
1380 3016 1447 3048 esse,
1467 3023 1514 3043 etc.
1570 3018 1601 3042 Et
1613 3024 1672 3042 ante
1684 3026 1769 3052 p.;29,
1782 3028 1809 3047 25
1842 3019 1923 3052 Qiod
1938 3029 2031 3054 magna
2045 3019 2075 3046 fit
2086 3021 2161 3054 eopia
2177 3019 2246 3046 [imi-

1510 3052 1556 3078 Al.
1570 3052 1732 3081 Nominum.
1786 3056 1819 3081 It.
1832 3064 1856 3090 p.
1871 3063 1930 3087 130,
1943 3064 1961 3081 2
1987 3057 2060 3082 Inter
2074 3056 2098 3081 sc
2111 3055 2245 3082 dissimiles

1653 3089 1689 3116 Vt
1701 3089 1793 3117 fimilis
1807 3090 1837 3118 {it
1850 3091 2018 3124 nominatus,
2037 3090 2136 3118 habere
2149 3090 2245 3125 debet,

1216 3166 1239 3185 N
1249 3164 1269 3185 O
1280 3165 1305 3184 Μ
1317 3166 1327 3185 1
1342 3165 1365 3185 N
1377 3162 1401 3186 A*
1411 3166 1433 3187 Τ
1443 3167 1451 3185 1
1463 3166 1500 3187 Μ.
1538 3160 1606 3188 Acin.
1643 3162 1838 3196 [ὄνομακλῆδην.
1856 3161 1970 3196 «iuvuns-l]
2005 3162 2112 3187 Nomine
2124 3162 2244 3198 exprffl,

1578 3198 1638 3224 Liu.
1652 3207 1675 3231 2,
1687 3204 1715 3228 28
1740 3199 1856 3225 Demissb
1869 3198 1975 3230 Senatu,
1994 3197 2121 3224 Consules
2134 3199 2163 3225 in
2175 3199 2243 3226 Tri-

1919 3234 1978 3260 Cic.
1986 3234 2063 3259 Verr.
2072 3241 2094 3266 ς,
2107 3243 2143 3267 94
2163 3235 2243 3262 Tum

1178 3266 1345 3301 appellantur
1355 3277 1370 3294 a
1382 3269 1554 3296 multitudine
1566 3271 1691 3297 mulieres
1704 3271 1874 3297 nominatim.
1911 3269 1984 3297 Caes.
1999 3269 2063 3296 Bell.
2076 3270 2145 3297 Gall.
2159 3278 2192 3303 2,
2206 3279 2243 3302 25.

1178 3302 1327 3330 Decernere
1340 3304 1444 3340 aliquid
1456 3305 1616 3333 nominatim
1661 3307 1718 3333 Cic.
1734 3308 1786 3333 Att.
1806 3314 1840 3341 7,
1859 3315 1890 3335 ¹5-

1177 3339 1256 3365 alicui
1270 3349 1337 3374 opus
1350 3341 1461 3375 aliquod
1493 3342 1559 3370 Plin.
1573 3342 1601 3369 in
1615 3342 1697 3369 totius
1711 3351 1729 3369 o
1749 3343 1800 3369 eris
1816 3340 1897 3376 pracf-

1178 3376 1339 3402 nominatim
1362 3377 1421 3403 Cic.
1438 3378 1530 3412 Att.n‚
1543 3388 1566 3412 7.

980 3409 1051 3436 Facit
1070 3416 1116 3433 no·
1129 3422 1165 3447 90
1178 3410 1209 3437 de
1223 3413 1290 3446 Lege
1306 3413 1400 3447 Agrar.
1414 3421 1445 3446 2,
1463 3416 1506 3441 60.

1963 3305 2061 3332 Dicare
2077 3306 2242 3333 nominatim

1971 3341 2098 3375 Excipere
2121 3343 2242 3377 aliquem

1639 3378 1719 3405 Exclu
1741 3379 1748 3404 i
1763 3376 1921 3404 nominatim
1935 3375 2040 3404 honore
2052 3377 2145 3412 aliquo
2165 3378 2240 3405 Idem

1578 3413 1653 3441 Idem
1672 3424 1721 3450 pro
1738 3414 1811 3440 Rosc.
1833 3414 1923 3439 Amer.
1936 3419 1969 3447 47
1989 3415 2049 3440 c.16
2078 3414 2157 3447 Qiasi
2172 3423 2238 3441 vero

1177 3447 1247 3475 mihi
1261 3447 1370 3475 difficile
1383 3449 1423 3482 fit,
1435 3451 1557 3484 quamuis
1570 3451 1667 3477 multos
1683 3449 1842 3477 nominatim
1856 3449 1981 3475 Proferre
2006 3452 2018 3481 (
2026 3459 2059 3476 ne
2073 3451 2179 3485 longius
2194 3450 2238 3478 ab·

1177 3488 1253 3516 eam)
1273 3485 1317 3511 vel
1330 3484 1459 3519 tribules,
1476 3487 1518 3513 vel
1533 3487 1636 3513 vicinos
1650 3494 1737 3517 meos,
1757 3491 1801 3511 etc.

1177 3519 1216 3547 Id.
1230 3521 1303 3546 Fam.
1315 3529 1347 3554 13,
1361 3526 1399 3552 28.

1177 3555 1209 3582 ad
1224 3557 1347 3583 Senatum
1367 3557 1514 3592 referatur,
1541 3559 1610 3585 dicat
1630 3556 1783 3583 sententiam
1802 3557 1850 3592 qui
1868 3557 1951 3590 velit,
1977 3558 2137 3584 nominatim
2157 3566 2237 3584 nemo

429 3581 511 3610 Adire
523 3585 554 3611 ad
565 3587 692 3616 arbitrum
706 3590 738 3616 de
751 3591 860 3617 nomine
873 3591 983 3616 alieuius
1004 3588 1058 3614 Cic.
1067 3597 1116 3622 pro
1132 3600 1165 3627 93
1178 3593 1305 3626 Rogatur,

1875 3485 1915 3511 De
1928 3491 1954 3510 te
1975 3485 2135 3512 nominatim
2158 3486 2237 3521 Rogo

1478 3522 1517 3549 Id.
1531 3524 1609 3549 Verr.
1624 3533 1654 3554 4,
1668 3530 1709 3553 ¹42
1737 3521 1797 3547 Mos
1812 3520 1847 3547 est
1858 3520 2003 3554 Syracusis,
2024 3528 2063 3561 vt,
2078 3522 2154 3556 fiqua
2161 3522 2194 3548 de
2208 3531 2237 3548 re

1376 3594 1540 3621 Pcrscribere
1558 3592 1718 3620 nominatim
1732 3600 1834 3627 peccata
1852 3593 1970 3619 alicuius.
2042 3594 2098 3620 Cic.
2118 3595 2194 3620 Verr.
2209 3602 2237 3626 2,

1178 3637 1213 3659 ¹7¹
1245 3629 1327 3655 Furta
1346 3638 1454 3664 quoqne
1474 3630 1547 3657 istius
1560 3628 1689 3664 permulta
1708 3629 1868 3656 nominatim
1885 3629 1917 3656 ad
1937 3629 2021 3656 socios
2042 3629 2235 3661 Perscripscrat.

1178 3665 1347 3700 Persequitur
1359 3666 1518 3692 nominatim
1532 3673 1624 3691 omnes
1637 3664 1783 3699 voluptates
1797 3665 1924 3700 Epicurus
1950 3665 1988 3691 Id.
2003 3665 2034 3691 de
2047 3665 2110 3692 Nat.
2127 3665 2235 3695 Deera,

1178 3709 1225 3728 ιη.
1298 3702 1433 3736 Praecepit
1447 3699 1642 3728 consulentibus
1657 3700 1816 3727 nominatim
1843 3701 1935 3736 Nepos
1949 3710 1967 3733 ι,
1982 3710 2000 3733 ι,
2015 3711 2034 3733 3.
2182 3736 2185 3739 Δ

1179 3746 1208 3770 3,
1227 3739 1257 3767 ὃς
1290 3736 1429 3771 Quidquid
1443 3738 1515 3763 enim
1528 3736 1563 3762 est
1576 3737 1603 3761 in
1618 3736 1728 3770 praedio
1742 3738 1821 3771 vitii,
1848 3737 1874 3763 id
1889 3737 2049 3770 statuerunt,
2075 3736 2093 3763 fi
2111 3735 2233 3761 venditor

70 3766 90 3790 ¹⁵
103 3766 141 3790 ¹7⁹
156 3766 164 3784 ¹
192 3759 437 3796 disimrfid‘i'sffiff,
464 3764 507 3797 qui
526 3772 609 3788 mmm
624 3764 697 3797 suum
717 3770 813 3800 patitur
833 3771 860 3794 in
878 3770 1009 3795 suffitum·
1027 3770 1270 3803 taoulistoosciret,
1289 3772 1337 3799 nili
1351 3769 1508 3799 nominatim
1522 3771 1623 3798 dictum
1635 3773 1703 3805 esset,
1725 3773 1846 3807 praestari
1858 3780 1993 3808 oportere.

1178 3817 1202 3835 et
1217 3809 1387 3844 Generatim,
1405 3808 1540 3834 contraria.
2125 3842 2129 3845 ῃ
2180 3840 2184 3843 .

1179 3844 1287 3878 delitas,
1307 3851 1377 3871 tanta
1390 3853 1449 3870 cum
1464 3843 1584 3870 Barbaris
1596 3845 1720 3878 gentibus
1738 3844 1911 3878 coniuntffio,
1936 3853 1964 3870 vc
1982 3853 2037 3870 non
2058 3847 2231 3883 nomina-tim,

1179 3880 1223 3907 sed
1241 3880 1387 3916 generatim
1404 3879 1563 3914 proscriptio
1581 3882 1642 3908 ess'et
1660 3881 1819 3914 informata,
1853 3881 1870 3908 i.
1897 3890 1944 3906 non
1962 3880 2081 3905 indicans
2098 3878 2232 3901 nonnmbus

1177 3917 1384 3952 proscriptorum,
1398 3915 1448 3950 sed
1457 3924 1515 3950 ug.
1527 3917 1662 3951 quicunque
1676 3926 1728 3942 cum
1744 3917 1829 3942 Mario
1835 3916 1962 3951 fislffi'm·

484 3943 663 3971 Commodat-e
675 3944 756 3971 alicui
768 3954 866 3974 nomen
877 3949 952 3976 suum
964 3950 997 3977 ad
1011 3950 1172 3989 nansia-105
1216 3958 1240 3980 n
1253 3958 1275 3980 o
1286 3959 1313 3980 Μ
1323 3959 1333 3979 1
1343 3958 1365 3977 Ν
1377 3957 1400 3977 Α
1415 3956 1437 3976 Τ
1449 3957 1459 3977 ι
1468 3957 1505 3986 0,
1524 3952 1593 3980 anis.
1612 3953 1632 3979 f.

2105 3701 2161 3727 Cic.
2181 3699 2234 3725 Off.

2066 3770 2233 3799 Nominatim

1612 3808 1668 3834 Cic.
1684 3810 1763 3835 Att.n
1775 3829 1784 3841 ,
1797 3811 1812 3835 6
1823 3816 1863 3844 pr.
1895 3809 1986 3835 Tanta
2001 3815 2056 3834 erat
2069 3809 2095 3833 in
2108 3806 2160 3832 illis
2175 3813 2232 3830 cru-
2273 3823 2277 3828 -

1669 3952 1683 3987 [
1689 3953 1799 3987 ὀνομασία
1807 3972 1816 3987 ,
1838 3950 2018 3986 ὅγομκηποηῆι]
2050 3948 2097 3974 ΑΔ
2107 3947 2231 3973 eleHiones

1335 3987 1366 4015 M
1377 3995 1404 4013 m
1417 3995 1444 4014 m
2205 3989 2229 4008 et
