2517 4231
251 239 317 281 515
665 217 704 259 O
765 214 795 254 Β
858 212 896 255 L
1698 236 1701 238 1
1767 193 1806 233 Ο
1877 190 1906 231 Β
1986 189 2024 232 L
2363 186 2432 233 516
2445 221 2448 224 ,

253 322 322 349 quae
336 311 426 344 10610,
444 318 512 345 quae
530 309 641 344 oblique
653 307 782 334 ferantur.
856 299 974 334 oblique
993 293 1149 332 praeradere
1168 291 1231 320 vitis
1246 291 1314 317 latus
1374 290 1421 317 lita
1433 289 1554 317 laborum
1579 287 1656 322 Virg.
1665 286 1729 313 Aen.
1743 295 1767 318 4,
1782 286 1835 317 328.
2032 277 2055 319 q
2076 288 2089 306 2
2126 274 2230 312 Paffiue.
2285 274 2362 309 Virg.
2376 272 2430 299 Ecl.

255 351 324 379 Cato
336 357 390 382 0.41
429 346 547 381 oblique
560 346 589 373 in
602 345 684 372 latera
707 339 853 377 procedunt
872 335 985 362 locustae
1006 332 1073 360 Plin.
1086 340 1118 365 9,
1137 338 1175 363 30.
1251 326 1314 366 Tra·
1375 334 1402 360 9,
1415 335 1440 357 53
1459 325 1551 352 Oblita
1562 324 1631 351 mihi
1644 329 1683 349 tot
1697 319 1822 350 carmina.
1894 315 1952 344 Cic.
1966 315 2038 343 Fam.
2052 326 2077 349 9,
2093 324 2113 345 ¹5
2118 321 2159 350 pr.
2233 310 2340 338 Oblitae
2353 309 2431 335 Latio

256 387 323 419 late,
341 392 386 420 pro
402 381 599 417 Diffimulamer.
672 377 742 404 Gell.
754 385 778 407 7,
792 383 815 405 17
851 372 931 399 Tum
949 377 1016 396 vero
1036 372 1172 403 permotus
1193 372 1241 399 ego
1260 370 1316 388 iam
1375 360 1494 387 facetiae.
1514 362 1549 387 al.
1569 359 1676 386 Oblitae
1689 368 1719 385 ex
1732 355 1846 388 Oblin0‚
1858 362 1885 379 v.
1899 362 1925 381 v.
1967 352 2115 386 'Angustus
2130 350 2162 376 de
2176 347 2267 375 Music.
2278 355 2312 379 4,
2323 356 2337 379 4
2372 344 2432 371 Suis

256 420 388 457 agendum
400 419 528 454 oblique,
548 423 576 445 vt
589 424 648 443 cum
663 412 774 440 homine
788 408 883 441 stulto,
911 403 1068 432 existimaui.
1141 401 1208 434 Id.3,
1223 409 1235 426 2
1249 405 1315 424 extr.
1376 396 1531 423 hominibus
1544 395 1654 423 oblitus.
1854 386 1875 426 fl
1898 399 1908 421 3
1948 387 2062 414 Tralate.
2136 385 2214 420 Virg.
2232 384 2331 416 Georg.
2351 389 2381 413 2,
2401 388 2432 413 39

256 458 361 494 pulchre
380 457 504 491 explicat,
528 454 589 488 quid
595 451 632 484 fit
649 449 753 482 oblique.
791 445 858 471 Non
878 440 1078 474 dubitabamus,
1099 437 1165 473 quin
1183 434 1315 473 Virgilius
1337 438 1352 466 ς
1377 433 1510 464 Pomaque
1521 430 1677 464 degenerant
1690 429 1778 456 succos
1791 425 1874 454 oblita
1888 425 1999 461 priores.
2071 422 2111 448 Sic
2123 421 2182 448 Col.
2197 429 2243 454 lo,
2258 424 2306 452 408
2341 415 2433 443 Oblita

257 501 366 530 quoque
378 492 405 518 id
418 491 502 527 ipsum
515 485 673 517 ostenderit,
697 491 753 508 non
767 479 881 515 exposite
892 484 971 512 atque
983 482 1090 511 aperte,
1108 473 1169 508 scd,
1185 478 1215 499 vt
1229 471 1316 497 honu-
1376 466 1491 494 nocendi
1502 466 1605 494 Persica,

259 539 321 557 nem
337 527 441 560 decuit,
468 524 583 560 poeticas
604 529 645 547 res
666 523 803 553 agentem,
828 513 966 542 recondita
978 519 1003 539 et
1018 511 1088 546 quasi
1101 516 1193 545 operta
1218 505 1317 533 veteris
1417 510 1437 530 o
1451 508 1495 530 BL
1510 508 1518 528 1
1531 507 1616 534 V10‚
1636 501 1704 528 onis.
1731 499 1752 527 f.
1790 497 1891 532 [mi-921,
1911 492 2061 526 ἓπιλησμονῆ,
2081 491 2195 525 inuncta,
2225 488 2342 522 ληθὸτης]
2387 486 2434 512 Ob-

257 565 326 594 titus
342 562 530 598 significatione
556 571 602 578 -—
621 554 672 582 His
686 553 761 581 enim
781 550 900 579 versibus
912 549 1035 583 oblique,
1055 547 1128 575 sicuti
1140 544 1208 577 dixi,
1226 541 1316 570 admo·
1377 538 1507 574 liuiscendi
1518 537 1602 566 tuqus,
1620 536 1746 562 memoriae
1758 535 1879 570 absenfia.
1952 530 2021 559 Plin.
2035 538 2074 562 13,
2091 538 2113 561 17
2138 527 2228 555 Nimis
2248 523 2372 560 hospitali
2391 520 2434 549 ad-

257 610 322 629 nere
339 599 437 631 voluit,
456 603 499 622 etc.
1377 582 1511 602 venarum¹
1522 571 1662 598 obliuione
1677 572 1786 605 patriae,
1802 572 1830 596 de
1839 568 1993 604 Lotophagis.
2065 563 2319 597 Cie.Philipp.4,33.
2342 559 2434 586 Vestra
2457 591 2460 593 .

296 643 315 664 ο
326 639 445 673 131„in
458 637 477 658 o
488 637 504 656 1.
515 634 535 656 0
547 633 659 667 QVVs.
694 625 812 660 [Λοξίας]
844 622 926 650 Glots.
940 619 1046 654 Cyrilli.
1086 615 1208 653 Apollinis
1227 612 1318 650 epithe-
1332 624 1360 643 10
1376 611 1463 639 virtus
1477 617 1523 635 nec
1536 607 1677 634 obliuione
1689 615 1782 633 eorum
1797 607 1843 640 qni
1858 606 1915 631 sunt
1926 625 1934 638 ‚
1960 611 2008 629 nec
2027 600 2164 633 reticentia
2183 598 2349 632 posterorum
2369 595 2435 621 inse·

258 680 301 700 nm
318 673 414 704 λοξίπ,
432 667 496 701 quf'd
508 664 635 698 oblique,
655 662 673 691 ι’.
685 660 781 697 obscure
793 666 819 686 et
832 659 944 694 ambigue
955 656 1118 692 responderet.
1377 647 1449 683 pulta
1462 645 1511 672 esse
1525 643 1633 678 poterit.
1710 642 1874 668 Iniuriarum
1888 639 2036 667 remedium
2050 636 2086 663 est
2101 635 2206 662 obliuio
2221 632 2327 660 Publius
2342 631 2369 658 in
2384 629 2437 657 Mi-

297 714 318 735 0
331 713 348 733 Β
361 708 456 740 LrQV
467 698 479 727 i‘
490 707 583 731 TAS,
603 698 660 725 atis.
679 697 699 724 f.
723 697 855 731 [λοξότηῃ
876 693 1015 728 σκολιότης]
1052 690 1119 717 Ρ1111.
1137 697 1163 721 3,
1179 693 1192 719 ς
1218 684 1318 713 Multo·
1376 683 1437 710 mis.
1500 681 1557 707 Cic.
1573 679 1644 705 Fam.
1659 685 1683 711 ς,
1696 685 1721 709 17
1736 676 1801 703 Non
1814 677 1953 704 obliuione
1969 672 2102 701 amicitiae
2118 671 2236 702 nostrae,
2255 677 2340 702 neque
2354 668 2437 693 inter-

258 753 311 779 que
325 739 438 774 amplior
451 736 573 764 mensura
592 735 683 770 fieret,
719 732 869 761 Tacinium
883 738 983 766 vsque,
1014 727 1043 754 ni
1059 725 1117 753 talis
1130 721 1275 757 obliquitas
1289 720 1320 746 in
1378 718 1498 746 missione
1512 712 1713 743 consuetudinis
1726 720 1799 738 meae
1812 712 1994 747 superioribus
2013 707 2179 742 temporibus
2193 705 2224 732 ad
2245 710 2269 731 te
2282 703 2367 730 nullas
2380 702 2438 728 lite-

237 808 239 810 ,
257 780 323 806 latus
337 773 441 810 digredi
461 772 609 800 videretur.
1377 765 1419 782 ras
1432 753 1504 781 misi:
1533 751 1575 778 sed
1595 748 1683 785 quod,
1704 755 1749 774 etc.
1819 747 1919 782 Legum
1940 746 2093 773 obliuiones
2132 740 2265 775 Qiinetil.
2288 739 2360 766 Decl.
2379 738 2437 771 306.

297 820 316 840 0
327 819 343 840 Β
353 818 369 837 1.
381 812 395 837 1'
404 815 454 846 Qv
464 814 484 837 0
494 828 503 842 ‚
520 812 574 836 are.
597 807 717 841 [Λοξεύω,
744 804 889 837 πλαγιέζω,
921 797 1097 833 καμπυλιέζω]
1157 791 1317 825 Curuumfa-
1334 803 1361 829 ις
1377 790 1512 819 Critolaus
1527 785 1714 821 Peripateticus
1729 789 1755 810 et
1768 781 1867 809 malum
1880 784 1928 809 esse
1943 783 2107 816 voluptatem
2116 779 2167 811 ait,
2186 784 2210 804 et
2224 776 2306 804 multa
2320 774 2370 801 alia
2381 781 2438 800 ma-

256 858 319 877 core.
391 846 457 873 Plin.
472 846 497 880 6,
512 853 533 877 ¹3
574 845 608 871 At
620 842 668 869 vbi
682 840 770 876 coepit
782 837 993 867 mutitudinem
1009 834 1105 870 pandi,
1128 830 1225 859 lunatis
1249 827 1319 855 obli·
1377 828 1400 854 la
1416 834 1508 862 parere
1520 832 1551 850 ex
1571 823 1639 854 sese,
1658 819 1789 851 iniurias,
1808 817 1930 850 desidias,
1949 817 2119 849 obliuiones,
2137 813 2255 849 ignauias
2264 813 2292 838 A.
2305 811 2374 838 Geli.
2382 818 2406 843 9,
2415 817 2439 840 5.

294 891 352 911 atur
367 880 503 909 cornibus.
560 883 599 907 De
608 876 773 913 Caspiomari.
846 874 958 900 Crincm
969 871 1110 904 obliquare
1122 867 1249 899 nodoque
1262 863 1320 890 sub·
1377 862 1501 897 Fugitiua
1524 858 1632 886 obliuio
1659 858 1737 883 Varr.
1758 855 1790 881 de
1810 854 1848 880 L.
1863 854 1893 879 L.
1915 863 1929 885 4
1944 860 1984 888 pr.
2063 851 2175 879 Liuidae
2188 848 2341 876 obliuiones
2367 845 2438 872 Hor.

279 920 385 954 ringere
399 917 499 952 insigne
513 916 599 951 gentis
622 913 713 941 Tacit.
732 912 823 939 Germ.
839 914 875 945 38,
888 918 910 935 2.
966 907 1060 933 Ensem
1072 903 1196 936 obliquat
1209 901 1238 927 in
1251 899 1319 926 latus
1376 899 1467 926 Carm.
1480 906 1507 931 4,
1523 905 1547 932 9,
1562 904 1601 928 34.
1675 893 1766 926 Longa
1786 891 1879 917 quen.
1889 889 1938 916 Sat.
1948 898 1984 921 10,
1996 897 2053 921 ²04-
2126 886 2262 913 Adducere
2282 883 2310 910 in
2321 880 2439 909 obliuio.

257 956 337 984 Ouid.
350 955 414 982 Met.
426 963 464 984 12,
485 955 539 984 436.
612 951 700 985 Equos
714 952 837 983 pauentes
852 943 1004 978 obliquauit
1040 938 1245 968 Stat.Theb.12,
1258 943 1318 970 749.
1378 943 1440 961 nem
1476 933 1534 960 Cic.
1548 933 1625 958 Verr.
1640 929 1697 956 Aft.
1712 938 1735 961 1,
1749 936 1786 959 54.
1858 926 1959 958 capere
1978 923 2147 949 obliuionem
2171 921 2282 949 alicuius
2301 919 2358 951 rei,
2385 916 2440 945 vid.

255 993 348 1020 Preces
363 989 503 1026 obliquare
529 987 591 1015 Stat.
604 984 696 1013 Theb.
712 992 735 1017 3,
748 988 787 1015 382
814 982 831 1007 i.
844 989 892 1006 non
907 978 1000 1006 direc‘le
1011 983 1110 1012 petere,
1126 974 1173 1010 sed
1184 983 1214 1000 ea
1225 972 1316 1001 dicere,
1328 981 1362 1000 20
1378 975 1508 997 CAP10.
1581 967 1638 993 Cic.
1653 964 1707 992 Off.
1722 973 1740 997 1,
1755 965 1785 989 26
1806 971 1828 988 c.
1843 967 1856 991 8
1893 960 2012 987 Maxime
2031 965 2118 985 autem
2129 958 2296 985 adducuntur
2308 953 2441 992 plerique,

257 1037 319 1063 quae
337 1028 391 1053 vim
406 1033 503 1061 precum
522 1024 635 1050 babeant.
674 1020 751 1048 Sinus
764 1017 904 1051 obliquare
923 1016 992 1051 apud
1003 1012 1167 1048 Virgilium,
1190 1015 1236 1044 pro
1250 1005 1320 1033 Obli-
1379 1013 1409 1034 vt
1428 1014 1474 1032 eos
1492 1003 1607 1030 iustitiae
1627 1002 1711 1036 capiat
1731 998 1847 1026 obliuio.
1921 996 1978 1023 Cic.
1999 995 2071 1022 Fam.
2085 1003 2110 1026 1,
2123 1003 2137 1026 9
2174 995 2244 1028 Ego,
2267 1000 2350 1026 quum
2369 987 2441 1016 mihi

257 1073 307 1100 qua
319 1063 377 1089 vela
391 1063 505 1094 tendere,
530 1065 560 1084 vt
575 1065 598 1084 et
610 1064 699 1084 ventus
715 1053 846 1090 colligatur
859 1061 906 1078 non
913 1051 1052 1087 secundus,
1071 1055 1096 1074 et
1111 1056 1141 1072 ne
1154 1047 1184 1072 de
1197 1043 1260 1070 reHo
1276 1051 1319 1068 au-
1377 1051 1438 1070 cum
1453 1040 1502 1067 illo
1515 1047 1609 1074 magna
1621 1038 1675 1064 iam
1688 1036 1772 1071 gratia
1786 1034 1863 1066 essct,
1889 1032 1961 1067 quod
1974 1031 2033 1057 eius
2047 1038 2140 1056 omnes
2154 1029 2312 1064 grauissimas
2326 1024 2440 1052 iniurias

251 1100 372 1135 ferretur
386 1096 458 1132 cmsu
470 1096 543 1121 nauis
555 1101 685 1120 ventorum
698 1089 857 1126 impotentia,
875 1089 941 1123 quod
947 1086 1013 1121 fecit
1027 1083 1158 1120 neceffixrio
1173 1080 1319 1107 Palinurus.
1379 1076 1530 1106 communis
1542 1073 1700 1102 concordiae
1713 1071 1785 1098 causi
1800 1069 1950 1096 voluntaria
1966 1067 2078 1102 quadam
2094 1063 2232 1092 obliuione
2250 1063 2443 1093 contriueram‚

257 1136 333 1163 Locus
349 1132 381 1169 2st
412 1135 476 1159 Aen.
491 1138 519 1164 ς,
546 1132 572 1157 16
610 1128 790 1161 Obliquatque
810 1125 879 1151 sinus
903 1123 934 1150 in
954 1128 1082 1151 ventum,
1111 1127 1140 1145 ac
1159 1116 1221 1144 talia
1239 1115 1320 1141 fatur.
1378 1115 1437 1141 eius
1450 1112 1633 1148 repentinam,
1653 1117 1698 1136 etr.
1772 1107 1841 1132 Dare
1855 1104 1992 1131 obliuioni
2011 1102 2135 1134 Liu.1‚31.
2157 1112 2180 1133 4,
2190 1108 2227 1132 37.
2247 1109 2282 1132 33,
2296 1108 2314 1125 1.
2352 1099 2442 1124 Varro
2477 1127 2480 1130 ἢ

256 1171 335 1198 Visus
344 1168 468 1204 superbos
477 1166 598 1200 obliquat
619 1158 989 1194 5121110111.1,324ανηιιωνι·ε,
1026 1157 1098 1183 Plur.
1119 1152 1288 1188 Qunet.1‚4‚
1302 1159 1317 1182 9
1333 1158 1365 1184 23
1382 1150 1414 1177 de
1431 1151 1462 1176 L.
1470 1150 1499 1176 L.
1513 1151 1537 1180 6,
1546 1156 1565 1180 3.
1623 1146 1680 1173 eie
1694 1152 1744 1179 pro
1759 1142 1883 1174 Deiot.37
1911 1141 1986 1172 Quae
2002 1146 2119 1172 vnquam
2133 1135 2246 1163 vetustas
2259 1135 2372 1165 obruet,
2397 1136 2443 1158 aut

257 1207 289 1234 Et
303 1207 347 1239 Q,
363 1205 437 1232 cuius
456 1202 547 1231 similis
566 1200 690 1232 01106105,
717 1198 883 1233 speciesque,
910 1193 959 1221 nisi
980 1192 1052 1228 quod
1066 1190 1183 1227 paullum
1196 1197 1211 1216 a
1223 1185 1320 1215 nostris
1381 1195 1448 1221 quae
1462 1191 1531 1211 tanta
1544 1182 1643 1209 delebit
1656 1179 1781 1208 obliuio?
1818 1177 1902 1204 Iacuit
1920 1177 1948 1202 in
1967 1174 2108 1202 obliuione
2140 1173 2196 1199 Cic.
2211 1172 2289 1197 Verr.
2305 1178 2324 1203 1,
2340 1176 2388 1194 101.
2423 1167 2443 1193 i.

256 1242 422 1276 obliquatur.
495 1237 597 1273 Gesner.
611 1237 683 1262 malit
703 1235 845 1269 eliquatur.
1380 1225 1410 1249 In
1424 1221 1531 1257 οἰκῇ-μνη.
1569 1221 1607 1245 De
1620 1220 1715 1244 homine
1729 1215 1834 1241 diflum:
1861 1214 1900 1239 cui
1921 1212 2049 1246 opponitur
2086 1210 2117 1236 ln
2139 1208 2230 1234 affidua
2251 1211 2444 1233 commemora-

297 1284 317 1305 o
329 1278 553 1316 BLiQVANS‚
583 1272 660 1300 antis.
690 1270 784 1298 Partic.
822 1267 1031 1303 [καμπυλιάζων]
1067 1264 1154 1298 Caput
1178 1260 1319 1294 obliquans
1380 1259 1456 1286 tione
1468 1258 1525 1283 esse.
1582 1254 1637 1281 Cic.
1655 1252 1768 1286 Philipp.
1783 1259 1846 1283 9‚10
1883 1248 1936 1275 Cui
1949 1247 1967 1274 si
1987 1247 2097 1273 statuam
2116 1245 2145 1271 in
2167 1242 2259 1270 rostris
2279 1242 2386 1268 decreto
2400 1247 2446 1266 ve-

258 1315 356 1342 Lucan.
369 1325 392 1347 4,
409 1314 462 1347 726.
534 1309 634 1337 Oculos
656 1306 795 1341 obliquans
808 1310 901 1331 contra
913 1302 985 1330 diem
1000 1308 1026 1328 et
1039 1299 1128 1328 radios
1154 1296 1236 1325 Ouid.
1255 1295 1321 1322 Met.
1382 1295 1436 1321 stro
1451 1291 1609 1321 statueritis,
1647 1289 1728 1316 Nulla
1742 1287 1799 1313 eius
1813 1285 1973 1322 legationem
1988 1281 2147 1318 posteritatis
2175 1277 2357 1307 Inobseurabit
2376 1274 2444 1302 obli·
2483 1282 2487 1285 ’

259 1360 290 1385 7,
315 1360 365 1382 412.
1334 1342 1366 1366 30
1384 1330 1439 1357 vio.
1513 1326 1652 1361 Intercipit
1665 1323 1783 1356 obliuio,
1803 1323 1858 1349 vid.
1881 1329 1891 1348 1
1901 1328 1925 1347 N
1936 1329 1955 1347 τ
1965 1327 1981 1346 Ε
1993 1325 2013 1344 R
2025 1323 2044 1344 c
2058 1324 2148 1345 11‘10.
2206 1316 2262 1342 Cic.
2275 1313 2306 1340 de
2314 1311 2404 1340 Finib.
2415 1319 2446 1345 2,

298 1392 318 1413 Ο
328 1392 368 1414 BL
378 1392 388 1412 1
399 1390 449 1423 QV
458 1384 477 1411 Ᾰ
487 1388 510 1410 'r
521 1388 543 1408 V
552 1387 575 1415 S,
597 1388 622 1414 a,
642 1388 696 1406 um.
717 1378 786 1405 Part.
820 1373 955 1401 Ammian.
970 1374 1007 1406 16,
1020 1380 1046 1399 12
1084 1369 1224 1397 Vndarum
1237 1365 1320 1394 moles
1384 1375 1412 1400 57
1433 1366 1464 1392 Et
1478 1363 1586 1390 aduersa
1599 1361 1670 1396 quasi
1685 1367 1811 1394 perpetua
1823 1357 1965 1385 obliuione
1980 1354 2141 1382 Obruamus.
2214 1350 2287 1378 Idem
2307 1349 2339 1376 de
2358 1347 2445 1374 Claris

258 1422 405 1457 obliquatis
421 1418 550 1447 meatibus
570 1416 737 1443 declinantes.
846 1409 921 1438 Idem
934 1414 976 1444 28,
993 1418 1008 1441 4
1043 1406 1156 1442 Aspe6m
1169 1404 1320 1438 obliquato.
1382 1403 1457 1430 Orat.
1471 1405 1506 1429 60
1527 1400 1607 1426 Hunc
1620 1395 1733 1423 vetustas
1744 1415 1752 1427 ‚
1772 1401 1801 1420 vt
1815 1395 1881 1421 alios
1897 1392 2003 1419 fortasse
2017 1390 2114 1416 multos
2124 1410 2132 1422 ,
2151 1386 2292 1414 obliuione
2301 1383 2447 1412 Obruitset.

258 1458 410 1494 Apul.Met.
425 1459 442 1483 6
461 1459 535 1490 p-185
556 1452 668 1480 Ceruice
681 1449 827 1482 obliquata.
1380 1441 1414 1465 de
1435 1437 1522 1463 Ennio.
1580 1434 1647 1461 Plin.
1660 1439 1682 1465 8,
1698 1439 1726 1456 22
1747 1429 1817 1456 Huic
1830 1428 1952 1463 quamuis
1972 1427 2000 1452 in
2020 1427 2089 1452 same
2110 1423 2264 1456 mandenti,
2291 1421 2308 1448 fi
2322 1419 2447 1455 respexit,

297 1500 385 1521 01311
395 1492 501 1530 (ζνλτ
514 1497 522 1516 1
533 1496 568 1522 o,
585 1488 654 1514 onis.
674 1486 693 1513 f.
731 1482 851 1512 Macrob.
865 1482 967 1509 Saturn.
975 1488 999 1512 7,
1012 1487 1023 1506 ι
1047 1477 1130 1505 Liber
1142 1481 1215 1511 pater
1228 1473 1322 1505 Thyr-
1380 1472 1551 1501 obliuionem
1566 1469 1620 1496 cibi
1641 1469 1785 1501 Surrepere
1804 1465 1895 1495 aiunt,
1919 1463 2113 1497 digressumque
2131 1467 2259 1495 quaerere
2279 1456 2360 1484 aliud.
2416 1456 2448 1480 de

258 1531 288 1559 §o
302 1530 365 1556 ferit
382 1537 428 1562 per
440 1525 654 1559 obliquationem
668 1519 841 1548 circumfusae
853 1517 966 1544 hederae
980 1515 1078 1542 latente
1093 1519 1232 1540 mucrone.
1338 1519 1366 1545 35
1384 1510 1439 1541 lupo
1452 1507 1572 1533 cerum-io.
1629 1504 1686 1531 Cic.
1700 1503 1728 1528 in
1744 1500 1844 1528 Sallust.
1862 1510 1874 1530 5
1897 1500 1947 1526 Tu
1961 1498 2013 1524 tuis
2028 1498 2084 1524 vita
2094 1519 2100 1531 ‚
2127 1505 2205 1532 quarn
2226 1494 2340 1529 turpiter
2358 1490 2448 1526 egisti,

296 1571 340 1592 ΟΒ
351 1570 367 1590 L
379 1571 388 1591 1
398 1569 419 1589 Τ
430 1560 448 1589 1‘3‘
458 1568 476 1588 R
487 1567 507 1588 Ο
518 1580 526 1594 ,
547 1565 600 1586 are.
620 1555 774 1593 [ἐκλείψω
792 1553 919 1588 ἐξαλείφω,
942 1556 1038 1584 araim,
1058 1552 1203 1576 κατακαίνω
1213 1565 1220 1576 .
1239 1547 1322 1585 &mu-iai·
1383 1551 1488 1578 magnas
1503 1541 1621 1568 offiidisti
1635 1539 1768 1566 tenebras:
1790 1544 1819 1564 vt
1831 1536 1912 1564 etiam
1924 1534 1941 1560 si
1954 1534 2057 1561 fuerint
2065 1533 2165 1569 egregii
2180 1532 2261 1564 ciues,
2282 1534 2352 1556 certe
2361 1529 2449 1555 Vene-

260 1603 313 1637 ξω]
350 1599 497 1631 Abradere,
519 1596 631 1626 abolere,
648 1600 673 1619 et
685 1592 779 1628 quaste
793 1592 924 1616 literarum
938 1588 1100 1615 monumentis
1119 1585 1210 1610 delere.
1265 1582 1323 1608 Cic.
1383 1580 1419 1607 rit
1436 1580 1464 1605 in
1477 1578 1655 1605 obliuionem.
1710 1574 1783 1602 Idem
1799 1573 1830 1599 de
1843 1573 1917 1599 Orat.
1927 1579 1969 1603 2‚7
1983 1580 2006 1597 c.
2023 1578 2037 1596 2
2056 1569 2175 1596 Laudem
2186 1575 2281 1594 corum
2295 1565 2348 1592 iam
2362 1570 2448 1598 prope

258 1638 290 1665 in
304 1636 395 1663 Vatin.
411 1644 433 1666 ις
470 1634 497 1660 Si
510 1640 572 1658 eum
591 1628 746 1665 magnitudo
762 1625 956 1657 contentionis,
982 1622 1097 1650 studium
1111 1619 1229 1655 gloriae,
1249 1626 1325 1652 prae·
1385 1617 1576 1646 senescentem,
1595 1617 1724 1647 quantum
1739 1618 1788 1645 ego
1802 1609 1915 1644 possem,
1942 1605 1976 1633 ab
1989 1606 2129 1633 obliuione
2142 1603 2286 1631 hominum
2299 1606 2377 1635 atque
2390 1607 2404 1625 a
2418 1597 2448 1625 fi-

258 1674 328 1701 stans
347 1672 467 1703 animus,
492 1666 622 1695 excellens
646 1665 773 1692 nobilitas
792 1663 883 1696 aliquo
903 1659 1062 1695 impulisset,
1089 1655 1163 1692 quod
1180 1656 1207 1682 in
1221 1655 1284 1681 viro
1297 1657 1323 1679 ct
1385 1652 1470 1679 lentio
1479 1650 1660 1677 Vindicarem.
1687 1646 1837 1674 Obliuione
1850 1643 1993 1671 hominum
2006 1647 2032 1668 et
2050 1640 2231 1669 taciturnitate
2253 1644 2324 1665 tanta
2337 1634 2449 1663 dedeco-

260 1715 318 1737 tum
337 1706 477 1734 ferendum
499 1704 577 1737 cll'et,
610 1708 635 1728 et
655 1700 778 1727 maximis
792 1698 870 1725 rebus
893 1705 957 1731 quas
971 1695 1059 1730 postea
1070 1694 1156 1728 g.-ffit,
1178 1690 1323 1718 0121110120-
1337 1700 1371 1724 40
1386 1697 1415 1715 ra
1429 1695 1518 1722 tegere
1546 1686 1602 1713 Cic.
1624 1686 1702 1711 Verr.
1714 1693 1745 1715 ς,
1764 1687 1810 1715 138.
2010 1675 2032 1716 q
2054 1688 2066 1705 2
2104 1676 2216 1703 Obliuio
2231 1675 2355 1709 ingentem
2370 1671 2449 1706 [lupo-
2485 1681 2489 1683 -

262 1744 341 1778 dum,
363 1749 412 1769 etc.
483 1738 591 1766 Nonius
607 1747 629 1770 2,
645 1738 700 1763 601.
737 1734 906 1764 Obliterare‚
927 1732 1045 1759 Obscura
1060 1730 1158 1761 faeere,
1173 1733 1199 1753 et
1212 1727 1240 1752 in
1256 1724 1325 1751 obli·
1387 1733 1439 1749 rem
1453 1731 1476 1748 et
1495 1722 1642 1751 ἂναιέὶησίκν
1656 1720 1798 1754 fignificat.
1836 1717 1905 1744 Suet.
1920 1714 2014 1743 Claud.
2027 1723 2084 1748 c.39
2103 1714 2176 1740 Inter
2192 1717 2292 1738 caetera
2305 1708 2335 1735 in
2353 1717 2386 1736 eo
2399 1705 2449 1734 rni-
2465 1720 2473 1725 ·

260 1781 373 1808 vionem
392 1777 496 1804 ducere.
570 1773 664 1800 Accius
685 1768 975 1805 Agamemnonidibus,
1008 1764 1164 1792 Inimicitias
1187 1760 1323 1795 Pelopida·
1383 1759 1435 1785 rati
1450 1759 1507 1784 sunt
1521 1757 1644 1783 homines
1657 1761 1682 1780 ct
1695 1754 1866 1780 obliuionem
1879 1759 1906 1778 et
1925 1749 2193 1781 inconsiderantiam,
2223 1748 2284 1782 vel,
2302 1751 2347 1780 vt,
2366 1744 2449 1770 Grae-

262 1825 323 1844 rum
343 1812 470 1841 extinetas
484 1811 537 1837 iam
556 1815 634 1843 atque
653 1807 806 1834 obliteratas
825 1804 955 1831 memoria
974 1809 1113 1828 renouare.
1185 1797 1322 1828 Oblitero,
1382 1803 1411 1822 ce
1426 1793 1528 1825 dicam,
1547 1795 1672 1824 μετεωρέικυ
1691 1795 1717 1815 et
1738 1792 1867 1821 ἁβλεψίαν.
1924 1786 2017 1811 Occisa
2030 1785 2181 1816 Messalina,
2205 1783 2295 1818 paullo
2310 1780 2450 1816 postquam
2478 1795 2484 1798 -

261 1861 277 1880 a
290 1852 365 1879 Litus
386 1848 495 1884 quidam
508 1845 603 1872 deduci
619 1850 723 1879 putant:
745 1840 817 1876 quod
830 1840 868 1866 ibi
884 1844 990 1871 notata,
1008 1846 1022 1863 a
1035 1835 1160 1863 fluetibus
1174 1832 1283 1867 aequari
1296 1836 1323 1857 et
1384 1830 1415 1856 in
1432 1828 1553 1856 triclinio
1568 1824 1709 1858 decubuit,
1747 1832 1794 1849 cur
1807 1821 1916 1848 domina
1930 1829 1986 1847 non
1999 1820 2120 1846 veniret?
2158 1819 2306 1852 requifiuit.
2332 1820 2335 1821 ⁷
2379 1815 2451 1842 Tac.

261 1888 323 1916 tolli
337 1887 446 1914 soleant.
518 1881 573 1908 Alii
586 1879 619 1907 ab
633 1878 799 1910 Obliuione,
820 1875 849 1901 id
860 1875 893 1910 est
905 1885 920 1901 a
934 1875 1023 1909 Supino
1031 1871 1165 1899 Obliturn.
1202 1870 1272 1895 Haec
1281 1867 1322 1893 Fe.
1338 1873 1368 1900 43
1385 1867 1452 1892 Ann.
1469 1874 1499 1898 11,
1512 1869 1537 1896 38
1567 1863 1729 1889 Nuntiatum
1749 1858 1865 1885 Claudio
1878 1856 1996 1891 epulanti
2016 1855 2109 1890 periise
2131 1853 2308 1885 Messalinam,
2336 1861 2394 1879 non
2408 1850 2448 1878 di·
2471 1856 2473 1858 “

255 1924 318 1961 stus.
367 1922 411 1949 Vel
421 1916 557 1954 diriperes?
569 1917 599 1942 ab
612 1916 731 1946 Oblin0‚
745 1913 812 1947 ficut
835 1921 851 1937 a
866 1912 936 1938 Lino
949 1910 1053 1936 Litera:
1086 1909 1128 1933 vel
1140 1907 1170 1932 ab
1183 1904 1227 1933 Ob
1242 1911 1266 1930 et
1279 1902 1324 1930 Li·
1385 1901 1483 1928 [1111610
1498 1901 1540 1926 sua
1557 1908 1589 1925 an
1606 1897 1691 1924 aliena
1705 1905 1800 1923 manu:
1826 1903 1874 1920 nec
1886 1892 1932 1919 ille
1947 1891 2077 1926 quaesiuit
2112 1905 2158 1910 ---
2176 1889 2219 1917 Ne
2232 1889 2325 1915 secutis
2338 1886 2450 1922 quidem

262 1967 328 1987 tera.
400 1957 507 1983 Famam
528 1952 675 1979 obliterare
693 1950 753 1977 Liu.
769 1958 813 1982 39,
830 1957 871 1975 20.
943 1944 1105 1973 Memoriam
1137 1942 1210 1969 Idem
1225 1950 1264 1972 21,
1285 1948 1326 1972 29.
1384 1937 1479 1964 diebus
1498 1935 1572 1969 odii,
1597 1933 1704 1969 gaudii,
1724 1932 1795 1964 irae,
1822 1929 1946 1956 tristitiae
1966 1927 2044 1954 vllius
2071 1926 2185 1961 denique
2209 1924 2318 1951 humani
2337 1921 2450 1948 affeetu·

262 1996 320 2022 Cic.
337 1992 394 2024 post
416 1990 480 2017 Red.
503 1990 531 2015 in
546 1989 629 2014 senat.
645 1996 665 2012 2·
695 1996 716 2011 c.
731 1991 745 2014 8
781 1983 882 2011 Publici
902 1979 1103 2008 meibeneficii
1120 1976 1252 2005 memoria
1271 1974 1325 2010 pri·
1386 1973 1456 2009 signa
1469 1971 1548 2001 dedit.
1586 1986 1632 1992 -—
1668 1968 1794 2002 quitque
1808 1965 1977 1992 obliuionem
1992 1964 2048 1989 01115
2068 1964 2168 1989 senatus
2182 1968 2227 1987 etr.
2266 1962 2317 1985 Hoc
2330 1957 2361 1994 est
2376 1956 2448 1991 illud,

261 2037 350 2057 vatam
364 2026 544 2054 Offenlioncm
557 2022 778 2048 obliteranerunt.
849 2020 879 2043 In
891 2017 982 2043 animo
1001 2015 1142 2042 obliterari
1162 2014 1221 2040 Liu.
1231 2014 1278 2043 26,
1290 2018 1326 2042 41.
1386 2012 1452 2043 quod
1463 2011 1559 2037 Seneca
1572 2017 1601 2035 m
1615 2006 1680 2034 ludo
1694 2004 1726 2032 de
1737 2004 1786 2032 illo
1800 2002 1852 2039 ait,
1872 2000 1913 2029 Est
1928 1999 2031 2036 aliquid
2043 1999 2072 2027 111
2085 2007 2118 2027 00
2132 1997 2214 2026 Stoici
2227 1995 2294 2029 Dei,
2322 2002 2371 2021 nec
2391 2001 2448 2025 cor,

264 2064 362 2093 Catull.
379 2065 418 2094 6‹‚
433 2069 474 2092 232·
500 2059 571 2085 Haec
586 2057 695 2091 vigeant
703 2053 842 2084 Mandata,
862 2061 910 2079 nee
924 2052 977 2077 vlla
988 2050 1113 2076 obliteret
1125 2053 1203 2074 aetas.
1252 2045 1323 2071 Haec
1338 2050 1370 2075 50
1385 2052 1433 2068 nee
1448 2051 1524 2078 caput
1537 2044 1625 2070 habet,

261 2103 319 2129 irae
333 2100 390 2126 data
407 2097 585 2124 obliterentur
602 2093 691 2119 Senec.
707 2089 777 2117 Med.
791 2090 846 2122 556.
1306 2115 1311 2120 .
1426 2085 1446 2104 0
1458 2085 1475 2105 Β
1491 2086 1506 2104 1,
1519 2086 1527 2103 1
1538 2085 1577 2104 V1
1587 2084 1638 2104 VM
1648 2094 1656 2107 ,
1676 2077 1694 2103 i.
1714 2085 1742 2102 11.
1779 2074 1917 2109 [ustauh]
1955 2076 2038 2108 Idem,
2052 2074 2100 2109 sal
2107 2072 2166 2106 fere
2180 2069 2312 2098 Poeticum.
2355 2066 2442 2093 Tamen

303 2143 323 2164 0
335 2143 350 2163 B
360 2142 376 2162 L
386 2142 395 2162 1
405 2140 426 2160 T
438 2139 454 2159 Ε
463 2138 482 2158 R
492 2134 538 2159 ᾸΤ
548 2135 606 2162 vs,
625 2137 640 2154 a
649 2148 657 2160 ‚
677 2135 732 2153 um.
757 2126 826 2153 Part.
844 2124 898 2150 vid.
905 2120 1074 2158 Non.supra.
1112 2117 1242 2146 Nondum
1256 2115 1325 2144 obli·
1387 2114 1480 2140 Tacit.
1489 2113 1555 2139 Hist.
1564 2123 1587 2147 4,
1597 2123 1642 2147 9,4
1651 2112 1714 2138 Eam
1724 2110 1877 2138 sententiam
1890 2108 2089 2135 modestissimus
2102 2108 2214 2142 quisque
2229 2104 2342 2133 silentio,
2354 2099 2443 2128 deinde

265 2179 350 2202 cerata
370 2168 500 2197 memoria
521 2165 665 2201 superioris
679 2161 747 2191 belli
780 2161 841 2189 Liu.
854 2168 896 2193 21,
907 2167 947 2192 29.
1017 2157 1158 2191 Tempora
1172 2153 1281 2188 vinnm,
1300 2157 1325 2178 et
1387 2149 1494 2177 obliuio
1502 2148 1650 2175 transmisit.
1673 2148 1823 2182 Virg.Aen.
1833 2147 1916 2179 6,715
1937 2144 2047 2171 Securos
2061 2143 2160 2178 latices,
2173 2143 2284 2175 etlonga
2293 2138 2396 2166 obliuia
2403 2143 2449 2171 po-

264 2211 319 2238 iam
345 2207 485 2234 obliterata
528 2200 660 2235 Qunetil.
676 2209 703 2235 1,
718 2200 732 2225 6
742 2219 749 2231 ,
762 2206 809 2231 40.
883 2195 986 2223 Peccata
1005 2192 1147 2221 obliterata
1166 2190 1227 2217 Liu.
1247 2198 1273 2221 3,
1288 2198 1326 2221 59.
1389 2191 1464 2212 nunt.
1480 2186 1579 2212 Rerum
1588 2184 1690 2211 obliuia
1703 2184 1808 2210 Luerct.
1817 2193 1836 2215 3,
1845 2187 1905 2214 840.
1943 2180 2035 2207 Meriti
2048 2178 2132 2205 nostri
2146 2177 2248 2205 obliuia
2263 2175 2344 2202 Ouid.
2353 2175 2449 2205 Met-7,

264 2243 417 2274 praeteritis
431 2239 533 2268 silentio
552 2235 703 2264 obliteratiu
721 2233 797 2262 Idem
808 2241 856 2267 43,
879 2241 901 2259 2.
973 2228 1109 2258 Vetustate
1129 2226 1271 2254 obliterata
1285 2233 1327 2251 res
1344 2229 1372 2256 55
1390 2230 1432 2255 43.
1507 2221 1625 2248 Iucunda
1644 2219 1748 2247 obliuia
1768 2217 1896 2246 sollicitae
1916 2217 1987 2242 vitae
2024 2216 2092 2242 Hor.
2106 2215 2188 2241 Scrm.
2203 2223 2226 2246 2,
2240 2214 2265 2245 6,
2275 2214 2317 2239 62.
2373 2209 2449 2243 Pigra

265 2282 327 2310 Liu.
342 2290 362 2314 3²
376 2287 414 2315 7¹·
1391 2258 1453 2285 Stat.
1466 2256 1560 2284 Theb.
1575 2265 1614 2292 10,
1627 2263 1667 2290 89.
1741 2256 1844 2288 Cepere
1858 2258 1881 2278 te
1895 2251 1999 2277 obliuia
2012 2251 2095 2277 nostri
2116 2250 2196 2276 Ouid.
2217 2247 2333 2281 Trist.1‚
2344 2246 2450 2279 8,(7)11·

305 2324 325 2344 o
335 2323 377 2343 111,
387 2322 397 2341 1
409 2320 431 2341 'r
441 2312 487 2340 {R
501 2317 524 2338 v
534 2318 547 2339 s
557 2332 565 2344 ,
585 2318 609 2344 a,
635 2317 690 2336 um.
726 2305 788 2335 Adi.
808 2311 854 2339 vt,
870 2302 992 2331 Oblitera
1005 2309 1084 2337 gens,
1104 2308 1154 2336 pro
1170 2298 1330 2330 Obliterata,
1390 2296 1461 2321 Add.
1478 2293 1514 2320 id.
1527 2301 1550 2327 ς,
1566 2302 1588 2325 7,
1603 2295 1647 2327 67.
1721 2290 1831 2318 Obliuia
1843 2286 1940 2320 verba,
1959 2286 2029 2312 dixit
2042 2287 2128 2311 Varro
2140 2285 2172 2310 de
2185 2284 2251 2310 L.L.
2266 2294 2290 2315 4,
2306 2293 2312 2308 1
2331 2289 2378 2316 pro
2394 2281 2452 2305 An-

268 2355 337 2391 apud
346 2350 482 2379 Naeuium
503 2347 572 2374 Geli.
587 2355 627 2382 19,
641 2355 662 2378 7.
1390 2330 1511 2364 liquatis,
1531 2337 1555 2355 et
1567 2330 1637 2355 velut
1648 2327 1768 2354 obliuioni
1780 2324 1899 2358 moitis,
1918 2330 1947 2348 vt
1960 2323 2056 2356 quidem
2069 2321 2229 2355 interpretor.
2302 2317 2361 2342 Eius
2372 2315 2451 2340 verbu

306 2396 325 2415 0
336 2394 352 2416 Β
364 2395 379 2414 L
391 2395 399 2413 1
412 2393 434 2413 T
447 2391 463 2411 E
472 2391 491 2410 R
501 2385 518 2411 Ᾰ
529 2389 551 2411 Τ
564 2390 572 2409 1
584 2389 604 2409 o
613 2402 620 2412 ‚
642 2379 711 2407 onis.
727 2378 747 2406 f.
765 2378 909 2412 [ἰξάλκῴις]
931 2374 998 2402 Ρ1111.
1012 2382 1053 2408 34,
1066 2380 1083 2408 7
1096 2379 1162 2398 extr.
1209 2371 1328 2404 Quanto·
1386 2365 1450 2401 sunt
1459 2386 1468 2399 ‚
1506 2366 1593 2400 Igitur
1612 2364 1741 2399 quoniam
1760 2362 1823 2389 haec
1840 2360 1897 2386 sunt
1918 2357 2051 2393 tripartita
2068 2355 2148 2383 verba
2158 2375 2167 2389 ‚
2194 2361 2260 2389 quae
2273 2353 2332 2378 sunt
2344 2356 2390 2377 aut
2401 2357 2450 2376 no-

269 2435 321 2460 que
334 2424 421 2451 maior
435 2422 463 2447 in
478 2418 621 2446 Zenodoro
634 2414 790 2451 praestantia
805 2413 874 2445 fuit,
899 2417 971 2438 tanto
987 2410 1069 2444 magis
1082 2407 1246 2442 deprehendi
1261 2404 1329 2432 aeris
1343 2404 1378 2429 60
1389 2400 1456 2434 stra,
1473 2407 1519 2428 aut
1534 2402 1637 2435 aliena,
1657 2406 1701 2427 aut
1715 2398 1835 2431 obliuia,
1855 2403 1899 2422 etc.

270 2459 425 2489 obliteratio
439 2456 529 2492 potest.
603 2451 705 2480 Aruob.
717 2453 731 2477 6
748 2459 774 2485 p.
787 2459 829 2483 194
848 2447 989 2474 Vetustatis
997 2444 1160 2473 obliteratio.
1198 2440 1330 2469 Ammian.
1429 2443 1450 2463 O
1464 2443 1481 2464 B
1494 2444 1509 2463 L
1519 2444 1558 2463 xv
1568 2445 1577 2464 1
1587 2439 1656 2465 ὀςν
1665 2442 1687 2470 s,
1698 2444 1722 2470 a,
1740 2443 1793 2461 um.
1816 2432 1875 2459 Adi.
1897 2429 2066 2466 [ἐπιλήσμων]
2079 2426 2186 2462 Qict'to
2194 2421 2355 2457 obliuiscimur.
2393 2419 2452 2448 Cic.

271 2507 313 2532 30,
327 2504 357 2522 22
392 2495 483 2521 Pacem
497 2500 555 2518 cum
569 2488 774 2525 praeteritorum
787 2483 977 2513 obliteratione
992 2481 1143 2516 suppliciter
1156 2479 1329 2506 obsecrantes.
1392 2473 1423 2500 de
1439 2475 1542 2501 [nuent.
1559 2484 1576 2507 1,
1589 2480 1617 2505 33
1639 2474 1736 2498 Acutus
1749 2479 1781 2497 an
1795 2467 1934 2500 hebetior,
1960 2473 2064 2492 memor
2078 2472 2111 2490 an
2125 2459 2282 2488 obliuiosus.
2353 2455 2450 2484 Stultus

309 2540 328 2560 o
342 2538 357 2559 Β
367 2537 382 2557 L
394 2537 403 2556 1
419 2535 441 2556 T
453 2535 497 2556 ER
507 2529 555 2554 ᾸΤ
565 2534 584 2553 0
595 2533 628 2559 R,
647 2524 712 2551 oris.
733 2532 769 2550 m.
805 2519 923 2548 Tertull.
934 2518 1041 2546 Aduers.
1060 2518 1143 2545 Marc.
1157 2526 1182 2549 4,
1195 2512 1330 2549 26.„Paul.
1392 2515 1418 2536 et
1431 2508 1579 2536 obliuiosus
1593 2509 1669 2535 senex
1706 2507 1764 2534 Cic.
1784 2505 1816 2533 de
1836 2503 1936 2531 Sene&
1951 2504 1979 2535 36
1993 2510 2015 2528 c.
2029 2509 2059 2527 11.
2118 2496 2260 2529 Tranfitiue
2271 2493 2454 2526 Obliuios'um,¹

271 2569 371 2597 Nolan.
386 2565 463 2600 Epist.
477 2566 514 2596 16,
527 2565 578 2596 (33)
598 2571 618 2588 c.
632 2568 648 2595 7
667 2559 766 2587 Patriae
780 2557 950 2585 obliterator.
1392 2547 1468 2582 rol
1478 2546 1621 2571 ohtiuiomm
1637 2544 1742 2571 inducit.
1816 2542 1886 2568 Hor.
1901 2540 1989 2565 Carm.
2001 2546 2023 2570 2,
2036 2544 2062 2571 7,
2082 2544 2105 2562 21
2144 2531 2287 2560 Obliuioso
2302 2530 2370 2556 leuia
2383 2527 2446 2555 Mas-

311 2610 331 2631 0
343 2610 358 2630 Β
369 2609 384 2628 L
397 2608 407 2628 1
418 2607 439 2628 T
449 2606 464 2627 E
475 2607 487 2626 s
498 2605 515 2626 C
527 2605 546 2625 Ο
557 2619 564 2631 ,
591 2600 644 2624 ere.
664 2595 875 2629 [καταλαμβάνω]
911 2592 952 2618 Ab
971 2589 1081 2617 Obliteo
1102 2588 1219 2622 inust'mto
1239 2585 1330 2612 verba:
1346 2582 1377 2612 65
1392 2581 1444 2608 sico
1481 2580 1594 2608 Ciboria
1606 2580 1691 2615 exple.
1729 2580 1752 2605 h.
1767 2587 1787 2605 e.
1812 2577 1885 2603 Vino
1898 2575 2052 2607 Campano,
2078 2579 2132 2604 quo
2146 2568 2221 2595 labor
2238 2567 2265 2592 in
2282 2564 2447 2592 obliuionem

273 2641 291 2667 ἰ.
305 2650 335 2667 ex
356 2638 399 2665 Ob
418 2644 440 2662 et
460 2637 554 2662 Lateo:
587 2632 726 2668 ΑΙιῙεοηΑἰ,
748 2628 897 2664 delitescere.
969 2628 1047 2653 Varr.
1061 2625 1092 2652 de
1112 2625 1142 2651 R.
1159 2625 1190 2651 R.
1204 2632 1223 2656 1,
1236 2631 1258 2654 5¹
1286 2621 1330 2648 Ne
1392 2616 1476 2644 venit.
1514 2617 1611 2643 Acron.
1649 2616 1746 2652 Superl.
1785 2611 1905 2641 Tertull.
1918 2609 1949 2636 de
1962 2608 2058 2635 Anima
2071 2615 2092 2632 c.
2109 2615 2136 2636 24
2157 2601 2364 2632 Obliuiofiffimo
2372 2598 2451 2640 etiaua

274 2676 344 2703 aestu
359 2682 405 2709 per
419 2672 515 2699 rimosa
530 2672 557 2697 in
572 2669 648 2697 rimis
661 2675 741 2702 grana
754 2664 924 2697 oblitescant,
945 2669 970 2690 et
986 2662 1112 2696 recipiant
1127 2669 1230 2695 aquam.
1274 2658 1331 2685 Cic.
1393 2652 1500 2680 homini
1516 2652 1686 2679 inobliterata
1699 2647 1876 2686 perseuerabit
1890 2644 1997 2673 scientia
2011 2641 2181 2668 naturalium.

273 2712 305 2739 de
320 2709 440 2737 Vniuers.
455 2716 480 2740 33
498 2717 518 2734 c.
533 2715 561 2733 10
581 2705 717 2739 Qieisque
731 2699 895 2736 temporibus
910 2709 924 2727 a
936 2699 1026 2726 nostro
1039 2697 1158 2732 1οΓροἃο
1165 2695 1334 2723 oblitescant:
1432 2695 1452 2717 0
1465 2694 1482 2716 n
1496 2695 1514 2716 1.
1527 2695 1538 2715 1
1548 2694 1569 2715 v
1582 2689 1651 2715 151.
1662 2695 1671 2713 1
1685 2697 1698 2716 s
1710 2707 1717 2719 ‚
1734 2695 1758 2712 e.
1779 2684 1838 2711 Adi.
1876 2680 2001 2708 Prudent.
2022 2678 2121 2710 Hymn.
2134 2682 2193 2704 ante
2207 2675 2296 2703 Somn.
2315 2682 2342 2701 v.
2355 2680 2382 2706 ¹³

274 2748 415 2779 rursusque
433 2744 526 2772 emersi
550 2750 670 2769 errorem
690 2738 820 2766 incutiant
840 2736 951 2763 rationis
970 2733 1138 2769 expertibus,
1174 2734 1203 2758 de
1215 2730 1332 2766 planetis.
1661 2723 1738 2749 Mens
1751 2720 1866 2746 aestuans
1881 2715 2004 2752 procellis

277 2783 400 2814 oblitui,
421 2780 598 2807 Praeteritum.
671 2776 759 2802 Sencc.
775 2772 851 2808 Epist.
866 2775 895 2805 56
931 2771 1011 2798 Velut
1025 2769 1151 2796 timidum
1171 2773 1248 2803 atque
1261 2765 1332 2791 iners
1344 2768 1377 2794 70
1666 2756 1799 2790 Cui-isque
1825 2753 1952 2788 sauciata,

276 2819 373 2846 animal
390 2822 461 2844 metu
475 2814 594 2842 oblituit.
667 2811 740 2841 Idem
754 2810 817 2838 Nat.
831 2807 936 2842 Quaest.
956 2814 990 2842 7,
1004 2815 1046 2839 29.
1664 2792 1749 2819 Totis
1765 2789 1834 2817 bibit
1847 2788 1969 2816 medullis

313 2851 804 2884 OBLiTVS,·uid.o}³L1Noet
827 2847 1097 2873 OBLIVISCOR.
1524 2862 1536 2871 .‚
1665 2827 1803 2854 Obliuiale
1825 2825 1941 2860 poclum.
2438 2843 2440 2846 ,

313 2898 332 2918 o
342 2897 381 2918 BL
393 2896 404 2915 1
418 2895 439 2914 V
454 2895 464 2914 1
475 2894 487 2914 S
497 2893 513 2914 c
525 2893 545 2914 0
556 2893 574 2913 R
583 2909 591 2922 ‚
618 2885 669 2912 eris
678 2904 686 2918 ,
707 2883 806 2909 oblitus
827 2882 899 2912 sum,
936 2878 992 2906 isci.
1026 2877 1162 2912 [ἂμνηςέω,
1181 2874 1334 2905 λανθάνομαε,
1435 2871 1456 2893 0
1466 2872 1482 2892 B
1491 2871 1507 2892 Ι.
1517 2875 1536 2894 0
1545 2870 1562 2890 C
1575 2870 1596 2891 0
1607 2885 1616 2898 ,
1637 2868 1691 2891 Ere.
1712 2862 1882 2898 [ἀπομιῶόω]
1921 2861 1989 2886 Idem
2002 2857 2180 2894 quodfimplex
2195 2857 2292 2884 Locare.
2362 2851 2455 2881 Iustin.

277 2927 458 2954 ὶπιιικνθάνομαι
473 2943 482 2957 ,
516 2923 707 2954 ἒκλανθάνομαι]
750 2920 806 2945 Non
826 2915 959 2951 memimsse
971 2936 980 2948 ‚
1016 2924 1045 2939 ex
1063 2912 1179 2939 memoria
1199 2909 1335 2936 dimittere.
1399 2910 1431 2936 u,
1444 2911 1484 2934 10,
1499 2910 1515 2934 9
1537 2902 1628 2935 Quum
1644 2909 1753 2936 operam
1769 2899 1893 2925 oblocaie
1909 2896 1940 2923 ad
1954 2903 2046 2931 puteos
2062 2893 2258 2921 exhauriendos
2274 2890 2365 2919 solitus
2384 2890 2455 2917 esset-

279 2962 351 2989 Ter.
372 2960 453 2987 Andr.
472 2966 494 2992 ς,
514 2967 533 2989 1,
556 2966 577 2983 12
617 2957 649 2983 Ε1
661 2955 748 2982 nescio
762 2953 825 2988 quid
838 2951 887 2980 tibi
901 2952 956 2978 sum
974 2950 1073 2978 oblitus
1086 2947 1185 2978 hodie,
1213 2954 1241 2972 ac
1259 2944 1335 2971 volui
1352 2947 1379 2972 75
1397 2940 1456 2975 Qu
1467 2938 1544 2963 etiam
1555 2936 1777 2970 dicena'iftrmula
1790 2934 1872 2960 vritur
1880 2932 2021 2959 Suetonius
2058 2930 2149 2957 Vitell.
2162 2936 2208 2964 e.7
2229 2927 2371 2963 SiLipfium
2384 2925 2456 2952 aurti-
2478 2954 2480 2958 ¹

279 2998 376 3024 dicere.
451 2996 490 3021 An
506 2993 605 3020 oblitus
618 3001 662 3024 es,
682 2991 754 3026 quod
767 2989 849 3017 initio
863 2987 993 3020 dixerim,
1014 2985 1118 3012 facilius
1130 2991 1173 3010 me
1200 2996 1246 3003 --
1266 2980 1336 3015 poss'e
1399 2984 1458 3001 mus.
1533 2974 1691 3000 Burmannus
1702 2974 1767 2998 enim
1782 2972 1820 2996 ita
1831 2992 1839 3005 ,
1867 2970 1902 2995 Vt
1915 2976 1999 2995 vxore
2012 2974 2037 2995 et
2052 2966 2160 2999 liberis,
2180 2973 2246 2999 quos
2262 2965 2362 2990 Romae
2375 2961 2457 2988 relin-

280 3034 368 3061 dicere
390 3031 446 3059 Cic.
467 3030 528 3056 Nat.
541 3027 623 3055 Deor.
638 3035 686 3057 2‚2
705 3037 727 3053 c.
738 3037 755 3053 1.
827 3027 876 3052 Pro
889 3023 1003 3050 dixerim
1017 3022 1120 3047 videtur
1127 3020 1254 3053 legendum
1267 3016 1338 3043 dixe.
1398 3009 1509 3045 quebat,
1530 3008 1674 3035 meritorio
1688 3006 1830 3034 coenaculo
1844 3004 1957 3037 abditis,
1977 3004 2085 3031 domum
2105 3003 2132 3029 in
2147 3001 2278 3035 reliquam
2294 3004 2395 3034 partem
2409 3005 2456 3023 an·
2476 3023 2486 3030 ..

280 3079 347 3097 ram.
420 3066 543 3097 Oblitus,
560 3073 613 3090 rum
627 3063 750 3088 Genitiuo,
821 3061 877 3088 Cic,
892 3061 970 3087 νει-ς,
988 3058 1046 3086 Λᾶ,
1060 3067 1079 3089 1,
1093 3064 1120 3089 32
1143 3055 1218 3088 Qiae
1232 3060 1256 3080 te
1269 3052 1338 3079 obli.
1399 3046 1428 3073 ni
1442 3045 1583 3072 ablocaret.
1662 3046 1764 3070 Videtur
1777 3050 1857 3068 autem
1870 3042 1912 3067 hoc
1925 3041 2039 3075 intereffe
2059 3040 2126 3065 inter
2139 3037 2264 3065 oblocare
2289 3042 2312 3061 et
2325 3034 2458 3066 ablotate,

281 3106 346 3133 visci
361 3103 446 3131 laudis
467 3099 623 3128 domesticae
644 3107 698 3125 non
719 3098 808 3123 sinant.
881 3096 952 3123 Caes.
966 3094 1029 3121 Bell.
1050 3093 1119 3120 Gall.
1136 3102 1152 3124 1,
1169 3093 1194 3117 »6
1231 3088 1336 3115 Veteris
1399 3084 1465 3108 modo
1479 3082 1522 3108 hoc
1535 3081 1681 3114 verirmfit,
1704 3087 1733 3105 vt
1746 3078 1783 3106 ob
1795 3079 1885 3103 habeat
1899 3077 2030 3112 respec‘Yum
2043 3078 2077 3102 ad
2095 3074 2276 3102 conductorem
2304 3069 2336 3097 ab
2348 3079 2409 3097 'vero
2421 3069 2459 3096 ad

282 3139 460 3170 contumeliae
471 3135 606 3165 obliuisci.
677 3131 882 3159 Consuetudinis
896 3138 920 3159 et
939 3130 1051 3158 instituti
1074 3129 1112 3155 sui
1135 3125 1258 3154 obliuisci
1279 3124 1336 3151 Cic.
1353 3124 1386 3149 80
1399 3117 1476 3154 r'pfitm
1487 3118 1625 3150 locatorem,
1644 3117 1688 3151 qui
1701 3115 1735 3142 ab
1749 3116 1773 3140 se
1787 3112 1913 3147 transfert
1926 3113 1954 3139 in
1974 3113 2016 3138 vel
2029 3110 2065 3139 ob
2078 3111 2162 3137 alium.

283 3179 336 3206 Att.
352 3187 376 3210 4,
391 3185 422 3207 ις.
495 3170 638 3206 Dignitatis
654 3171 711 3197 suae
733 3168 804 3195 Idem
813 3166 912 3199 Fami,
926 3177 947 3199 7.
1020 3166 1154 3193 Malorum
1177 3164 1244 3189 Hor.
1255 3160 1338 3195 Epod,
1436 3159 1481 3194 o·13
1493 3160 1508 3179 L
1520 3159 1539 3179 Ο
1554 3159 1571 3180 c
1584 3155 1605 3179 Ᾰ
1616 3159 1638 3179 'r
1650 3159 1670 3177 v
1681 3159 1710 3187 s,
1731 3160 1761 3183 a,
1782 3159 1836 3177 um.
1873 3149 1940 3176 Part.
1976 3149 2046 3175 Suet.
2054 3146 2127 3174 Caes.
2135 3155 2157 3172 c.
2166 3146 2195 3171 26
2215 3143 2290 3175 Quae
2302 3139 2335 3168 ad
2349 3139 2459 3176 epulum

284 3223 307 3247 2,
322 3222 357 3246 37.
429 3209 544 3236 Memini
563 3207 634 3234 enim
656 3205 784 3234 memini,
810 3211 855 3229 ncc
877 3211 992 3236 vnquam
1007 3201 1151 3228 obliuiscar
1166 3198 1252 3225 noctis
1267 3197 1339 3223 illius
1399 3189 1565 3225 perimebant
1579 3188 1735 3215 macellariis
1751 3186 1882 3213 oblocuta.
2489 3183 2495 3187 ⁴

284 3250 340 3277 Cic.
355 3256 404 3282 pro
418 3246 501 3273 Plane.
518 3253 556 3271 ¹0.
628 3241 794 3272 Obliuiscor,
830 3247 882 3264 cum
900 3237 1053 3271 Accusatiuo.
1125 3236 1181 3262 Cic.
1202 3243 1251 3269 pro
1266 3233 1341 3259 Rosc.
1439 3232 1458 3252 O
1470 3231 1486 3251 Β
1498 3231 1514 3251 1.
1526 3230 1607 3252 ONG
1617 3231 1638 3249 V
1648 3231 1678 3257 S,
1698 3233 1728 3254 a,
1748 3232 1803 3250 11111.
1841 3219 1901 3247 Adi.
1920 3217 2069 3254 [ἕπιμηκιὶς]
2113 3216 2297 3250 Aliquantum,
2322 3213 2366 3238 vel
2376 3212 2459 3238 altera
2482 3223 2487 3230 ¹

286 3286 373 3312 Amet.
385 3292 417 3316 49
431 3289 494 3315 c.17
514 3280 545 3306 Et
557 3277 700 3305 artificium
713 3275 903 3306 oblitust-atur,
925 3280 949 3299 et
962 3272 1075 3299 studium
1089 3271 1219 3306 deponat,
1241 3268 1341 3295 licebit.
1395 3261 1437 3298 sm¹
1455 3261 1601 3293 dfmmlt'vne
1614 3261 1718 3295 Longus.
1827 3257 1893 3284 Plin.
1910 3265 1953 3289 37,
1973 3263 1996 3280 12
2017 3255 2035 3281 s.
2056 3262 2087 3288 75
2125 3252 2220 3286 Figura
2242 3249 2357 3284 oblonga
2376 3247 2459 3274 maxi·

287 3321 364 3354 Virg.
380 3319 444 3345 Aen.
460 3326 482 3350 2,
495 3322 537 3349 148
576 3313 705 3347 Qusquis
719 3321 745 3339 es
760 3333 768 3345 ,
793 3310 894 3337 amissos
909 3308 970 3334 hinc
993 3308 1044 3334 iam
1060 3307 1216 3333 obliuiscere
1236 3305 1341 3331 Graios.
1358 3306 1386 3331 85
1402 3306 1443 3324 me
1458 3295 1593 3332 P¹⁶0b³ss¹¹²
1631 3298 1661 3321 de
1676 3295 1788 3330 gemmis.
1879 3291 1938 3318 Liu.
1953 3299 1992 3321 2¹2
2015 3296 2028 3320 8
2049 3288 2148 3316 Hastile
2162 3286 2318 3321 oblongum·
2390 3283 2458 3310 Can-

287 3354 309 3393 ἦ
329 3364 341 3381 2
380 3357 417 3380 De
431 3351 584 3387 Etymologia
597 3350 667 3375 huius
687 3349 758 3374 vorbi
775 3344 884 3374 Cassiod.
905 3344 936 3371 de
956 3342 1156 3377 Orthographia
1168 3350 1199 3367 ex
1213 3340 1342 3367 Caesellio
1404 3332 1517 3361 tharides
1532 3331 1664 3366 oblongae
1685 3331 1859 3361 Scribon.23=.
1931 3326 2054 3360 Oblonga
2067 3334 2119 3351 oua
2140 3324 2252 3356 Plinio,
2265 3331 2300 3353 52.
2355 3319 2459 3346 Oblon-

288 3401 313 3426 p.
328 3399 387 3422 2317,
400 3399 427 3415 10
464 3387 618 3415 Obliuiscor
630 3393 684 3411 non
699 3382 823 3418 simplex,
852 3381 894 3408 sed
908 3378 1080 3414 compositum
1095 3376 1138 3403 est.
1210 3376 1346 3410 Compofi-
1405 3378 1440 3404 go
1451 3368 1547 3396 semine
1560 3368 1757 3394 cardamomum
1775 3365 1841 3393 Plin.
1860 3371 1897 3397 12,
1911 3371 1942 3396 ¹3·
2016 3365 2130 3396 Compar.
2184 3359 2291 3387 Vitmu.
2305 3366 2348 3390 10,
2363 3363 2388 3388 17
2408 3355 2460 3382 Fe·

289 3427 310 3453 ti
323 3426 419 3452 seilicet
444 3425 523 3450 huius
546 3421 652 3456 simplex
672 3420 732 3447 latet
755 3420 783 3445 in
802 3417 918 3452 antiquis
937 3414 1091 3442 nominibus
1111 3419 1135 3438 et
1155 3412 1345 3438 monumentis.
1405 3414 1494 3432 tamen
1507 3403 1659 3437 oblongius.

291 3461 383 3496 Liuiscs
397 3461 467 3486 enim
481 3458 604 3485 obliuisci
617 3457 666 3484 est:
687 3456 771 3482 linitus
785 3454 855 3489 quod
869 3462 916 3481 nos
930 3452 1011 3479 hodie
1027 3459 1072 3485 per
1088 3447 1223 3475 elisionem
1238 3447 1345 3474 oblitus.
1440 3447 1508 3468 0131.
1518 3446 1537 3466 O
1549 3446 1570 3465 N
1583 3446 1603 3465 G
1617 3438 1638 3466 x*
1650 3446 1665 3466 L
1677 3444 1735 3470 vs,
1755 3445 1786 3469 a,
1806 3445 1860 3463 um.
1887 3433 1948 3461 Adi.
1969 3433 2036 3461 Gen.
2052 3441 2088 3467 17,
2101 3441 2117 3467 9
2138 3429 2243 3458 Surculi
2254 3434 2348 3457 teretes
2362 3426 2459 3455 oblon-

292 3496 373 3530 Qiod
387 3505 444 3522 cum
465 3494 632 3521 manifestum
650 3491 747 3524 fuerit,
767 3488 910 3525 plenissime
929 3487 1019 3523 quiuis
1033 3485 1161 3517 intelliget
1175 3484 1202 3509 in
1217 3483 1343 3517 scriptura
1357 3487 1392 3513 90
1404 3477 1469 3512 guli.

292 3532 371 3560 verbi
392 3531 470 3557 huius
489 3529 662 3561 diuisionem,
686 3533 711 3554 et
724 3526 831 3562 liuifi-or.
888 3526 956 3550 Haec
970 3522 1018 3549 ille.
1074 3520 1170 3556 Qilys'
1185 3520 1270 3544 hahuit
1290 3528 1344 3544 ver,
1442 3519 1462 3540 ο
1474 3508 1599 3552 BLc'iQy
1611 3517 1660 3538 on
1672 3530 1680 3542 ‚
1703 3509 1772 3540 eris,
1792 3507 1847 3543 qui.
1867 3504 2018 3541 [hrudim
2038 3506 2196 3537 καταλαλέω]
2232 3499 2458 3536 6011112-10011011-
2496 3495 2499 3502 '

292 3570 347 3608 huni
361 3567 582 3606 boc-coqnatitmem
596 3574 647 3591 cum
663 3564 762 3596 liuere,
782 3571 826 3597 quo
843 3561 916 3587 verbo
935 3559 963 3584 ob
975 3567 1046 3586 rurus
1066 3558 1131 3582 culm·
1150 3555 1296 3587 indicatur,
1314 3561 1344 3579 -vt
1406 3555 1459 3576 tem
1473 3549 1560 3583 loqui,
1580 3548 1663 3581 mqtu't
1676 3544 1782 3572 Seruius
1797 3545 1832 3569 ‹m'
1847 3543 2003 3575 Αο11.6,646
2024 3549 2053 3567 vt
2067 3550 2121 3566 mox
2135 3539 2279 3565 videbimus.
2336 3536 2392 3563 Cic.
2407 3543 2458 3570 pro

293 3603 460 3635 obliuiscifit
479 3601 576 3636 obscuro
593 3601 663 3626 velut
677 3600 754 3626 colore
766 3597 890 3624 inauHum
903 3603 926 3622 et
939 3596 1039 3620 ovlitum
1051 3601 1127 3626 arque
1140 3592 1199 3617 adeo
1215 3591 1294 3616 lutens
1307 3591 1345 3615 in-
1406 3586 1510 3613 Cluent.
1519 3586 1547 3614 63
1566 3583 1753 3609 Tamenvocat
1766 3589 1807 3606 mc
1814 3579 1868 3606 alio
1877 3578 2029 3605 iamdudum
2037 3577 2113 3603 tacita
2123 3572 2458 3607 vestraexspetfftatio,quae

293 3646 337 3666 tra
350 3640 456 3664 animum
470 3638 565 3663 hahere.
1407 3621 1476 3648 mihi
1489 3618 1599 3652 obloqui
1616 3617 1737 3649 videtur,
1758 3616 1831 3649 Quid
1845 3615 1926 3650 ergo?
1962 3622 2074 3648 negasne
2089 3610 2151 3638 illud
2166 3609 2294 3636 iudicium
2307 3609 2355 3634 esl'e
2369 3615 2458 3633 corru-

332 3680 422 3714 013131
437 3679 458 3698 v
472 3680 480 3698 1
493 3679 505 3698 s
515 3678 557 3699 CL*
567 3680 588 3699 Ν
599 3677 613 3698 s
623 3692 632 3704 ,
651 3670 726 3697 entis.
765 3669 858 3696 Partic.
893 3665 1037 3701 [ἅμνηςῦν]
1075 3662 1170 3690 Catull.
1187 3663 1228 3693 66,
1241 3663 1298 3693 (69)
1318 3668 1344 3692 43
1359 3666 1389 3692 95
1406 3658 1498 3692 ptum?
1533 3654 1604 3683 Ideni
1620 3655 1657 3687 Q
1672 3653 1740 3679 Frat.
1752 3661 1774 3684 2,
1791 3661 1804 3685 9
1833 3652 1881 3677 'l'u
1896 3659 1962 3677 vcro
1977 3656 2004 3675 vt
2017 3658 2059 3675 me
2073 3654 2099 3674 et
2112 3645 2238 3681 appelles,
2259 3651 2284 3671 et
2297 3642 2458 3677 interpelles,

295 3711 339 3739 Ne
353 3711 457 3750 stigicns
477 3707 564 3734 saeclis
582 3705 800 3733 obliuiscentibus
814 3711 881 3731 aetas
919 3702 992 3730 Illius
1015 3699 1065 3727 hoc
1084 3707 1158 3726 caeca
1182 3697 1261 3724 nocte
1277 3703 1345 3731 tegat
1405 3700 1431 3720 et
1443 3692 1587 3725 obloquare
1599 3696 1624 3715 ct
1637 3688 1791 3723 colloquare
1810 3687 1900 3713 velim.
1973 3682 2139 3718 Respondere
2158 3686 2184 3707 ct
2203 3680 2314 3714 obloqui
2337 3679 2403 3706 Plin.
2420 3679 2460 3710 36,

294 3746 419 3774 studium.
491 3744 573 3769 Caeca
585 3742 681 3774 110610,
702 3743 719 3769 ι’.
732 3741 892 3777 Igno-antiae
903 3738 1016 3765 tenebris.
1409 3733 1444 3756 16.
1517 3727 1588 3760 Virg.
1600 3726 1694 3758 Aen-6,
1709 3726 1757 3757 646
1793 3724 1849 3750 Nec
1863 3731 1917 3749 non
1931 3720 2078 3748 Threicius
2095 3718 2170 3751 longa
2184 3725 2243 3742 cum
2259 3716 2327 3742 velie
2342 3713 2458 3741 sacerdos

332 3789 351 3809 o
361 3788 377 3808 Β
388 3788 403 3807 L
417 3786 427 3806 1
438 3785 479 3805 Vl
494 3785 507 3805 8
523 3784 540 3805 C
556 3785 573 3805 E
585 3785 607 3804 N
617 3783 701 3810 ovs,
718 3786 742 3812 a,
759 3785 812 3802 11111.
832 3774 979 3810 [ἐμνηςὲος]
1006 3773 1073 3799 Hor.
1087 3769 1165 3805 Epist.
1176 3777 1255 3803 1,1t,9
1273 3766 1347 3794 Obli-
1410 3763 1574 3799 Obloquitur
1588 3762 1705 3787 numeris
1723 3761 1819 3794 septem
1835 3758 1986 3786 discrimina
2001 3762 2103 3781 vocum.
2176 3753 2283 3778 Seruius
2296 3763 2302 3778 ς
2339 3748 2458 3777 Dicendo

297 3825 390 3856 tusque
411 3823 532 3854 meorum
552 3813 747 3840 obliuiscendus
764 3819 789 3838 et
809 3812 872 3838 illis.
904 3812 922 3836 i.
945 3808 1071 3836 obliuioni
1085 3808 1219 3833 tradendus
1238 3805 1269 3830 ab
1289 3803 1346 3830 ruis.
1410 3800 1590 3834 Obloquitur,
1613 3796 1772 3822 chordarum
1790 3794 1907 3829 expressit
1924 3792 2043 3822 laudem,
2063 3797 2124 3823 quas
2140 3787 2204 3815 dicit
2220 3788 2308 3814 verbis
2323 3787 2458 3820 loquutas:

298 3849 483 3892 Obliuis'ccndt
496 3856 536 3876 tui
549 3857 636 3875 mores
656 3847 736 3875 Plaut.
749 3848 807 3874 Mil.
823 3857 846 3879 4,
860 3852 882 3879 8,
896 3848 935 3877 46.
999 3856 1005 3859 ·
1355 3844 1401 3862 100
1410 3835 1529 3870 Obloqui
1542 3833 1611 3859 enim
1628 3842 1681 3859 non
1696 3832 1748 3864 est,
1774 3831 1821 3857 nili
1835 3837 1927 3856 contra
1939 3829 2091 3862 loquentem
2106 3825 2197 3857 loqui,
2223 3834 2277 3850 non
2290 3831 2376 3851 autem
2391 3819 2458 3847 male

337 3896 358 3917 ο
370 3895 410 3916 BL
421 3894 430 3913 1
442 3891 492 3912 TV
504 3891 533 3917 S,
552 3893 581 3915 a,
597 3893 650 3910 um.
671 3884 763 3910 Partie.
788 3881 991 3917 [ὖπιλαθὸμε-ιας]
1029 3879 1134 3906 Affliuae
1148 3875 1347 3912 fignificatt‘onit.
1408 3872 1512 3904 dicere,
1531 3876 1558 3896 vt
1571 3869 1641 3895 alias.
1716 3867 1780 3894 Auis
1799 3865 1958 3899 obloquitur
1983 3860 2064 3888 Ouid.
2079 3869 2110 3886 ex
2132 3861 2205 3888 Pom.
2220 3869 2242 3894 3,
2257 3870 2275 3893 1,
2289 3868 2321 3886 21.
2377 3855 2459 3885 Oblo-

299 3926 366 3953 Plin.
380 3934 406 3957 c),
421 3931 448 3948 10
486 3922 517 3948 In
529 3925 629 3946 tantum
642 3919 710 3945 fallit
723 3918 822 3945 oblitus
836 3918 890 3950 sui,
912 3923 957 3949 vt,
975 3925 1021 3942 etc.
1094 3913 1205 3940 Det-oris
1225 3911 1262 3937 sui
1282 3910 1348 3936 obli·
1409 3909 1471 3942 qui,
1493 3906 1651 3946 Mqlediseu:
1707 3905 1789 3931 Plaut.
1809 3903 1886 3928 Cure.
1903 3909 1922 3933 1,
1937 3909 1955 3932 1,
1969 3907 1996 3929 41
2017 3896 2133 3922 Lenonis
2148 3896 2196 3922 hae
2210 3898 2267 3922 sumt
2281 3895 2366 3923 aedes.
2406 3897 2457 3918 ΡΑ.

299 3969 340 3988 tus
360 3961 436 3994 Virg.
450 3957 600 3988 Αο11.5,174.
672 3954 799 3981 Nominis
812 3960 837 3980 et
855 3960 930 3988 togae
949 3951 1048 3979 oblitus
1077 3951 1169 3976 Horat.
1183 3947 1262 3979 Od.3‚
1276 3955 1298 3978 ς,
1314 3955 1348 3972 10.
1409 3944 1477 3970 male
1491 3942 1544 3969 istis
1559 3946 1671 3967 eueniat.
1708 3946 1759 3966 PH.
1780 3936 1843 3973 qui?
1867 3943 1918 3963 ΡΑ.
1939 3934 1999 3969 quia
2019 3932 2149 3959 scelestam
2169 3933 2321 3959 seruitutem
2333 3929 2458 3958 seruiunt.

301 3996 386 4036 Moris
399 3993 479 4030 patrii
494 3991 594 4021 oblitus
621 3989 746 4030 Ouid-ex
765 3990 962 4028 Ρο111.1,ς,49.
1034 3986 1147 4014 Pudoris
1165 3983 1247 4012 oblita
1274 3981 1348 4008 Idem
1410 3985 1462 4006 ΡΗ.
1483 3977 1635 4017 obloquere.
1654 3982 1707 4005 ΡΑ.
1730 3975 1774 4001 fiat
1786 3974 1908 4000 maxime.
1933 3975 1985 3997 PH·
2007 3968 2085 4008 etiam
2099 3969 2183 3994 taces?
2207 3975 2261 4001 ΡΑ,
2282 3977 2376 4002 nempe
2385 3964 2457 3994 obit),

300 4032 380 4068 Epist.
395 4040 430 4065 17,
444 4038 476 4064 13·
547 4027 646 4057 Rerum
659 4025 742 4055 oblite
756 4032 862 4053 tuarum
876 4023 1023 4060 virg-Aen.
1038 4034 1062 4057 4,
1077 4024 1130 4055 267.
1199 4016 1288 4048 Corda
1303 4017 1398 4046 oli-105
1410 4015 1457 4052 qui
1470 4012 1632 4043 11101οΠ0125.
1703 4009 1868 4041 serociffime
1881 4005 2022 4039 obloquuti
2038 4009 2112 4031 erant
2131 4004 2205 4032 Curt.
2215 4011 2344 4037 toflextr.

2339 4049 2358 4071 0
2370 4048 2387 4069 B
2399 4049 2414 4070 L
2427 4045 2458 4067 0*
