2517 4231
250 164 273 201 7
668 142 889 184 LAB
1781 142 1998 186 LAB
2393 154 2418 195 8

252 236 318 264 Gall.
331 244 353 268 7,
368 244 404 260 10.
440 233 572 261 Laborare
584 242 596 258 a
611 231 722 258 veritate
740 229 799 258 Liu.
816 239 851 258 22.
872 227 890 257 ὶ.
905 230 1014 266 Distitm'
1024 231 1143 257 veritatis
1162 229 1301 265 tqsiImom'O.
1361 230 1514 259 Tithoniae
1532 231 1691 260 Stat-Theb.
1704 234 1729 267 6,
1738 242 1773 263 25.
1793 235 1990 261 deAuroracum
1997 235 2147 262 dielaborem
2164 235 2295 271 afferente.
2316 235 2418 262 Hercu-

253 274 271 300 Ε
283 271 375 298 dolore
387 269 506 295 laborare
519 268 616 294 dicitur
629 274 756 300 puerpera
773 266 841 292 Ter.
861 266 942 293 Andr.
958 275 977 300 1,
992 276 1013 305 ς,
1026 275 1058 297 33.
1094 266 1152 293 Cic.
1173 267 1244 293 Fam.
1264 269 1301 300 16,
1362 266 1399 292 les
1411 267 1540 295 laborifer
1559 268 1640 295 Ouid.
1658 269 1722 295 Met.
1737 278 1762 304 9,
1777 277 1829 301 235.
1902 273 2033 299 quencus
2048 269 2226 299 laborifer'ld.
2239 270 2307 298 ibid.
2323 280 2356 307 15,
2370 280 2418 306 129.

254 318 270 335 11
293 307 357 333 Non
369 305 465 340 ignoro
479 310 604 337 quantum
618 309 649 326 ex
657 300 787 328 desiderio
799 301 911 329 labores.
948 303 982 327 Ex
997 301 1242 335 inuidialaborare,
1259 304 1301 329 ln·
1350 302 1452 329 Musae
1467 305 1562 331 Auson.
1582 304 1675 336 Eidyll.
1694 315 1715 337 4,
1728 315 1750 339 7.
1816 312 1831 340 η·

251 342 330 378 misum
339 349 362 367 a
371 339 524 373 w'iosumeffb
542 337 579 364 Id.
592 345 641 371 pro
649 338 723 365 Rosc.
736 338 825 365 Ainer.
841 347 881 371 ¹49
891 347 911 366 c.
920 347 952 368 5¹-
971 345 1037 364 extr.
1074 339 1153 372 Quod
1169 338 1185 364 si
1199 347 1302 371 omnes,
1400 345 1416 365 ι.
1427 345 1449 364 Α
1464 345 1480 366 Β
1491 347 1510 366 o
1520 347 1539 366 R
1551 347 1561 367 1
1575 347 1597 367 A
1609 347 1641 373 Ε,
1658 349 1744 367 3111111.
1762 341 1781 368 f.
1794 341 1829 376 pl.
1845 341 1937 368 Italiae
1949 349 2010 378 pars
2017 342 2074 375 illa,
2082 352 2142 377 quae
2149 344 2223 378 vulgo
2237 343 2307 369 bodie
2326 351 2419 377 quoque

252 379 298 413 qui
312 377 404 403 eodem
419 376 478 400 loco
493 374 546 399 nati
563 373 630 402 sunt,
650 373 777 406 facerent,
795 380 820 400 et
835 374 910 408 Resp.
925 382 956 399 ex
970 373 1034 408 illis,
1054 381 1080 400 et
1093 374 1139 408 ipsi
1153 382 1183 400 ex
1197 373 1300 400 inuidia
1321 380 1335 406 ς
1358 379 1429 401 terra
1444 374 1542 401 laboris
1554 376 1658 408 dicitur,
1672 379 1737 411 quod
1747 377 1952 412 ingcnslaborfit
1964 379 1991 404 in
2004 379 2154 404 cacolenda:
2172 378 2269 414 quippe
2282 379 2366 405 solum
2375 378 2418 403 ha-

252 414 340 440 minus
354 411 511 437 laborarent.
548 408 585 435 Id.
599 407 630 434 de
645 409 747 435 Inucnt.
763 418 784 441 2,
802 418 815 440 5
833 408 923 435 Minus
937 409 963 434 in
984 409 1163 444 arrogffiitiam
1183 409 1300 436 ofl'ende-
1359 409 1523 437 betarduum
1534 420 1624 446 opere,
1634 412 1741 439 difficile
1750 412 2237 448 ciilt11,bonissi1isacriuspaenequam
2246 413 2320 441 vitiis
2329 414 2419 448 posset,

250 455 317 482 rent,
338 456 390 473 non
403 452 540 479 tantopere
555 444 583 470 in
596 444 670 471 vitiis
686 445 891 479 perseuerarent,
918 444 1055 479 aliquanto
1068 455 1099 472 ex
1112 445 1252 472 inscientia
1266 446 1301 472 le-
1360 447 1478 481 affligens
1492 446 1635 481 agricolam
1647 449 1784 484 Plin.17,4.
1812 449 1850 477 ld.
1861 450 1956 482 Ρ1111.3,
1971 460 1984 482 4
1997 451 2038 483 s.9
2056 451 2197 477 Certamen
2205 451 2334 477 hnmanae
2342 450 2417 476 volu.

249 486 310 513 vius
324 482 481 509 laborarent.
520 480 556 507 Ex
569 481 677 507 renibus
692 479 812 507 laborare
827 480 864 507 Id.
878 481 961 507 Tusc.
984 490 1011 511 2,
1024 483 1057 508 60
1072 491 1094 508 c.
1109 491 1144 513 25.
1179 483 1209 508 Et
1222 482 1299 511 Fam.
1361 483 1516 517 ptatisillum
1525 492 1612 517 agrum
1619 487 1734 518 appellat.
1754 487 1785 511 lit
1799 495 1856 519 17,11
1872 487 1890 512 s.
1902 495 1932 520 29
1946 487 2082 519 Quantum
2090 494 2178 513 autem
2189 486 2322 513 vniuersas
2337 492 2419 512 terras

249 531 272 554 7,
285 529 311 552 27
333 517 465 544 Laborare
479 525 511 543 ex
526 516 665 543 intestinis.
701 516 731 542 In
744 516 799 543 acie
812 516 915 543 laborat
927 525 1011 543 cornu
1024 528 1030 543 :
1051 518 1075 544 h.
1089 527 1108 544 c.
1128 518 1256 552 Infirmius
1276 525 1300 543 ct
1362 527 1468 552 campus
1481 518 1721 554 circumcampanus
1729 521 1868 554 antecedit,
1881 527 1983 548 tantum
1995 522 2080 556 ipsum
2094 531 2152 557 pars
2172 522 2229 548 eius
2248 531 2314 556 quae
2333 521 2418 548 Labo-

248 554 402 589 i'mpotcntius
417 552 449 589 (β
469 552 540 579 νίξὶ.
554 552 585 577 de
598 550 671 577 Viris
686 551 780 578 illustr.
796 554 824 578 26
837 559 901 580 extr.
940 553 1014 579 Adeo
1027 553 1055 579 in
1072 562 1139 588 quae
1153 553 1302 581 laboramus
1318 560 1345 578 io
1363 554 1420 581 riae
1433 559 1570 590 vocantur,
1590 564 1668 589 quem
1680 555 1842 592 Phlegraeon
1856 557 2099 592 Graeciappcllant.
2136 559 2279 585 Finiuntur
2287 556 2417 585 Laboriae

247 591 315 622 sola,
333 588 483 622 crcuimus,
505 587 613 614 diuitias
633 587 820 622 luxuriamque
842 588 902 615 Liu.
917 598 941 624 7,
954 598 989 620 25.
1041 591 1072 617 In
1096 590 1166 624 spem
1180 589 1301 616 laborare
1363 591 1408 617 via
1422 589 1455 616 ab
1468 596 1582 625 vti-oque
1595 591 1676 618 latere
1691 591 1840 627 Consulari,
1854 602 1920 628 quae
1935 602 1950 619 a
1973 594 2100 627 Puteum,
2118 600 2143 621 et
2158 603 2224 628 quae
2237 602 2252 620 a
2265 594 2357 621 Cumis
2370 593 2419 619 03-

249 625 329 653 Ouid.
345 626 409 652 Met.
425 634 461 658 15,
478 627 529 654 3⁶7.
557 622 601 649 Ob
613 622 753 649 auaritiam
767 623 898 657 laborare,
912 628 1024 650 Auarum
1042 625 1088 660 effi·
1108 627 1207 661 quidam
1232 627 1300 652 Hor.
1361 635 1440 662 puam
1448 625 1528 652 ducit.
1565 627 1632 653 Hinc

248 663 391 696 Serm.1,4‚
404 663 441 687 26.
461 660 510 685 Sed
521 659 575 686 mel.
587 659 621 685 al.
634 658 667 685 ab
680 659 800 686 auaritia.
838 660 994 687 Ambitione
1011 660 1131 688 laborare
1146 661 1184 688 ld.
1198 661 1264 688 ibid.
1280 669 1301 696 1,
1401 669 1418 689 L
1432 669 1453 689 A
1466 667 1482 688 Β
1496 668 1514 689 O
1526 668 1545 688 R
1557 669 1567 688 1
1581 668 1602 688 N
1618 669 1637 689 v
1648 669 1661 689 s
1685 664 1800 699 Campus
1815 665 1915 692 nobilis
1929 665 1958 692 in
1974 664 2119 700 Campania
2137 664 2203 692 Plin.
2218 674 2252 698 17,
2270 675 2293 697 4.

247 709 272 733 4,
285 700 324 724 26.
364 697 460 723 Animo
472 694 592 721 laborare
604 695 676 721 Caes.
692 695 756 722 Bell.
771 695 839 722 Gall.
858 705 914 730 cap.
930 706 952 729 7,
966 706 1006 728 30.
1063 697 1228 732 Qiin&il.4,
1244 707 1250 724 1
1272 697 1299 724 Si
1400 705 1416 725 1.
1428 704 1505 725 ABR
1517 704 1584 732 Ax,
1604 698 1666 726 acis.
1694 709 1729 726 m.
1783 701 1863 734 Lupus
1883 702 1972 736 piscis,
1997 703 2064 737 quod
2086 705 2193 737 Λάβςως,
2222 701 2240 728 i.
2258 700 2333 727 auide
2353 701 2419 727 edat.

247 734 321 761 causa
341 733 505 765 laboramus,
526 731 636 765 persona
654 730 806 765 subueniat,
827 732 846 758 i.
870 734 898 758 Si
917 731 989 767 causa
1007 732 1132 768 inuidiosa
1146 742 1187 758 nos
1199 742 1223 768 p:
1232 734 1298 760 emit.
1316 739 1340 766 15
1361 735 1427 762 Plin.
1441 744 1477 769 32,
1493 744 1521 761 11.

246 769 365 797 Cerebro
379 766 501 793 laborare
515 767 595 793 Plaut.
608 766 690 794 Milit.
705 776 727 798 2,
740 776 762 798 2,
777 778 811 799 5¹·
847 768 926 795 Curis
941 767 1062 796 laborare
1078 769 1209 796 Claud.dc
1219 769 1301 796 Phoe·
1399 778 1415 798 1.
1429 777 1452 797 A
1463 776 1479 796 Β
1493 776 1510 796 R
1523 776 1542 796 ο
1553 776 1585 800 s,
1604 769 1623 796 i.
1643 779 1679 797 m.
1717 771 1793 797 Canis
1809 779 1893 798 nomen
1914 774 1984 807 apud
2000 772 2083 800 Ouid.
2100 773 2165 800 Met.
2178 781 2199 805 3,
2219 781 2270 805 224.
2326 774 2422 806 Λᾶβςος

246 806 305 833 nice
325 806 362 830 62.
398 803 535 830 Desiderio
547 808 635 838 partus
651 802 772 829 laborare
783 803 918 831 Columel.
930 805 955 837 6,
970 813 1006 837 27.
1043 805 1302 832 Domicoeniolabo-
1357 807 1493 839 vehemens,
1501 815 1591 832 vorax.

245 849 304 869 rare
324 839 439 866 Martial.
454 849 475 873 5,
491 848 531 873 79.
565 839 644 866 Fame
655 839 777 866 laborare
793 839 926 867 Columel.
942 849 949 866 1
969 841 1052 875 praef.
1089 842 1212 868 Foenore
1228 841 1300 868 labo·
1402 849 1419 868 L
1434 849 1454 869 Α
1469 848 1484 869 Β
1500 849 1518 869 R
1530 848 1596 874 VM,
1614 842 1633 869 i.
1651 851 1677 869 n.
1699 842 1813 876 [χέλυς]
1833 843 1900 869 Idem
1912 845 1979 878 quod
1992 841 2098 869 Labium.
2134 842 2215 870 Labia
2231 844 2289 870 sunt
2302 843 2420 878 superio-

245 885 312 909 rare,
333 876 356 902 h.
370 885 390 902 e.
405 875 602 909 Premifhenore
615 882 638 900 et
648 875 759 910 grauari
780 875 852 902 Liu.'
859 885 900 909 35,
918 886 940 910 7.
976 876 1088 911 Frigore
1107 876 1227 904 laborare
1249 878 1301 903 Co·
1363 887 1406 908 ra3
1427 878 1508 911 labra,
1529 877 1669 905 inferiora.
1712 877 1798 904 Labra
1813 877 1944 906 asinorum
1965 878 2073 914 proprie
2088 877 2211 906 dicuntur
2225 880 2320 906 Donat.
2361 879 2421 905 Mo-

244 911 334 940 lumel.
348 920 371 944 2,
386 921 422 938 10.
457 911 570 945 Ingenio
584 910 705 938 laborare
718 911 915 945 Martial.8,18.
965 912 1022 939 Cic.
1035 913 1116 940 Tiis'c.
1132 924 1154 947 4,
1172 918 1196 942 18
1222 913 1300 940 Mise-
1318 922 1349 940 20
1364 914 1421 940 dica
1441 916 1490 941 esl'e
1512 913 1600 945 labra,
1626 913 1694 940 labia
1706 920 1794 941 autem
1815 915 1974 948 immodica,
1995 922 2021 942 et
2043 915 2105 941 inde
2120 914 2253 942 Labeones
2274 914 2421 951 diciQVerr.
2443 926 2450 932 ³

244 947 363 977 ricordia
375 947 411 974 est
424 946 563 980 aegritudo
574 955 606 972 ex
620 947 726 973 miseria
739 947 846 974 alterius
861 947 961 974 iniuria
980 948 1140 983 laborantis,
1160 949 1179 976 i.
1198 949 1303 974 immeri-
1364 951 1446 977 Flacc.
1461 958 1500 986 ap.
1516 950 1617 977 Charis.
1633 951 1650 977 l.
1665 960 1684 977 1.
1721 952 1771 976 Sed
1784 958 2001 977 neutri-accurate.
2014 951 2070 978 Cic.
2085 951 2113 977 in
2128 951 2213 977 Pison.
2227 960 2253 983 27
2274 950 2355 984 Quod
2364 950 2422 985 qui-

245 992 269 1012 to
281 983 374 1018 miseri.
409 982 465 1009 Cic.
480 981 512 1008 ad
526 983 599 1009 Brut.
613 992 639 1009 10
659 983 819 1018 Ingrauescit
832 983 904 1010 enim
918 983 946 1010 in
960 984 1178 1012 diesintestinum
1193 985 1303 1020 malum,
1364 986 1425 1013 dein
1438 993 1482 1020 tu,
1504 986 1550 1021 qui
1564 985 1632 1012 bene
1644 986 1727 1012 nosses
1748 986 1967 1012 coniunctionem
1987 995 2073 1013 meam
2092 993 2117 1013 et
2130 987 2262 1020 Caesaris,
2285 985 2421 1013 edulebas:

245 1029 293 1047 nec
307 1018 423 1046 externis
437 1017 559 1044 hostibus
570 1018 653 1053 inagis
666 1028 745 1054 quam
759 1019 1076 1049 domesticislaborainus.
1097 1022 1301 1056 i.0pprin⁷imuri
1365 1031 1425 1049 cum
1438 1032 1452 1049 a
1465 1032 1508 1049 me
1525 1021 1702 1049 trementibus
1715 1022 1830 1048 omnino
1845 1021 1936 1057 labris,
1950 1022 1992 1048 sed
2006 1029 2103 1057 tamen,
2116 1032 2163 1049 cur
2179 1022 2229 1049 tibi
2248 1031 2347 1049 nomen
2366 1031 2423 1049 non

244 1056 323 1084 Locis
338 1054 460 1081 laborare
474 1054 542 1081 Cels.
562 1063 581 1087 2,
597 1060 620 1083 8.
641 1055 659 1082 ἰ.
673 1065 703 1080 ex
716 1056 801 1082 vulua.
839 1056 910 1083 Nota
926 1056 1053 1083 infamiae
1071 1057 1192 1084 laborare
1211 1057 1301 1091 leia-
1364 1058 1507 1091 deferrem,
1522 1058 1686 1093 requirebas.
1744 1058 1860 1084 Martial.
1881 1067 1902 1090 2,
1921 1068 1949 1084 10
1971 1059 2041 1085 Balla
2066 1058 2181 1085 dimidio
2204 1058 2275 1092 quod
2297 1058 2340 1085 das
2353 1058 2422 1084 mihi

244 1100 293 1119 nus
308 1091 336 1118 in
350 1091 406 1126 lege
427 1099 439 1116 2
453 1091 476 1124 §.
487 1098 496 1116 ι
510 1090 536 1116 ff.
550 1090 590 1116 De
603 1090 647 1123 iis,
662 1090 708 1124 qui
720 1096 847 1118 notantur
859 1092 980 1119 infamia.
1016 1092 1185 1120 Laborarein
1199 1093 1301 1127 aliquo,
1317 1101 1346 1128 25
1365 1094 1506 1121 Posthume
1520 1094 1606 1125 labro,
1625 1103 1672 1121 etc.
1710 1093 1782 1121 Caes.
1796 1094 1860 1121 Bell.
1876 1094 1944 1121 Gall.
1957 1104 1980 1129 5,
1996 1105 2019 1127 14
2040 1095 2198 1129 Capilloque
2214 1096 2272 1121 sunt
2287 1093 2424 1130 promisso,

244 1130 345 1155 Ardere
355 1135 435 1153 amore
448 1125 553 1152 alicuius
580 1126 648 1152 Hor.
662 1127 751 1153 Carm.
766 1137 784 1161 1,
799 1137 832 1160 17,
846 1136 882 1162 19.
938 1129 999 1155 Liu.
1013 1128 1135 1156 Prooem.
1151 1139 1159 1155 1
1190 1129 1220 1155 Et
1232 1137 1299 1163 quae
1365 1137 1443 1166 atque
1452 1131 1526 1159 omni
1539 1139 1612 1166 parte
1623 1131 1744 1166 corporis
1753 1130 1816 1163 rasa,
1829 1137 1931 1165 praeter
1938 1136 2047 1166 caputet
2055 1130 2293 1166 labruiusupeiius.
2312 1129 2422 1157 Aemula

245 1163 278 1191 ab
290 1162 392 1196 exiguis
404 1161 524 1197 profecta
544 1161 647 1194 initiis,
668 1171 701 1189 eo
720 1164 851 1196 creuerit,
875 1169 905 1191 vt
922 1164 975 1191 iam
990 1165 1176 1199 Magnitudine
1199 1164 1302 1192 laboret
1365 1167 1447 1200 labra,
1474 1167 1529 1193 vid.
1550 1173 1735 1194 AFMVLOR.
1791 1168 1874 1194 Curta
1894 1167 1961 1193 Cels.
1977 1177 1999 1200 7,
2013 1176 2036 1200 9.
2072 1169 2168 1194 Incana
2182 1166 2253 1193 labra
2265 1166 2313 1193 situ
2340 1166 2423 1193 Ouid.

244 1200 298 1228 sua.
335 1198 408 1225 Odio
421 1197 542 1224 laborare
554 1197 622 1232 apud
637 1198 734 1233 hoste5‚
755 1205 781 1225 et
795 1206 930 1226 contemtu
943 1200 1014 1227 inter
1022 1201 1107 1228 socios
1128 1201 1189 1229 Liu.
1199 1205 1223 1234 6,
1237 1210 1249 1227 2
1261 1209 1303 1236 pr.
1365 1204 1430 1231 Met.
1446 1209 1470 1233 8,
1485 1209 1542 1232 802.
1578 1202 1649 1229 Laxa
1662 1203 1730 1230 Pers.
1744 1212 1765 1234 3,
1780 1212 1831 1229 102.
1878 1202 1975 1229 Pallida
1994 1203 2066 1230 labra
2080 1204 2171 1229 quen.
2192 1212 2230 1236 10,
2245 1211 2297 1236 229.
2352 1202 2423 1229 Tre-

246 1235 384 1271 Opinione
396 1232 689 1268 arrogantiaelaborare
698 1235 867 1268 Q1i11&.4‚1.
904 1236 988 1263 Omni
1002 1243 1075 1271 parte
1083 1237 1207 1264 laborare
1233 1238 1302 1264 Hor.
1366 1238 1466 1265 mentia
1481 1238 1553 1265 labra
1573 1239 1666 1265 quen.
1681 1248 1719 1270 10,
1735 1245 1786 1271 193.
1805 1241 1840 1266 al.
1856 1238 1986 1265 Membra.
2041 1240 2145 1265 Vncum
2161 1239 2265 1265 labrum
2280 1239 2384 1265 Lucret.
2401 1248 2426 1270 4,

244 1272 355 1306 Serum,
365 1280 386 1302 2,
397 1276 431 1302 38.
453 1269 569 1304 Podagra
582 1269 704 1297 laborare
725 1271 841 1299 Martial.
851 1281 870 1302 1,
878 1281 918 1306 99.
940 1273 978 1298 Re
992 1273 1169 1301 frumentaria
1179 1273 1301 1300 laborare
1315 1286 1348 1310 30
1365 1285 1419 1308 592.
1456 1274 1567 1308 Qun&
1584 1284 1613 1306 11,
1626 1284 1647 1306 3,
1662 1282 1686 1304 31
1706 1274 1793 1301 Labra
1804 1282 1830 1301 et
1846 1275 2021 1310 porriguntur
2031 1275 2110 1308 male,
2126 1280 2152 1301 et
2161 1274 2324 1306 scinduntur,
2344 1280 2369 1301 et
2381 1272 2424 1300 ad-

244 1307 317 1334 Caes.
331 1306 395 1333 Bell.
407 1305 489 1333 Ciuil.
504 1315 524 1338 3,
537 1315 561 1339 9.
575 1307 609 1332 al.
627 1315 642 1332 a
655 1315 683 1332 re
700 1306 734 1334 fr.
771 1307 828 1334 Cic.
844 1309 897 1335 Att.
912 1319 935 1341 4,
951 1314 976 1338 13
998 1308 1147 1336 Efficiemus
1167 1319 1224 1336 rem
1246 1309 1302 1344 glo·
1365 1311 1531 1345 stringuntur
1545 1316 1571 1336 et
1585 1308 1756 1343 diducuntur,
1777 1317 1802 1336 et
1814 1310 1904 1337 dentes
1919 1311 2028 1343 nudant,
2047 1317 2073 1337 et
2085 1311 2113 1336 in
2128 1311 2193 1337 latus
2204 1319 2231 1337 ac
2240 1319 2321 1345 paene
2329 1310 2367 1341 ad„
2380 1318 2425 1336 au-

244 1342 417 1378 riosislimam,
435 1351 495 1368 nam
511 1342 538 1368 in
554 1351 647 1377 campo
660 1343 761 1369 Martio
775 1344 844 1379 septa
858 1343 1011 1371 tribuniciis
1025 1345 1143 1371 comitiis
1150 1354 1303 1372 marmorea
1365 1357 1423 1374 rem
1437 1346 1589 1379 trahuntur,
1609 1353 1635 1373 et
1651 1346 1723 1373 velut
1744 1355 1804 1373 cum
1823 1346 1938 1380 quodam
1951 1346 2058 1373 fastidio
2072 1347 2242 1381 replicantur,
2262 1353 2287 1373 et
2299 1345 2425 1381 pendent,

244 1379 331 1406 sumus
343 1398 351 1411 ,
367 1383 393 1404 et
406 1378 475 1405 11613
488 1377 596 1413 facturi,
610 1385 655 1405 etc.
677 1379 765 1404 Paullo
775 1379 841 1415 post,
865 1380 949 1414 Dicis,
970 1380 1044 1414 Qiid
1064 1380 1133 1407 mihi
1149 1381 1200 1407 hoc
1214 1381 1302 1408 moni·
1365 1389 1391 1409 et
1407 1391 1501 1409 vocem
1520 1388 1621 1411 tantum
1641 1383 1724 1409 altera
1744 1388 1817 1416 parte
1835 1382 1983 1409 dimittunt.
2057 1383 2209 1410 Admonere
2226 1381 2299 1409 labra
2321 1381 2424 1417 poculis

244 1420 364 1442 mentum
379 1413 516 1448 proderit?
554 1414 595 1440 Ad
609 1414 672 1448 quid
688 1414 839 1442 laboramus
852 1425 892 1442 res
907 1417 1055 1443 Romanas?
1075 1418 1116 1442 hoc
1124 1417 1165 1452 est,
1179 1417 1303 1453 Qmsum
1365 1418 1442 1453 Virg.
1457 1418 1508 1444 Ecl.
1523 1427 1544 1450 3,
1559 1427 1596 1450 47.
1634 1420 1704 1445 Adcl.
1719 1417 1755 1444 ib.
1771 1428 1796 1444 v.
1811 1429 1848 1452 43.
1891 1419 1946 1445 Cic.
1962 1419 1993 1445 de
2007 1419 2071 1445 Nat.
2090 1420 2171 1446 Deor.
2187 1429 2204 1453 1,
2218 1427 2252 1445 20
2275 1419 2425 1453 Hunccen-

243 1450 325 1485 igitur
337 1451 367 1476 de
380 1450 449 1476 rebus
464 1449 582 1475 Romanis
595 1449 752 1476 laboramus?
777 1452 833 1488 Qi
844 1452 910 1478 enim
919 1453 962 1478 hoc
976 1453 1148 1478 monimentum
1161 1453 1303 1483 contemnit,
1319 1462 1348 1489 35
1366 1455 1403 1481 ses
1417 1453 1514 1489 primis
1523 1475 1531 1488 ‚
1551 1460 1580 1480 vt
1593 1454 1701 1488 dicitur,
1721 1454 1802 1480 labris
1814 1453 1920 1489 gustasse
1934 1454 2135 1489 physiologiam.
2172 1455 2209 1482 Id.
2224 1453 2256 1480 de
2270 1454 2345 1481 Orat.
2362 1464 2380 1485 1,
2388 1459 2426 1486 87.

241 1491 275 1520 ap
292 1492 350 1511 aret
360 1494 413 1511 cum
425 1485 456 1510 de
466 1484 536 1510 rebus
550 1485 667 1510 Romanis
679 1485 747 1510 nihil
756 1486 878 1513 laborare.
917 1488 961 1513 Sin
976 1496 1056 1513 autem
1077 1489 1216 1514 laboramus
1225 1509 1232 1522 ‚
1255 1497 1302 1514 non
1365 1493 1441 1524 Quae
1454 1490 1496 1516 isti
1512 1489 1633 1516 rhetores
1647 1499 1679 1516 ne
1693 1490 1858 1524 primoribus
1872 1490 1981 1525 quidem
1998 1490 2079 1517 labris
2099 1491 2250 1525 attigerunt.
2323 1490 2363 1516 Sic
2376 1498 2426 1524 pro

242 1492 292 1583 ff
303 1527 333 1546 vt
350 1521 393 1546 hoc
405 1520 577 1546 monimentum
592 1527 743 1546 contemnere
758 1520 878 1557 possimus.
916 1522 997 1550 Vitiis
1014 1522 1136 1550 laborare
1152 1524 1212 1550 ΜΗ·
1229 1534 1266 1557 ³4,
1278 1535 1301 1557 4-
1365 1527 1438 1554 Cael.
1451 1531 1489 1559 28,
1503 1535 1525 1552 c.
1548 1535 1569 1552 12
1595 1525 1761 1553 Primoribus
1776 1526 1857 1553 labris
1882 1527 2011 1561 attingere
2025 1536 2105 1561 genus
2120 1527 2199 1554 vitae.
2251 1525 2290 1553 id.
2305 1525 2337 1553 de
2351 1524 2425 1552 Orat.

270 1562 328 1583 tero
342 1555 463 1583 laborare
478 1556 547 1581 Hor.
561 1556 649 1583 Carm.
666 1565 687 1589 3,
703 1566 740 1590 22,
755 1566 775 1583 2.
793 1558 811 1585 i.
830 1568 861 1584 ex
877 1567 957 1586 vtero.
1012 1559 1148 1586 Laborare
1160 1559 1240 1586 alicui
1254 1560 1304 1593 rei,
1365 1569 1466 1595 3,1313ἐ.
1481 1572 1508 1595 34
1525 1561 1638 1588 Pericles
1653 1562 1681 1587 in
1696 1563 1771 1588 cuius
1787 1562 1867 1589 labris
1882 1563 2000 1597 leporem
2014 1562 2134 1590 habitare
2147 1562 2280 1590 dixerunt.
2316 1563 2383 1596 Apes
2397 1561 2427 1588 iu

239 1599 286 1628 pro
293 1593 419 1618 [mentum
432 1590 477 1626 effi·
498 1591 587 1632 Senrec.
602 1591 634 1618 de
643 1592 705 1618 Vita
715 1592 802 1632 beata.
820 1613 827 1620 .
845 1613 852 1620 .
873 1615 881 1621 .
916 1595 982 1621 Non
995 1595 1090 1622 laboro
1110 1595 1142 1622 de
1156 1595 1203 1622 hac
1217 1605 1255 1630 re,
1283 1596 1302 1622 ἱ.
1365 1597 1447 1625 labris
1461 1598 1576 1624 Platonis
1590 1598 1667 1633 pueri
1682 1598 1810 1625 dicuntur
1822 1599 1972 1625 Consedisl‘e
1987 1598 2042 1626 Cic.
2059 1599 2092 1626 de
2105 1599 2168 1626 Diu.
2184 1609 2201 1632 1,
2220 1608 2242 1625 c.
2254 1599 2294 1630 36.
2337 1596 2427 1624 Verba

243 1629 300 1654 Non
314 1637 379 1660 curo,
399 1636 475 1661 neque
488 1627 650 1663 anxiussimr.
689 1629 745 1656 Cic.
758 1637 808 1663 pro
824 1630 899 1659 Rosc.
913 1633 1003 1658 Ainer.
1023 1642 1052 1665 97
1071 1632 1154 1658 Cuius
1170 1641 1251 1658 manu
1271 1631 1302 1658 sit
1315 1642 1353 1668 40
1366 1634 1394 1660 in
1410 1634 1490 1661 labris
1504 1635 1634 1661 nascentia
1654 1634 1766 1667 Qiin&.
1781 1644 1818 1667 10,
1832 1645 1851 1667 3.
1899 1634 1963 1661 Νο11
1977 1643 1991 1660 a
2009 1635 2117 1661 summis
2136 1635 2216 1661 labris
2234 1634 2282 1660 ista
2294 1639 2426 1660 venerunt

241 1663 383 1703 percusliis,
400 1671 455 1688 non
469 1662 571 1703 laboro.
610 1662 682 1690 Idem
697 1663 729 1691 de
746 1665 804 1692 Fin.
817 1675 839 1698 2,
853 1673 876 1696 31
897 1667 962 1694 Non
976 1666 1081 1700 laboro,
1102 1668 1200 1703 inquit,
1215 1668 1302 1695 deno-
1365 1671 1425 1697 Sen.
1438 1671 1485 1705 Ep.
1499 1680 1536 1697 10.
1572 1669 1733 1697 Versabatur
1751 1669 1820 1696 mihi
1834 1671 1861 1696 in
1875 1669 2012 1705 prioribus
2026 1670 2106 1697 labris
2118 1671 2199 1697 Plaut.
2213 1670 2297 1697 Trin.
2312 1679 2336 1702 4,
2352 1679 2373 1702 2,
2387 1671 2426 1700 65.

242 1708 329 1739 l'nffle-⁸
350 1698 400 1739 ‘De
414 1707 456 1724 me
471 1699 528 1738 Εἰς·
540 1699 594 1738 Ati·
614 1708 636 1732 7,
653 1708 687 1733 19.
726 1700 762 1727 Id·
780 1700 894 1738 Philipp.
911 1709 936 1734 8,
950 1706 978 1730 26
1003 1703 1139 1731 Mustellae
1159 1711 1184 1731 et
1197 1704 1304 1731 Tironi
1366 1707 1500 1734 Diducere
1515 1706 1587 1732 labra
1606 1706 1696 1733 Senec.
1716 1705 1748 1732 de
1763 1706 1855 1732 Benef.
1870 1715 1892 1739 2,
1909 1716 1945 1738 24.
1981 1707 2132 1734 Finduntur
2145 1706 2213 1733 Cels.
2228 1715 2251 1739 7,
2267 1715 2299 1740 12,
2314 1708 2339 1732 6.
2375 1706 2426 1732 Im-

241 1735 383 1770 prospicit:
405 1734 436 1761 de
450 1734 474 1775 se
488 1734 556 1761 nihil
572 1734 682 1764 laborat.
718 1737 756 1763 Id.
771 1737 843 1766 Fam.
856 1748 879 1773 7,
891 1741 920 1765 26
942 1740 1023 1773 Qiod
1037 1740 1174 1775 epistolam
1195 1741 1305 1767 conscis-
1366 1742 1486 1777 mulgere
1504 1741 1587 1768 vbera
1606 1741 1706 1768 teneris
1725 1741 1806 1770 labris
1826 1741 1901 1776 Virg.
1911 1744 1976 1770 Aen.
1989 1751 2020 1774 11,
2030 1752 2080 1774 572.
2116 1744 2212 1769 Mouet
2226 1741 2299 1768 labra
2308 1747 2427 1768 metuens

241 1771 294 1797 sam
307 1770 395 1801 doles,
410 1770 466 1796 noli
482 1770 614 1797 laborare:
635 1771 704 1799 salua
718 1773 755 1799 est
766 1773 850 1802 domi.
900 1775 964 1802 Non
987 1776 1081 1803 laboro
1101 1776 1152 1803 hoc
1167 1777 1238 1809 loco,
1253 1774 1303 1803 disss
1366 1778 1456 1806 audiri
1475 1779 1543 1805 Hor.
1557 1778 1636 1813 Epist.
1653 1788 1672 1812 1,
1687 1781 1731 1810 16,
1754 1780 1798 1805 (10.
1860 1777 1982 1804 Similem
2000 1777 2098 1805 habent
2112 1778 2185 1805 labra
2208 1777 2352 1812 lactucam,
2371 1776 2428 1803 vid·

241 1806 334 1834 ceffifl'e
348 1807 481 1833 Merulam
498 1807 575 1847 Vifflj·
592 1808 624 1847 R
640 1808 671 1835 R-
686 1817 706 1840 3,
723 1817 755 1842 17.
802 1810 860 1837 Nec
875 1819 965 1845 quarta
979 1812 1055 1846 loqui
1071 1814 1180 1844 persona
1201 1813 1303 1840 laboret
1318 1824 1352 1851 45
1367 1823 1384 1843 L
1397 1822 1420 1842 Α
1430 1820 1447 1841 c
1461 1821 1484 1841 Τ
1496 1821 1517 1840 ν
1527 1821 1544 1841 C
1554 1821 1588 1842 Α.
1748 1811 1770 1851 ἢ
1791 1823 1804 1840 2
1825 1813 1952 1847 Labrum,
1966 1821 2012 1849 pro
2028 1815 2190 1849 Mmginibus
2202 1821 2226 1840 et
2245 1815 2361 1840 extremis
2378 1812 2428 1838 oris

241 1843 311 1870 Hor.
326 1843 356 1869 A.
366 1844 391 1870 Ρ.
406 1851 433 1869 ν.
445 1851 493 1876 192.
529 1842 726 1877 Nihillaboro,
740 1844 788 1871 nisi
801 1851 829 1871 vt
843 1847 928 1873 saluus
944 1847 974 1874 sis
996 1847 1135 1875 Cic.Fam.
1149 1851 1184 1883 16,
1193 1851 1216 1875 6.
1251 1849 1302 1875 Ni·
1359 1851 1485 1887 fluminis,
1507 1852 1584 1885 lacius,
1601 1850 1696 1883 fontis,
1717 1857 1741 1876 et
1758 1850 1909 1883 huiusmodi,
1925 1859 1987 1884 quae
2008 1850 2060 1875 leni
2081 1860 2159 1885 aquae
2178 1857 2244 1876 motu
2268 1850 2428 1883 perluuntur.

240 1878 281 1906 hii
295 1878 332 1904 est
346 1878 417 1912 quod
432 1877 537 1904 labores
556 1879 594 1906 Id·
610 1888 659 1913 pro
672 1880 780 1907 Caecin.
796 1900 803 1907 .
822 1901 829 1908 .
872 1883 956 1909 Valde
978 1883 1083 1916 laboro,
1102 1893 1135 1911 ne
1155 1885 1211 1911 Cic.
1229 1885 1302 1912 Fam.
1366 1886 1434 1913 Plin.
1451 1885 1530 1920 Epist.
1548 1895 1570 1916 ς,
1584 1888 1609 1919 6,
1625 1894 1656 1912 20
1672 1887 1745 1912 Inter
1764 1885 1809 1911 has
1831 1894 1984 1912 marmoreo
2002 1885 2078 1913 labro
2100 1895 2167 1919 aqua
2185 1884 2300 1912 exundat
2316 1884 2428 1912 circum-

241 1922 276 1949 12,
292 1923 325 1945 ¹4·
363 1914 426 1952 Non
441 1921 602 1946 m³g¹¹0pese
618 1914 720 1948 ¹³b01‘05
738 1918 792 1940 vid.
815 1924 842 1942 M
857 1924 879 1945 Α
892 1925 913 1944 G
925 1926 948 1945 N
963 1926 985 1945 V
997 1927 1021 1946 S·
1059 1920 1116 1946 Cic.
1130 1929 1180 1954 pro
1193 1920 1301 1947 Caecin.
1364 1921 1500 1956 ictusque
1515 1921 1644 1956 platanos,
1663 1927 1689 1947 et
1704 1920 1821 1947 subiefta
1830 1921 1941 1955 platanis
1954 1921 2007 1947 leni
2017 1922 2154 1957 aspergine
2163 1922 2246 1948 fouet.
2280 1921 2349 1948 Add.
2368 1919 2428 1946 Liu.

241 1958 253 1982 3
273 1950 312 1976 De
327 1948 423 1983 quibus
436 1956 485 1982 ego
498 1954 574 1975 antea
587 1947 749 1982 laborabam,
768 1959 802 1976 ne
815 1950 831 1977 fi
846 1950 964 1985 improbi
980 1956 1070 1985 essent,
1090 1956 1145 1979 falsi
1154 1956 1255 1986 aliquid
1264 1956 1303 1981 di·
1363 1966 1402 1991 37,
1418 1968 1443 1990 37
1470 1958 1548 1984 Extra
1557 1957 1654 1992 duplex
1674 1957 1775 1984 vallum
1789 1957 1868 1984 fossae
1876 1957 2067 1984 circumdedit:
2089 1958 2220 1984 interiore
2230 1955 2306 1983 labro
2319 1964 2427 1982 murum

240 1990 338 2012 cerent.
374 1983 448 2011 Idem
460 1984 545 2011 Tusc.
561 1993 583 2017 2,
598 1994 627 2018 29
643 1994 665 2012 c.
681 1994 705 2011 12
727 1986 899 2013 Concludunt
912 1987 1070 2014 ratiunculis
1084 1988 1179 2021 Stoici,
1192 1997 1239 2014 cur
1247 1997 1302 2014 non
1318 1999 1351 2025 50
1364 2001 1425 2017 cum
1439 1993 1560 2018 turribus
1575 1992 1676 2018 crebris
1695 1993 1804 2019 obiecit,
1860 1995 1930 2020 Add,
1945 1992 2118 2021 Auson,Vrb,
2133 2003 2156 2027 ς,
2171 2002 2195 2027 9,
2209 2000 2233 2019 et
2252 1992 2288 2018 ibi
2306 1991 2429 2026 Scaliger.

239 2021 271 2048 sit
284 2021 399 2051 malum3
419 2019 506 2060 ·quafi
521 2019 556 2059 *de
575 2020 669 2060 verbo,
690 2030 745 2048 non
759 2021 791 2048 de
803 2031 832 2049 re
851 2022 997 2050 laboretur.
1052 2022 1125 2050 Idem
1140 2024 1213 2051 Fam.
1228 2033 1259 2057 13,
1273 2033 1301 2057 27
1364 2025 1451 2052 Labra
1463 2025 1600 2052 doliorum
1614 2026 1784 2059 circumlinas
1799 2029 1866 2053 Cato
1882 2029 1913 2054 R.
1922 2029 1953 2054 R.
1968 2038 2022 2060 107.
2228 2026 2249 2064 q
2269 2036 2281 2059 3
2292 2026 2429 2058 'Labi-um,

241 2059 307 2089 (26)
326 2056 368 2082 Sic
383 2064 456 2082 enim
474 2055 557 2081 velim
579 2056 723 2086 existimes.
740 2066 797 2083 non
817 2059 906 2085 minus
926 2069 969 2086 me
989 2058 1021 2086 de
1039 2059 1111 2086 illius
1126 2069 1153 2086 re
1169 2059 1301 2093 laborare,
1366 2062 1448 2087 Genus
1458 2061 1533 2094 vasis,
1552 2064 1589 2087 ad
1598 2063 1734 2087 lauandum
1754 2069 1846 2097 aptum.
1883 2063 1940 2089 Cic.
1955 2063 2028 2089 Fam.
2050 2072 2091 2097 14,
2106 2071 2138 2089 20
2164 2062 2280 2089 Labrum
2293 2061 2312 2088 fi
2333 2061 2360 2087 in
2375 2061 2428 2087 bal·

214 2111 217 2116 .
240 2100 320 2128 quam
333 2091 418 2126 ipsum
431 2089 462 2117 de
478 2090 531 2117 sua.
566 2090 715 2117 Laboratur
724 2091 915 2120 vehementer:
936 2095 1061 2122 inclinata
1075 2105 1117 2122 res
1132 2096 1168 2122 est
1187 2096 1223 2123 Id.
1234 2095 1302 2122 ibid.
1365 2105 1417 2122 neo
1431 2105 1486 2121 non
1504 2097 1550 2128 est,
1570 2102 1600 2122 vt
1616 2096 1654 2123 sit.
1691 2096 1769 2130 Virg.
1783 2098 1848 2123 Aen.
1871 2103 1895 2127 8,
1907 2106 1935 2123 22
1955 2098 2027 2125 Sicut
2041 2106 2123 2131 aquae
2131 2098 2276 2124 tremulum
2291 2095 2373 2123 labris
2382 2096 2430 2122 vbi

241 2137 261 2162 1,
275 2137 293 2155 1.
342 2127 407 2154 Plin.
422 2136 444 2159 2,
460 2128 492 2160 96
514 2126 609 2153 Locris
623 2133 650 2153 et
664 2127 785 2154 Crotone
801 2129 978 2163 pestilentiam
999 2139 1134 2165 nunquam
1149 2132 1234 2164 fuiss'e,
1252 2140 1301 2157 nec
1365 2131 1457 2158 lumen
1471 2130 1562 2157 ahenis
1599 2131 1660 2158 Sole
1674 2132 1863 2166 repercussum,
1875 2138 1919 2159 aut
1934 2131 2186 2167 radiantisimagine
2194 2132 2281 2159 lunae.
2319 2131 2427 2159 Vitruu.

239 2164 297 2191 vilo
310 2169 396 2190 terrae
411 2168 486 2189 motu
500 2162 659 2195 laboratum,
678 2170 832 2191 annotatum
847 2165 891 2193 est.
950 2166 1011 2193 Liu.
1027 2176 1044 2199 1,
1059 2176 1081 2198 31
1102 2167 1252 2194 Pestilentia
1268 2167 1302 2193 la·
1320 2178 1348 2205 55
1365 2177 1389 2201 5,
1405 2176 1433 2194 10
1459 2166 1577 2194 Labrum
1600 2166 1690 2193 balnei
1708 2167 1742 2203 est
1758 2168 1826 2193 lacus
1845 2168 1984 2205 depreffaes‚
2005 2169 2033 2195 i'n
2056 2177 2125 2203 quem
2153 2167 2302 2204 descendunt
2321 2168 2428 2194 lauandi

238 2199 363 2228 boratum
376 2199 422 2225 est.
458 2197 527 2225 Ibid.
543 2208 567 2231 4,
582 2208 612 2232 3ο
629 2198 760 2227 Siccitate.
816 2201 886 2227 Atlas
901 2210 933 2227 en
948 2202 1002 2236 ipse
1017 2202 1120 2229 laborat
1139 2203 1221 2230 Ouid.
1237 2204 1302 2230 Met.
1365 2202 1446 2238 causa.
1483 2203 1587 2230 Solium
1601 2203 1667 2229 alias
1683 2202 1830 2238 appellatur.
1866 2203 1985 2231 Labrum
1998 2205 2073 2231 etiam
2088 2204 2154 2231 Plin.
2168 2213 2210 2239 29,
2224 2214 2241 2231 1.
2267 2213 2306 2238 31,
2321 2213 2341 2232 2.
2379 2204 2428 2230 Ca-

238 2245 262 2269 2,
280 2238 337 2269 296.
354 2235 373 2261 ι’.
382 2234 523 2269 fatigatur.
683 2232 704 2273 ff
725 2245 736 2267 3
761 2235 896 2263 Laborare
907 2243 951 2271 pro
964 2239 1051 2264 viuere
1062 2239 1165 2273 positum
1177 2240 1264 2265 volunt
1275 2240 1303 2264 in
1364 2245 1394 2266 to
1407 2240 1439 2266 R.
1461 2239 1493 2266 R.
1516 2249 1538 2266 e.
1552 2241 1584 2266 66
1607 2238 1705 2266 Oleum
1718 2239 1747 2265 in
1762 2237 1866 2265 labrum
1880 2239 1999 2273 primum
2018 2239 2115 2267 indito.
2153 2241 2260 2275 Spumat
2275 2240 2360 2275 plenis
2369 2239 2429 2266 viri-

237 2272 332 2299 Caton.
345 2270 410 2297 Dist.
425 2279 444 2305 1,
458 2279 482 2302 33
500 2271 591 2304 Qium
606 2269 687 2297 dubia
706 2271 735 2297 in
748 2273 827 2299 certis
842 2273 963 2299 versetur
975 2273 1031 2300 vita
1045 2274 1154 2308 periclis
1167 2275 1219 2301 Pro
1227 2276 1303 2302 lucro
1365 2275 1454 2301 demia
1468 2274 1549 2302 labris
1568 2274 1644 2309 Virg.
1658 2275 1757 2309 Georg.
1774 2283 1796 2308 2,
1812 2276 1837 2302 6.
1875 2276 1942 2301 Cato
1957 2285 1995 2308 154
2017 2275 2119 2301 Vinum
2132 2275 2280 2302 emtoribus
2295 2275 2349 2303 sine
2373 2284 2428 2306 mo,

237 2307 289 2335 eibi
302 2316 372 2342 pone
385 2306 467 2336 diem,
480 2314 640 2341 quocunque
655 2307 767 2343 laboras,
787 2308 805 2335 i.
819 2308 895 2342 vinis,
908 2309 947 2334 ait
961 2310 1095 2341 Bumbius,
1116 2319 1163 2335 non
1182 2320 1231 2335 vno
1244 2311 1303 2340 loco,
1365 2310 1439 2337 lestia
1453 2309 1504 2337 hoc
1517 2310 1600 2338 modo
1614 2311 1721 2340 ametiri
1737 2310 1823 2338 debet.
1861 2310 1978 2338 Labrum
1997 2310 2150 2338 culcareilli
2162 2312 2203 2338 rei
2217 2311 2312 2339 facito:
2338 2311 2366 2338 id
2383 2311 2428 2338 ha-

238 2344 266 2370 in
276 2343 367 2379 primis
385 2344 420 2368 ad
431 2342 492 2369 Stat.
514 2342 607 2369 Theb.
628 2351 648 2376 1,
665 2353 701 2375 341
726 2344 808 2371 Grata
820 2344 953 2371 laboratae
967 2345 1085 2372 referens
1097 2345 1200 2372 obliuia
1220 2346 1302 2373 vitae.
1316 2350 1352 2376 60
1365 2345 1427 2374 beat
1439 2346 1470 2373 ad
1486 2347 1619 2374 summum
1633 2347 1704 2373 ansas
1717 2352 1842 2381 quatuor,
1860 2352 1890 2373 vt
1903 2346 2044 2374 transferri
2053 2347 2135 2381 poffit.
2170 2347 2311 2374 Eluacrum
2324 2347 2429 2374 labrum

239 2381 289 2405 Sed
297 2388 358 2413 quae
371 2378 407 2404 ibi
417 2378 532 2413 protulit,
551 2379 599 2405 illa
613 2378 750 2415 esti-mlum,
770 2380 913 2416 laboriosam
926 2381 972 2416 effi?
985 2382 1075 2413 vitam,
1091 2382 1184 2408 viuere
1202 2381 1248 2417 ‘ff’
1268 2383 1303 2409 la—
1363 2382 1405 2417 esi,
1428 2384 1458 2409 In
1476 2392 1520 2418 quii
1534 2383 1636 2418 aliquid
1645 2383 1739 2409 eluitur
1753 2389 1777 2409 et
1796 2384 1901 2409 lauaem·
1915 2385 1981 2418 quod
1986 2383 2116 2419 sordidum
2124 2381 2164 2418 est.
2221 2383 2303 2408 Hqus
2315 2383 2427 2408 meminis

238 2414 335 2442 borare
352 2422 396 2440 etc.
434 2423 481 2439 non
494 2414 567 2448 illud,
579 2415 732 2450 fimpliciter
745 2416 867 2444 laborare
879 2417 968 2451 dixiffl’
980 2427 1125 2452 quemquam
1145 2425 1191 2453 pro
1208 2418 1302 2445 viuere.
1365 2414 1433 2446 Cato
1447 2418 1478 2446 de
1488 2420 1519 2446 R.
1539 2419 1570 2447 R.
1598 2428 1641 2452 10,
1662 2429 1684 2452 4.
1707 2428 1743 2460 11,.
1754 2429 1773 2452 3.
1794 2419 1849 2445 vid.
1870 2425 2062 2446 FLVACRVM.
2099 2418 2208 2445 Fictilia
2223 2424 2248 2446 et
2257 2417 2361 2453 lapidea
2375 2418 2428 2445 Co-

238 2452 280 2477 lta
295 2450 393 2476 Catonis
400 2448 527 2484 sententia
541 2450 581 2486 est,
601 2452 631 2476 In
644 2451 712 2477 lucro
729 2459 792 2487 pone
804 2454 880 2479 etiam
898 2453 970 2479 illum
990 2454 1069 2486 diem,
1096 2464 1142 2489 quo
1161 2464 1214 2480 cum
1236 2455 1300 2480 laho—
1363 2455 1454 2482 lumel.
1471 2464 1502 2488 12,
1519 2463 1579 2489 15,2,
1615 2455 1792 2489 Lupinarium
1807 2454 1911 2482 labrum
1938 2456 2007 2482 Cato
2030 2463 2069 2485 10,
2082 2465 2104 2487 4.
2131 2462 2155 2480 et
2167 2463 2196 2487 11,
2209 2463 2230 2486 3.
2287 2454 2427 2481 Olearium

238 2486 306 2512 ribus
319 2492 343 2512 et
356 2485 470 2521 molestiis
485 2485 726 2521 tibiconfliz‘lamlum
745 2488 794 2525 est;
814 2498 872 2515 num
885 2497 951 2516 certe
963 2490 1042 2523 vitais,
1061 2497 1088 2517 et
1103 2491 1171 2527 stetis
1189 2490 1235 2526 ff
1253 2490 1302 2517 tibi
1363 2491 1468 2519 labrum
1482 2491 1520 2519 Id.
1537 2501 1568 2524 13,
1586 2500 1607 2519 2.
1644 2491 1800 2520 Vinaticum
1813 2490 1928 2525 labrum,
1949 2489 2002 2517 siue
2015 2489 2152 2516 vinarium
2173 2490 2212 2517 ld.
2229 2499 2256 2517 10
2270 2497 2294 2516 et
2308 2499 2337 2517 ιι,
2379 2489 2428 2516 Vi.

238 2522 317 2554 ὕψη,
328 2521 456 2556 seruatam
469 2521 518 2546 ‘¹7²¹'
535 2522 625 2549 vitam.
1316 2531 1349 2563 65
1363 2535 1434 2556 trun.
1449 2537 1474 2561 9,
1491 2537 1519 2555 10
1534 2527 1652 2554 Labrum
1664 2526 1890 2562 ligneiimhabens
1900 2526 1951 2553 vna
1959 2527 2046 2552 secum
2060 2525 2234 2553 coniunctum
2243 2526 2359 2553 canalem
2367 2525 2426 2562 sup-

275 2563 293 2583 1.
305 2563 328 2584 A
338 2563 354 2584 B
364 2558 383 2584 ὁ
393 2563 410 2582 R
423 2563 445 2583 A
458 2562 480 2582 N
494 2563 507 2583 S
517 2577 525 2591 ,
546 2558 623 2587 antis.
645 2558 739 2587 Partic.
765 2561 881 2595 [unitivum
900 2566 991 2595 πονέων,
1010 2562 1132 2597 uoniam]
1156 2570 1200 2593 vt,
1215 2562 1298 2589 Labo.
1358 2564 1463 2601 ponitur
1474 2571 1545 2590 rotae
1559 2563 1728 2597 hydraulicae,
1747 2572 1796 2598 qim
1810 2562 1896 2590 hortis
1910 2561 1943 2589 ad
1959 2561 2138 2597 irrigandum,
2160 2568 2185 2589 et
2205 2561 2295 2588 salinis
2310 2561 2342 2589 ad
2361 2567 2428 2588 tem-

239 2592 359 2621 rantibus
373 2592 534 2627 succurrere,
548 2594 597 2620 effe
610 2594 712 2620 auxilio
726 2596 784 2623 Sall.
794 2597 851 2624 Cat.
865 2606 903 2629 59.
917 2606 941 2623 et
953 2599 1009 2633 Ing.
1025 2607 1058 2627 52.
1095 2598 1171 2625 Luna
1180 2599 1298 2626 quenal.
1360 2599 1508 2636 perandum
1526 2598 1666 2633 praebetur
1679 2607 1762 2633 aquae
1769 2597 1923 2624 multitudo.
2058 2595 2079 2636 ff
2102 2609 2115 2630 4
2137 2597 2255 2625 Labruin
2275 2597 2427 2631 venerium,

238 2631 264 2662 6,
277 2638 328 2662 443.
368 2629 454 2662 Opem
469 2628 540 2655 ferre
557 2628 687 2656 laboranti
704 2631 785 2658 Ouid.
800 2632 832 2658 de
845 2633 921 2660 Nuce
936 2643 968 2665 14.
1012 2634 1116 2661 Puellae
1130 2641 1209 2662 vtero
1227 2634 1299 2662 labo.
1360 2636 1445 2662 Herba
1455 2635 1484 2661 1'n
1494 2635 1599 2671 fluenine
1610 2634 1719 2670 nascens,
1731 2635 1762 2660 de
1776 2643 1826 2669 qua
1841 2633 1909 2661 Plin.
1924 2642 1962 2665 25,
1977 2642 2008 2666 13.
2030 2633 2145 2662 Veneris
2172 2633 2278 2661 labrum
2292 2633 2424 2661 Samonic.

237 2670 326 2692 rantes
346 2664 416 2691 Hor.
425 2664 543 2698 Carm.3‚
555 2673 590 2698 22,
606 2673 627 2691 2.
665 2666 757 2692 Ratem
768 2667 932 2695 laborantem
946 2668 1066 2696 deserere
1080 2670 1162 2697 Ouid.
1177 2680 1209 2698 ex
1223 2673 1299 2699 Pont.
1360 2681 1387 2699 v.
1423 2676 1490 2703 1038.

238 2710 262 2737 2,
275 2703 301 2734 6,
309 2709 345 2727 22.
381 2699 468 2726 Siluae
482 2699 642 2733 laborantes,
652 2701 709 2736 scil.
724 2704 805 2729 Onere
819 2705 884 2730 niuis
904 2705 974 2731 Hor.
983 2706 1072 2732 Carm.
1088 2714 1107 2738 1,
1120 2715 1144 2739 9,
1161 2717 1182 2738 3.
1310 2715 1347 2744 70
1397 2711 1605 2738 LABELLVM,
1618 2704 1637 2731 i.
1650 2714 1677 2733 n.
1695 2705 1800 2733 Dimin.
1811 2706 1897 2741 prirna
1905 2706 1982 2733 breui.
1997 2707 2147 2740 [χειλάρισν]
2167 2706 2249 2733 Plaut.
2258 2705 2357 2739 Asin.4,
2365 2715 2384 2741 1,
2392 2713 2426 2737 5²·

275 2743 292 2763 L
302 2743 324 2764 Α
336 2742 353 2763 Β
366 2741 387 2763 O
399 2742 417 2762 R
427 2738 479 2763 ᾹΤ
491 2742 511 2762 v
523 2742 548 2769 s,
567 2746 591 2770 a,
605 2746 659 2764 um.
675 2737 734 2765 Adi.
758 2740 976 2775 [suavi-momirtm]
999 2742 1153 2776 Gmiposi'tus‚
1172 2743 1261 2776 cultus,
1274 2750 1298 2769 et
1360 2743 1417 2770 Cic.
1426 2741 1459 2769 de
1469 2741 1562 2768 Diuin.
1572 2751 1588 2774 1,
1597 2747 1625 2773 78
1634 2751 1656 2768 c.
1665 2744 1700 2773 '36
1721 2743 1753 2768 At
1763 2742 1864 2769 Platoni
1875 2751 1956 2776 quum
1966 2742 1995 2769 in
2002 2742 2197 2777 eunisparuulo
2210 2742 2356 2769 dormienti
2365 2750 2425 2777 apes

236 2773 314 2799 multo
325 2773 408 2798 labore
421 2779 494 2806 atque
503 2772 624 2809 industria
633 2773 728 2806 fadus.
769 2774 842 2810 Virg.
857 2776 922 2803 Aen.
937 2785 956 2812 1,
972 2779 1014 2809 643
1028 2778 1092 2803 Arte
1107 2777 1241 2804 laboratae
1254 2787 1298 2805 ve-
1361 2778 1390 2805 iu
1398 2777 1501 2805 labellis
1515 2777 1697 2809 consedissent,
1710 2779 1864 2813 responsum
1878 2778 1915 2805 est
1928 2778 2054 2813 singulari
2062 2778 2139 2805 illum
2152 2778 2279 2805 suauitate
2295 2777 2425 2805 orationis

237 2808 296 2836 stes.
334 2807 460 2835 Laborati
476 2808 541 2835 libri
562 2809 677 2837 Martial.
692 2820 716 2843 4,
732 2819 765 2843 33.
822 2812 885 2839 Vita
897 2811 1015 2839 laborata
1027 2822 1057 2838 ex
1069 2813 1152 2840 Statio
1167 2813 1260 2840 Theb.
1279 2824 1298 2845 1,
1361 2815 1430 2841 fore.
1468 2813 1578 2840 Aridula
1599 2813 1693 2840 labella
1709 2814 1794 2842 Catul.
1808 2816 1908 2849 Argon.
1923 2814 1941 2841 s.
1956 2816 1996 2849 62,
2012 2816 2060 2847 316.
2098 2814 2195 2841 Attrita
2204 2814 2319 2842 Martial.
2337 2824 2374 2848 io,
2388 2822 2424 2846 72.

237 2853 286 2877 3⁴¹-
305 2846 370 2869 modo
402 2845 485 2869 rolata
498 2845 524 2869 in
539 2851 672 2872 LABORO
690 2855 715 2871 n.
723 2855 744 2879 3.
783 2848 942 2884 Campamvt,
958 2848 1131 2876 Continentia
1150 2849 1299 2877 laboratior
1361 2850 1555 2886 Exporreftum
1571 2849 1695 2877 labellum
1705 2851 1772 2877 Pers.
1782 2860 1802 2884 3,
1818 2856 1855 2880 82.
1890 2849 2049 2877 Imalabella
2070 2850 2320 2878 Ouid.deArt.Am.
2337 2860 2357 2883 3,
2370 2855 2422 2882 284.

237 2879 356 2908 Tertull.
388 2888 401 2906 e
415 2879 527 2920 Veland.
539 2881 645 2916 Virgin.
664 2891 719 2916 cap.
733 2891 770 2909 10.
1317 2893 1350 2923 75
1361 2888 1496 2921 Purpurea
1512 2885 1605 2912 labella
1617 2885 1655 2914 Id.
1672 2887 1766 2914 Amor.
1780 2896 1801 2922 3,
1816 2896 1836 2920 3,
1851 2895 1886 2918 23.
1924 2887 2008 2913 Rosea
2021 2884 2115 2949 lalela
2129 2887 2215 2913 Catul.
2230 2893 2295 2920 78,1.
2332 2886 2424 2913 Tene-

277 2922 295 2942 1.
308 2921 331 2942 Α
342 2921 358 2942 13
368 2922 387 2942 o
401 2922 419 2942 R
431 2922 454 2942 A
465 2922 484 2941 N
497 2922 515 2942 D
528 2922 549 2941 v
561 2923 590 2950 s,
611 2926 634 2957 a,
653 2927 708 2945 um.
732 2919 825 2946 Terra
837 2919 957 2947 Tei-tull.
977 2919 1037 2948 adu.
1059 2921 1143 2949 Marc.
1158 2930 1181 2955 2,
1194 2931 1217 2950 2.
1361 2932 1392 2951 13
1406 2922 1499 2950 labella
1519 2921 1602 2949 Ouid.
1618 2921 1649 2948 de
1663 2923 1726 2949 Arte
1741 2925 1800 2950 Am.
1816 2932 1835 2956 1,
1847 2924 1903 2955 667.
1959 2922 2063 2957 Compa
2079 2931 2122 2949 arc
2138 2923 2219 2950 Plaut.
2235 2922 2303 2950 Asin.
2316 2931 2336 2955 3,
2350 2930 2371 2954 3,
2385 2927 2423 2953 78.

278 2957 295 2977 1.
309 2957 331 2977 A
345 2957 360 2977 Β
372 2957 391 2978 0
401 2957 421 2978 R
432 2959 454 2979 A
465 2957 487 2978 Τ
503 2959 512 2978 1
526 2958 546 2979 O
558 2973 567 2986 ‚
585 2955 654 2983 onis,
680 2954 700 2981 f.
713 2954 781 2990 apud
796 2955 1003 2988 Hieronymum.
1360 2960 1380 2987 i.
1393 2959 1495 2992 bqfiare.
1534 2959 1678 2993 Compesce
1692 2958 1816 2985 labellum
1830 2958 1915 2993 digito
1930 2958 2048 2985 quenal.
2065 2968 2084 2989 1,
2106 2960 2159 2985 160.
2197 2960 2285 2991 Quem
2305 2956 2424 2990 bafiabis,

276 2994 292 3013 1.
305 2993 326 3013 A
338 2993 353 3013 Β
363 2993 382 3014 o
393 2993 409 3013 R
422 2993 445 3014 A
457 2993 481 3028 Ἰ]
490 2994 509 3015 0
520 2995 550 3023 R,
574 2989 639 3016 oris.
652 3000 688 3017 m.
706 2991 773 3024 apud
794 2992 899 3027 August.
1361 2995 1405 3022 cui
1421 2994 1515 3022 labella
1529 2994 1666 3022 Mordebis
1674 2995 1771 3022 Catull.
1784 3001 1808 3025 8,
1823 3001 1856 3023 18.
1912 2994 2059 3021 Extendere
2073 2993 2199 3021 labellum
2218 2995 2311 3020 quen.
2327 3002 2361 3026 14,
2375 3002 2424 3025 32ς.

276 3029 294 3049 L
309 3029 329 3049 A
343 3029 359 3050 Β
376 3029 395 3049 O
406 3029 423 3049 R
437 3030 446 3050 1
460 3030 532 3051 OSV
544 3031 558 3051 s
569 3043 577 3056 ,
595 3033 619 3058 a,
641 3035 694 3052 um.
716 3026 775 3055 Adi.
804 3027 966 3061 [naua-reihe,
989 3030 1102 3060 ἐπίτονος,
1117 3032 1232 3064 μογερὸς]
1252 3030 1299 3057 Za·
1362 3029 1384 3071 q
1403 3040 1415 3057 2
1440 3030 1588 3064 Labellum,
1607 3038 1654 3066 pro
1677 3031 1777 3067 Vasculo
1797 3030 1929 3058 Columel.
1946 3040 1978 3062 12,
1991 3039 2027 3062 43,
2044 3039 2051 3056 1
2072 3029 2209 3056 Labellum
2218 3028 2300 3056 fietile
2320 3037 2424 3056 nouum

240 3058 303 3098 lory's
317 3059 424 3093 patiens,
444 3060 519 3099 mulfo
533 3069 584 3086 cum
597 3062 781 3096 laborefm‘lus.
835 3063 892 3091 Cic.
911 3064 995 3091 Tusc.
1015 3073 1045 3098 2,
1064 3067 1092 3097 36
1113 3066 1204 3100 Itaque
1224 3066 1299 3093 indu-
1314 3073 1348 3101 80
1361 3067 1475 3103 impleto
1489 3066 1578 3094 ualeis.
1615 3066 1684 3094 Ibid.
1698 3073 1737 3103 28,
1752 3075 1773 3100 3.
1829 3067 1885 3094 Cic.
1902 3066 1934 3091 de
1955 3064 2047 3099 Legib.
2063 3073 2086 3097 2,
2101 3066 2133 3091 66
2149 3074 2170 3092 c.
2184 3068 2214 3092 26
2234 3064 2366 3100 Sepulcris
2380 3073 2424 3091 au-

240 3093 317 3120 strios
334 3093 472 3128 homines,
497 3094 539 3121 illi
559 3096 704 3128 studiosos,
723 3099 764 3125 vel
781 3099 879 3133 potius,
898 3107 1014 3127 amantes
1033 3101 1135 3128 doloris
1154 3103 1300 3136 appellant:
1361 3111 1416 3132 tem
1432 3097 1510 3130 nouis
1520 3103 1610 3130 finiuit
1628 3102 1749 3130 modum.
1804 3103 1875 3130 Nam
1896 3101 1973 3135 super
1992 3100 2125 3127 tumulum
2144 3100 2233 3127 noluit
2252 3101 2316 3136 quid
2336 3100 2424 3134 statui,

240 3138 289 3169 nos
303 3131 468 3170 commodius
482 3131 640 3159 laboriosos.
676 3133 749 3161 Idem
765 3135 879 3170 Philipp.
901 3146 930 3172 11,
951 3142 964 3166 8
978 3146 1000 3163 c.
1015 3146 1028 3168 4
1057 3136 1171 3164 Dolores
1190 3139 1299 3166 Trebo-
1361 3140 1410 3167 nisi
1425 3139 1595 3166 columellam
1609 3138 1695 3166 tribus
1715 3137 1811 3166 cubitis
1832 3146 1887 3163 non
1907 3136 2048 3170 altiorem,
2069 3143 2113 3164 aut
2126 3137 2258 3174 inensam,
2280 3142 2324 3164 aut
2344 3136 2423 3164 label-

242 3173 302 3192 mus
316 3166 425 3204 pertulit
439 3175 562 3201 magnos:
583 3169 688 3208 'Multi,
703 3179 735 3196 ex
749 3170 838 3198 morbi
850 3174 979 3206 grauitate
987 3172 1115 3200 maiores:
1132 3182 1197 3206 quos
1211 3181 1298 3202 tamen
1360 3178 1431 3204 luni:
1451 3183 1478 3203 et
1492 3175 1553 3203 huic
1568 3175 1752 3211 procurationi
1765 3180 1865 3200 certum
1880 3172 2060 3207 magistratum
2075 3173 2246 3208 praefecerat.
2282 3172 2422 3200 Labellum

241 3209 295 3243 non
309 3201 429 3233 miseros,
449 3203 490 3228 scd
504 3202 652 3230 laboriosos
665 3205 778 3233 solemus
790 3207 888 3235 dicere.
960 3207 1065 3235 Cohors
1079 3208 1211 3235 laboriosa
1230 3212 1297 3238 Hor.
1360 3212 1502 3248 pollulum,
1523 3213 1554 3238 de
1565 3221 1611 3248 quo
1625 3212 1692 3239 Cato
1704 3211 1737 3238 de
1751 3211 1783 3238 R.
1799 3209 1830 3236 R.
1851 3218 1889 3242 10,
1904 3218 1925 3236 2.
1945 3208 1980 3245 (ll
1990 3210 2132 3245 paruulum.
2187 3211 2259 3237 ΔΜ.
2277 3209 2343 3236 0310
2356 3213 2397 3240 88,
2409 3216 2422 3234 2

240 3237 260 3263 Ε
281 3236 324 3263 od.
338 3239 373 3270 16,
387 3238 429 3264 60.
472 3237 585 3266 Chartae
604 3239 697 3267 dociae
710 3248 735 3268 et
748 3243 895 3271 laboriosae
909 3244 995 3271 Catul.
1012 3253 1029 3279 1,
1044 3254 1066 3276 7.
1112 3245 1298 3273 Dcanibulatio
1315 3257 1344 3286 85
1360 3250 1390 3277 it.
1419 3258 1451 3282 13,
1485 3258 1506 3281 3.

241 3273 265 3299 Ιᾶ
286 3272 383 3314 ori-osa,
406 3272 423 3298 ''-
435 3273 506 3308 Qae
519 3275 627 3313 ”qnfine
639 3286 726 3312 magno
738 3279 820 3304 labore
843 3281 973 3314 perficitur
996 3281 1066 3307 Ter.
1085 3281 1182 3309 Heaut.
1201 3292 1224 3314 4,
1236 3285 1262 3315 6,
1276 3293 1297 3310 2.
1396 3289 1647 3312 LABRATVM.
1671 3283 1731 3311 Vct.
1754 3280 1797 3308 Gl.
1824 3279 1969 3307 Labratum
1993 3279 2126 3310 ἄσπαςικδν
2152 3280 2270 3311 samum.
2324 3277 2421 3306 Labra-

241 3309 449 3351 Exercitation'es
463 3307 609 3348 laboriosae
630 3312 686 3340 Cic.
696 3313 780 3341 Tusc.
794 3323 816 3347 2,
829 3324 851 3341 c.
865 3324 897 3343 ις.
935 3317 966 3341 Et
977 3314 1009 3342 de
1022 3316 1145 3351 Fin.1‚68
1168 3318 1236 3351 Qiis
1251 3328 1297 3345 no-
1358 3327 1416 3348 tum
1438 3324 1529 3354 φίλημα
1547 3317 1679 3354 §animuin
1735 3318 1829 3352 Nempe
1848 3316 1883 3353 est
1900 3317 2030 3344 Osculum
2049 3316 2197 3352 labratum,
2223 3315 2288 3352 quod
2311 3315 2422 3341 deelara-

241 3344 324 3384 strum
337 3350 558 3385 exercitationem
572 3346 651 3373 vllam
672 3350 793 3384 corporis
811 3351 922 3385 suscepit
940 3351 1116 3385 laboriosam,
1135 3353 1184 3379 nisi
1203 3361 1231 3380 vt
1250 3355 1297 3381 ali-
1360 3366 1413 3383 mus
1433 3358 1457 3384 h.
1478 3365 1505 3384 v.

242 3379 307 3414 quid
321 3389 352 3406 ex
366 3389 396 3406 ea
409 3381 544 3407 commodi
561 3383 751 3417 consequatur?
824 3386 921 3413 Fabula
940 3387 1074 3415 laboriosa
1093 3389 1163 3416 Ter.
1184 3389 1212 3415 in
1225 3390 1295 3417 Prol.
1398 3399 1415 3418 ι
1428 3400 1447 3419 Α
1459 3398 1476 3420 Β
1489 3399 1509 3420 R
1521 3393 1542 3420 6
1553 3398 1566 3419 s
1577 3398 1599 3418 V
1610 3396 1624 3419 S
1634 3411 1642 3424 ,
1664 3398 1694 3423 a,
1713 3397 1766 3416 um.
1795 3387 1856 3415 Adi·
1881 3387 2035 3423 Εκᾱιλᾱῖὅης]
2058 3390 2135 3426 Qud
2153 3385 2322 3414 extremitates
2339 3385 2420 3416 habu,

241 3415 339 3455 Heaut-
352 3426 378 3443 v.
393 3426 432 3449 44.
469 3416 572 3443 Gradus
587 3417 732 3458 laboriosus
741 3422 855 3449 Martial.
868 3433 888 3455 7,
904 3428 940 3455 38.
977 3424 1052 3457 Opus
1067 3424 1295 3452 laboriosissimum
1310 3437 1346 3463 90
1359 3429 1440 3454 veluti
1452 3431 1571 3463 quaedam
1583 3427 1657 3453 labra
1666 3425 1839 3461 prominentes.
1894 3424 1984 3451 Celsus
2000 3434 2023 3460 7,
2043 3428 2073 3452 26
2092 3426 2287 3452 verramentum
2302 3421 2366 3447 fecit
2390 3420 2420 3447 in

243 3450 303 3491 LUJ—
319 3461 342 3492 5’.
364 3461 398 3486 19-
412 3487 418 3492 ,
453 3452 549 3492 Seruus
562 3452 724 3495 laboriosus,
739 3459 779 3492 cui
790 3460 919 3495 opponitur
936 3458 1085 3486 Defidiosus
1100 3460 1180 3487 Caius
1193 3461 1220 3487 in
1234 3462 1250 3488 l.
1269 3462 1295 3489 Si
1359 3464 1460 3489 summa
1474 3469 1546 3498 parte
1561 3461 1704 3492 labrosum‚
1723 3460 1752 3487 in
1771 3460 1825 3486 ima
1845 3460 2079 3488 semicirculatum.
2150 3458 2181 3483 E!
2203 3457 2285 3484 GlOss'·
2300 3457 2347 3484 Gr·
2362 3456 2420 3484 1⁴³?-

244 3487 323 3528 quid.-
335 3496 364 3513 111
378 3496 493 3523 princip.
506 3488 533 3515 ff.
547 3489 580 3515 de
594 3489 669 3517 aedil.
684 3491 763 3519 edict.
835 3495 932 3521 Versus
946 3504 999 3520 non
1014 3495 1149 3530 laboriosi,
1165 3497 1182 3523 ι’.
1203 3497 1297 3530 faciles
1358 3497 1494 3533 πρέχειλοε,
1515 3498 1640 3526 labrosus.
2292 3528 2297 3533 ,
2314 3527 2320 3533 ,

243 3521 360 3550 Martial.
370 3533 408 3563 -11,
421 3533 442 3556 7.
479 3525 593 3565 Compar.
631 3526 688 3553 Cic.
702 3537 752 3562 pro
765 3530 861 3558 Milon.
876 3540 889 3562 5
901 3540 922 3556 c.
934 3539 947 3556 2
965 3531 1039 3564 Qtid
1052 3531 1125 3558 enim
1141 3532 1219 3559 nobis
1232 3533 1297 3560 duo·
1399 3540 1416 3560 L
1430 3541 1452 3561 A
1464 3541 1480 3561 Β
1491 3541 1511 3561 R
1524 3541 1546 3561 v
1559 3541 1573 3560 s
1584 3540 1600 3560 C
1612 3539 1634 3560 A
1644 3550 1653 3563 9
1672 3539 1709 3558 ae·
1731 3531 1751 3559 f·
1772 3528 1896 3564 [ἅμπῦλῠς
1909 3535 1994 3568 &vesta
2006 3531 2051 3567 sm
2062 3529 2243 3569 ,37⁹4ssde
2264 3528 2334 3554 νὼς
2346 3536 2418 3568 agre'

242 3556 301 3588 blss,
319 3558 430 3598 IudiceS,
444 3558 618 3602 laboriosius}
656 3563 687 3589 Et
699 3563 790 3597 Nepos
804 3575 839 3599 25,
854 3576 878 3594 12
893 3565 974 3600 Qiod
987 3574 1076 3593 vtrnm
1089 3567 1114 3594 ei
1135 3568 1301 3603 laboriosius,
1362 3569 1407 3596 stis
1421 3569 1536 3603 dicitur,
1554 3568 1631 3604 spisl'is
1644 3573 1671 3594 et
1686 3567 1882 3595 candicantibus
1899 3568 1988 3599 foliis,
2007 3564 2169 3599 gemcUiaia,
2189 3563 2291 3604 r¹¹¹¹9s0
2305 3570 2418 3590 cosme:

243 3594 659 3636 an·gloriosius’fueri-ndiflicile
672 3599 724 3625 suit
739 3599 865 3628 iudicare.
901 3603 996 3637 Superl.
1014 3603 1239 3631 Laboriosiffimus
1254 3605 1300 3631 ho-
1312 3617 1345 3643 93
1361 3605 1413 3632 fert
1428 3615 1492 3633 vuas
1507 3604 1641 3639 rubentes,
1660 3603 1731 3630 cocci
1748 3603 1840 3640 modo,
1861 3613 1927 3639 qnae
1944 3607 2029 3628 cutem
2049 3600 2078 3626 in
2100 3601 2166 3627 facie
2192 3599 2337 3626 mulierum
2356 3607 2417 3634 pur-

244 3637 325 3655 minis
339 3629 422 3656 socius
436 3639 464 3656 111
473 3633 633 3666 agricultura
651 3633 699 3662 bos
722 3636 855 3665 Columel.
872 3641 887 3665 6
910 3638 1063 3666 Prooemio.
1120 3639 1298 3668 Laborioslffi-
1360 3647 1422 3676 gant
1445 3643 1511 3668 Plin.
1529 3651 1562 3674 23,
1578 3650 1596 3668 1.
1639 3640 1715 3675 Virg.
1737 3640 1789 3667 Ecl.
1805 3650 1827 3674 5,
1846 3650 1859 3673 7
1886 3636 2015 3668 Silueslris
2029 3636 2096 3663 raris
2112 3636 2201 3671 sparsit
2215 3634 2332 3662 labrusca
2345 3643 2415 3661 race-

244 3672 302 3691 mus
316 3671 404 3691 arator
422 3666 477 3693 Cic.
492 3668 569 3695 Verr.
584 3678 604 3702 3,
622 3673 662 3699 86.
1360 3677 1421 3703 mis,
1491 3676 1624 3706 columel,
1646 3680 1676 3709 Β,
1705 3685 1717 3706 ς
1751 3676 1810 3703 Vua
1834 3673 1950 3703 labrusca
1971 3672 2003 3699 de
2024 3671 2151 3707 vepribus
2173 3671 2314 3697 immatura
2342 3670 2417 3698 lec‘ta.

272 3706 298 3741 'L
308 3706 329 3726 A
343 3706 360 3727 Β
374 3707 393 3727 o
404 3707 421 3726 R
434 3708 443 3727 1
455 3704 474 3729 ὁ
484 3709 497 3729 s
508 3710 537 3730 E.
557 3704 623 3732 Adu.
644 3707 773 3741 [μσνερῶς,
791 3708 921 3744 imitatum]
941 3713 1001 3738 Cum
1012 3711 1087 3738 multo
1099 3711 1181 3737 labore
1198 3719 1221 3736 n
1229 3713 1298 3739 male.
1359 3709 1382 3752 q
1404 3721 1417 3739 2
1436 3713 1519 3739 Etiam
1534 3720 1621 3738 neutro
1629 3721 1721 3747 genere
1730 3713 1798 3748 plur.
1842 3711 1916 3744 Virg.
1936 3708 1965 3735 in
1981 3708 2075 3736 Culice
2089 3717 2116 3740 52
2140 3707 2278 3741 Densaque
2290 3705 2416 3741 virgultis

241 3734 300 3769 stffl·
334 3737 440 3764 .Catull.
456 3741 502 3778 3⁵⁹.
516 3743 579 3773 (39)
600 3750 608 3767 1
630 3742 700 3769 Male
713 3743 758 3776 est,
776 3744 918 3781 Cornifici,
937 3752 984 3773 tuo
997 3748 1112 3781 Catullo,
1150 3747 1230 3781 Male,
1243 3757 1297 3774 me-
1358 3747 1436 3776 auide
1452 3748 1568 3775 labrusca
1588 3753 1720 3782 petuntur.
2110 3779 2116 3784 ·
2220 3777 2225 3782 ,
2370 3769 2373 3771 .

246 3769 360 3806 hercule,
382 3778 407 3798 et
420 3773 559 3802 laboriose.
598 3779 710 3813 Compar.
746 3779 802 3807 Cic.
815 3789 864 3815 pro
879 3781 954 3808 Rosc.
979 3784 1056 3810 Com.
1070 3793 1091 3816 31
1106 3793 1128 3810 c.
1142 3791 1161 3809 11
1179 3785 1234 3810 Iam
1243 3792 1352 3816 quoioo
1396 3790 1414 3810 i.
1432 3791 1454 3812 Α
1476 3790 1493 3811 Β
1511 3790 1533 3809 ν
1548 3789 1567 3810 R
1585 3790 1607 3810 Ν
1628 3790 1649 3810 v
1667 3790 1709 3817 M,
1733 3783 1752 3811 i.
1780 3793 1806 3811 n.
1859 3779 1973 3807 Arboris
1999 3788 2081 3816 genus
2108 3788 2139 3806 in
2165 3776 2278 3813 Alpibus
2298 3778 2415 3805 crescens

247 3805 356 3839 quisque
364 3807 400 3834 est
415 3807 549 3836 sollertior
562 3817 587 3838 et
595 3812 765 3848 ingeniosior,
783 3815 834 3843 hoc
847 3816 924 3844 docet
936 3818 1087 3846 iracundius
1100 3818 1297 3846 etlaboriosius.
1359 3819 1425 3849 Plin.
1446 3823 1482 3853 16,
1497 3825 1529 3849 18.

246 3838 416 3883 ¹⁴³b0¹‘³s{s,3¹¹³‚
427 3844 484 3884 {fui
500 3845 566 3884 Fim-
582 3856 618 3879 31,
634 3852 668 3877 ¹6.
743 3853 837 3886 Super-l.
863 3853 920 3879 Cic.
934 3854 996 3880 Diu.
1018 3854 1047 3882 in
1068 3856 1144 3882 Caec.
1160 3863 1183 3884 71
1205 3856 1296 3887 Itaque
1397 3862 1413 3883 1.
1427 3862 1448 3883 Α
1460 3860 1477 3882 Β
1488 3863 1507 3882 γ
1517 3861 1536 3882 R
1546 3861 1556 3881 1
1568 3861 1591 3881 N
1603 3859 1626 3883 ‘r
1638 3861 1656 3881 H
1667 3861 1688 3881 v
1700 3861 1728 3889 s,
1751 3855 1769 3882 i.
1790 3861 1825 3879 m.
1847 3851 2018 3886 [Λαβύρινθος]
2036 3851 2123 3878 Locus
2131 3848 2199 3884 apud
2208 3849 2314 3876 Cretam
2328 3847 2413 3887 faetus

246 3875 378 3916 semper-⁴11
391 3879 585 3921 diligentissime
598 3883 847 3921 laboriosissimeque
858 3889 1018 3917 accusarunt.
1059 3891 1114 3919 Illis
1135 3890 1297 3918 laboriosisli-
1359 3900 1374 3919 a
1384 3891 1501 3919 Daedalo
1508 3892 1638 3926 perplexis
1648 3890 1800 3926 parietibus,
1811 3887 1858 3914 vbi
1869 3889 2038 3915 Minotaurus
2047 3886 2160 3927 inclusus
2170 3885 2215 3925 esl.
2234 3886 2301 3910 Haec
2309 3883 2415 3910 Seruius

245 3918 288 3936 me
301 3910 368 3938 dixit
386 3916 452 3940 huet.
465 3916 535 3942 Caes.
549 3927 570 3943 c.
580 3928 616 3949 43.
652 3923 719 3947 Add.
737 3922 776 3950 Id.
791 3924 883 3953 Claud.
906 3935 927 3952 c.
944 3935 977 3958 14.
1359 3930 1394 3953 ad
1402 3928 1476 3962 Virg.
1487 3928 1574 3961 Acns,
1585 3934 1626 3958 538
1635 3923 1810 3962 thuondam
1818 3924 1897 3951 Creta
1907 3924 1993 3950 fertur
2001 3920 2179 3954 Labyrinthus
2187 3930 2213 3946 in
2222 3921 2281 3952 alta,
2290 3926 2334 3946 etc.
2343 3919 2414 3952 Qa-

282 3951 300 3971 L
312 3952 334 3973 A
344 3953 359 3973 Β
368 3954 387 3974 0
399 3955 418 3975 R
430 3948 441 3976 ἶ
450 3956 468 3978 F
480 3958 497 3979 E
508 3957 528 3979 R
537 3973 546 3987 ²
575 3955 629 3989 Q‘ra,
651 3958 736 3984 erum.
756 3958 815 3987 Adi.
846 3962 1006 3996 [φιρίπονσς]
1032 3962 1135 3990 Cui-rus
1153 3962 1295 3992 laboriferi
1309 3971 1351 4000 ¹05
1359 3968 1420 3992 tuor
1427 3962 1606 3995 Labyrinthos
1618 3962 1719 3991 Plinius
1733 3967 1850 3987 memorat
1865 3962 1932 3993 36›¹3
1946 3960 1963 3987 s.
1972 3967 1998 3994 19
2013 3958 2136 3986 Dicamus
2151 3963 2177 3985 et
2191 3954 2414 4025 ΙὸδΥῖῑΠῐὲἓῗ-»ίζξι
