2517 4231
281 212 344 249 5¹9
697 195 929 237 OBN

282 287 359 313 Mare
380 285 497 313 obnubit
516 291 598 314 terras
611 307 620 321 ,
657 291 686 313 vt
705 285 788 313 nubes
806 284 922 315 caelum,

284 323 552 391 L.048,N12.PTVS’
577 367 609 391 a,
634 366 690 384 um.
718 357 784 382 Part.
818 353 939 381 Macrob.
952 354 1057 380 Saturn.
1071 362 1090 385 1,
1109 358 1135 379 21
1166 352 1341 380 Simulacrum

885 390 922 416 [b.
942 390 1033 416 Terra
1045 388 1162 415 nubibus
1178 388 1306 422 obnupta.

977 284 996 309 ι’.
1035 282 1123 318 operit
1166 282 1242 310 Varr.
1262 281 1294 308 de
1311 281 1342 309 1..

284 393 364 420 huius
377 394 449 420 Deae
463 393 573 428 fingitur
587 393 670 428 capite
683 391 813 424 obnupto.

322 436 342 456 0
352 436 368 457 Β
378 437 399 456 N
407 435 429 456 V
439 436 462 456 N
473 436 495 456 Τ
504 438 513 456 1
523 435 544 456 0
556 451 566 464 ,
589 433 642 456 are.
680 428 797 453 Donatus
806 446 815 458 ,
842 426 898 458 Qui
912 426 1006 452 malam
1023 434 1079 451 rem
1093 425 1214 456 nuntiat,
1239 424 1341 451 00111111-
1365 433 1379 455 ς

284 464 348 492 tiat:
383 465 430 501 qui
442 465 556 498 bonam,
584 462 734 490 annuntiat:
770 469 831 487 nam
844 461 953 496 proprie
967 461 1112 487 obnuntiare
1126 461 1250 488 dicuntur
1263 469 1341 494 augu-

284 510 342 535 res,
361 501 408 536 qui
423 501 525 535 aliquid
538 500 599 526 mali
614 497 729 530 ominis,
748 497 908 532 faenumque
921 496 1048 524 viderint.
1143 497 1213 524 Ter.
1227 495 1340 530 Adelph.

283 547 309 570 4,
321 545 347 572 2,
359 547 373 571 7
415 537 517 564 Primus
530 535 613 562 sentio
625 534 692 559 mala
707 532 810 566 nostra,
847 533 950 567 primus
966 533 1075 560 rescisco
1093 534 1197 560 omnia:
1239 532 1341 568 primus

283 581 367 608 porro
385 572 526 599 obnuntio.
602 570 647 596 Vbi
665 569 800 602 Donatus,
829 568 986 604 Obnundo,
1031 569 1048 596 i.
1075 569 1175 596 Malum
1196 568 1340 595 imminens

284 608 355 643 quasi
372 617 451 635 omen
466 606 571 633 nuntio.
614 604 678 631 Inde
693 605 766 631 enim
777 605 941 640 etymologia
953 604 1061 632 huiusce
1075 605 1151 632 verbi
1164 604 1209 631 cst.

282 653 334 680 pro
348 645 414 671 Sext,
428 651 461 676 79
486 642 577 675 Itaque
590 649 673 674 quum
686 640 769 667 fretus
789 641 925 668 sancfritate
938 641 1107 668 Tribunatus
1116 661 1124 673 ‚
1151 649 1234 674 quum
1247 641 1272 667 se
1285 648 1341 666 non

282 680 365 707 modo
380 684 470 705 contra
483 676 540 703 vim
553 682 577 703 et
591 676 710 709 ferrum,
738 675 780 703 sed
800 677 878 704 etiam
891 683 982 704 contra
1000 677 1080 704 verba
1092 683 1171 711 atque
1185 676 1341 703 intercessio-

282 724 344 742 nem
357 713 457 747 legibus
470 712 575 738 sacratis
589 713 639 739 effe
651 719 782 739 armatum
798 719 920 748 putaret,
946 713 1021 740 venit
1034 712 1062 738 in
1075 712 1202 746 templum
1215 711 1342 744 Castoris,

281 748 452 777 obnuntiauit
466 747 594 781 Contuli,
614 757 696 783 quum
711 748 800 776 subito
819 758 911 775 manus
926 748 970 776 illa
984 748 1112 775 Clodiana
1131 748 1159 774 in
1179 748 1255 775 caede
1276 747 1341 774 ciui-

282 795 328 812 um
349 785 423 817 saepe
435 783 489 810 iam
506 783 621 817 vifirix,
654 785 800 815 exclamat,
830 785 971 818 incitatur,
999 783 1112 810 inuadit.

279 832 304 853 4,
318 828 330 852 3
366 820 489 846 Metellus
504 825 591 847 tamen
604 820 718 854 postulat
733 826 761 847 vt
775 820 823 847 sibi
837 820 943 856 postero
963 820 1006 846 die
1022 820 1050 846 111
1070 820 1134 846 foro
1155 820 1340 847 obnuntietur.

279 855 338 882 Cic.
353 855 386 881 de
401 855 493 882 Diuin.
512 865 530 890 1,
542 864 572 891 29
609 855 674 884 Non
686 857 715 883 in
727 866 761 884 eo
773 857 809 883 cst
823 857 908 891 culpa,
923 856 970 891 qui
983 855 1157 883 obnuntiauit
1167 877 1175 889 ‚
1199 856 1242 882 sed
1255 856 1283 882 in
1297 865 1341 887 eo,

278 891 327 925 qui
343 900 397 918 non
412 891 508 926 paruit.
566 893 597 918 Et
611 893 665 920 Att.
678 903 702 924 4,
714 902 725 925 3
746 893 805 919 Nisi
818 892 916 919 Miloni
931 892 961 919 C.
975 892 1075 927 Appius
1087 891 1277 925 obnuntiasset,
1300 901 1342 918 co-

278 927 355 953 mitia
367 927 458 954 futura
470 933 531 955 ante
546 928 618 955 diem
631 935 680 955 xli
696 927 804 955 Calend.
817 927 942 955 Decemb.
1048 928 1118 954 Suet.
1138 927 1167 953 in
1180 928 1253 954 Caes.
1272 937 1294 954 c.
1309 937 1340 954 20

277 963 349 997 Lege
367 969 457 990 autem
477 964 589 998 Agraria
607 965 786 1000 promulgata,
813 963 1018 990 obnuntiantem
1037 963 1165 998 collegam
1179 963 1261 990 armis
1279 964 1381 990 for020

277 999 389 1034 expulit.
425 999 499 1033 Conf.
512 1000 574 1027 Liu.
589 1010 625 1032 22,
639 1009 667 1032 42
679 1007 745 1027 extr.
767 1001 890 1034 Bernegg.
903 1001 939 1025 ad
949 1000 1018 1027 Suet.
1032 1000 1050 1026 l.
1064 1008 1085 1026 c.
1107 1000 1199 1026 Grucb.
1213 1001 1244 1026 de
1251 1001 1341 1026 Comit.

276 1043 298 1068 1,
311 1045 326 1067 4
347 1044 373 1069 p.
386 1037 417 1067 64
425 1035 496 1070 seqq.
514 1043 538 1062 et
551 1036 658 1072 Brffln.
671 1037 701 1061 tle
715 1036 794 1062 Form.
807 1045 832 1071 p.
846 1044 889 1063 121.

316 1075 337 1097 0
348 1077 425 1098 BNV
437 1077 460 1097 N
474 1077 497 1098 Τ
509 1079 518 1097 1
528 1078 644 1105 A'rzo,
665 1072 734 1099 onis.
772 1072 790 1098 f.
828 1071 885 1098 Cic.
897 1070 929 1098 de
942 1071 1036 1098 Diuin.
1051 1080 1072 1105 1,
1086 1080 1115 1103 30
1141 1072 1234 1098 Marco
1249 1071 1339 1097 Crasso

277 1105 343 1140 quid
356 1106 499 1141 acciderit,
518 1107 640 1134 videmus
649 1128 657 1141 ‚
673 1107 792 1134 dirarum
805 1107 1013 1135 obnuntiatione
1027 1107 1154 1142 neglefta.
1226 1106 1339 1134 Obnun-

275 1142 406 1176 natione,
434 1143 519 1178 inquit
538 1143 665 1173 Pedianus
688 1144 717 1170 in
735 1144 809 1170 Orat.
830 1143 858 1170 in
878 1144 963 1170 Pison.
993 1143 1150 1170 Perniciofis
1165 1143 1266 1178 legibus
1281 1143 1340 1170 resi·
1354 1149 1382 1172 25

275 1177 345 1205 steba
393 1198 400 1205 .

276 1214 315 1239 ita
331 1185 407 1249 ptlltiiie
426 1224 548 1249 augurum
566 1216 765 1241 obnuntiationi:
801 1217 866 1250 quod
884 1216 912 1242 in
932 1213 1018 1250 Cra—ffb
1030 1216 1161 1250 fignificat
1177 1216 1338 1242 Plutarchus.

274 1250 450 1284 Interponere
465 1249 683 1278 obnuntiationes
704 1251 760 1279 Cic.
775 1252 904 1285 Att.4,16.
978 1251 1084 1279 Otiosas
1097 1251 1184 1279 facitis
1196 1251 1338 1279 obnuntia-

275 1285 396 1314 tionibus
408 1285 528 1313 aeiiones
558 1287 662 1315 Arnob.
677 1296 690 1314 2
704 1297 728 1322 p.
742 1296 781 1321 9¹·

691 1362 720 1393 O
794 1361 818 1393 B
893 1362 924 1393 O

312 1428 489 1464 οΒόιΕο,
514 1431 539 1457 et
560 1437 783 1467 OBOLESCO,
808 1430 885 1457 niet
902 1430 965 1465 eui,
993 1434 1055 1464 ere,
1082 1432 1177 1458 escere.
1213 1433 1336 1468 [ἀπάξω]

272 1468 364 1499 Olere,
383 1469 478 1493 odorem
491 1468 609 1501 reddere,
629 1476 652 1493 et
665 1468 763 1502 quidem
771 1467 831 1501 fere
842 1466 974 1503 molestum.
1052 1466 1135 1493 Plaut.
1150 1468 1228 1494 Most.
1244 1476 1261 1501 1,
1277 1477 1296 1501 1,
1312 1475 1337 1500 38

272 1501 410 1528 Oboluisti
423 1502 531 1535 allium,
548 1503 680 1530 Germana
695 1503 810 1530 illuuies.

269 1543 329 1564 tum
342 1537 499 1570 (abominer,
520 1538 590 1572 quasi
604 1538 635 1564 ad
649 1539 827 1573 praecauenda
842 1547 945 1565 venena
956 1539 1000 1565 sua
1013 1539 1137 1566 sumtum.
1176 1540 1249 1573 Conf.
1263 1539 1337 1566 Idem

269 1573 348 1608 Vesp.
364 1579 378 1603 8
401 1573 547 1600 Maluissem
558 1573 653 1600 allium
665 1573 815 1602 oboluitses.
905 1575 988 1602 Plaut.
1003 1575 1100 1610 Amph.
1116 1585 1136 1608 1,
1153 1584 1171 1608 1,
1188 1577 1228 1608 163
1256 1575 1337 1602 Vin-0

268 1608 327 1636 istic
342 1609 388 1644 qui
403 1609 499 1636 exotl'at
512 1608 651 1643 homines,
677 1610 748 1645 perii
761 1610 778 1637 11
791 1619 834 1637 me
846 1610 984 1645 aspexerit.
1042 1618 1080 1638 Μ.
1106 1612 1161 1638 olet
1182 1611 1266 1641 homo
1280 1612 1338 1644 qui-

269 1644 331 1672 dem
344 1644 415 1671 malo
427 1646 484 1672 suo.
522 1652 544 1672 s.
562 1644 622 1672 hei!
660 1655 796 1681 nunquam
810 1646 914 1674 obolui.
986 1648 1061 1675 Idem
1075 1649 1147 1675 Men.
1155 1656 1177 1682 2,
1186 1656 1239 1680 3‚33
1261 1648 1335 1675 Obo-

269 1680 320 1707 luit
333 1680 395 1707 huic
408 1681 571 1715 marsupium
585 1681 659 1716 quod
672 1681 761 1710 habes.

268 1715 334 1743 haec
350 1716 523 1743 renouabam.

309 1757 330 1778 Ο
341 1758 408 1779 BOL
417 1759 427 1777 1
437 1758 458 1778 T
467 1759 477 1778 1
488 1759 507 1779 o
517 1772 525 1785 ,
551 1751 622 1779 onis.
653 1753 674 1779 f.
711 1753 841 1779 Laudatur
855 1754 932 1789 Apul.
947 1754 979 1781 de
995 1754 1098 1781 Mundo
1113 1765 1138 1790 p.
1150 1764 1195 1788 239
1225 1755 1334 1782 Nebula

269 1787 307 1814 est
320 1787 454 1814 exhalatio
467 1793 607 1821 vaporata,
624 1795 670 1814 etc.
696 1789 739 1815 cui
758 1789 881 1816 serenitas
895 1790 1079 1818 obolitionem
1096 1791 1188 1818 infert.
1204 1822 1206 1824 ι
1246 1793 1334 1818 Verum

268 1823 333 1849 reHe
345 1823 427 1863 edidit
441 1822 627 1863 Abolitionem
647 1824 757 1850 Elmenh.
772 1833 797 1858 p.
812 1826 850 1857 61,
863 1833 889 1859 7.

305 1865 325 1886 o
335 1866 352 1887 B
361 1866 380 1886 o
391 1864 408 1885 1.
420 1865 440 1885 ν
449 1865 462 1884 s
472 1879 480 1892 ,
515 1867 535 1885 1.
573 1868 609 1886 m.

265 1894 351 1929 inquit
373 1895 509 1921 Donatus:
550 1902 633 1930 nempe
652 1905 738 1923 numus
756 1897 865 1922 Graecus
883 1898 1011 1928 minutus,
1045 1898 1085 1923 cui
1103 1898 1201 1931 Obeli‚

259 1931 349 1966 figura
361 1929 486 1965 imprffz.
557 1930 626 1959 Ter.
640 1930 723 1958 Andr.
737 1940 760 1964 2,
774 1940 797 1964 2,
814 1941 841 1964 32
861 1932 946 1960 Etiam
961 1943 1073 1968 puerum
1085 1933 1148 1961 iude
1162 1934 1253 1961 abiens
1267 1943 1329 1961 con-

265 1965 329 1992 veni
344 1965 484 1998 Chi-emis,
504 1966 578 1992 olera
592 1972 618 1992 et
631 1967 770 2000 pisciculos
783 1967 900 1994 minutos
914 1969 986 1995 ferre
999 1969 1082 1996 obolo
1095 1970 1123 1996 in
1138 1979 1245 1997 coenam
1264 1970 1329 1996 seni.

302 2007 346 2028 OB
355 2008 374 2028 o
386 2007 412 2027 M
424 2008 433 2026 1
442 2008 465 2026 N
477 2006 497 2026 ο
510 2007 529 2025 R
538 2020 546 2033 ,
564 2001 613 2027 firi.
630 2002 698 2035 Dep.
733 2003 810 2036 Apul.
819 2004 884 2029 Met.
897 2013 911 2036 9
924 2013 949 2037 p.
961 2013 1003 2038 192
1016 2006 1085 2031 Pric.
1107 2006 1225 2032 Crurum
1238 2006 1264 2032 ei
1278 2006 1330 2032 fra-

263 2035 523 2071 gium'obominata.
562 2036 672 2062 Elmenh.
694 2045 719 2069 p.
734 2045 775 2068 227
795 2035 955 2064 abominata.

298 2078 320 2098 Ο
328 2078 344 2099 Β
354 2077 375 2098 O
386 2078 423 2097 111
434 2077 454 2099 0
465 2077 484 2096 R
494 2091 502 2103 ,
526 2069 575 2096 iris
588 2071 630 2096 vel
641 2070 694 2097 eris
702 2091 710 2103 ‚
732 2076 807 2097 ortus
821 2072 877 2097 sum
885 2092 894 2104 ‚
913 2073 958 2098 iri.
981 2073 1049 2106 Dep.
1070 2074 1184 2106 [ἂνῐςχω]
1206 2073 1327 2104 Adnasci,

263 2107 352 2142 inquit⁴
361 2107 459 2138 Festus,
468 2115 515 2132 mm
521 2105 589 2141 satis
604 2107 729 2133 commode.
755 2107 804 2133 Vix
815 2107 882 2133 em‘m
896 2108 1117 2143 aliudstgnificat,
1132 2117 1205 2141 quam
1210 2108 1329 2142 fimplex.

261 2143 346 2170 Plaut.
360 2142 440 2170 Stich.
454 2152 472 2176 1,
484 2151 506 2174 3,
520 2151 540 2168 11
562 2142 640 2168 Vteri
654 2142 760 2169 dolores
775 2143 845 2169 mihi
860 2142 1025 2170 oboriuntur
1045 2144 1177 2178 quotidie.
1254 2144 1326 2170 Ter.

261 2179 362 2207 fleant.
376 2188 406 2214 4,
423 2178 446 2211 3,
465 2187 478 2204 2
511 2177 595 2204 Ν11113
615 2177 682 2204 1111111
701 2178 742 2204 re's
762 2178 868 2214 posthac
886 2179 971 2214 potest
989 2179 1043 2206 iam
1062 2179 1228 2206 interucnIre
1246 2185 1328 2209 tanta,

262 2223 331 2250 quae
344 2214 413 2241 mihi
426 2212 621 2249 aegritudinem
636 2214 745 2248 afferat,
765 2220 835 2241 tanta
848 2215 911 2241 haec
924 2216 1022 2242 laetitia
1037 2215 1134 2242 oborta
1148 2215 1191 2242 cst.

262 2251 320 2278 lum
334 2251 462 2278 obortum
476 2249 513 2276 est
537 2249 599 2276 Liu.
613 2258 648 2282 21,
659 2255 681 2279 8.
754 2250 810 2276 Cic.
823 2259 873 2286 pro
887 2251 976 2285 Ligar.
990 2254 1004 2277 6
1022 2262 1044 2279 c.
1061 2261 1071 2284 3
1090 2252 1159 2278 Vide
1173 2257 1268 2286 quanta
1282 2251 1328 2278 lux

262 2286 432 2315 liberalitatis
446 2291 472 2312 et
485 2285 627 2319 sapientiae
640 2292 701 2312 tuae
713 2285 782 2312 mihi
796 2286 864 2320 apud
877 2293 902 2312 te
916 2287 1015 2313 dicenti
1033 2287 1183 2314 oboriatur.
1269 2288 1328 2314 Lux

262 2322 361 2349 oborta
375 2322 454 2349 micat
490 2321 536 2348 Sil.
551 2330 585 2354 17,
598 2327 653 2354 481.
761 2321 825 2348 Nox
838 2321 935 2349 oborta
948 2323 985 2349 cst
1008 2324 1097 2350 Scnec.
1112 2325 1193 2350 Herc.
1206 2322 1261 2352 fur.
1273 2329 1329 2356 823.

262 2358 408 2385 Tenebrae
422 2357 533 2384 obortae
547 2357 605 2383 sunt
616 2356 699 2383 oculis
722 2357 804 2384 Ouid.
820 2358 885 2384 Met.
898 2368 920 2392 2,
941 2365 987 2388 131.

467 1179 549 1205 Sicuti
566 1189 625 1207 vera
642 1178 805 1213 interceffioni
822 1180 986 1215 obtemperare
1005 1180 1165 1214 neceffirium
1187 1179 1339 1214 censebatur,

1237 1908 1246 1924 1
1267 1908 1330 1924 Ut'ru

261 2432 318 2463 586.
390 2429 480 2457 Sidera
492 2428 589 2456 oborta
616 2428 678 2455 Stat.
691 2428 784 2456 Theb.
798 2435 822 2460 8,
836 2438 872 2462 32.
943 2431 988 2457 Sol
1002 2431 1084 2457 radiis
1096 2438 1195 2458 terram
1209 2430 1327 2458 dimouit

262 2465 367 2494 obortis
394 2466 498 2492 Lucret.
513 2466 538 2497 6,
552 2466 610 2498 869.

299 2508 343 2529 ΟΒ
353 2508 372 2528 O
382 2508 401 2528 R
412 2507 435 2528 Τ
446 2507 508 2533 VS,
537 2501 580 2526 vel
603 2507 622 2527 ο
633 2507 648 2527 Β
659 2506 707 2527 011
717 2507 730 2526 s
740 2507 761 2526 v
773 2507 786 2528 s
796 2521 804 2534 ,
831 2499 870 2528 sis.
906 2511 942 2529 m.
980 2502 1085 2529 Luci-et.
1107 2511 1135 2536 4,
1156 2508 1195 2533 2¹8
1234 2503 1327 2539 Perpe-

262 2542 364 2572 tuoque
379 2538 459 2564 fluant
472 2536 551 2563 certis
571 2535 604 2563 ab
624 2536 702 2563 rebus
716 2537 824 2563 obortu.
881 2538 922 2565 Sic
938 2538 1048 2574 restituit
1068 2539 1216 2574 Lambinus,
1253 2549 1326 2574 quum

261 2581 338 2599 antea
357 2574 497 2608 legeretur,
540 2571 580 2598 Ab
606 2572 685 2599 rebus
710 2572 808 2600 odores
822 2593 831 2606 ,
863 2575 941 2609 plane
963 2575 1080 2611 mendose.

263 2608 385 2636 Tertull.
400 2609 432 2635 de
445 2608 539 2635 Anima
556 2617 577 2634 c.
591 2617 626 2640 37.

302 2650 322 2670 0
335 2652 349 2672 B
358 2651 377 2671 o
387 2652 399 2671 s
409 2651 425 2671 C
435 2643 480 2670 171.
492 2650 513 2671 0
525 2651 542 2670 R
552 2665 561 2676 ‚
580 2645 629 2670 ari.
651 2644 717 2679 Dep.
750 2644 856 2671 Petron.
865 2647 937 2673 c.126
956 2646 1082 2673 Viderint
1095 2652 1242 2682 matronae,
1256 2656 1324 2683 quae

264 2680 431 2715 flagellorum
452 2679 560 2714 vestigia
572 2680 770 2707 obosculantur.

302 2723 424 2744 Ossosc
436 2723 515 2742 VLA
527 2722 575 2743 13v
588 2723 705 2749 Nnvs,
725 2725 755 2748 a,
789 2726 844 2744 11111.
881 2717 958 2753 Apul.
973 2719 1050 2754 Apol.
1063 2727 1079 2745 2
1094 2729 1120 2754 p.
1137 2728 1187 2747 220
1208 2719 1284 2747 Flens
1298 2725 1325 2747 et

263 2761 356 2780 manus
378 2752 478 2780 nostras
492 2751 722 2780 obosculabundus
731 2773 741 2786 ,
761 2760 809 2780 etc.

691 2828 720 2859 O
795 2827 818 2859 B
892 2828 915 2859 P

300 2903 449 2924 OBPALL
461 2903 480 2924 E
493 2903 531 2933 ο,
550 2901 602 2925 e're.
618 2897 641 2932 s.
662 2904 683 2926 o
698 2904 714 2925 B
725 2905 741 2925 Ρ
752 2904 851 2925 ALLE
863 2904 877 2926 S
891 2903 909 2926 C
922 2904 943 2927 0
954 2919 963 2932 ‚
983 2899 1037 2926 Ere.
1066 2898 1178 2934 Stupore
1192 2898 1323 2935 obpalluit

263 2932 386 2961 Prudent.
403 2933 491 2959 Perist.
507 2943 514 2959 1
529 2933 561 2960 de
575 2934 712 2968 Calagurr.
727 2944 750 2960 v.
765 2943 804 2968 9²·

299 2975 319 2995 Ο
328 2976 344 2996 Β
352 2975 367 2995 P
377 2975 394 2995 R
405 2975 425 2996 O
434 2975 450 2996 B
458 2975 476 2995 R
487 2976 506 2995 o
514 2989 523 3001 ‚
539 2973 593 2995 ἓτε-
630 2970 760 2997 Probrum
773 2970 901 2998 obiicere.
937 2971 1026 2998 Festus
1034 2991 1042 3004 ,
1059 2972 1113 2998 vid.
1128 2978 1147 2999 O
1156 2978 1170 2997 P
1180 2977 1195 2997 P
1204 2978 1223 2998 R
1231 2978 1251 3000 O
1260 2978 1286 2999 Β.

300 3011 320 3031 o
330 3011 347 3032 Β
355 3011 370 3031 Ρ
379 3011 399 3031 ν
410 3011 432 3031 V
440 3011 451 3031 1
460 3011 483 3033 Δ
495 3012 534 3036 Τ,
553 3004 691 3033 Verberat.
727 3008 749 3033 A
762 3006 896 3042 pauiendo
913 3006 932 3034 i.
945 3006 1079 3034 feriendo.
1117 3007 1215 3035 Festus.

665 3079 694 3110 Ο
783 3081 805 3111 Β
886 3082 915 3114 R

1283 604 1341 631 Cic.
1356 610 1385 629 1ο

1202 784 1275 812 Idem
1288 785 1340 810 Att.
1358 790 1382 813 ις

903 1503 972 1529 Suet.
986 1502 1070 1538 Calig.
1085 1512 1106 1529 c.
1122 1511 1151 1535 23
1172 1503 1221 1530 Ille
1235 1503 1337 1530 antido·
1352 1509 1378 1532 35

1340 2048 1373 2069 50
1388 2047 1427 2070 ες,
1443 2049 1462 2070 3.
1481 2048 1512 2065 vt
1525 2047 1609 2073 nempe
1623 2039 1701 2072 ipsum
1715 2048 1808 2072 quoque
1827 2040 1932 2066 Robur.
1951 2049 1977 2067 v.
1992 2049 2018 2066 v.

1387 2323 1497 2351 alterius
1513 2324 1661 2350 sermonem
1676 2323 1784 2349 moleste
1798 2322 1938 2358 impedire.

1388 2360 1423 2396 est
1460 2359 1599 2394 Obrogare
1627 2359 1680 2395 legi
1724 2359 1909 2394 [ἂντωσφίςαν]
1946 2358 1976 2384 id
1992 2357 2038 2394 est,

302 2399 323 2421 0
334 2401 405 2422 BOR
416 2401 438 2420 T
451 2399 473 2419 v
484 2399 497 2419 S
508 2413 516 2425 ,
540 2401 570 2428 a,
591 2402 646 2419 um.
685 2393 779 2419 Par-tic.
816 2394 907 2421 Motus
924 2400 1011 2421 terrae
1030 2394 1141 2422 obortus
1173 2395 1279 2422 Lucret.
1301 2397 1326 2429 6,
1340 2394 1376 2420 60
1386 2395 1477 2431 causa,
1497 2397 1572 2431 legem
1586 2396 1665 2422 aliam
1673 2396 1762 2429 firi-es
1798 2397 1894 2421 Contra
1909 2404 2016 2429 rogare,
2035 2401 2159 2430 opponere.

1386 2431 1468 2466 Quod
1482 2441 1529 2467 per
1542 2432 1628 2466 legem
1643 2431 1766 2459 Clodiam
1779 2430 1967 2466 promulgare,
1998 2429 2146 2465 abrogare,
2168 2429 2297 2465 derogare
2307 2450 2316 2462 ‚
2335 2429 2457 2466 obroga-'

1385 2477 1415 2495 re
1430 2468 1486 2495 sine.
1495 2467 1589 2495 fraude
1604 2469 1647 2494 sua
1661 2477 1716 2494 non
1730 2467 1815 2495 liceat.

1387 2504 1535 2539 obrogatur
1549 2504 1651 2538 legibus
1665 2503 1792 2536 Caesaris,
1804 2511 1871 2537 quae
1882 2502 1976 2529 iubent
1989 2502 2026 2533 ei,
2037 2503 2084 2537 qui
2099 2502 2131 2529 de
2145 2502 2189 2536 vi,
2209 2508 2328 2537 itemque
2345 2510 2378 2536 et,
2397 2503 2445 2538 qui

1386 2541 1527 2567 maiestatis
1541 2540 1678 2567 damnatus
1692 2540 1738 2573 sit,
1757 2548 1826 2574 aqua
1843 2545 1868 2565 et
1880 2538 1937 2574 igni
1952 2538 2095 2565 interdici?
2133 2539 2174 2564 Sic
2185 2538 2248 2564 rei‘Ye
2260 2548 2273 2564 e
2288 2540 2364 2566 MSS.
2371 2538 2441 2566 Grut.

1206 2574 1326 2602 Oborsus
1342 2577 1372 2607 65
1382 2583 1429 2613 pro
1442 2577 1603 2612 Abrogatur.
1641 2578 1710 2602 Add.
1724 2576 1794 2602 Suet.
1808 2575 1902 2602 Claud.
1916 2584 1937 2601 c.
1950 2583 1989 2606 23.
2026 2575 2098 2601 Flor.
2112 2584 2134 2607 3,
2148 2583 2180 2607 ις,
2196 2583 2219 2605 4.
2235 2581 2259 2600 et
2273 2581 2311 2610 17,
2325 2580 2348 2605 8.
2381 2573 2439 2602 Liu.

1387 2623 1412 2647 9,
1426 2622 1462 2645 34.
1500 2613 1572 2646 (lanf.
1588 2618 1635 2640 AB
1644 2619 1662 2639 R
1673 2618 1693 2639 0
1703 2618 1762 2640 Go.

1380 2834 1448 2863 pere.
1528 2827 1614 2852 Varro
1627 2825 1659 2852 de
1673 2826 1702 2852 R.
1718 2826 1749 2851 R.
1763 2835 1784 2858 3,
1799 2834 1837 2858 10,
1851 2835 1862 2855 ς

1383 2862 1556 2896 cupiditatem
1568 2863 1642 2897 saepe
1657 2862 1685 2888 111
1701 2860 1845 2896 pascendo,
1872 2860 1890 2888 11
1907 2860 2023 2887 radicem
2038 2861 2208 2895 prenderint,
2233 2870 2313 2896 quam
2331 2860 2445 2888 educere

1384 2899 1468 2926 velint
1485 2907 1499 2924 e
1514 2904 1600 2931 terra,
1625 2898 1792 2932 obrumpunt
1805 2897 1920 2930 collum,
1953 2899 1993 2923 De
2005 2897 2150 2932 Anseribus.

1339 2938 1368 2963 75
1385 2936 1433 2962 Sed
1445 2933 1617 2968 Obrumpunt
1633 2935 1734 2967 melius,
1755 2934 1866 2969 agnoscit
1880 2932 1951 2969 Gesn.
1965 2936 1993 2958 in
2007 2934 2107 2966 Indice,
2133 2936 2177 2968 qui
2189 2934 2265 2959 etiam
2280 2933 2340 2960 Pali.
2350 2943 2368 2967 t,
2382 2942 2419 2967 19,
2433 2942 2443 2960 1

1383 2982 1414 2998 ex
1432 2972 1464 2998 M
1470 2972 1520 2997 SS.
1539 2970 1665 3006 praefert.
2424 2968 2430 2974 ⁸

1384 3007 1434 3034 rnis
1446 3006 1519 3042 poslit
1532 3006 1657 3041 obrntnpi
1671 3013 1716 3040 pro
1731 3007 1802 3041 vulg.
1816 3005 1949 3041 abrumpi.

1384 3051 1423 3070 tus
1436 3053 1466 3069 ex
1482 3044 1558 3069 MSS.
1571 3043 1640 3068 dedit
1661 3043 1761 3069 Rerum
1776 3042 1912 3069 diuersitas
1927 3042 2012 3068 aciem
2026 3041 2186 3068 intentionis
2197 3041 2343 3076 obrumpit.
2367 3042 2445 3068 Nem-

1381 3087 1412 3116 pe
1423 3080 1450 3105 in
1464 3080 1502 3105 his
1515 3080 1574 3105 locis
1586 3078 1721 3113 abrumpit
1734 3079 1838 3106 nimium
1850 3077 1896 3113 eſjb
1907 3079 2019 3104 videtur.
2056 3079 2088 3103 Er
2101 3078 2212 3113 alioquin
2225 3077 2269 3104 Ob
2280 3085 2304 3103 et
2317 3076 2358 3104 Ab
2368 3076 2444 3119 [aege

1810 192 2034 234 OBR
2384 208 2456 246 520

1400 286 1478 317 quam
1493 283 1623 319 pueritiae
1635 282 1808 311 adolescentia
1820 282 1943 318 obrepit?
2031 283 2087 311 Cic.
2107 285 2160 312 Att.
2179 286 2206 316 6,
2226 294 2237 318 3
2254 283 2376 320 Obrepfit
2391 284 2457 319 dies,

1401 323 1430 344 vt
1444 319 1532 346 vides:
1569 320 1636 347 mihi
1651 320 1723 346 enim
1743 318 1775 345 ad
1796 319 1906 345 tertium
1928 318 2034 346 Calend.
2047 321 2157 348 Sextiles
2176 321 2208 347 de
2226 321 2365 356 prouincia
2385 321 2458 348 dece-

1401 353 1518 382 dendum
1529 356 1574 382 est.
1611 356 1683 389 Conf.
1703 357 1794 382 quen.
1812 355 1861 381 Sat.
1877 363 1902 391 9,
1916 363 1964 388 129.
1987 356 2082 382 Auson.
2097 357 2172 392 Epig.
2187 366 2218 390 ¹3,
2231 366 2251 389 3.
2343 357 2457 392 Obrepit

1402 389 1508 429 obliuio
1537 392 1626 419 Senec.
1642 392 1673 418 de
1687 391 1778 418 Benef.
1791 399 1813 424 3,
1828 401 1845 418 1.
1954 391 2010 417 Cic.
2025 391 2057 418 de
2070 392 2161 419 Diuin.
2177 403 2198 423 2,
2215 402 2253 427 ¹39
2282 391 2380 419 Nullae
2392 401 2457 427 ergo

1402 425 1530 457 imagines
1543 426 1673 462 obrepunt
1687 428 1715 453 in
1730 428 1833 453 animos
1847 426 2039 453 dormientium
2054 428 2223 455 extrinsecus.
2318 427 2392 454 Vitia
2410 437 2457 454 no-

1401 460 1443 487 bis
1456 460 1503 487 sub
1517 461 1646 489 virtutum
1660 463 1771 490 nomine
1785 463 1917 498 obrepunt
1938 463 1996 489 Sen.
2009 463 2089 497 Epist.
2102 473 2138 495 45.

1400 497 1466 530 lere,
1505 497 1528 522 h.
1541 506 1562 523 e.
1582 498 1711 526 Incautum
1724 501 1838 534 aggredi.
1912 498 2016 533 leian.
2029 499 2057 525 in
2071 499 2088 526 l.
2101 499 2310 528 Carbonianum.
2336 500 2359 533 §.
2374 498 2458 527 Pube-

1401 532 1435 559 ri.
1475 532 1506 558 D.
1521 531 1552 558 de
1571 532 1686 560 Cal-bon.
1705 535 1810 569 edieto,
1851 534 1899 562 Sed
1914 533 1931 560 si
1949 543 2032 569 quum
2045 535 2104 561 esset
2118 535 2215 570 pubes,
2252 535 2321 571 quasi
2336 534 2458 571 impubes

1401 568 1564 603 obrepserit,
1593 567 1781 605 bonorumque
1795 571 1972 606 poss'eslionem
1985 571 2130 605 acceperit,
2163 571 2304 599 dicendum
2323 572 2374 600 erit
2388 570 2457 598 nihil

1401 613 1463 630 eum
1475 604 1560 639 egisse.
1650 603 1786 640 Obrepere
1805 607 1901 638 alicui,
1940 606 2034 633 Fallere
2047 607 2123 634 etiam
2160 607 2241 635 Plaut.
2254 608 2339 635 Trin.
2353 617 2371 641 1,
2384 616 2407 641 2,
2422 616 2456 639 23.

1402 640 1542 675 Obrepere
1555 639 1587 666 ad
1602 639 1780 674 magistratum
1793 642 1906 676 dicitur,
1930 644 1973 677 qui
1982 642 2059 678 falsa
2065 643 2147 679 specie
2160 645 2203 669 vel
2214 644 2348 678 probitatis
2359 644 2403 669 vel
2419 644 2458 669 al·
2497 647 2509 673 ¹,

1400 677 1479 702 terius
1489 675 1656 711 praestantiae
1668 675 1836 711 magistratum
1847 680 2001 716 adipiscitur.
2092 679 2148 705 Cic.
2161 678 2190 705 in
2205 679 2290 707 l'ison.
2305 689 2313 705 1
2335 678 2458 714 Obrepsi-

1400 712 1432 738 sti
1446 711 1479 738 ad
1499 711 1616 738 honores
1635 719 1729 737 errore
1748 711 1903 750 hominum,
1931 714 2164 742 commendatione
2182 715 2347 742 fumosarum
2367 715 2460 749 imagi·
2494 726 2495 729 ¹

1400 758 1480 774 num:
1519 757 1632 781 quarum
1647 746 1730 774 ssmile
1745 747 1825 774 habes
1840 748 1908 777 nihil
1921 758 2024 786 praeter
2036 751 2166 778 colorem.

1400 785 1489 811 leritas
1516 784 1584 811 Gell.
1598 793 1628 816 11,
1644 790 1676 813 18.

1438 827 1458 847 0
1468 827 1483 847 Β
1492 827 1511 846 R
1523 826 1541 847 Ε
1552 826 1567 846 Ρ
1580 826 1601 847 Τ
1614 826 1634 846 o
1644 840 1652 853 ,
1678 823 1731 846 are.
1752 819 1894 854 Frequent.
1932 822 2148 858 [παρεςπύζομαι]
2185 822 2267 850 Plaut.
2282 823 2350 850 Pers.
2359 830 2379 854 1,
2392 831 2417 857 2,
2430 831 2458 854 25

1401 857 1553 891 Opertaene
1567 856 1683 888 fuerint,
1703 864 1736 881 ne
1751 855 1810 889 quis
1825 855 2015 890 obreptauerit.

1440 898 1629 919 OBREPTI
1643 898 1680 925 o,
1716 892 1786 918 onis.
1821 892 1841 918 f.

1402 928 1509 963 leian.
1525 928 1554 954 in
1568 928 1585 955 1.
1601 928 1650 955 Sed
1664 928 1682 954 11
1695 927 1751 954 hac.
1787 926 1810 964 §.
1824 928 1976 955 Patronum.
2013 929 2052 955 De
2067 929 2099 957 de
2116 930 2145 957 in
2159 930 2199 956 inu
2212 929 2350 963 vocando,
2369 930 2459 956 Patro-

1401 974 1467 991 num
1480 971 1569 991 autem
1581 964 1741 998 accipinum,
1765 963 1864 991 etiamsi
1878 964 1962 998 capite
1975 963 2092 991 minutus
2106 966 2151 999 111,
2176 966 2218 993 vel
2234 966 2251 992 11
2266 965 2377 992 libertus
2390 965 2460 1001 capi-

1402 1006 1427 1027 te
1440 998 1558 1027 minutus
1572 1000 1601 1027 111
1616 1000 1679 1026 dum
1692 1006 1833 1034 arrogetur
1847 1009 1894 1034 per
1913 1000 2109 1035 obreptionem.
2147 1010 2228 1035 quum
2246 1003 2317 1028 enim
2337 1001 2388 1028 hoc
2401 1001 2460 1037 ipso

1402 1036 1474 1070 quod
1487 1042 1644 1071 arrogatur,
1672 1037 1736 1063 celat
1751 1036 1935 1063 conditionem
1948 1037 2018 1062 suam
2028 1057 2036 1069 ‚
2065 1046 2119 1062 non
2132 1036 2160 1063 id
2171 1037 2260 1065 36111111
2273 1037 2394 1068 videtur,
2430 1043 2459 1065 vt

1402 1072 1479 1099 fieret
1493 1072 1632 1107 ingenuus.
1653 1074 1724 1098 Aald.
1738 1072 1809 1098 Paul.
1824 1073 1879 1098 lCt.
1890 1072 1906 1099 l.
1918 1082 1948 1106 4‘)
1964 1073 1996 1099 D.
2009 1072 2041 1098 de
2055 1071 2118 1099 bon.
2131 1072 2252 1100 libertor.
2273 1074 2345 1108 Conf.
2354 1072 2459 1101 Arnob.

1401 1119 1413 1140 5
1426 1118 1451 1144 p.
1461 1111 1509 1135 162.
1524 1116 1547 1134 et
1560 1108 1683 1135 Frontin.
1699 1109 1774 1134 Strat.
1790 1117 1813 1141 2,
1826 1118 1839 1138 ς
1852 1117 1954 1142 exemp.
1969 1111 2006 1141 36.
2452 1114 2454 1117 ’

1438 1151 1457 1171 o
1467 1151 1482 1172 B
1493 1152 1511 1171 R
1521 1151 1536 1170 E
1546 1151 1592 1171 PT
1603 1151 1610 1170 1
1622 1151 1639 1171 c
1654 1151 1695 1171 ιν
1706 1151 1735 1176 s,
1762 1153 1791 1177 a,
1815 1153 1870 1171 um.
1904 1144 1965 1171 Adi.
2004 1143 2105 1175 fallax,
2135 1151 2182 1179 per
2193 1143 2327 1178 fallaciam
2342 1146 2460 1180 impetra-

1398 1189 1449 1208 tus.
1488 1180 1541 1208 Sub
1554 1181 1646 1207 colore
1661 1179 1842 1215 adipiscendae
1854 1180 2014 1215 possessionis
2034 1179 2180 1215 obrepticia
2199 1180 2295 1215 petitio
2315 1180 2392 1208 alteri
2411 1180 2460 1208 ob-

1398 1217 1448 1243 esse
1461 1226 1515 1243 non
1530 1216 1607 1243 debet
1620 1219 1705 1252 Impp.
1719 1217 1826 1243 Honor.
1843 1223 1869 1243 et
1883 1216 2023 1243 Theodos.
2039 1216 2105 1244 Cod.
2119 1216 2208 1243 lustin.
2223 1226 2243 1249 3,
2257 1220 2283 1249 6,
2297 1226 2317 1249 3.

1435 1260 1455 1280 o
1465 1260 1481 1280 Β
1490 1260 1509 1280 R
1520 1260 1536 1279 E
1546 1260 1590 1280 PT
1601 1260 1608 1279 1
1620 1259 1637 1280 c
1650 1261 1658 1279 1
1670 1260 1696 1280 r.
1740 1252 1808 1279 Adn.
1844 1253 1956 1289 Prosper
1971 1252 2062 1287 Aquit.
2079 1252 2112 1279 de
2124 1252 2240 1287 promisi:
2256 1259 2281 1280 et
2299 1252 2426 1288 praedict.
2438 1261 2462 1285 3,

1398 1295 1427 1321 38
1445 1296 1484 1324 ap.
1498 1290 1585 1316 Barth.
1600 1291 1635 1315 ad
1647 1289 1730 1316 Rutil.
1745 1297 1764 1322 1,
1776 1297 1831 1321 305.

1437 1331 1456 1351 ο
1469 1331 1485 1352 Β
1496 1332 1515 1352 R
1525 1332 1540 1351 13
1550 1331 1565 1351 Ρ
1577 1331 1599 1351 Τ
1610 1326 1624 1352 f
1634 1332 1655 1350 ν
1667 1332 1687 1351 ν
1698 1332 1711 1352 s
1720 1343 1729 1356 ‚
1749 1334 1772 1357 a,
1792 1334 1847 1352 nm.
1866 1324 1927 1351 Adi.
1949 1326 2017 1351 Idem
2030 1325 2097 1360 quod
2108 1324 2289 1360 Obrepticius.
2310 1323 2462 1360 Obreptiua

1398 1361 1556 1396 supplicatio
1579 1361 1727 1392 Symmach.
1740 1361 1820 1395 Epist.
1836 1370 1859 1394 5,
1871 1363 1913 1387 66.

1435 1404 1455 1424 o
1467 1404 1482 1424 B
1492 1404 1510 1423 R
1520 1403 1536 1423 Ε
1545 1405 1560 1424 1·
1572 1403 1594 1423 Τ
1605 1399 1643 1422 iv
1655 1402 1683 1422 Ε.
1711 1396 1779 1422 Adu.
1806 1397 1823 1422 l.
1837 1407 1849 1427 4
1862 1404 1929 1423 extr.
1942 1396 2011 1423 Cod.
2024 1395 2135 1424 Theod.
2148 1396 2181 1424 de
2194 1395 2260 1423 Fide
2272 1395 2376 1424 Cathol.
2402 1395 2460 1429 Qui

1396 1440 1488 1460 contra
1510 1433 1576 1473 hanc
1596 1431 1795 1468 dispositionem
1815 1432 1931 1459 nostram
1948 1432 2091 1467 obreptiue
2110 1439 2155 1459 aut
2175 1432 2296 1460 clanculo
2315 1432 2462 1468 supplicare

1395 1475 1565 1496 tentauertnt.

1435 1511 1455 1531 o
1468 1511 1485 1531 Β
1496 1512 1514 1531 R
1526 1507 1543 1531 f:
1557 1510 1579 1532 'r
1593 1512 1601 1531 1
1614 1510 1633 1530 o
1643 1522 1651 1535 ‚
1679 1505 1729 1530 ire.
1767 1503 1923 1538 [awynvrbn]
1961 1503 2017 1530 Reti
2028 1504 2136 1539 aliquem
2154 1504 2324 1538 circumdare,
2360 1510 2406 1531 aut
2420 1505 2461 1531 ob-

1396 1540 1465 1566 vium
1478 1544 1527 1566 rati
1541 1540 1661 1575 excipere.
1734 1539 1840 1566 Lucret.
1855 1549 1875 1572 3,
1890 1545 1931 1571 385
1967 1539 2064 1574 Neque
2076 1540 2166 1567 aranei
2180 1540 2268 1567 tenuia
2281 1540 2327 1567 fila
2368 1539 2461 1568 Obuia

1394 1576 1539 1608 sentimus,
1560 1575 1667 1610 quando
1680 1575 1833 1602 obretimur
1847 1582 1947 1602 euntes.

1434 1619 1453 1639 o
1467 1611 1646 1644 ansero,
1666 1611 1706 1645 ui,
1723 1616 1777 1638 ere.
1795 1611 1820 1646 s.
1839 1616 2048 1639 ormense
2061 1617 2098 1646 0,
2112 1613 2164 1639 ere.
2184 1611 2349 1647 [πήγνυμαι]
2372 1599 2460 1639 Torum

1397 1648 1496 1682 frigore
1510 1649 1624 1674 contrahi
1631 1669 1639 1682 ,
1651 1655 1688 1688 'et
1701 1648 1775 1682 quast
1782 1647 1953 1688 indurescere,
1980 1655 2004 1673 et
2016 1649 2128 1683 rigidum
2142 1649 2204 1681 fieri.
2278 1649 2333 1676 Οἱς.
2349 1647 2382 1675 de
2394 1649 2459 1676 Nat.

841 1683 898 1710 Cic.
912 1682 991 1711 Acad.
1005 1694 1024 1717 1,
1041 1692 1062 1711 11
1083 1684 1126 1712 Ne
1141 1684 1335 1717 obolescerent,
1345 1688 1379 1712 40
1395 1678 1478 1711 Debr.
1493 1694 1512 1719 1,
1526 1694 1553 1717 24
1576 1685 1658 1718 Atqui
1675 1690 1761 1711 terrae
1774 1692 1902 1710 maximas
1916 1684 2040 1718 regiones
2054 1683 2241 1712 inhabitabiles
2255 1690 2335 1718 atque
2348 1683 2459 1718 inculta!

1394 1720 1534 1753 videmus,
1555 1720 1628 1754 quod
1644 1729 1702 1754 pars
1718 1729 1809 1746 earum
1823 1720 1932 1754 appulsu
1946 1720 2007 1747 solis
2020 1720 2161 1752 exarserit;
2183 1729 2241 1754 pars
2256 1719 2406 1755 obriguerit
2419 1720 2459 1747 ni-

1393 1764 1427 1782 ve
1445 1756 1593 1790 pruinaque
1614 1755 1764 1789 longinquo
1784 1755 1846 1781 solis
1865 1755 1985 1783 abscessu.

1394 1791 1527 1826 Obrigere
1540 1791 1652 1825 pruinis.

1391 1827 1470 1862 Epist.
1486 1833 1515 1857 82
1526 1834 1568 1862 pr.

659 1857 777 1894 [ἔβαλες]
826 1860 927 1892 Vltima
945 1861 983 1888 est
1001 1870 1146 1888 numorum
1165 1861 1330 1904 significatio,
1344 1870 1375 1894 45
1391 1863 1459 1899 apud
1473 1864 1546 1890 Non.
1560 1871 1582 1896 2,
1597 1871 1639 1895 ²¹9
1661 1862 1721 1888 Pars
1735 1860 1878 1894 obrigescit
1890 1860 2002 1895 frigore.

2094 1756 2168 1783 Idem
2182 1757 2271 1783 Somn.
2286 1757 2355 1792 Scip.
2372 1765 2396 1788 15
2408 1766 2429 1783 c.
2442 1758 2459 1784 6

1726 1791 1805 1824 Apul.
1820 1790 1921 1816 Florid.
1935 1792 1983 1817 Ille
1996 1791 2085 1817 anima
2098 1792 2168 1818 edita
2184 1792 2347 1826 obriguerat.
2398 1793 2458 1820 Sen.

1642 1825 1717 1858 Quid
1731 1827 1814 1859 ergo?
1834 1825 1897 1851 viro
1912 1834 1967 1851 non
1978 1825 2020 1852 vel
2035 1825 2201 1860 obrigescere
2209 1828 2289 1854 satius
2302 1828 2355 1857 est?
2370 1828 2471 1857 Lucil.-

1427 1904 1616 1930 onntzA,
1649 1898 1937 1924 vltl.OBRVSSA.
2496 1919 2498 1924 f

1428 1941 1640 1967 OBRIZVM,
1659 1938 1945 1966 onssizATVS,
1972 1938 2246 1968 OBR121ACVS,
2267 1933 2456 1962 vinzonRr-

1387 1978 1473 2005 ZVS‚
1497 1980 1529 2003 a,
1551 1979 1606 1997 um.

1426 2014 1445 2033 0
1454 2014 1470 2033 B
1482 2013 1502 2033 R
1513 2014 1532 2033 o
1542 2013 1558 2033 Β
1570 2012 1591 2032 o
1603 2011 1623 2032 R
1634 2011 1656 2031 A
1667 2011 1690 2034 'r
1700 2011 1710 2030 1
1719 2010 1739 2031 ο
1748 2027 1757 2040 ,
1786 2005 1855 2031 anis.
1877 2004 1895 2031 f.
1933 2004 2046 2032 Morbus.
2102 2006 2195 2040 Veget.
2209 2004 2241 2032 de
2254 2013 2283 2032 re
2297 2004 2417 2033 Veterin.
2429 2014 2453 2041 3,

2368 2062 2445 2105 Plaut-

1429 2079 1449 2099 ο
1460 2080 1475 2099 Β
1485 2080 1503 2099 R
1512 2075 1532 2100 ὁ
1541 2079 1561 2099 1>
1572 2079 1592 2097 0
1601 2092 1610 2104 ,
2117 2077 2313 2103 Circumrodere.

1650 2071 1668 2097 fi
1677 2090 1685 2103 ‚
1717 2073 1773 2097 sum
1780 2092 1789 2103 ,
1815 2075 1869 2099 ὅτε.
1906 2075 2082 2111 [mgna-enimn]

1388 2108 1484 2142 Amph.
1501 2116 1523 2141 2,
1540 2117 1563 2140 2,
1575 2115 1605 2141 92
1643 2108 1680 2132 Vt
1693 2106 1766 2140 quod
1780 2106 1896 2134 obrodat
1915 2108 1961 2141 sit,
1998 2111 2089 2138 animo
2106 2112 2126 2138 11
2144 2113 2212 2139 male
2225 2113 2275 2139 esse
2293 2112 2448 2147 occoeperit.

1387 2143 1508 2172 Tertull.
1521 2142 1582 2170 adu.
1596 2143 1680 2169 Marc.
1696 2151 1719 2175 2,
1736 2142 1768 2172 5.¹

1427 2181 1625 2212 0131&st
1644 2187 1674 2211 a,
1692 2187 1746 2204 um.
1784 2178 1880 2206 Partic.
1902 2180 2077 2216 Circumrosus.
2114 2181 2182 2210 Plin.
2200 2191 2236 2216 37,
2255 2191 2268 2210 2
2295 2182 2399 2211 Potauit
2417 2189 2450 2210 ex

1272 2216 1328 2242 Bel-
1345 2220 1374 2243 55
1388 2225 1421 2242 eo
1435 2221 1494 2277 alnte
1509 2215 1659 2276 boshannos
1673 2213 1827 2242 Consularis
1847 2214 1884 2242 ob
1902 2224 2023 2244 amorem
2040 2216 2140 2246 obroso
2158 2219 2216 2246 eius
2226 2219 2355 2254 mar-gine.
2409 2220 2450 2246 De

1384 2259 1443 2288 posu
1456 2261 1467 2278 ο
1480 2261 1553 2278 murr
1571 2260 1620 2277 mo.

1425 2293 1472 2315 on
1484 2286 1606 2319 R(3G0‚
1633 2290 1687 2314 are.
1723 2286 1883 2321 [παρενείρων]
1920 2286 2025 2321 Festus,
2046 2288 2202 2323 Obrogare,
2221 2290 2350 2324 obloqui,
2369 2288 2453 2325 atque

1993 2324 2044 2348 Sed
2059 2325 2135 2350 multo
2151 2326 2242 2350 certius
2253 2331 2279 2350 et
2286 2326 2450 2360 frequentius

2080 2360 2154 2395 Legis
2170 2361 2265 2395 prioris
2283 2361 2449 2395 infirmandae

2254 2395 2311 2422 Cic.
2319 2396 2375 2422 Att.
2389 2405 2412 2429 3,
2423 2405 2447 2423 12

1905 2466 1978 2493 Idem
1992 2466 2106 2501 Philipp.
2121 2476 2140 2499 1,
2153 2475 2178 2498 23
2191 2475 2244 2507 ‘29
2267 2466 2446 2508 (with-quod

1423 2655 1444 2676 0
1454 2655 1470 2676 Β
1480 2656 1498 2676 R
1508 2655 1527 2675 o
1537 2655 1557 2675 o
1569 2655 1593 2675 A
1604 2652 1672 2675 110
1682 2669 1690 2682 ,
1717 2647 1787 2675 onis.
1816 2645 1837 2674 f.
1879 2644 1956 2673 Au&
1968 2644 2001 2672 ad
2015 2645 2135 2672 Herenn.
2149 2653 2162 2672 2
2177 2654 2198 2672 c.
2210 2654 2247 2674 ιο,

1423 2691 1627 2717 OBRosvs,
1655 2685 1901 2711 vid.OBROD0.
2334 2707 2337 2713 ¹

1423 2727 1443 2747 ο
1456 2727 1471 2747 13
1480 2728 1499 2746 R
1513 2726 1533 2744 ν
1543 2726 1560 2745 c
1569 2725 1590 2745 T
1599 2727 1619 2747 0
1628 2738 1636 2750 ,
1661 2724 1714 2745 are.
1751 2717 1829 2752 Apul.
1848 2717 1924 2751 Apol.
1944 2725 1971 2751 p.
1983 2725 2020 2749 3¹2
2044 2716 2232 2744 Animaduerti
2245 2716 2306 2745 satis
2319 2715 2447 2745 notabili-

1338 2763 1370 2787 70
1384 2761 1424 2782 ter
1438 2757 1465 2782 in
1480 2754 1570 2782 medio
1584 2755 1648 2781 foro
1660 2754 1710 2780 tibi
1723 2752 1919 2780 obruc’tantern.

1420 2799 1440 2819 Ο
1449 2797 1465 2818 Β
1475 2798 1494 2818 R
1502 2798 1523 2816 V
1534 2797 1557 2816 Μ
1566 2797 1581 2816 Ρ
1592 2797 1628 2823 ο,
1649 2790 1721 2823 rupi,
1742 2796 1866 2824 ruptum,
1886 2790 1941 2815 bre.
1979 2787 2188 2825 [καταρῤιῖγνυμι]
2224 2790 2291 2815 Idem
2303 2790 2369 2824 quod
2373 2790 2447 2815 Rumae

1890 2826 1953 2858 Qio
1973 2824 2175 2859 temperandum
2194 2825 2243 2858 iis,
2271 2826 2318 2859 qui
2335 2830 2446 2860 propter

2206 2899 2252 2924 At.
2266 2897 2446 2932 Abrumpunt.

1780 2969 1979 2997 Prouidcndum
2002 2968 2145 2996 ssruCiurae
2163 2969 2319 3005 diligentia,
2354 2977 2389 2996 ne
2407 2977 2446 2996 rt.

2038 3006 2121 3031 Etiam
2134 3005 2203 3032 Flor.
2220 3005 2288 3039 prol.
2304 3015 2321 3038 1,
2335 3014 2347 3037 3
2372 3005 2445 3031 Vine-

1337 3123 1370 3148 80
1383 3115 1481 3151 miscent
1497 3115 1610 3141 librarii.

298 3156 319 3175 0
330 3155 372 3175 BR
383 3146 405 3176 A‘
415 3155 434 3175 D
444 3156 453 3175 1
464 3154 484 3175 o
494 3169 502 3182 ‚
520 3151 574 3176 are.
610 3148 700 3176 Isidor.
716 3152 751 3182 16,
766 3158 790 3182 17
813 3150 965 3183 Obrydium
985 3153 1037 3185 (al.
1051 3152 1203 3186 Obrysum)
1227 3161 1323 3181 aurum

264 3184 365 3212 1116111111
375 3205 382 3217 ,
404 3185 476 3219 quod
494 3184 616 3212 obradiet
629 3184 776 3220 splendore.

300 3228 344 3248 os
354 3227 373 3246 R
386 3228 407 3247 A
417 3222 494 3247 vcpi
504 3227 526 3247 Τ
536 3228 556 3247 ν
566 3228 579 3248 s
589 3242 597 3254 ‚
623 3230 653 3254 a,
673 3230 726 3248 um.
763 3220 825 3247 Adi.
869 3221 976 3248 Solinus
991 3232 1012 3249 c.
1030 3232 1052 3255 ις
1073 3224 1129 3257 (10)
1151 3224 1183 3251 de
1202 3225 1324 3259 gruibus.

264 3257 374 3318 >70¹atd's
388 3256 514 3283 desidiam
527 3257 641 3292 castigat,
661 3266 778 3292 voceque
791 3257 862 3292 cogit
875 3266 976 3291 agmen.
1013 3259 1048 3284 Ea
1062 3259 1108 3286 vbi
1123 3260 1264 3289 obraucata
1278 3261 1324 3298 est,

277 3301 337 3318 uccc
360 3293 379 3318 it
395 3292 455 3319 alia.

302 3335 310 3352 t
314 3336 321 3351 )
329 3335 345 3355 Β
355 3335 372 3354 R
383 3335 399 3354 E
409 3335 431 3354 N
440 3335 459 3354 D
467 3334 488 3354 A
498 3334 518 3354 R
527 3334 537 3353 1
548 3334 570 3354 V
584 3334 611 3355 Μ
622 3348 630 3361 ,
654 3327 674 3354 1.
702 3337 728 3355 n.
766 3329 841 3355 Locus
852 3329 880 3355 in
891 3329 1030 3364 pauimento
1044 3331 1079 3354 ad
1090 3331 1213 3357 obruenda
1226 3335 1326 3359 cadaue.

266 3373 297 3388 ra
311 3363 417 3390 relir'lus.
450 3365 504 3390 de.
519 3364 628 3391 fabren.
642 3364 763 3398 inscript.
780 3374 804 3399 p.
818 3374 850 3393 ις.
887 3367 961 3400 Saepe
974 3365 1050 3390 etiam
1063 3368 1090 3390 in
1106 3366 1325 3401 inscriptionibus

266 3399 382 3432 leguntur
391 3419 398 3431 ‚
429 3400 495 3425 Vasa
511 3398 672 3426 obrendaria
681 3421 689 3433 ,
709 3409 771 3434 qaue
783 3401 850 3425 nihil
859 3401 979 3426 videntur
992 3400 1046 3435 effi),
1066 3411 1140 3435 quam
1155 3412 1217 3437 quae
1226 3404 1325 3431 fmilia

261 3433 417 3469 sara-upbagn
431 3443 558 3460 vocamur.
595 3435 714 3470 Inscript.
729 3435 796 3470 apud
813 3437 920 3463 Gruter.
934 3445 958 3471 p.
972 3437 1029 3467 607.

1383 3188 1499 3214 eiusmodi
1512 3188 1596 3219 rebus,
1622 3196 1685 3221 quae
1698 3187 1784 3221 versus
1796 3193 1842 3212 aut
1856 3187 1883 3211 in
1896 3186 1997 3220 ahquid
2007 3186 2051 3211 rui
2061 3192 2084 3210 et
2097 3194 2187 3210 monem
2198 3183 2305 3245 {offane

1384 3223 1415 3250 de
1427 3222 1528 3250 Sene&
1543 3231 1565 3249 21
1581 3232 1602 3249 c.
1617 3232 1629 3254 7
1656 3223 1713 3249 Nec
1727 3231 1794 3249 vero
1807 3230 1958 3255 quenquam
1976 3222 2065 3248 senum
2078 3219 2170 3246 audiui
2185 3228 2201 3246 o

1383 3259 1533 3287 thesaurum
1547 3258 1682 3285 obruisset.

1341 3303 1370 3333 ες
1386 3295 1441 3329 Qvi
1455 3295 1526 3329 sciet,
1540 3294 1587 3321 vbi
1601 3294 1721 3328 quidque
1735 3294 1847 3329 positum
1862 3293 1901 3325 sit,
1916 3301 2020 3327 quaque
2034 3301 2066 3318 eo
2081 3292 2180 3325 veniat,
2201 3292 2224 3318 is
2233 3293 2324 3323 etiam,
2343 3291 2362 3318 fi
2375 3290 2442 3327 quid
2470 3323 2471 3326 Ἴ

1384 3332 1510 3359 obrutum
1525 3330 1586 3363 erit,
1599 3331 1698 3365 poterit
1713 3339 1814 3357 eruere.

1384 3368 1462 3395 Nilus
1475 3367 1581 3401 irrigat:
1616 3373 1641 3393 et
1655 3376 1736 3401 quum
1751 3372 1804 3392 tota
1817 3364 1909 3391 aestate
1923 3363 2049 3391 obrutum
2063 3365 2249 3399 oppletamque
2262 3364 2363 3397 tenuit,
2382 3369 2441 3390 tum

1384 3403 1497 3433 recedit.
1522 3410 1566 3428 etc.

1385 3439 1511 3467 laudanda
1522 3438 1595 3471 sunt,
1620 3438 1711 3465 obruit
1736 3437 1808 3464 Idcm
1822 3436 1855 3464 de
1870 3438 1944 3463 Orat.
1958 3446 1964 3463 1
1980 3446 2002 3463 c.
2018 3446 2054 3466 25.

1417 3158 1438 3178 0
1447 3157 1462 3177 B
1471 3158 1489 3177 R
1501 3157 1523 3177 V
1534 3157 1554 3178 o
1563 3171 1571 3184 ,
1590 3150 1634 3184 111,
1656 3151 1733 3177 iitum
1743 3171 1751 3183 ,
1771 3151 1826 3177 ere.
1864 3150 2017 3185 [καταχεῦαι]
2054 3149 2174 3184 operire,
2184 3147 2292 3190 ⁴proprie
2304 3154 2443 3211 arenae-et

2408 3192 2442 3210 ic.

2222 3215 2300 3246 litum
2314 3228 2368 3253 quo
2382 3220 2444 3246 loco

1739 3258 1863 3285 Obrucre
1875 3265 1899 3282 et
1911 3257 2019 3289 Emere,
2032 3256 2168 3283 contraria.
2206 3256 2262 3282 Cic.
2271 3255 2302 3285 de
2309 3255 2368 3282 Fin.
2377 3265 2404 3289 4,
2413 3264 2443 3282 ιο
2474 3276 2476 3278 v

1885 3327 1959 3355 Idem
1975 3328 2007 3355 de
2020 3328 2083 3355 Nat.
2097 3328 2177 3355 Deor.
2192 3338 2215 3361 2,
2229 3338 2270 3360 ¹30
2290 3328 2442 3363 Aegyptum

1639 3401 1777 3437 Quidquid
1789 3401 1840 3432 est,
1860 3400 1888 3426 in
1902 3409 1956 3434 quo
1969 3400 2115 3427 offenditur
2122 3400 2184 3464 ,Idid
2196 3399 2351 3467 egfsspngllg,
2372 3408 2440 3467 arxe

2158 3446 2199 3462 em
2261 3455 2267 3462 .
2293 3456 2300 3467 ,
2428 3451 2439 3458 .

305 3475 324 3495 O
335 3475 350 3495 B
361 3475 379 3494 R
390 3471 429 3496 Et>
440 3478 458 3495 (1
469 3490 476 3503 ,
497 3470 547 3503 psi,
568 3478 658 3504 ptum,
676 3474 730 3499 ere.
767 3472 944 3506 [noeesqaebgm
970 3471 1122 3507 ὖπὶρχομαι]
1160 3472 1207 3508 est,
1238 3482 1268 3500 vt
1286 3476 1323 3501 ait
1336 3485 1370 3510 90
1383 3477 1458 3504 filum
1470 3475 1598 3510 quendam
1612 3474 1769 3505 suadentem,
1789 3480 1815 3499 vt
1836 3472 1863 3499 in
1883 3472 1949 3499 vrbe
1971 3477 2124 3505 manerent,
2160 3473 2326 3505 Xerxemque
2340 3470 2439 3511 recipe-

268 3505 394 3540 Budaeus,
414 3507 531 3531 Latentcr
545 3508 677 3541 progredi,
696 3515 719 3533 et
727 3506 858 3540 fallaciter
870 3508 953 3534 adire.
1000 3508 1113 3534 'Ia-artum
1133 3511 1163 3534 ab
1176 3510 1324 3537 animalibus

264 3540 365 3576 pedibus
378 3541 534 3574 carentibus,
559 3543 713 3578 quaegreſjt'a
727 3544 802 3569 tacito
811 3543 986 3578 gradiuntur,
1010 3552 1039 3569 vt
1055 3544 1182 3578 [εν-[ωηατ
1200 3546 1267 3570 humi
1286 3557 1323 3572 re-

264 3581 349 3610 pentes
359 3575 447 3609 solent.
539 3577 620 3603 Plaut.
633 3579 716 3605 Trin.
730 3588 757 3612 4,
772 3588 793 3611 2,
808 3587 843 3611 ¹32
863 3579 954 3606 Nimis
968 3586 1058 3614 argute
1072 3580 1206 3614 obrepsisti
1224 3583 1324 3617 meapse

267 3610 453 3638 occasiuncula.
537 3613 711 3641 Inscientibus
726 3614 803 3641 nobis
818 3620 842 3641 et
855 3615 1026 3642 coenantibus
1040 3615 1146 3649 obrepit
1183 3616 1238 3643 Cic.
1253 3618 1321 3645 Fam.

268 3649 304 3679 16,
318 3655 339 3672 21
365 3649 394 3672 de
409 3647 508 3682 hospitis
516 3648 649 3681 familiari
662 3658 686 3676 et
700 3651 827 3685 improusffh
840 3651 939 3686 acc-effic.

267 3690 325 3722 tur,
344 3683 569 3718 quidquidsensum
577 3684 664 3718 fallit,
702 3694 731 3711 vt
743 3708 750 3720 ,
775 3686 889 3721 Obrepit
902 3687 984 3714 fames
1020 3687 1100 3714 Plaut.
1116 3688 1194 3714 Poen.
1209 3689 1275 3723 prol.
1291 3699 1323 3722 ¹4·

267 3720 299 3745 R!
312 3726 338 3742 m
352 3718 496 3758 vuiueffum
510 3720 538 3744 de
552 3721 653 3746 occultis
665 3722 797 3755 dolafisque
809 3723 975 3748 molitionibus
987 3724 1134 3748 adhibetur:
1165 3724 1219 3749 vid.
1234 3726 1321 3752 Barth.

267 3754 303 3778 ad
315 3753 397 3779 Ruttl.
414 3755 475 3793 ltin.
490 3763 496 3778 1
512 3763 537 3779 ν.
553 3763 606 3787 305.
660 3757 788 3791 leianus
804 3758 830 3783 111
846 3758 863 3784 l.
901 3758 926 3785 Si
940 3758 1082 3785 fideinss'or.
1099 3768 1167 3785 com.
1180 3760 1203 3792 §.
1217 3760 1242 3786 Si
1262 3770 1321 3787 cum

269 3788 301 3815 D.
320 3788 437 3815 Mandati
452 3789 493 3815 vel
507 3796 597 3815 contra
607 3810 614 3823 ‚
639 3791 754 3819 Debitor
767 3793 838 3819 euim
852 3793 943 3821 debuit
958 3802 1053 3822 notum
1068 3795 1153 3821 facere
1168 3795 1322 3831 fideiussori,

1383 3519 1459 3545 rent,
1477 3510 1605 3546 lapidibus
1620 3510 1777 3536 obruerunt.
1809 3509 1864 3535 Vicl.
1879 3510 1954 3536 Curt.
1969 3518 1990 3544 3,
2004 3519 2028 3540 a,
2043 3518 2070 3536 u.
2097 3516 2122 3534 et
2136 3511 2161 3541 6,
2175 3518 2204 3541 11,
2216 3514 2253 3539 38.

1384 3550 1493 3575 fratrem
1508 3545 1599 3573 obruit
1636 3547 1697 3572 Stat.
1719 3544 1811 3572 Theb.
1827 3555 1854 3578 u,
1869 3554 1916 3577 573.

1384 3584 1493 3611 Gladios
1506 3582 1597 3610 obruit
1617 3582 1685 3616 Nep.
1701 3590 1736 3614 14,
1751 3590 1783 3616 11,
1798 3590 1819 3608 2.

1383 3631 1405 3651 ς,
1418 3630 1439 3647 2.
1523 3618 1645 3646 Numero
1661 3617 1804 3643 obruimur
1829 3617 1904 3651 Virg.
1919 3619 1985 3644 Aen.
1999 3626 2021 3648 2,
2034 3627 2085 3650 424.

984 3653 1072 3684 Nempe
1087 3652 1241 3686 Obrepere,
1261 3654 1321 3679 dici.
1329 3663 1361 3688 95
1384 3667 1405 3689 ρ,
1421 3666 1467 3688 ⁴¹¹·

1383 3692 1448 3719 Fast.
1462 3701 1481 3724 1,
1496 3699 1545 3724 377.

1384 3727 1499 3755 Procetta
1514 3726 1605 3752 obruit
1619 3726 1693 3752 viros
1727 3725 1809 3752 Ouid.
1829 3726 1894 3752 Fast.
1916 3735 1933 3758 1,
1946 3732 1998 3757 ,187-

1383 3764 1447 3790 fei-is
1463 3762 1563 3790 vmbris
1590 3762 1693 3788 Luci-et.
1709 3764 1736 3794 6,
1750 3765 1803 3795 864.

1383 3800 1456 3826 mina
1469 3798 1581 3825 obruere
1596 3799 1695 3823 versata
1708 3804 1777 3824 terra
1807 3797 1888 3824 Ouid.
1908 3798 1984 3824 Rem.
1999 3797 2091 3821 Amor.
2106 3801 2151 3828 ¹7³-

2348 3509 2438 3534 Armis

2015 3544 2207 3580 Compluribus
2220 3543 2284 3569 locis
2299 3543 2437 3579 separatim
2456 3545 2457 3548 ’
2470 3573 2474 3577 ‚

1912 3580 2030 3608 Niuibus
2045 3581 2171 3613 obrutus,
2191 3579 2347 3614 pruinisque
2375 3579 2437 3606 Liu.
2488 3582 2493 3587 '

2178 3615 2258 3642 Telis
2284 3616 2356 3642 Idem
2370 3614 2437 3642 ibid.

1538 3654 1593 3681 Sale
1607 3653 1722 3680 obruere
1748 3654 1816 3680 Plin-
1830 3663 1855 3686 9,
1869 3664 1905 3685 ὃς,
1976 3653 2093 3680 Tellure
2107 3660 2201 3685 corpus
2217 3651 2332 3678 obruere
2352 3650 2436 3678 Ouid.

1641 3689 1774 3716 Vetustate
1788 3690 1930 3723 obrutum,
1955 3689 1997 3716 vel
2011 3689 2058 3716 situ
2071 3686 2204 3715 vetustatis
2235 3687 2300 3714 Pliu.
2316 3697 2344 3720 11,
2357 3696 2380 3720 17
2393 3694 2436 3721 pr.

2069 3723 2131 3749 Nox
2148 3729 2244 3748 terram
2258 3722 2350 3750 obruit
2365 3722 2436 3750 rori-

1875 3761 1995 3788 Obrutus
2008 3760 2035 3785 in
2047 3764 2116 3785 terra
2140 3759 2207 3785 Cato
2219 3768 2241 3785 c.
2254 3767 2302 3791 ¹4²-
2392 3754 2435 3785 Se:

2249 3796 2307 3821 Oua
2320 3794 2435 3822 obruere

268 3825 322 3850 iam
336 3825 360 3850 se
373 3824 488 3850 soluisse:
526 3833 559 3850 ne
574 3826 645 3852 forte
664 3828 778 3854 creditor
800 3829 927 3869 obrepat,
959 3837 984 3857 et
1000 3831 1178 3865 ignorantiam
1197 3831 1253 3857 eius
1274 3832 1523 3862 cir-iootestudines
1537 3840 1562 3860 et
1574 3833 1740 3866 crocodilos,
1770 3843 1851 3867 quum
1866 3833 1893 3859 in
1909 3840 1979 3859 terra
1992 3836 2095 3865 partum
2108 3829 2256 3864 ediderint,
2283 3830 2378 3858 deinde
2397 3829 2435 3856 di-

268 3859 435 3893 cumueniat‚
460 3866 485 3885 et
503 3861 616 3887 excutiat
628 3861 653 3887 ei
667 3863 810 3895 summam,
835 3873 862 3890 111
876 3875 955 3900 quam
970 3866 1098 3893 fideiullit.
1208 3867 1323 3901 Obrcpit

270 3905 341 3922 mors
368 3895 448 3936 Plaut.
463 3895 552 3922 Pseud.
565 3905 587 3928 2,
602 3906 622 3928 3,
638 3907 671 3936 19.
778 3899 843 3926 Ρ1111.
859 3901 936 3934 Epist.
950 3913 972 3936 7,
986 3912 1004 3936 4
1030 3902 1099 3929 Dein
1115 3912 1196 3936 quum
1209 3904 1321 3931 meridie

268 3937 341 3963 (erat
354 3940 426 3958 emm
438 3930 534 3961 aestas)
556 3931 720 3959 dormiturus
735 3943 777 3960 me
791 3935 955 3969 receptisem,
989 3948 1036 3966 nec
1052 3938 1192 3972 obreperet
1205 3939 1321 3973 somnus,

267 3974 312 4028 Pte.
386 3968 454 3994 Hor.
468 3966 500 3993 de
512 3967 575 3992 Arte
589 3968 658 3994 Ροὲῐ.
676 3972 720 3997 ³60
745 3970 845 3996 Verum
859 3979 940 4006 opere
955 3974 982 4000 in
997 3975 1077 4008 longo
1090 3975 1128 4000 fas
1142 3974 1177 4000 est
1190 3974 1319 4007 obrepere

278 4011 398 4029 omnum.

1383 3871 1485 3897 scedere
1500 3870 1588 3897 aiunt:

1383 3907 1465 3933 Deor.
1478 3916 1500 3939 2,
1516 3914 1564 3939 ¹29·

1382 3942 1414 3968 da
1427 3942 1513 3969 vultus
1527 3950 1599 3967 meos
1612 3941 1704 3969 obruit
1731 3941 1812 3969 Ouid.
1825 3941 1877 3967 Tr.
1893 3950 1911 3973 1,
1922 3949 1944 3971 2,
1958 3947 1994 3969 34-
2449 3970 2455 3977 ο

1382 3978 1438 4005 Cic.
1452 3986 1502 4014 pro
1516 3976 1603 4003 Deiot.
1618 3980 1650 4004 26
1688 3978 1734 4004 Ait
1753 3977 1800 4004 hac
1821 3976 1919 4003 laetitia
1933 3973 2088 4000 Deiotarum
2103 3973 2216 4007 elatum,
2237 3973 2303 4000 vino
2317 3974 2341 4000 se
2353 3973 2432 4000 obru-

478 4002 533 4030 Cic.
549 4002 580 4029 de
592 4003 693 4031 Seneca.
707 4013 719 4037 ς
746 4006 799 4039 Qu
813 4007 884 4033 enim
899 4008 976 4035 citius
989 4009 1178 4037 adolescentiae
1191 4010 1440 4048 seneeius‚105tss*e‚
1471 4013 1500 4040 in
1521 4013 1705 4048 conuiuioque
1724 4013 1826 4040 nudum
1843 4009 1977 4038 saltauitl‘e.

1625 3871 1658 3896 ita
1680 3870 1819 3896 nascuntur
1837 3875 1862 3895 ct
1881 3868 2024 3895 educantur
2038 3866 2090 3899 ipsa
2104 3875 2150 3899 per
2169 3866 2220 3893 sese
2257 3867 2311 3894 Cic.
2326 3865 2358 3893 de
2372 3866 2434 3893 Nat.

1638 3906 1809 3932 Thesaurum
1822 3905 1938 3931 obruere
1958 3902 2031 3930 Idem
2045 3901 2076 3928 de
2093 3902 2195 3929 sene&
2209 3911 2229 3929 21
2246 3912 2267 3930 c.
2284 3912 2307 3935 7.
2378 3902 2433 3928 Vn-

2193 3936 2214 3976 q
2232 3946 2247 3964 2
2291 3938 2432 3973 Metapbor.

2083 4009 2139 4043 Qui
2152 4009 2272 4045 corporis
2286 4018 2347 4037 cura
2359 4016 2431 4036 men-

2379 4051 2430 4071 tem

2228 464 2382 499 Obrcpere,
2400 465 2457 490 Fal·
2498 489 2501 492 ,

2249 750 2405 786 Obrependi
2419 759 2459 777 ce·
2498 758 2501 761 ·

1883 893 2058 928 [τιςὲςπυσις]
2101 896 2191 922 Latens
2217 901 2240 920 et
2257 892 2345 928 fallax
2368 894 2458 922 aditio.
2502 922 2504 924 ,
