2517 4231
44 183 135 242 857,
435 176 467 217 P
561 176 597 218 E
682 175 787 251 ’ξ’
1560 174 1589 216 Ρ
1678 174 1712 215 E
1801 178 1844 218 Τ
2151 193 2222 236 853

49 267 107 302 Cic.
121 265 205 294 Tusc.
219 275 244 299 2,
259 271 287 300 38
324 266 349 295 0
363 265 511 301 Patrocles,
529 266 633 303 inquit.
651 265 684 294 ad
698 274 752 306 vos·
764 263 908 306 adu-eniens
922 262 1063 307 Auitilium
1076 269 1103 291 et
1167 261 1240 304 Saxis
1254 267 1331 297 petor
1343 272 1358 291 a
1372 263 1473 299 populo
1491 263 1576 305 Ouid.
1586 264 1617 306 de
1631 265 1710 292 Nuce
1723 274 1739 293 α.
1750 272 1774 292 et
1788 274 1842 307 ιη.
1909 267 1988 296 Telis
2000 277 2088 306 petere
2101 274 2222 310 aliquem

50 303 147 331 vestras
167 312 258 331 manus
277 308 347 338 peto.
369 304 406 330 Ex
419 304 505 330 Poeta.
579 302 797 330 Beneuolentiam
811 299 925 333 iudicis,
945 300 997 327 vid.
1020 301 1103 327 Bcne-
1168 300 1228 326 Liu.
1242 306 1286 332 24,
1324 319 1330 325 .
1369 320 1375 326 .
1444 300 1524 327 Telis
1536 301 1678 336 sacrilegae
1692 310 1734 328 me
1747 310 1848 337 petiere
1861 310 1952 330 manus
1965 308 2119 336 Ouid.l—'ast.
2129 320 2150 345 3,
2158 320 2223 347 700.

0 363 1 368 ,
48 339 185 372 volentia,
203 343 231 366 in
251 346 363 366 BONVS.
434 339 518 366 Ouid.
534 340 649 374 Met43,
662 346 707 371 552
736 336 819 364 Vadit
835 336 867 363 ad
887 336 1016 364 artificem
1031 336 1106 364 dirae
1169 334 1264 361 Vultus
1285 335 1397 361 alicuius
1412 342 1502 370 petere
1515 337 1648 372 vnguibus
1667 339 1735 366 Hor.
1753 337 1834 373 Epod.
1848 344 1871 371 ς,
1885 346 1927 372 93.
1999 342 2055 368 Cic.
2070 354 2118 377 pm
2133 347 2220 381 Ligu,

49 374 248 410 Polymnestora
279 375 382 406 caedis,
418 375 650 411 Colloquiumque
681 372 757 408 petit.
846 373 1018 400 Commissum
1039 372 1104 400 fidei
1169 380 1191 398 c.
1206 379 1218 403 3
1237 370 1311 403 Qiid
1328 371 1400 411 enini
1415 372 1533 413 Tubero
1553 380 1614 400 tuus
1635 374 1681 402 ille
1695 374 1830 401 districtus
1850 374 1880 401 in
1892 373 1950 401 acic
1965 375 2109 405 Pharsalica
2121 383 2224 415 gladiu-

50 410 183 445 Qiinclil.
197 419 221 443 3,
235 412 260 437 6.
334 411 491 445 Congreffiis
505 411 620 440 alieuius
643 409 720 443 Virg.
735 409 800 435 Aen.
814 416 835 442 5,
850 416 905 444 733.
976 409 1033 436 Cic.
1049 409 1103 435 Att.
1125 409 1140 437 5
1170 406 1280 441 agebat?
1301 415 1376 433 cuius
1398 408 1465 434 latus
1486 408 1532 436 ille
1552 419 1648 437 mucro
1668 410 1793 445 petebat?
1861 410 1937 438 Bello
1955 417 2044 446 petere
2064 416 2156 443 vrbem
2176 419 2224 445 ali-

10 441 34 482 ie
49 453 77 482 75
89 455 119 478 21
149 446 235 473 Nullo
250 446 333 474 modo
346 447 456 482 quidem
470 456 486 474 a
503 453 530 475 te
542 452 628 482 petam
641 444 809 479 Coniilium,
829 451 857 471 vt
871 445 951 472 soleo.
1025 445 1106 471 Dicin
1170 451 1249 477 quani
1274 441 1350 482 Virg.
1365 443 1430 470 Aen.
1450 453 1471 477 3,
1491 447 1550 477 ⁶03·
1620 446 1763 474 Blanditiis
1786 455 1930 474 nouercam
1958 448 2090 481 Quinctil.
2128 471 2133 476 .
2171 473 2178 479 .
2217 475 2224 481 ,

0 479 33 516 'aa‘
48 486 140 518 Petere
159 482 299 517 colloquio
326 483 384 510 Liu.
400 486 444 516 26,
458 491 495 518 17.
565 481 686 508 Exilium
705 481 803 507 Lucan.
817 489 839 513 3,
856 490 899 508 ιιι.
973 481 1106 519 Fauor-em
1169 479 1260 518 Petere
1274 478 1408 513 aliquem,
1430 480 1540 520 Insidias
1559 481 1598 508 illi
1616 484 1713 510 tendere
1734 483 1790 510 Cic.
1803 483 1875 511 Fam.
1890 491 1928 515 ιο,
1941 491 1980 515 23.
2052 485 2168 519 Epistola
2183 498 2226 515 ino

6 517 209 556 ,vkpropenfiim
229 519 307 553 petiit
328 528 395 546 voce
414 518 528 546 sollicita
546 517 630 549 Ouid.
643 517 710 544 Met.
733 525 770 550 14,
787 519 850 551 706.
922 516 1015 544 Fidem
1035 523 1106 552 pacis
1169 519 1284 549 petiuit,
1305 514 1336 540 ad
1349 520 1374 541 tc
1388 524 1511 543 cominus
1525 516 1624 544 accellit
1638 519 1695 545 Cic.
1708 520 1762 546 Ait.
1780 528 1802 553 2,
1816 528 1840 547 2..
1897 519 2001 546 Fraude
2015 519 2133 556 aliquem
2152 524 2228 559 Virg,

6 580 8 582 .
50 554 182 590 petiitque
203 554 332 591 deditque
358 555 432 582 Idem
452 556 517 582 Met.
535 561 564 586 3,
583 557 633 583 ι28.
714 553 808 580 Finem
830 559 933 581 eertum
957 559 1023 580 voto
1047 557 1107 586 pete
1170 551 1236 577 Aen.
1250 559 1278 582 4,
1292 552 1350 584 675.
1424 552 1525 578 Fraude
1539 560 1628 588 petere
1640 554 1682 581 vel
1697 555 1799 582 iniidiis
1812 555 1931 590 aliquem
1944 556 2005 583 Liu.
2020 565 2066 591 40,
2083 565 2119 590 55.
2186 560 2228 586 In-

50 590 120 618 Hor.
133 590 214 624 Epist.
230 599 250 623 1,
265 599 290 623 2,
305 594 344 624 56.
417 590 536 619 Gratiam
560 589 635 616 Caes.
649 589 678 615 B.
694 589 726 616 G.
742 597 765 622 ς,
780 597 818 622 ςς.
891 588 1048 625 Hospitium
1068 596 1108 614 re·
1122 597 1152 616 ιο
1171 585 1242 627 sidiis
1252 592 1344 626 perci-e
1359 586 1442 613 vitani
1456 589 1569 615 alicuius
1589 590 1655 616 l’lin.
1668 598 1694 625 7,
1706 599 1749 625 43.
1821 592 1980 620 Latrocinio
1999 592 2083 620 vitain
2103 594 2230 622 innocen·

51 625 199 662 quiemque
218 635 282 661 pcto
301 627 383 655 Ouid·
398 627 463 654 Met,
476 635 512 663 '4'
527 627 587 658 641,
659 626 775 652 Mortem
795 624 950 652 ardentiore
963 623 1052 651 studio
1066 632 1110 658 pe·
1171 623 1264 662 tissimt
1281 631 1426 662 cuiusque,
1447 623 1582 650 bonorum
1598 625 1764 654 insidiatores
1785 633 1878 662 petunt
1896 627 1974 655 Auci.
1988 628 2021 655 ad
2034 626 2134 657 Heren'.
2149 640 2176 664 4,
2191 639 2230 663 23.

49 669 122 693 tere,
136 671 217 697 quam
238 664 367 697 Epicurus
388 662 560 696 Voluptatem
580 661 718 696 petendam
738 667 811 696 putat
837 661 893 687 Cic.
908 661 940 688 de
957 660 1014 687 Fin.
1029 669 1054 692 2,
1068 662 1108 686 61.
1171 658 1312 685 Veiicticio
1325 658 1443 692 aliquem
1459 666 1548 693 petere
1565 660 1638 687 Ideni
1652 662 1720 689 ibid.
1737 673 1764 697 4,
1779 672 1815 695 23.
1872 665 1949 699 Virg.
1964 665 2030 691 Aen.
2044 673 2071 699 9,
2087 671 2127 696 ωε
2155 667 2231 694 Tro.

18 697 28 701 “
50 698 178 725 Mutuum
192 705 282 734 petere
295 699 384 726 Plaut.
398 698 476 725 Cure.
493 705 513 730 i,
528 705 548 729 ι,
563 700 602 727 68.
674 697 731 724 Cic.
745 697 828 724 Tusc.
846 704 868 729 ς,
882 704 896 729 5
925 697 964 723 Ad
978 703 1003 723 te
1015 695 1110 723 confu-
1172 694 1248 721 ianos
1274 693 1338 720 haec
1359 693 1601 756 monui-algerum.
1621 700 1640 723 ι’.
1661 700 1750 725 mulum
1767 699 1819 725 illis
1830 700 2003 734 portendunt,
2026 708 2049 728 ee
2070 704 2138 729 velut
2150 705 2233 729 inii-n.

5 748 11 754 ο
51 733 150 768 gimus,
168 743 183 762 a
195 741 222 762 te
234 736 321 770 Opem
334 733 464 769 petimus:
480 733 533 760 tibi
545 742 601 764 nos,
609 739 637 760 vt
651 740 727 760 antea
741 740 835 767 magna
849 740 881 758 ex
895 738 978 766 parte,
993 731 1025 759 fic
1039 740 1109 758 nunc
1172 730 1250 763 diuzi,
1271 732 1410 756 minantur.

1517 739 1557 757 eni
1573 733 1638 758 Aen.
1658 740 1681 766 ς,
1695 737 1745 761 226
1778 736 1866 768 Quem
1887 737 1967 770 petit,
1981 742 2007 763 et
2028 738 2137 765 summis
2157 740 2232 766 anni-

26 784 30 787 .
51 770 173 805 penitus,
188 776 313 806 totosque
331 769 470 797 tradimus.
541 769 596 796 Cic.
612 769 644 796 dc
658 769 752 796 Diuin.
768 778 786 799 i,
800 773 828 798 88
857 768 1051 802 Amphiaraum
1065 776 1110 794 au-
1126 767 1153 795 15
1172 775 1220 794 xus
1231 765 1338 792 viribus
1353 772 1445 801 vrget‚
1463 765 1492 792 de
1505 768 1694 804 nauigantibus.
1768 772 1798 797 bt
1814 771 1879 797 Aen.
1894 775 1919 802 6,
1934 781 1978 805 395
2005 773 2169 802 Tartareum
2184 775 2233 802 ille

51 812 106 832 tem
118 805 152 833 fic
165 806 310 834 honorauit
324 805 396 831 fama
407 805 551 838 Graeciae,
572 805 636 832 deus
650 811 686 835 vi:⁴
697 804 855 835 haberetur,
868 809 948 838 atque
964 809 992 830 vt
1006 803 1039 830 ab
1052 804 1110 830 eius
1171 811 1252 829 manu
1272 800 1407 843 custodem
1424 802 1455 843 in
1477 803 1565 843 vincla
1583 804 1694 838 petiuit:
1714 805 1806 840 inuasit
1826 810 1955 833 vinciendi
1974 809 2056 845 caiisa.
2129 812 2159 838 ln
2172 812 2232 839 vin.

52 841 122 875 solo,
136 843 165 869 iii
185 851 241 877 quo
257 841 293 868 est
312 840 453 875 humatus,
471 841 585 869 Oracula
601 846 765 880 peterentur.
835 840 927 866 Pacem
941 838 1012 874 pallis
1027 839 1111 879 marii-
1172 839 1231 866 cula
1244 838 1362 872 aliquem
1377 844 1431 873 peti
1447 839 1580 882 Qiineiil.
1595 848 1622 875 7,
1636 849 1657 866 2.
1857 839 1878 879 ff
1898 850 1917 883 ’ζ
1953 845 1989 870 Ex
2004 847 2050 872 iila
2064 845 2234 884 signficmw.

51 876 116 909 bus,
130 883 156 904 et
167 877 321 916 suppligyiter
337 878 409 905 Caes.
424 877 489 904 Bell.
498 878 567 904 Gall.
582 887 605 909 2,
617 886 650 910 13.
670 875 745 912 Conf.
759 875 796 902 ib·
813 883 832 906 1,
845 883 887 909 27·
959 876 1111 901 Prsseuuum
1172 884 1201 902 m
1210 895 1218 907 ‚
1231 883 1279 911 qua
1293 881 1384 909 petere
1397 872 1430 907 ‹3st
1443 884 1530 902 conari
1539 896 1547 908 ‚
1558 883 1661 912 tangere
1675 877 1715 904 ve!
1725 879 1883 913 contingere,
1892 882 1956 914 Jimt
1968 887 1991 906 ee
2004 880 2069 915 ilia,
2081 883 2124 909 vbi
2132 890 2180 920 per
2192 894 2232 911 ac.

12 909 35 949 '2
51 913 125 940 Caes.
141 914 204 940 Bell.
214 913 297 941 Ciuil.
312 923 335 945 2,
349 922 388 946 32.
459 913 619 941 Praesidium
634 912 667 940 ab
680 912 774 947 aliquo
788 911 844 938 Cic.
858 910 970 951 QFrat.
985 919 1010 943 2,
1026 918 1060 943 ις.
1079 914 1110 937 it.
1172 911 1255 940 cedere
1268 910 1342 939 reddi
1355 917 1378 938 et
1394 912 1517 946 explicari
1524 909 1615 947 potist.
1655 913 1744 939 Petere
1760 912 1848 939 locum
1863 915 1979 949 aliquem
1989 936 1997 948 ‚
2011 918 2149 955 proficisci,
2175 920 2232 948 eie,

12 963 41 982 ,aa
51 949 85 976 de
94 949 165 976 Fato
178 959 200 976 c.
214 958 240 982 9.
314 948 475 977 Praclidium
489 949 697 984 laesae-petitote
710 948 814 983 puellae
826 946 909 974 Ouid.
925 947 959 973 de
973 948 1036 973 Arte
1051 947 1111 973 Am.
1124 951 1159 970 20
1174 947 1228 974 Off.
1242 957 1265 980 3,
1281 954 1312 980 50
1327 955 1349 972 c.
1367 955 1393 972 12.
1411 982 1414 987 Ι
1431 947 1522 974 Naues
1544 948 1650 976 onustas
1665 954 1781 983 petentes
1798 949 1921 977 Rhodum
1939 952 2052 986 viderit,
2066 962 2112 981 etc.
2184 957 2232 983 Ac.

8 974 76 1050 Q,
89 993 148 1020 207.
221 986 353 1021 Requiem
374 986 498 1026 exiguam
517 986 584 1021 petit
605 984 677 1012 Idem
697 985 762 1012 Met.
776 992 804 1018 4,
820 985 877 1013 628.
950 983 1082 1018 Responsa
1097 992 1112 1009 a
1174 984 1269 1009 cessiiin
1282 988 1372 1017 petere
1386 982 1446 1008 Liu.
1462 991 1506 1016 29,
1520 992 1563 1019 27.
1635 985 1760 1019 Aequora
1780 986 1867 1020 campi
1883 988 1980 1021 raptim
1995 991 2062 1023 petit
2088 992 2193 1019 Lucret.
2210 1001 2234 1028 3,

21 1051 26 1059 ι

31 1038 34 1041 Δ
69 1029 102 1047 eo
115 1021 184 1049 Ptin.
198 1030 235 1055 31,
249 1031 275 1049 2.
347 1021 509 1057 Sanguinem
521 1028 548 1048 et
567 1021 652 1048 vitani
667 1020 780 1048 alicuius
793 1019 851 1046 Cis.
867 1028 915 1053 pro
929 1019 1005 1046 Rosc.
1021 1019 1111 1045 Amer.
1175 1027 1238 1059 io15.
1295 1018 1356 1045 Liu.
1373 1027 1411 1051 25,
1432 1039 1438 1045 .
1460 1039 1465 1045 .
1503 1020 1587 1046 Cuius
1600 1020 1686 1055 prima
1699 1020 1777 1047 clallis
1791 1028 1879 1056 petere
1893 1024 1976 1051 altum
1991 1025 2046 1052 visa
2058 1026 2108 1059 est,
2127 1036 2182 1062 quo
2196 1028 2234 1055 fa.

29 1054 104 1090 (ὶςο.
179 1057 304 1093 Tempus
324 1058 402 1085 inane
415 1063 483 1098 *peto
513 1057 589 1092 Virg.
604 1058 668 1083 Aen.
682 1066 709 1091 4,
724 1064 781 1096 4333
854 1056 920 1096 Plin.
942 1061 984 1088 28,
1003 1064 1022 1088 4
1059 1056 1112 1081 Ve-
1174 1055 1252 1081 cilius
1266 1055 1401 1089 superaret
1415 1056 1642 1089 promontorium.
1679 1057 1770 1083 Altum
1780 1058 1885 1085 flamma
1900 1061 1966 1093 petit
1980 1061 2060 1088 Ouid.
2072 1063 2231 1098 Fast.1,1o9.

4 1106 6 1110 ·
49 1091 126 1120 niam
141 1102 252 1129 quoquc
265 1103 280 1122 a
292 1093 348 1122 deis
368 1095 423 1129 spei
437 1093 549 1120 alicuius
562 1093 713 1119 audacioris
728 1098 842 1127 petimus
852 1112 860 1124 ‚
881 1100 909 1118 in
923 1091 1007 1118 sinum
1019 1091 1111 1126 spuen-
1176 1093 1289 1118 Antrum
1306 1090 1424 1117 immane
1437 1091 1503 1126 petit
1524 1093 1600 1128 Virg.
1615 1093 1680 1119 Aen.
1696 1095 1719 1124 6,
1734 1101 1764 1120 ιι.
1859 1095 1953 1122 Arcem
1975 1098 2102 1125 summani
2117 1101 2183 1134 petit
2195 1109 2235 1128 ar—

51 1127 98 1156 do.
170 1130 284 1157 Veniam
304 1135 395 1166 petere
406 1135 432 1156 et
445 1129 507 1156 dare
526 1128 638 1156 viciffim
657 1130 727 1155 Hor.
740 1128 772 1154 de
787 1129 852 1155 Arte
867 1129 939 1155 Poet.
955 1137 986 1154 ιι.
1060 1128 1111 1154 Ve-
1123 1131 1154 1158 25
1173 1127 1240 1154 diuis
1261 1126 1344 1154 Ouid.
1358 1127 1424 1154 Met.
1439 1136 1465 1160 2,
1478 1130 1537 1160 306.
1629 1129 1725 1155 Arcem
1744 1135 1836 1164 petunt
1855 1130 2013 1160 Tritonidis
2032 1135 2106 1169 Virg.
2128 1137 2193 1163 Aen.
2208 1145 2236 1169 z,

50 1165 125 1192 niam
136 1172 227 1200 petere
242 1172 331 1194 errato
344 1166 399 1196 Cic.
414 1174 463 1201 pro
477 1165 549 1192 Sulla
563 1167 606 1196 64.
680 1165 793 1191 Veniam
808 1164 837 1191 in
850 1165 1026 1199 praeteritum
1040 1163 1110 1190 Tac.
1172 1165 1233 1190 226.
1307 1163 1398 1190 Ardua
1412 1169 1518 1198 petere,
1537 1163 1685 1192 Ascendere
1698 1171 1817 1197 montem
1836 1166 1955 1201 aliquem
1980 1169 2041 1196 Stat.
2057 1171 2144 1199 Achil.
2157 1169 2187 1206 2,'
2195 1176 2235 1200 26.

52 1201 121 1228 Ann.
137 1210 170 1235 ιι,
182 1211 224 1235 3ο,
238 1211 263 1229 2.
336 1202 471 1230 Virtutem
493 1202 561 1228 Hor.
577 1200 656 1237 Epist.
671 1209 691 1234 i,
704 1203 731 1232 6,
747 1203 782 1227 i6.
853 1200 956 1227 Sallust.
977 1199 1057 1227 Catil.
1079 1207 1111 1233 25
1172 1200 1246 1227 Arua
1258 1199 1346 1226 aliena
1368 1200 1442 1234 Virg.
1459 1201 1525 1226 Aen.
1538 1210 1567 1235 4,
1581 1209 1630 1233 3¹¹·
1720 1201 1794 1228 Astra
1810 1203 1941 1230 Parnafliis
1953 1205 2020 1239 petit
2034 1205 2140 1234 duobus
2155 1209 2236 1235 verti.

51 1237 81 1264 de
95 1237 256 1274 Sempronia,
276 1237 385 1266 Lubido
405 1237 437 1264 sic
451 1239 573 1270 accensa,
586 1244 615 1264 vt
627 1237 729 1272 saepius
748 1242 848 1272 peteret
862 1238 959 1269 Viros,
975 1245 1055 1271 quani
1069 1244 1112 1277 pe-
1174 1235 1249 1262 cibus
1271 1235 1355 1262 Ouid.
1368 1236 1435 1262 Met.
1452 1244 1470 1267 1,
1484 1238 1537 1268 316.
1611 1235 1727 1264 Athenas
1742 1244 1832 1272 petere
1853 1239 1908 1266 Cic.
1918 1241 1972 1267 Att.
1987 1249 2011 1273 3,
2025 1249 2051 1277 7.
2123 1244 2237 1273 Caelum

10 1308 21 1320 ἢ.
50 1279 159 1300 teretur.
215 1275 274 1301 Huc
287 1274 423 1310 referimus
442 1272 491 1308 ista
511 1283 619 1310 quoque:
656 1274 732 1308 Virg.
753 1275 819 1300 Aen.
840 1282 867 1307 9,
886 1282 923 1307 94
949 1273 973 1300 O
994 1273 1111 1307 genitrix
1173 1279 1263 1306 petere
1293 1271 1360 1298 Piin.
1381 1280 1420 1305 10,
1442 1277 1479 1304 38.
1590 1273 1701 1299 Caelum
1723 1273 1833 1300 stultitia
1846 1275 1961 1309 petimus
1983 1278 2051 1304 Hor.
2066 1277 2118 1306 Od.
2132 1288 2150 1312 ι,
2165 1289 2188 1313 3,
2203 1285 2238 1312 38.

15 1335 35 1369 ξ»

50 1317 106 1344 quo
120 1307 174 1336 fata
186 1311 281 1337 vocas?
300 1316 345 1337 aut
359 1309 426 1346 quid
440 1311 508 1345 petis
522 1310 594 1337 istis3
613 1309 691 1336 intell.
707 1309 839 1342 Nauibus,
853 1317 882 1336 vt
895 1309 1032 1337 tribuatur.
1071 1309 1113 1336 Sic
1124 1314 1157 1339 3ο
1174 1309 1306 1342 Campum
1319 1308 1405 1334 amnis
1418 1308 1525 1335 volutus
1538 1317 1585 1343 per
1600 1310 1658 1335 saxa
1673 1309 1740 1343 petit
1766 1310 1840 1346 Virg.
1858 1312 1957 1347 Georg.
1972 1321 1993 1345 3,
2008 1322 2064 1346 522.
2154 1317 2238 1343 Class'e

30 1339 142 1385 Qiicui
155 1352 245 1381 petere
260 1345 485 1382 dispensationem
503 1347 610 1374 Sueton.
623 1354 654 1387 ψ
666 1345 813 1381 Vespafian.
828 1354 850 1372 c.
864 1354 903 1378 23.
976 1344 1114 1372 Militibus
1174 1343 1280 1384 petebat
1295 1343 1496 1385 Lacedaemona
1517 1344 1599 1385 Ouid.
1615 1345 1695 1380 Epist.
1711 1354 1731 1379 ι,
1745 1354 1766 1379 ς.
1840 1348 1896 1374 Cic.
1912 1349 1965 1375 Art.
1982 1358 2002 1381 3,
2020 1356 2033 1378 8
2054 1351 2084 1376 Et
2098 1351 2238 1386 nauigatio

34 1380 198 1412 Ammonem
213 1382 380 1413 Tacit,Ann.
395 1392 414 1415 1,
428 1391 466 1416 19.
537 1382 586 1411 Sed
598 1383 628 1408 In
641 1382 758 1418 aliquem
771 1382 964 1409 accusationem
978 1380 1112 1416 Qiintffil.
1173 1378 1341 1416 perdifficilis
1367 1380 1422 1408 fuit
1436 1391 1442 1407 z
1478 1386 1504 1407 et
1529 1381 1576 1407 ille
1597 1381 1714 1408 incertus
1731 1382 1778 1409 vbi
1792 1391 1842 1417 ego
1855 1384 1930 1410 efl'eni
1940 1405 1948 1417 ‚
1964 1385 2069 1412 fortasse
2083 1387 2168 1414 alium
2181 1396 2240 1416 eur-

46 1424 74 1453 5,
89 1425 123 1450 ι3.
141 1420 160 1444 i.
179 1422 278 1446 veniam
297 1419 366 1446 illius
377 1418 518 1455 accusandi.
590 1419 668 1452 Virg.
688 1420 754 1445 Aen.
773 1424 798 1451 8,
816 1425 869 1453 405·
895 1418 1054 1452 Notumque
1067 1427 1111 1452 pe·
1173 1418 1230 1444 sum
1244 1417 1349 1451 petiuit.
1424 1417 1533 1444 Deserta
1545 1422 1635 1452 petere
1649 1419 1726 1445 cursu
1747 1418 1821 1453 Virg.
1837 1419 1890 1447 Ecl.
1906 1422 1932 1454 6,
1947 1426 1982 1452 81.
2070 1422 2164 1451 Litora
2177 1432 2240 1452 con.

50 1452 114 1480 tiuit
139 1454 271 1490 Coniugis
286 1455 387 1482 infusus
400 1456 505 1490 gremio
517 1463 564 1490 per
577 1454 699 1481 membra
714 1455 848 1490 soporem.
922 1455 977 1480 Cic.
993 1453 1026 1480 de
1039 1454 1111 1480 Ami-
1174 1454 1251 1480 cursu
1267 1453 1380 1480 tendunt
1393 1458 1483 1487 petere
1506 1454 1582 1489 Virg.
1600 1455 1665 1480 Aen.
1680 1463 1701 1487 ι,
1715 1457 1768 1481 ι62.
1877 1457 1978 1492 Fugam
1998 1457 2058 1485 Liu.
2075 1465 2113 1492 28,
2151 1480 2158 1486 .
2196 1480 2202 1487 .

49 1489 96 1516 cit.
113 1498 135 1517 ιι
153 1499 175 1517 c.
188 1499 201 1523 3
237 1491 294 1525 Qii
309 1492 482 1519 Consulatum
503 1491 582 1527 petiit
599 1499 752 1526 nunquam,
777 1490 863 1517 faetus
881 1490 918 1517 est
937 1490 1038 1517 Consul
1062 1490 1112 1518 bis.
1128 1494 1156 1520 35
1174 1491 1229 1516 Ima
1243 1495 1336 1524 petunt
1350 1489 1464 1516 nebulae
1484 1489 1560 1524 Virg.
1575 1490 1674 1526 Geoi-g.
1689 1498 1708 1524 1,
1722 1499 1786 1524 402.
1859 1492 1970 1520 Lechim
1985 1503 2099 1521 vacuum
2115 1496 2182 1530 petit
2195 1505 2241 1524 an-

11 1543 14 1546 *
46 1525 134 1553 Ouid.
148 1526 228 1562 Epist.
242 1536 284 1558 20,
297 1535 324 1561 53
355 1529 408 1555 Aut
427 1528 489 1555 effes
504 1528 624 1554 formosa
643 1528 748 1560 miuus,
763 1533 884 1562 peterere
905 1526 1038 1554 modeste:
1059 1528 1113 1552 Au·
1174 1526 1219 1552 xia
1259 1525 1343 1553 Ouid.
1371 1526 1437 1551 Met.
1469 1534 1500 1557 ιι,
1529 1533 1589 1561 471.
1684 1527 1756 1553 Loca
1769 1528 1867 1555 secreta
1889 1529 1957 1556 Hor.
1972 1529 2004 1556 de
2019 1532 2084 1558 Arte
2098 1532 2171 1559 Poet.
2186 1538 2242 1566 298.

50 1561 127 1588 daces
139 1563 208 1591 facie
219 1565 344 1599 cogimur
355 1565 404 1591 ess'e
416 1569 470 1591 tua.
506 1564 633 1590 Luc-1146
644 1563 710 1599 apud
723 1564 797 1591 Non.
812 1573 840 1597 4,
853 1565 900 1596 356
924 1563 998 1590 Bona
1011 1563 1114 1597 semper
1176 1562 1298 1589 Mentem
1313 1561 1400 1597 petiui
1421 1561 1499 1596 Viig.
1513 1563 1581 1589 Aen.
1595 1570 1619 1594 2,
1634 1568 1694 1597 824.
1788 1564 1876 1591 Remis
1890 1566 2031 1601 ventisque
2045 1574 2134 1603 petere
2148 1569 2241 1596 locum

9 1601 17 1611 '
51 1604 142 1633 petere
153 1599 308 1634 sapientem.
381 1601 548 1635 Coniugium
561 1599 647 1626 Ouid.
661 1600 724 1626 Met.
739 1609 776 1630 10,
791 1602 844 1631 613.
917 1600 1003 1626 Decus
1016 1605 1042 1625 et
1055 1607 1113 1633 pre·
1175 1598 1295 1633 aliquem
1336 1597 1410 1624 Idem
1443 1597 1511 1625 ibid.
1546 1606 1568 1630 3,
1594 1601 1649 1631 563.
1722 1599 1836 1626 Romam
1849 1602 1916 1635 petit
1929 1602 1990 1629 fons
2005 1603 2052 1630 ille
2087 1604 2155 1631 Plin.
2168 1613 2205 1637 31,
2219 1614 2241 1636 3.

50 1633 122 1667 tium
142 1635 210 1662 Hor.
224 1635 305 1671 Epist.
323 1644 342 1669 1,
360 1642 395 1669 ιε,
407 1645 450 1671 42.
525 1636 610 1662 Decus
630 1635 717 1662 iaculo
736 1636 782 1662 Sil.
802 1639 840 1668 16,
860 1641 916 1670 578.
990 1634 1058 1662 Plin.
1076 1643 1115 1666 12,
1174 1635 1310 1661 Secretnm
1323 1640 1413 1669 petere
1431 1634 1498 1660 Plin.
1514 1633 1593 1669 Epist.
1608 1643 1627 1665 1,
1640 1642 1663 1667 ς.
1718 1635 1837 1662 Siiblinie
1851 1643 1941 1670 petere
1961 1639 2028 1665 Plin.
2045 1648 2082 1670 ιο,
2091 1648 2127 1672 33.
2184 1641 2242 1667 Cic.

53 1678 86 1704 14
114 1670 146 1697 C.
161 1671 243 1698 etiam
258 1672 353 1699 Cacsar
366 1672 478 1708 Augusti
492 1671 564 1699 filius
576 1671 640 1700 inde
655 1671 777 1698 Gloriam
791 1671 878 1706 petiit.
951 1671 1046 1697 Gloria
1059 1672 1157 1698 nia-40
1174 1671 1257 1697 Tusc.
1273 1679 1290 1701 ι,
1305 1679 1339 1703 42
1360 1669 1441 1696 Nihil
1454 1669 1528 1695 enim
1542 1669 1641 1698 habent
1656 1669 1719 1696 haec
1735 1670 1789 1697 duo
1804 1680 1900 1705 genera
1914 1674 2012 1708 proni,
2029 1681 2055 1701 et
2070 1676 2161 1709 supera
2177 1677 2243 1702 seni—

52 1706 98 1733 ior
114 1708 216 1742 petitur
238 1708 284 1735 Sil.
299 1711 337 1741 16,
353 1711 413 1743 614.
487 1709 612 1735 Honores
635 1708 675 1739 Q
691 1707 749 1733 Cic.
771 1706 804 1732 de
824 1707 901 1732 Petit.
919 1707 1030 1733 Consul.
1052 1714 1080 1739 43
1095 1707 1113 1732 s.
1174 1715 1222 1740 per
1234 1711 1335 1739 petunt.
1358 1708 1380 1744 i.
1392 1704 1539 1740 Ciipqffunt,
1560 1711 1694 1740 expetunt,
1712 1713 1826 1739 captant.
1920 1709 2009 1735 Tee‘ui
2028 1710 2133 1737 diuersa
2151 1716 2242 1746 petere

51 1748 118 1782 efter.
188 1744 336 1778 Imperium
350 1753 379 1785 ac
396 1745 554 1784 summatum
575 1743 624 1769 fibi
642 1743 748 1769 Lucret.
763 1750 787 1775 ς,
801 1750 865 1775 1¹4¹·
935 1741 1057 1782 ‘Nuptias
1071 1750 1114 1775 pe·
1173 1749 1222 1802 ξι·
1234 1749 1313 1775 agros
1347 1741 1422 1780 Virg.
1438 1742 1503 1780 Aen.
1517 1748 1546 1772 4,
1563 1743 1620 1782 164.
1689 1778 1693 1782 .
1728 1741 1866 1784 Tentoria
1877 1745 1962 1784 gressu
1977 1751 2070 1779 petunt
2090 1746 2137 1774 Sil.
2150 1755 2178 1782 7,
2191 1756 2244 1780 321.

51 1783 84 1805 tit
103 1778 230 1813 gemellus
249 1780 410 1807 Maronillae
434 1779 552 1805 Martial.
573 1787 590 1809 ι,
609 1787 655 1811 40.
728 1778 882 1803 Praeturam
908 1777 964 1802 Cic.
985 1786 1015 1803 in
1033 1778 1111 1802 Verr.
1205 1784 1295 1802 erram
1306 1774 1422 1802 submiffi
1437 1782 1570 1810 petimus,
1590 1786 1608 1802 i.
1622 1774 1691 1802 humi
1699 1777 1886 1812 procumbimus
1905 1780 1981 1814 Virg.
1996 1782 2061 1808 Aen.
2076 1792 2098 1815 ε,
2111 1791 2150 1815 93.
2193 1784 2244 1811 Vr.

52 1813 110 1840 Aei.
124 1823 144 1846 i,
156 1823 185 1846 23
198 1824 220 1841 c.
234 1821 257 1845 8.
286 1819 293 1821 “
326 1815 401 1842 Idem
416 1815 445 1840 in
457 1815 533 1840 Orat.
548 1816 579 1846 >¹6
598 1813 679 1839 Volet
693 1813 779 1847 igitur
793 1813 857 1844 ille,
878 1812 925 1847 qui
940 1812 1111 1847 eloquentiae
1173 1811 1236 1838 bem
1262 1811 1381 1845 aliquam
1403 1817 1486 1837 vento
1510 1816 1601 1846 petere
1629 1810 1703 1837 Idem
1723 1812 1790 1839 ibid.
1807 1822 1828 1845 2,
1842 1822 1879 1847 23,
1900 1815 1930 1841 de
1942 1819 2124 1854 nauigantibus
2137 1818 2244 1846 dicitur.

48 1849 230 1884 Principatum
250 1856 337 1884 petet,
358 1855 385 1877 et
402 1855 526 1876 contenta
540 1858 608 1875 voce
625 1849 753 1875 atrociter
767 1847 871 1878 dicere,
891 1848 1025 1874 sunimiii'a
1043 1848 1110 1874 leni·
1119 1850 1152 1876 43
1174 1846 1258 1880 Petit,
1272 1854 1322 1883 pro
1338 1848 1418 1874 Periit
1431 1849 1471 1874 uel
1479 1851 1590 1883 petiuit,
1604 1848 1719 1884 syncopa
1734 1850 1820 1876 Poetis
1833 1857 1932 1878 tantum
1945 1856 1971 1878 in
1987 1855 2041 1890 usia.
2078 1855 2161 1882 Ouid,
2176 1855 2244 1885 fast,

47 1890 105 1917 ter,
127 1890 153 1912 et
171 1885 297 1912 inclinata
317 1885 406 1913 videri
425 1885 531 1921 grauis,
551 1890 577 1911 et
597 1885 694 1911 inflexa
715 1884 886 1912 miserabilis.
960 1884 1122 1911 Thalamos'
1175 1893 1195 1917 1,
1210 1893 1256 1916 109
1278 1882 1370 1911 Altum
1384 1877 1491 1910 flamina
1505 1882 1587 1919 petit:
1623 1885 1736 1924 propior
1748 1885 1822 1913 locus
1837 1888 1897 1914 a‘era
1912 1889 1991 1923 cepit.
2100 1889 2244 1925 PaJ72P11n‚

47 1919 161 1948 alicuius
195 1927 301 1957 petere,
323 1922 470 1958 Coniugium
502 1920 585 1948 Ouid.
601 1922 666 1949 Met.
688 1923 715 1954 6,
733 1929 796 1956 700.
889 1919 952 1947 Liu.
973 1930 1022 1955 34,
1059 1940 1065 1947 .
1104 1941 1112 1948 .
1172 1920 1201 1946 in
1216 1920 1309 1955 Paneg.
1324 1929 1345 1945 c.
1362 1924 1390 1950 88
1402 1927 1446 1955 pr.
1472 1920 1598 1954 Plerique
1618 1920 1771 1955 principum
1792 1931 1875 1956 quum
1897 1925 1978 1951 ess'ent
1997 1925 2100 1953 ciuium
2126 1927 2244 1961 domini,

42 1956 158 1990 Nolite,
173 1957 191 1984 si
211 1957 285 1993 quod
306 1958 433 1985 omuibus
453 1958 529 1984 Votis
547 1957 692 1992 petendum
711 1963 784 1990 erat,
804 1957 876 1984 vitro
889 1956 1019 1989 offertur,
1038 1956 1111 1983 fasti-
1173 1957 1337 1983 libertorum
1353 1962 1427 1982 erant
1443 1956 1531 1987 serui,
1551 1962 1597 1982 etc.
1619 1965 1666 1989 per
1679 1955 1728 1982 hos
1741 1966 1880 1992 praeturae
1893 1961 1993 1993 etiam,
2011 1968 2038 1987 et
2050 1963 2204 1996 sacerdotia,
2217 1972 2244 1992 et

47 1993 116 2021 dire.
275 1991 336 2032 5‘4
374 1994 457 2030 Ipsum
470 1996 627 2029 contingere,
641 1993 892 2029 consequa-siemera,
907 2000 976 2019 nonu
997 1996 1024 2018 in
1039 1986 1121 2025 istis?
1173 1991 1338 2023 consulatuS,
1354 1991 1439 2017 immo
1452 1991 1486 2017 ab
1499 1991 1541 2017 his
1555 1992 1703 2024 petebatur.

48 2029 142 2056 Petere
161 2029 322 2064 Amplexuni
341 2030 454 2055 alicuius
477 2030 553 2062 Virg.
569 2030 634 2055 Aen.
650 2034 672 2058 8,
687 2031 741 2061 613.
813 2029 931 2054 Mortem
953 2033 1045 2062 petunt
1064 2036 1110 2062 per
1123 2029 1155 2054 50
1208 2034 1223 2053 P
1234 2033 1250 2052 E
1261 2034 1282 2053 T
1292 2029 1303 2052 ῑ
1314 2032 1363 2052 Tv
1373 2033 1416 2059 M,
1429 2029 1508 2062 prius
1521 2028 1648 2062 Supinum.
1685 2027 1760 2063 [πρός
1774 2028 1801 2054 τό
1815 2029 1909 2064 αἰτεῖν]
1946 2032 1990 2058 Ire
2003 2033 2119 2067 petitum
2134 2034 2245 2062 aliunde

48 2065 161 2093 vulnera
174 2065 248 2100 Virg.
263 2066 363 2099 Georg.
378 2075 400 2097 4,
414 2070 463 2095 218.
535 2065 631 2090 Oscula
646 2064 713 2098 petit
725 2063 801 2090 vultu
816 2063 897 2089 tacito
910 2063 1008 2089 Lucan.
1022 2071 1045 2095 3,
1053 2070 1110 2097 739.
1171 2062 1269 2089 Catull.
1285 2070 1324 2095 59,
1338 2069 1386 2094 153.
1462 2097 1467 2102 ¹

48 2101 167 2136 Piignam
186 2100 325 2127 secundam
344 2102 398 2127 iam
413 2099 545 2126 Horatius
558 2101 633 2126 caeso
647 2099 722 2125 hoste
736 2099 825 2126 vietor
840 2097 945 2133 petebat
964 2098 1024 2124 Liu.
1038 2107 1056 2129 1,
1072 2106 1109 2131 25.
1210 2105 1225 2124 P
1235 2104 1250 2124 Ε
1263 2105 1284 2124 'r
1298 2105 1314 2124 E
1325 2105 1346 2124 N
1356 2105 1386 2131 S,
1414 2104 1491 2126 entis.
1532 2098 1624 2125 Partic.
1668 2099 1779 2134 [αἰτῶν]
1817 2101 1928 2129 Aditum
1949 2104 2131 2133 conueniendi
2151 2113 2242 2142 petens

51 2137 127 2172 Virg.
141 2137 207 2163 Aen.
223 2144 249 2171 7,
264 2141 293 2167 88
319 2135 450 2163 Mollibus
465 2135 590 2162 incubuit
604 2135 708 2168 stratis,
721 2135 887 2170 Soinnosque
900 2135 1007 2169 petiuit.
1038 2133 1109 2161 Add.
1173 2134 1244 2168 Nep.
1259 2144 1287 2167 4,
1301 2142 1323 2166 3,
1333 2143 1352 2165 3.
1425 2134 1582 2161 Amicitiam
1594 2140 1685 2169 petens
1706 2136 1780 2162 Ideni
1795 2145 1820 2170 2,
1837 2146 1863 2170 9,
1878 2147 1904 2171 4.
1996 2141 2110 2169 Venjffln
2126 2143 2153 2168 in
2168 2153 2241 2178 prae,

51 2172 188 2207 Qiinffil.
202 2181 228 2205 9,
242 2183 270 2207 4,
283 2181 319 2199 12.
391 2173 447 2198 Hui:
467 2171 551 2208 refer,
562 2172 632 2208 ‘quod
647 2173 753 2204 Petere,
768 2171 889 2205 Eligere,
902 2173 986 2205 inquit
1003 2170 1112 2198 Nonius
1173 2171 1284 2197 teritum
1305 2176 1409 2205 petens,
1430 2170 1503 2206 quod
1523 2171 1565 2204 ei,
1587 2178 1633 2197 etc.
1660 2172 1753 2198 Tacit.
1773 2173 1841 2199 Ann.
1858 2182 1888 2204 ιι,
1902 2183 1942 2207 3ο.
2051 2179 2137 2206 Lucra
2152 2187 2242 2215 petens

51 2219 79 2243 4,
92 2211 138 2242 336
156 2208 198 2235 vel
212 2209 322 2244 Capere.
360 2209 436 2243 Virg.
451 2208 550 2242 Georg.
566 2219 595 2242 4,
606 2213 620 2238 8
659 2207 797 2242 Principio
812 2207 883 2234 sedes
897 2207 1007 2241 apibus,
1021 2206 1111 2233 statio-
1128 2217 1156 2244 55
1173 2206 1283 2233 Tibull.
1300 2215 1320 2239 1,
1334 2214 1361 2239 9,
1374 2215 1400 2241 7.
1494 2207 1575 2233 Noua
1589 2207 1680 2242 Regna
1695 2214 1785 2242 petens
1814 2210 1887 2245 Virg.
1902 2212 1967 2238 Aen.
1983 2221 2003 2245 ι,
2018 2215 2080 2248 624,
2174 2216 2243 2243 Non

51 2254 106 2280 que
119 2245 240 2280 petenda.
309 2245 350 2272 Sic
361 2245 418 2272 Cic.
433 2244 465 2271 de
478 2244 568 2272 Finib.
583 2253 609 2277 2,
624 2252 652 2277 32
675 2244 734 2270 Nee
748 2250 837 2270 tamen
851 2245 1045 2277 Argumentum
1061 2243 1113 2269 hoc
1174 2242 1310 2269 aduersata
1326 2243 1427 2277 petenti
1441 2243 1536 2269 annuit
1556 2243 1631 2277 Virg.
1648 2244 1713 2270 Aen.
1729 2254 1755 2278 4,
1770 2252 1821 2278 127.
1930 2247 1977 2274 Illa
1992 2251 2110 2277 auersata
2123 2258 2242 2285 petentes

51 2282 181 2316 Epicurus
193 2290 208 2307 a
219 2281 308 2316 paruis
322 2281 435 2315 petiuit,
455 2286 499 2307 aut
512 2281 593 2307 etiam
603 2289 619 2307 a
633 2279 732 2307 bestiis.
768 2281 844 2314 Virg.
854 2281 920 2305 Aen.
935 2284 956 2310 8,
971 2287 1016 2312 395
1035 2278 1111 2312 Qud
1173 2279 1256 2306 Ouid.
1272 2279 1336 2305 Met.
1354 2288 1374 2311 1,
1390 2285 1452 2312 478.
1526 2278 1612 2305 Multa
1625 2281 1777 2313 petentibus
1787 2281 1889 2309 Desunt
1901 2284 1986 2313 muita
2009 2286 2078 2313 Hor.
2091 2288 2142 2314 Od.
2159 2297 2171 2320 3
2181 2309 2189 2321 ,
2204 2291 2243 2322 16,

51 2318 139 2344 causas
153 2317 220 2351 petis
233 2326 265 2344 ex
278 2317 350 2344 alto?
423 2317 492 2343 Ter.
507 2317 604 2343 Heaut.
619 2324 642 2350 ς,
658 2325 679 2348 2,
694 2324 722 2350 23
741 2315 833 2349 Abiit,
847 2325 876 2343 ac
892 2316 992 2350 rogasse
1005 2315 1111 2342 vellem.
1173 2324 1212 2348 42.
1292 2315 1456 2349 Responsum
1470 2313 1545 2342 dedit
1559 2316 1659 2348 petenti
1682 2317 1758 2352 Virg.
1772 2318 1825 2344 Ecl.
1840 2326 1858 2348 1,
1872 2327 1915 2352 45.
2007 2322 2104 2350 Turba
2117 2325 2184 2351 saxis
2199 2334 2242 2359 pe-

53 2361 99 2381 CL.
113 2353 196 2388 quid?
225 2360 248 2380 s.
270 2353 339 2380 vnde
353 2351 424 2379 mihi
443 2360 562 2388 peterem
576 2352 685 2385 Cibum.
757 2352 859 2379 Cibum
873 2361 887 2378 e
906 2353 1013 2378 flamma
1035 2352 1110 2378 Idem
1173 2357 1230 2378 tens
1243 2351 1388 2377 contundet
1404 2360 1457 2391 vos*
1473 2351 1541 2378 Hor.
1559 2351 1642 2386 Epod.
1657 2361 1679 2385 ς,
1694 2358 1734 2383 og.
1794 2354 1918 2382 Reiicere
1931 2362 2064 2390 petentem
2082 2360 2165 2387 Ouid.
2175 2362 2241 2388 Met.

53 2390 119 2417 Eun.
132 2397 155 2421 3,
169 2397 195 2420 2,
209 2394 244 2420 38.
317 2391 450 2417 Conatum
465 2389 572 2424 longius
595 2388 728 2422 Qu'nffil.
743 2398 780 2421 io,
794 2398 814 2421 3,
830 2391 856 2415 6.
930 2387 1081 2414 Consilium
1095 2389 1153 2414 a60
1173 2396 1198 2421 9,
1215 2396 1267 2420 512.
1343 2386 1508 2423 Proficiscens
1523 2398 1530 2413 .·
1568 2387 1664 2414 Aliena
1677 2389 1734 2416 loca
1748 2396 1865 2424 petentes
1882 2391 1980 2418 Catull.
1996 2396 2040 2428 64,
2057 2403 2095 2428 14.
2155 2397 2243 2424 Tem«

51 2424 136 2460 seipso
150 2425 283 2457 Qiinetil.
297 2433 314 2460 7
328 2426 367 2454 Pr.
380 2435 409 2458 4.
481 2425 632 2452 Delec‘iatio
652 2425 706 2452 sola
720 2433 751 2451 ex
766 2424 807 2452 his
824 2423 916 2451 studiis
930 2424 1031 2458 petitur
1052 2424 1108 2451 Cic.
1173 2423 1214 2458 pla
1229 2422 1372 2453 Acherufia
1389 2430 1507 2457 petentes
1545 2424 1652 2451 Lucret.
1667 2433 1691 2457 3,
1704 2427 1744 2455 86.
1834 2427 1919 2454 Canes
1936 2430 2026 2457 morsu
2042 2437 2159 2466 petentes
2188 2433 2242 2460 Lu-

53 2460 194 2498 prorArch.
209 2464 238 2487 16
251 2470 272 2486 c.
287 2469 313 2496 7.
382 2461 456 2488 Idem
472 2461 504 2488 de
517 2462 728 2488 Prouinc.Cons.
743 2470 770 2494 19
789 2461 947 2488 Praesertim
961 2470 1044 2495 quum
1059 2469 1109 2495 ego
1170 2466 1234 2487 cret.
1251 2468 1273 2493 ς,
1291 2463 1365 2495 1067.

55 2490 173 2533 nostium
186 2506 311 2523 meorum
327 2497 499 2525 consiliorum
510 2504 590 2532 atque
604 2497 737 2524 factorum
744 2497 868 2532 Exempla
881 2498 983 2532 semper
995 2506 1026 2523 ex
1043 2497 1110 2524 suin-
1208 2503 1224 2522 Ρ
1234 2503 1250 2522 Ε
1260 2503 1281 2522 T
1290 2503 1306 2522 E
1318 2503 1341 2522 N
1352 2501 1400 2523 DV
1409 2502 1421 2522 S
1431 2515 1437 2526 ‚
1457 2504 1471 2522 a
1480 2516 1488 2528 ,
1509 2504 1564 2522 uni.
1585 2496 1682 2523 Partic.
1725 2497 1874 2533 [αἰτητέος]
1917 2500 2013 2527 Honos
2032 2503 2159 2537 petendus
2178 2505 2243 2532 Pro-

34 2558 35 2561 ,
53 2531 158 2560 nini-um
179 2532 321 2559 hominum
339 2533 416 2560 saffris
432 2533 502 2560 inihi
520 2533 669 2560 censuerim
689 2533 810 2568 petenda.
882 2533 1007 2568 Exempla
1022 2540 1111 2567 petere
1173 2537 1240 2567 pert.
1255 2540 1278 2564 3,
1293 2540 1336 2564 22,
1349 2541 1395 2566 40.
1482 2532 1578 2558 Gloria
1591 2533 1690 2567 peccati
1706 2532 1778 2560 nulla
1793 2534 1905 2568 petenda
1918 2543 1962 2563 tua
1976 2537 2013 2564 est
2033 2540 2115 2567 Ouid.
2131 2541 2163 2567 de
2178 2542 2242 2568 Arte

49 2567 129 2603 longe
142 2569 241 2596 Lucan.
257 2577 276 2602 1,
290 2577 336 2602 94.
392 2568 434 2596 Ab
457 2569 590 2596 historicis
612 2570 746 2603 Quinftil.
771 2579 799 2601 12,
817 2578 849 2602 ιι,
871 2577 908 2604 17.
982 2569 1039 2596 Cic.
1060 2578 1109 2604 pro
1124 2578 1156 2610 65
1174 2570 1234 2595 Am.
1247 2577 1270 2600 2,
1283 2577 1340 2600 390,
1413 2568 1501 2595 Palma
1515 2569 1626 2603 petenda
1640 2578 1699 2610 mea
1714 2569 1750 2595 est
1770 2571 1854 2598 Ouid.
1872 2573 1965 2600 Amor.
1983 2583 2003 2606 3,
2021 2584 2042 2605 2,
2056 2580 2093 2606 82.
2166 2577 2242 2604 Prae.

51 2604 158 2632 Cluent.
171 2614 200 2632 10
228 2605 320 2632 Paullo
341 2605 448 2640 longius
461 2606 607 2633 Exordium
622 2607 662 2634 rei
676 2606 896 2633 demonstrandae
912 2610 1013 2639 petam:
1038 2605 1111 2640 quod
1173 2605 1205 2631 da
1220 2604 1331 2667 peteiXa
1348 2603 1384 2630 est
1399 2603 1432 2630 cle
1444 2614 1542 2639 magno
1553 2614 1634 2640 grege
1651 2605 1762 2634 Tibull.
1780 2616 1798 2639 1,
1813 2616 1832 2639 1,
1845 2616 1887 2643 34.
1959 2610 2066 2637 Summa
2086 2621 2137 2647 ope
2151 2620 2242 2648 peten-

51 2642 166 2676 quaeso,
184 2641 304 2673 Iudices,
324 2651 358 2668 ne
376 2641 487 2669 moleste
506 2643 657 2677 patiamini.
730 2642 843 2669 Initium
863 2650 877 2668 a
896 2648 990 2668 natura
1006 2642 1061 2668 Cic.
1077 2641 1110 2668 de
1172 2641 1237 2667 dimi
1251 2650 1280 2667 cr
1334 2640 1393 2667 Liu.
1405 2649 1448 2673 34,
1485 2661 1491 2667 .
1529 2661 1536 2667 .
1604 2672 1609 2675 ,

11 2688 15 2690 ·
52 2677 112 2704 Fin.
126 2684 150 2709 ς,
163 2685 199 2709 33.
271 2677 345 2703 Idem
360 2677 427 2705 ibid.
443 2687 465 2711 2,
478 2687 510 2712 50
535 2680 611 2712 Qiae
627 2678 662 2704 est
677 2678 724 2704 ista
738 2679 806 2705 Laus
821 2687 888 2712 quae
903 2677 976 2712 poffit
989 2687 1003 2703 e
1015 2679 1111 2704 macel—
1208 2683 1223 2702 Ρ
1233 2682 1279 2703 ΕΤ
1289 2677 1332 2703 ΪΤ
1342 2684 1362 2703 v
1373 2683 1385 2703 s
1396 2697 1404 2709 ,
1424 2685 1453 2708 a,
1473 2686 1528 2703 uiii.
1563 2677 1657 2704 Partic-
1696 2677 1853 2714 [ᾗτημένος]
1891 2682 1954 2715 Qio
1967 2682 2065 2716 petitus
2077 2683 2134 2711 abis
2154 2685 2237 2713 Ouid.

10 2720 12 2722 ’
52 2713 80 2740 lo
95 2712 167 2747 peti?
235 2713 398 2740 Medicinam
414 2719 568 2749 perpetuam
582 2724 637 2741 non
652 2722 680 2741 vt
695 2715 727 2741 ab
742 2713 783 2740 bis
793 2735 800 2746 ,
821 2715 863 2741 sed
879 2721 908 2741 vt
926 2714 1050 2748 exiguam
1065 2714 1110 2741 do·
1172 2714 1236 2739 Met.
1252 2722 1275 2745 3,
1292 2720 1349 2746 453.
1442 2713 1548 2740 Insidiis
1561 2714 1659 2748 petitus
1683 2714 1754 2741 Veli.
1769 2724 1792 2747 2,
1806 2718 1848 2746 60,
1862 2724 1884 2748 3.
1973 2719 2054 2745 Belua
2067 2720 2148 2754 petita
2162 2721 2238 2748 feri-0

50 2749 118 2776 ioris
129 2747 300 2775 obliuionem
312 2756 397 2784 petam
411 2750 466 2776 Cic.
474 2751 547 2777 Fani.
561 2759 583 2784 ς,
599 2760 631 2784 ις.
651 2751 679 2776 ile
692 2752 784 2777 literis.
857 2751 1000 2784 Originem
1015 2750 1154 2789 sunimi70
1173 2751 1240 2776 Hor.
1259 2749 1342 2784 epod.
1359 2757 1381 2782 ς,
1397 2757 1435 2776 ιο.
1507 2750 1571 2776 Dies
1584 2750 1683 2785 petitus
1696 2756 1770 2777 tanto
1785 2751 1887 2778 ambitu
1910 2752 1999 2780 Seiiec.
2014 2755 2086 2783 Med.
2101 2759 2126 2783 6.
2184 2759 2238 2784 Vn-

49 2785 118 2812 boni
131 2794 145 2811 a
157 2784 247 2820 primo
260 2791 322 2811 ortu
335 2786 512 2813 animantium
526 2786 598 2813 Idcin
613 2787 643 2813 de
657 2786 746 2814 Finib.
762 2796 787 2819 2,
802 2795 837 2819 31.
909 2788 1047 2820 Praecepta
1056 2788 1110 2812 vir-
1172 2786 1204 2812 dc
1220 2785 1332 2820 petitum
1347 2785 1483 2818 (Crimen)
1502 2785 1553 2813 hoc
1568 2787 1596 2812 in
1610 2796 1651 2813 me
1665 2787 1729 2813 iacis
1749 2787 1817 2813 Hor.
1835 2788 1884 2814 Sat.
1896 2797 2006 2824 i‚4,79.
2117 2794 2238 2822 Praemia

51 2823 116 2850 tutis
134 2830 149 2848 a
169 2820 393 2856 philosophorum
413 2821 509 2849 scholis
534 2822 667 2856 Qiinehl.
688 2832 696 2850 1
718 2832 840 2858 prooem.
915 2823 1048 2857 Principia
1070 2823 1109 2849 rei
1171 2829 1280 2856 peccato
1295 2822 1368 2849 nulla
1381 2822 1463 2856 petita
1480 2821 1550 2849 niihi
1567 2823 1650 2850 Ouid.
1665 2821 1752 2849 Trist.
1767 2831 1788 2854 3,
1805 2825 1831 2855 6,
1844 2832 1886 2858 34.
1970 2826 2060 2853 Puella
2072 2829 2155 2862 petita
2169 2831 2236 2857 meis

50 2857 120 2885 bene
140 2857 271 2893 gerendae
285 2866 300 2884 a
319 2864 412 2885 natura
431 2858 488 2885 Cic.
503 2857 535 2885 de
550 2858 638 2886 Finib.
657 2869 685 2894 4,
706 2868 751 2892 47.
823 2857 998 2885 Probationes
1017 2859 1110 2894 Risum
1172 2858 1242 2885 votis
1263 2858 1339 2885 Idem
1375 2859 1468 2886 Amor.
1493 2868 1517 2891 3,
1541 2867 1567 2894 7,
1590 2868 1614 2885 2.
1692 2859 1771 2885 Ratio
1794 2859 1846 2885 alte
1867 2860 1950 2894 petita
1985 2863 2119 2896 Qiineiil.
2137 2868 2161 2896 6,
2178 2875 2234 2898 ἧς.

51 2903 84 2921 ex
97 2893 190 2928 aliquo
213 2893 346 2927 Quinem.
362 2897 388 2925 6,
400 2903 424 2927 3,
438 2899 475 2927 58.
549 2895 664 2922 Salutem
684 2902 774 2930 petere
794 2895 855 2930 suga
875 2896 966 2930 Nepos
984 2904 1019 2927 23,
1037 2905 1066 2923 ιι,
1081 2907 1108 2930 4.
1172 2895 1289 2928 Requies
1302 2894 1371 2921 mihi
1387 2895 1468 2928 petita
1492 2895 1528 2920 est
1568 2893 1650 2920 Ouid.
1665 2893 1753 2920 Trist.
1767 2904 1824 2931 asi,
1840 2904 1858 2924 ς.
1932 2897 2046 2932 Spiritus
2066 2901 2162 2934 petitus
2177 2903 2234 2929 imo

50 2930 198 2965 Suspirium
212 2930 263 2956 alte
283 2930 366 2957 PIaut.
382 2930 446 2957 cist.
463 2939 481 2962 1,
496 2939 517 2963 1,
530 2936 567 2961 58.
719 2929 740 2967 fl
763 2940 775 2964 ς
814 2931 982 2967 Ohj'i·ri.al›i'tis
1001 2930 1033 2964 est
1048 2932 1108 2968 f⁰⁵³
1121 2945 1151 2971 75
1170 2932 1252 2957 latere
1273 2932 1342 2957 Hor.
1356 2930 1438 2964 Epod.
1458 2939 1488 2961 ιι,
1505 2938 1538 2963 ις.
1593 2929 1684 2957 Verba
1698 2939 1729 2957 ex
1744 2931 1865 2965 periculo
1879 2933 1962 2967 petita
1984 2936 2093 2970 Qiinci.
2109 2946 2234 2970 ic,1,121.

49 2975 90 2992 ma
101 2965 201 2993 dicendi
220 2966 286 2993 Plin.
300 2975 324 2999 3,
341 2975 350 2993 1
387 2966 510 2994 Turduli
529 2967 576 3002 qui
589 2966 751 2994 Lusitaniam
772 2967 907 3003 acc9lunt‚
929 2968 990 2997 iura
1003 2968 1106 2994 Cordu-
1170 2967 1248 2992 Extra
1261 2975 1319 2993 rem
1336 2966 1418 3000 petita
1436 2964 1510 2993 Idem
1527 2976 1550 2998 a,
1565 2974 1591 2993 2.
1683 3002 1688 3006 .

49 3001 112 3030 bam
125 3007 234 3038 petunt,
252 3005 272 3029 i.
293 3002 450 3029 Cordubam
464 3003 565 3036 adeunt,
579 3010 603 3029 et
619 3004 677 3030 inde
691 3004 749 3031 iura
763 3009 862 3038 petunt.
936 3006 976 3031 sic
992 3004 1057 3030 Plin.
1075 3012 1108 3034 12,
1209 3009 1222 3027 P
1236 3009 1251 3028 E
1262 3009 1283 3028 T
1294 3009 1332 3028 ιΤ
1343 3003 1390 3028 VR
1401 3009 1420 3028 v
1431 3008 1460 3034 S,
1481 3010 1511 3034 a,
1536 3011 1591 3028 um.
1619 3002 1715 3031 Panic.
1752 3001 1893 3039 [αἰτήσων]
1931 3006 2015 3035 Lucra
2027 3007 2158 3042 petiturus
2178 3009 2233 3036 Ti-

0 3055 4 3058 ·
51 3045 69 3073 7
83 3037 210 3075 ,depipere
223 3032 312 3076 Ion'go,
331 3038 402 3065 Huic
416 3048 463 3065 nec
479 3040 561 3074 ponii,
575 3049 622 3066 nec
637 3039 730 3066 baccae
743 3040 939 3067 commendatio
953 3040 990 3066 est
1002 3040 1106 3074 aliqua:
1169 3037 1234 3064 bull.
1251 3047 1269 3069 ι,
1285 3047 1314 3070 9,
1329 3046 1354 3072 7.
1424 3073 1429 3078 ι
1757 3073 1762 3078 .
2181 3052 2188 3059 ·

50 3073 106 3102 sola
125 3075 228 3110 placere
246 3075 441 3108 amaritudine,
462 3084 487 3102 et
507 3075 572 3102 hauc
592 3077 621 3102 in
635 3077 716 3103 Indos
737 3076 799 3111 peti.
852 3077 926 3104 Ideni
944 3086 980 3108 iz,
997 3084 1026 3110 17
1061 3077 1104 3102 Pe-
1204 3080 1326 3101 PETlT
1336 3080 1405 3104 VM,
1423 3082 1441 3099 ¹·
1460 3083 1487 3100 Π·
1524 3073 1664 3108 [αἰτηθὲν]
1701 3074 1851 3110 Vtriusque
1864 3076 1941 3110 petiti
1958 3076 2026 3103 safra
2041 3077 2078 3104 est
2092 3079 2169 3114 copia
2183 3081 2231 3109 Ca-

51 3113 110 3138 mtit
122 3116 148 3137 et
162 3111 191 3137 in
203 3112 349 3138 Carmanos
369 3112 497 3138 strobum.
517 3115 535 3139 i.
560 3114 587 3138 A
598 3113 749 3145 Carmanis,
764 3115 807 3148 qui
820 3112 909 3149 sensns
924 3121 969 3148 prr
984 3121 1015 3138 ex
1031 3115 1104 3138 etism
1117 3122 1149 3147 30
1166 3109 1223 3136 tull.
1238 3113 1268 3141 63
1285 3112 1354 3143 (69)
1371 3118 1410 3142 39.
1433 3142 1442 3151 Α

53 3143 208 3179 cufi-imitar.
261 3147 327 3174 Plin.
349 3157 385 3179 12,
399 3157 409 3175 1
444 3148 495 3175 Sed
509 3149 569 3184 quis
582 3157 636 3175 non
651 3149 710 3176 iure
724 3149 837 3175 miretur
851 3150 976 3176 arborem
994 3148 1105 3174 vmbrae
1207 3153 1221 3172 Ρ
1234 3153 1250 3172 E
1260 3149 1301 3172 ΤῩ
1314 3153 1335 3172 ἰ’
1349 3153 1407 3177 vs,
1430 3154 1469 3171 us.
1509 3154 1545 3172 m.
1582 3145 1721 3185 [αἵτημςτ]
1754 3153 1803 3181 pro
1818 3148 1947 3173 Pstiiimie.
1985 3148 2053 3175 Geli.
2069 3155 2104 3183 is,
2117 3159 2130 3182 3
2148 3152 2230 3179 Iuffit-

55 3179 136 3213 gratia
149 3187 250 3209 tantum
264 3193 295 3210 ex
310 3185 400 3211 alieno
413 3185 523 3219 petitam
539 3184 623 3212 orbe?
680 3187 742 3212 Item
757 3186 846 3212 Petere
860 3186 890 3212 ad
907 3185 1051 3220 Aethiopas
1064 3194 1103 3210 vs-
1166 3191 1218 3216 que
1232 3191 1292 3208 cuni
1306 3182 1446 3213 consensu,
1462 3181 1538 3216 petiti
1550 3190 1601 3216 que
1614 3191 1740 3209 ommuni
1754 3181 1862 3208 eandem
1877 3182 1951 3209 illam
1966 3184 2122 3212 sententiam
2136 3187 2231 3216 diserti

55 3223 108 3250 que
121 3215 185 3244 Pun-
199 3221 240 3251 36,
253 3222 270 3246 6
282 3221 300 3246 f.
316 3229 340 3253 9.
412 3221 508 3257 Russus
521 3221 596 3249 Idem
610 3224 649 3254 36,
667 3231 676 3248 ι
709 3221 749 3248 Ad
773 3221 886 3256 frigidos
907 3231 984 3257 potus
1000 3230 1044 3247 vas
1059 3230 1103 3255 pe·
1166 3218 1220 3244 viri
1234 3218 1387 3245 cuiusmodi
1400 3219 1481 3252 poiset
1496 3227 1542 3245 ver
1565 3218 1586 3245 is
1600 3218 1696 3258 dicere.
1747 3218 1814 3244 Ami.
1830 3218 1908 3252 Apul.
1922 3220 2000 3253 Apol.
2015 3230 2038 3255 p,
2052 3230 2103 3254 303,
2176 3223 2230 3251 Lu.

55 3250 164 3283 tituriu
177 3253 283 3286 nubila,
303 3255 428 3291 caeloque
442 3258 582 3292 proximae
593 3267 670 3292 rupes
684 3264 826 3288 canantur,
844 3265 872 3284 vt
888 3257 998 3286 bibatur
1011 3257 1104 3292 glacie.
1165 3261 1228 3281 cret.
1244 3263 1265 3287 3,
1285 3262 1327 3289 173
1368 3255 1491 3281 Attamen
1515 3255 1667 3290 insequitur
1690 3254 1802 3288 languor
1825 3259 1966 3290 terraeque
1989 3257 2087 3291 petitus
2124 3259 2229 3294 Suauis,

53 3288 84 3314 1¹¹
103 3287 250 3322 sePnlcmffi
268 3297 356 3324 petere
376 3293 487 3320 alicuius
506 3294 663 3327 volumina,
684 3295 708 3321 h.
723 3303 742 3320 e.
766 3294 787 3320 i!
799 3294 913 3330 sepulcro
945 3294 1010 3320 l'lin.
1026 3302 1066 3325 3ο,
1084 3302 1102 3319 ι.
1118 3304 1146 3332 5³3
1162 3293 1180 3317 ι’.
1194 3290 1332 3317 decubans.

52 3320 75 3361 fl
94 3324 112 3349 6
149 3324 238 3350 Petere
257 3325 305 3359 est,
318 3334 347 3353 vt
359 3327 468 3355 diximus
477 3335 565 3357 conari
581 3338 691 3367 tangere.
726 3330 804 3365 Virg.
820 3331 885 3357 Aen.
901 3340 921 3363 ι,
934 3333 977 3363 61,-
1002 3329 1105 3356 Ilionea
1204 3333 1219 3352 P
1230 3334 1247 3353 Ε
1258 3333 1278 3352 T
1290 3332 1395 3359 1'r10‚
1416 3327 1483 3353 (mis.
1504 3327 1525 3353 f.
1562 3326 1692 3359 [ocii-nme]
1729 3325 1833 3351 petendi
1850 3324 1932 3352 ac'Jus.
1971 3328 2125 3357 Concedere
2140 3332 2233 3365 petiti-⁷

51 3359 120 3395 petit
143 3359 251 3393 dextra,
271 3361 400 3397 laeuaque
420 3364 565 3400 Serestum,
583 3370 602 3394 i.
617 3366 754 3403 prehendit
778 3370 864 3393 amice.
902 3366 948 3394 Sed
972 3364 1004 3399 cst
1030 3368 1104 3392 ctiam
1165 3363 1228 3394 oni,
1248 3363 1303 3390 vid.
1324 3368 1492 3391 CONCEDO.
1568 3364 1602 3388 Vt
1623 3367 1711 3395 petere
1729 3359 1763 3394 est
1776 3364 1830 3387 iure
1843 3371 1915 3398 agere
1931 3366 2147 3404 cum—aliqufflsic
2160 3369 2228 3395 Peti-

0 3404 5 3414 ’ν
52 3396 160 3427 Petere,
177 3397 332 3430 Percutere,
347 3398 443 3426 ferire:
476 3401 553 3436 Virg.
571 3403 623 3430 Ecl.
642 3412 666 3436 3,
684 3408 724 3437 87.
751 3410 775 3428 et
790 3403 856 3430 Aen.
871 3411 897 3436 9,
912 3405 961 3434 659
981 3401 1009 3427 di·
1023 3410 1106 3433 muro,
1144 3424 1150 3429 .
1165 3399 1205 3425 tiO
1219 3399 1300 3426 afflo-
1373 3399 1504 3433 Qunffil-
1517 3407 1544 3431 4,
1558 3407 1578 3437 4
1596 3397 1747 3437 *Recusatio
1761 3398 1971 3437 quoqueplures
1984 3402 2094 3428 interim
2109 3404 2228 3439 propoli.

4 3456 6 3458 ,
29 3456 32 3458 .
49 3432 107 3459 1³1²!
121 3441 204 3473 cornu
224 3438 313 3473 petat,
333 3434 482 3469 etpedibus
503 3438 550 3472 qui
569 3439 670 3474 spargat
686 3448 804 3467 arenam.
841 3439 911 3467 Add.
927 3438 1029 3465 Paullus
1044 3438 1073 3463 in
1087 3437 1105 3464 l.
1165 3436 1252 3475 tiones
1266 3435 1360 3469 habet,
1377 3443 1406 3463 vt
1420 3440 1683 3476 corin-aperitionem
1699 3442 1842 3473 pecuniae,
1862 3434 1934 3461 Male
1948 3436 2014 3470 petis
2029 3448 2035 3463 z
2055 3441 2227 3472 procuratori

0 3485 3 3489 .
26 3490 30 3496 Ι
46 3467 170 3503 -Βοιιεηι,
183 3477 212 3494 in
226 3476 338 3504 princip.
354 3470 386 3496 D.
407 3470 439 3497 de
452 3471 554 3499 aedilit.
572 3474 650 3502 edict.
723 3477 764 3503 Sic
777 3477 884 3506 Petere,
899 3483 948 3511 pro
970 3476 1105 3515 Appetere‚
1116 3483 1152 3507 90
1165 3480 1237 3498 enim
1253 3472 1305 3499 tibi
1321 3473 1370 3499 effe
1385 3481 1440 3499 non
1454 3472 1539 3498 licuit.
1630 3470 1721 3496 Macer
1732 3478 1760 3495 in
1774 3469 1790 3494 i.
1807 3470 1905 3504 penult.
1919 3469 1941 3508 §.
1959 3481 1967 3498 i
1981 3473 2013 3498 D.
2029 3474 2085 3507 Qii
2100 3475 2226 3504 satisdare

32 3507 75 3544 “fet
89 3503 217 3541 dcfig‘nare
228 3503 321 3536 iHum,
334 3512 364 3531 vt
377 3505 461 3541 Jblent
472 3508 633 3544 gladiatores.
674 3511 733 3538 Vid.
750 3512 862 3546 QrinCi.
875 3521 901 3545 9,
917 3522 945 3545 4,
958 3516 979 3540 8-
1046 3511 1103 3537 Cle·
1165 3515 1277 3543 cogant,
1298 3508 1411 3535 Diuersss
1427 3507 1462 3534 0st
1477 3507 1551 3533 causa
1564 3505 1637 3538 eius,
1655 3506 1703 3540 qui
1717 3504 1795 3532 fundi
1815 3506 1973 3546 pessitioneffl
1995 3511 2160 3543 personalem
2180 3512 2227 3539 ha-

51 3539 81 3567 in
94 3541 169 3568 Orat.
183 3546 232 3571 228
246 3550 267 3567 c.
282 3544 314 3572 68
333 3542 370 3568 Vt
382 3542 454 3570 enim
467 3543 594 3577 athletas,
609 3555 656 3573 nee
667 3548 753 3575 multo
769 3550 841 3575 secus
856 3547 1015 3583 gladiatores
1029 3546 1103 3572 vide·
1166 3544 1210 3571 bet
1224 3555 1229 3570 τ
1268 3544 1295 3571 id
1319 3545 1355 3571 est
1377 3544 1511 3582 actionem
1537 3541 1700 3576 personalem
1710 3560 1716 3571 ‚
1734 3550 1762 3567 ac
1783 3541 1801 3567 fi
1821 3541 1890 3582 dicas
1905 3553 1912 3569 :
1948 3544 2013 3570 Nou
2031 3545 2127 3574 sufficit
2139 3549 2226 3575 domi-

51 3584 128 3609 mus,
150 3577 221 3604 nihil
241 3586 288 3604 tiec
309 3577 421 3604 vitando
441 3579 530 3607 facere
548 3586 640 3614 caute,
657 3592 706 3610 nec
726 3585 841 3619 petendo
867 3584 1055 3613 vehementer,
1075 3582 1104 3608 in
1165 3581 1242 3607 nium
1255 3581 1348 3613 fundi,
1364 3587 1408 3606 aut
1421 3579 1492 3606 ,αξ-ιιι)
1505 3577 1537 3604 ad
1550 3587 1611 3604 euin
1627 3576 1768 3612 petendum
1782 3584 1928 3612 pertinens,
1947 3578 1990 3606 sed
2003 3583 2154 3617 requiritur
2168 3586 2226 3619 pos-

0 3619 2 3622 *
47 3616 107 3646 ‘quo
119 3621 174 3640 non
186 3620 274 3640 motus
289 3613 333 3640 hic
354 3613 449 3641 habeat
470 3615 623 3650 palaestram
639 3619 779 3653 quandam.
814 3620 889 3656 Coris.
906 3620 979 3653 Virg.
996 3619 1061 3645 Aen.
1078 3627 1103 3651 9,
1165 3616 1244 3643 scffio.
1353 3616 1495 3642 Institucrc
1509 3613 1667 3647 petitionem
1681 3612 1708 3639 in
1724 3613 1843 3648 aliquem
1864 3615 1970 3649 leian.
1984 3617 2000 3643 l.
2016 3626 2025 3644 1
2045 3619 2078 3645 D.
2094 3621 2174 3653 Qiod
2189 3621 2225 3647 lc-

51 3655 100 3681 435·
118 3648 199 3685 ibique
218 3650 292 3676 Seru.
328 3644 384 3676 Cic‘.
400 3650 480 3677 Catil.
495 3660 504 3678 1
521 3661 541 3678 c.
554 3661 576 3684 ς.
612 3653 687 3687 Cui-t.
707 3657 732 3687 6,
778 3665 805 3691 4.
844 3658 935 3691 Veget.
955 3655 986 3681 de
999 3664 1028 3681 re
1043 3655 1101 3681 Mil.
1114 3666 1147 3693 95
1163 3660 1249 3688 gator.
1321 3652 1436 3687 Iniplerc
1451 3650 1607 3690 petitionem
1628 3649 1722 3675 dicitur
1735 3648 1826 3682 αξιοι,
1847 3659 1919 3685 quum
1933 3651 1967 3683 id,
1981 3654 2134 3690 quodpetit,
2150 3657 2224 3692 stfflm

51 3691 73 3716 1,
89 3691 121 3710 11.
187 3686 256 3713 A'e‘ra
277 3691 368 3721 petere
385 3686 458 3714 disco
484 3688 553 3715 Hor.
567 3688 651 3716 Serm.
670 3697 695 3722 2,
707 3699 733 3724 2,
747 3699 778 3724 13.
851 3692 969 3727 Capillos
989 3691 1101 3717 miseros
1163 3688 1207 3723 effi*
1215 3689 1315 3726 probat.
1387 3687 1468 3714 Paull.
1484 3694 1511 3712 m
1525 3686 1541 3712 l.
1558 3686 1594 3725 hij
1608 3685 1738 3725 sex-tante,
1757 3684 1782 3721 ᾗ.
1795 3686 1864 3712 Cum
1878 3696 1958 3721 ergo,
1979 3689 2012 3716 D.
2027 3689 2059 3717 de
2075 3698 2173 3727 except.
2183 3693 2223 3719 rei

50 3727 140 3753 vngue
153 3721 219 3754 petis
231 3722 416 3749 Ouid.Amor.
431 3732 454 3755 2,
467 3730 493 3758 7,
507 3730 533 3758 7.
573 3748 580 3759 a
603 3724 660 3751 Cic.
676 3734 724 3759 pro
736 3727 856 3756 Mur-aen.
870 3738 900 3763 52
920 3727 1039 3755 Sciebam
1053 3728 1102 3754 Ca·
1164 3725 1221 3752 iud.
1247 3726 1273 3752 Si
1293 3726 1325 3751 de
1340 3724 1503 3758 proprietate
1518 3722 1594 3748 fundi
1609 3721 1744 3762 litigatum
1754 3741 1760 3753 ‚
1779 3728 1804 3762 et
1814 3722 1960 3761 secundum
1975 3726 2093 3753 achorem
2109 3737 2222 3762 pronun-

49 3755 160 3783 tiliiiam'
175 3765 229 3783 non
249 3758 317 3785 latus
337 3765 381 3785 aut
400 3765 522 3786 ventrem
536 3779 546 3792 ‚
569 3759 613 3786 sed
630 3761 716 3795 Caput
734 3768 760 3789 et
778 3764 877 3792 collum
899 3772 987 3799 petere
1006 3763 1101 3790 solere.
1164 3762 1259 3788 tiatum
1274 3762 1362 3788 fuilset
1377 3770 1383 3785 :
1419 3758 1539 3784 dicemus
1562 3763 1663 3791 petenti
1683 3766 1723 3789 ei,
1745 3767 1792 3793 qui
1812 3766 1840 3783 in
1856 3759 1946 3792 priore
1960 3761 2063 3789 iudicio
2076 3764 2163 3789 vie'tus
2174 3763 2218 3792 est,

0 3807 1 3811 =
49 3791 156 3826 Corpus
169 3790 258 3826 petere
277 3795 351 3822 ferro
377 3795 488 3822 Tibull.
505 3804 525 3828 ι,
536 3804 563 3828 9,
577 3804 611 3822 21.
681 3797 848 3827 Criminibus
866 3801 984 3836 aliquem
1005 3799 1099 3825 Tacit.
1162 3797 1325 3824 obstaturam
1341 3796 1381 3822 rei
1395 3794 1527 3821 indicatae
1539 3793 1724 3827 exceptionem
1739 3804 1744 3819 :
1779 3795 1907 3828 quoniam
1923 3796 1955 3823 de
1969 3799 2026 3824 eius
2040 3808 2146 3834 quoque
2161 3798 2220 3823 iure

51 3826 120 3855 Ann.
135 3835 164 3860 4,
175 3836 210 3860 31-
281 3831 366 3858 Genas
379 3841 468 3867 vngue
481 3831 563 3858 Ouid.
578 3831 611 3858 de
624 3833 688 3858 Arte
702 3833 761 3860 Am.
774 3843 797 3868 2,
810 3845 869 3869 432.
942 3834 1040 3862 Gladio
1052 3835 1154 3868 ali-100
1162 3834 1309 3869 quaesitum
1328 3831 1450 3860 videtur.
1470 3838 1554 3863 quum
1573 3829 1649 3856 actor
1669 3829 1827 3870 petitionem
1840 3830 1943 3866 implet.
2061 3834 2105 3859 Ad
2117 3835 2220 3872 hri-nores

48 3871 130 3898 quem
145 3863 226 3891 ould—
239 3865 305 3892 Met·
317 3874 340 3900 3,
355 3873 404 3901 183.
477 3867 603 3902 Iugulum
619 3874 724 3902 petere,
738 3876 786 3904 pro
801 3873 902 3908 Inferre
913 3879 1030 3903 mortem,
1042 3869 1102 3903 teste
1159 3870 1272 3904 refertur
1308 3868 1364 3895 Cic.
1379 3875 1427 3902 pro
1441 3866 1517 3892 Rosc.
1534 3865 1610 3892 Com.
1621 3868 1653 3898 36
1672 3867 1703 3892 Et
1716 3865 1769 3891 tibi
1782 3872 1912 3901 integram
1927 3869 2085 3902 petitionem
2100 3869 2219 3902 reliquit.

16 3904 17 3910 ¹
53 3899 119 3926 Vall.
132 3899 189 3926 Cic.
204 3909 254 3934 pro
265 3901 361 3930 Milon.
375 3912 409 3936 31.
501 3904 575 3931 Malo
596 3911 686 3939 petere
705 3904 823 3940 aliquem
849 3909 925 3944 Virg.
938 3908 991 3934 Ecl.
1012 3916 1034 3939 3,
1055 3910 1100 3940 64.
1160 3906 1234 3933 Idem
1246 3906 1298 3932 Att.
1308 3913 1328 3937 1,
1367 3923 1374 3929 .
1412 3922 1419 3929 .
1455 3901 1518 3928 Fuit
1531 3907 1557 3928 et
1570 3900 1639 3928 mihi
1654 3902 1817 3964 etQFrss.
1830 3912 1927 3937 niagno
1941 3906 1998 3930 vsui
2013 3906 2040 3930 in
2053 3903 2220 3939 nosti-ispetL

47 3933 143 3962 Maus
163 3935 280 3963 innicem
297 3938 401 3972 Petitur
410 3939 541 3973 issiefiioi
562 3940 615 3967 Uid—
638 3947 789 3968 INVICEM·
859 3945 969 3972 Peetora
988 3943 1100 3970 alicuius
1161 3941 1291 3969 tionibus.
1366 3938 1465 3965 Petitio
1478 3937 1690 3977 extraordinaria
1703 3938 1782 3964 consu
1795 3944 1853 3965 atus
1877 3940 1932 3972 Cic.
1948 3940 2020 3966 Brut.
2035 3941 2094 3965 226.
2167 3939 2219 3965 Ad-

45 3970 137 4004 gladio
161 3971 244 3998 Ouid.
258 3973 333 4005 Met:v
344 3982 366 4007 ς,
387 3982 436 4009 183.
507 3977 590 4004 Pilain
612 3976 744 4010 Quine’iil.
764 3977 826 4011 6‚'3,
840 3981 871 4006 62
893 3980 938 4007 vbi
950 3983 1035 4013 iocus,
1057 3979 1100 4006 Sic
1161 3986 1258 4005 ornare
1272 3975 1431 4011 petitionem
1443 3973 1602 4001 Consulatus
1623 3974 1677 4000 Cic.
1688 3983 1739 4014 ‘pro
1753 3975 1823 4014 Pfitir.
1838 3984 1858 4000 c.
1874 3983 1914 4015 22.
1997 3976 2156 4008 Oppugnare
2176 3984 2218 4009 pe-

45 4007 113 4040 Pssss'fl
138 4007 401 4074 (pilimthanqqaxm
414 4013 533 4042 Caesaris
550 4013 703 4041 candidatus
723 4012 876 4049 (honores)
896 4019 916 4043 i.
935 4017 1150 4055 negligeizter.105
1160 4014 1287 4042 titionem
1305 4012 1362 4039 Cic.
1375 4011 1447 4038 Fani.
1462 4019 1485 4060 1,—
1494 4018 1545 4084 εἴ),
1595 4009 1627 4036 Se
1640 4015 1768 4044 pennoni
1780 4009 1843 4038 dare
1865 4011 1922 4037 Cic·
1937 4010 2008 4036 Fam·
2025 4017 2059 4042 ¹3,
2076 4018 2111 4039 ¹0.
2140 4012 2218 4082 111ξῖσο

48 4061 51 4062 .
279 4064 286 4071 ,
379 4066 387 4073 η
1472 4061 1485 4079 2
2209 4061 2217 4066 .
