2517 4231
50 112 66 126 ἱ

44 177 159 239 391
461 150 725 228 rlN

48 283 156 340 {1¹⁴5}ss
163 272 532 338 tgss‘t.{.15'.2’.dsp²z÷;'tz⁰.‘.2⁵
542 271 1103 346 513?ss3¹11.i.2}·³....¹3¹.¹3i¹{2.{‚¹.{3333

50 350 128 383 super
152 347 312 382 quingentos
333 344 480 380 octoginta.
551 346 626 384 Cous.
650 347 737 373 Burm.
755 343 798 385 'ad
808 345 913 372 Petron.
927 354 949 372 c.
964 351 990 377 38
1004 356 1028 382 p.
1044 350 1100 382 167.

50 384 133 412 Plaut.
147 378 250 414 Ἁῖὶιιῑι,
264 390 287 414 3,
300 386 334 415 48
355 382 446 415 Quini
459 391 474 409 a
489 382 589 417 pistore
603 390 696 416 panem
708 386 831 415 petimus.
941 382 1041 418 coqui,
1063 384 1102 418 pi.

48 419 147 451 stores,
164 417 310 447 letiticarii,
328 423 397 444 artes
414 418 533 453 vulgares
565 418 622 446 Cic.
633 425 683 452 pro
696 416 772 443 Rosc.
786 416 874 443 Amet.
892 425 945 452 134.
1040 419 1105 446 Dul.

47 455 145 482 eiarius
158 453 241 488 pistor
260 453 377 480 Martial.
394 462 433 487 14,
448 462 507 481 222.
576 453 656 488 Apul.
668 453 734 479 Met.
749 460 818 487 10‚p.
833 461 896 486 244.
1054 453 1074 492 q
1090 464 1104 488 3

46 489 142 519 Pistori
157 489 278 516 Ioui-ara
290 490 380 516 Romae
389 489 480 526 posita.
514 490 574 517 Rem
586 494 691 515 enarrat
703 487 786 514 Ouid.
801 489 866 515 Fast.
881 491 906 520 6,
920 498 980 525 394.

0 552 1 560 ¹
81 531 142 553 1²18
153 527 217 552 'rR'l
228 533 263 558 x,
284 526 340 552 icis.
372 526 392 554 f.
428 525 548 553 Lucilius
565 523 634 560 apud
656 524 732 551 Varr.
747 523 780 550 de
795 525 825 551 L.
840 525 869 551 l..
883 535 907 558 ⁴,
920 534 955 565 ἦ
1028 525 1103 554 Adde

0 563 1 571 ¹
48 562 114 590 Fest.
134 561 162 588 in
187 560 359 596 Msmphula,
379 561 424 588 vbi
446 561 533 589 laudat
550 559 637 596 versus
655 559 771 591 Lucilii,
802 560 938 588 Pistricem
954 561 1070 589 validam
1085 561 1104 589 fl

0 591 1 623 ἶ
47 597 140 630 numi,
159 597 376 633 suppeditabunt,
397 597 482 625 Addau
493 597 637 632 ἔμπλευρσν,
652 596 828 632 mamphulas,
844 606 912 633 quae
925 598 989 625 sciat
1001 601 1104 626 omnes.
1114 605 1144 624 10

49 634 107 662 Vet.
121 633 165 660 Gi.
182 633 278 661 Pistrix
290 632 423 669 α’ρτοποιᾶς.

82 676 98 696 Ρ
107 676 116 696 1
126 677 139 698 S
148 677 170 697 T
181 676 202 697 0
212 676 232 697 R
246 670 253 697 i
265 677 282 698 C
292 676 312 696 V
322 677 335 697 S
343 689 352 702 ,
381 677 396 696 ἃ
404 688 412 702 ,
438 675 492 694 um.
517 666 580 694 Adi.
617 666 805 703 [oc’proxomxo'sj
843 668 918 704 Qod
937 669 973 696 ad
985 667 1103 706 ptflorem

0 723 1 726 =
40 708 164 743 pertinet.
216 706 323 742 leian.
335 705 365 732 in
385 704 403 730 Ι.
417 703 513 731 Seruos
527 709 615 730 autem
633 704 692 730 suos
705 705 738 730 D.
751 704 783 730 de
796 704 873 738 legat.
888 705 986 737 tertio,
1003 706 1030 733 Si
1043 706 1104 741 quis

45 743 137 769 sentos
151 741 277 770 habuerit
290 739 422 777 proprios,
438 738 481 766 fed
496 748 611 774 quorum
625 749 720 775 operas
734 739 838 767 locabat
852 740 894 765 vel
909 741 1046 775 pilioricas
1060 742 1104 770 vel

45 778 216 806 histrionicas
228 798 237 812 ‚
255 779 395 805 seruorum
408 775 587 811 appellatione
601 775 650 802 hos
661 776 754 811 legaffe
767 774 886 802 videtur.

44 814 179 842 Pistorias.
223 815 316 849 Nempe
919 846 925 851 ι

50 854 55 860 ’
83 857 116 877 Pl
128 856 200 877 sTo
211 856 229 876 R
242 855 320 879 lvs‚
349 856 382 881 a,
421 856 476 874 uin.
518 845 735 884 [ὦρτοποιητικδς]
772 845 850 873 Idem.
885 846 954 873 Plin.
969 852 1004 878 18,
1019 856 1041 876 u
1062 848 1103 875 Ad

43 886 133 921 operis
144 885 250 922 pistorii
262 892 359 920 genera
370 884 521 911 transeunte
534 893 605 912 cura.
700 883 801 910 Forum
817 881 958 917 pistorium
972 883 1062 910 Romae
1076 888 1105 911 in

42 924 186 954 Auentino,
206 920 261 947 vid.
287 921 362 948 Alex.
391 920 422 947 ab
450 921 524 947 Alex.
550 929 574 952 2,
595 929 631 947 12.
725 917 934 945 Inui—amentum
959 918 1103 953 pistorium

7 970 21 986 ι*
42 957 127 986 Paull.
148 957 178 984 in
202 956 221 984 l.

8 990 11 995 ’
36 993 112 1021 Cels.
127 1001 148 1025 2,
162 997 188 1024 18
199 999 239 1029 pr.
260 996 324 1027 Qio
348 992 436 1019 minus
463 992 562 1018 mirum
585 991 637 1024 est,
655 999 723 1026 opus
741 989 882 1025 pistorium
894 990 1101 1020 valentissimum

9 1039 20 1054 ¹.
59 1029 108 1061 ss'c,
126 1028 200 1065 quod
214 1038 247 1056 ex
263 1029 414 1061 frumenw,
434 1027 527 1062 adipe,
543 1027 638 1059 melle,
659 1027 734 1054 caseo
753 1025 862 1053 constat.
953 1026 1023 1054 Ibid.
1037 1037 1059 1054 c.
1072 1033 1102 1059 28

39 1065 132 1095 Facile
149 1073 239 1092 autem
256 1066 328 1093 intus
347 1068 556 1098 corrumpuntur
568 1063 622 1098 lac,
643 1062 712 1097 mel,
731 1061 847 1098 ideoque
860 1062 1001 1097 laetantia,
1020 1070 1101 1100 atque

38 1110 121 1129 omne
134 1101 275 1137 pistorium
293 1109 368 1136 opus.

1131 424 1146 452 ς
1171 416 1237 448 Fast.
1251 425 1273 448 ε,
1289 422 1342 449 558.

947 778 1005 804 Atii
1017 779 1104 814 legunt
1125 786 1150 813 15

1566 175 1866 228 ὀΡΙΡ

1167 274 1248 302 Pinea
1270 282 1369 302 corona
1391 274 1510 303 rissores
1531 274 1599 310 apud
1621 273 1750 302 Isthmum
1769 282 1944 308 coronantur.

1167 309 1245 344 Virg.
1260 310 1325 336 Aen.
1341 320 1372 341 11,
1388 315 1447 346 786·
1521 311 1641 339 Claustra
1660 311 1735 338 Idem
1750 310 1818 338 ibid.
1837 320 1860 344 2,
1873 318 1929 344 258.
2000 317 2099 346 Cortex
2120 322 2228 348 Colum,

1170 348 1198 378 6,
1214 346 1251 371 16.
1324 347 1442 374 Frondes
1461 347 1535 374 Idem
1549 357 1571 380 2,
1584 357 1605 374 2.
1679 348 1742 375 Nux
1763 348 1805 375 vel
1818 347 1918 375 Nuclei
1937 348 2005 376 Cels.
2024 362 2045 384 ε,
2062 363 2104 382 22,
2177 358 2229 384 RQ.

1171 381 1239 408 bora
1260 380 1322 407 Stat.
1338 382 1429 410 Theb.
1444 392 1469 413 2,
1482 387 1539 417 619.
1564 402 1584 421 0
1606 383 1679 410 Silua
1700 384 1775 419 Virg.
1793 384 1859 411 Aen.
1875 392 1902 416 9,
1916 388 1954 416 83.
2027 388 2120 417 'sat-da
2145 393 2229 419 Ouid,

1310 453 1315 457 -
1414 420 1504 446 Tecta
1518 420 1598 454 pinca
1612 426 1687 446 vocat
1696 422 1783 447 Nauos
1797 420 1871 448 Idem
1885 420 1949 446 Met.
1965 429 2004 454 14,
2019 429 2073 454 530.
2139 427 2230 455 ἰχ-χρ,

1170 451 1246 515 {dedu
1261 452 1347 479 ‘Fruh
1364 463 1384 486 1,
1398 462 1418 486 3,
1434 464 1476 482 ιιι.
1563 455 1704 483 Velamina
1722 456 1828 483 Lucret.
1847 465 1877 490 4,
1896 463 1950 490 391.
2042 457 2122 493 Virga
2146 463 2228 491 Ouid.

1194 496 1208 514 a
1234 506 1240 514 .
1262 496 1288 520 2,
1309 493 1348 519 28.

1207 529 1222 549 P
1233 530 1240 548 1
1251 529 1272 548 Ν
1282 531 1303 550 Α
1314 530 1326 565 s
1337 530 1359 551 Τ
1371 531 1415 552 171<
1425 546 1433 559 ‚
1454 527 1499 553 tri.
1520 535 1557 554 m.
1593 527 1772 562 [α’γριόκιτυς]
1809 529 1889 556 Pinus
1904 525 2040 561 siluestris,
2051 532 2130 556 mirae
2144 532 2229 559 altitu.

1169 559 1249 586 dinis.
1288 561 1354 586 run.
1373 564 1411 593 16,
1425 571 1460 587 io.
1498 562 1572 589 Idem
1588 572 1624 596 ις,
1639 572 1667 590 ιο
1694 566 1826 597 Qiartum
1841 563 1944 597 Pityida
1957 570 2054 591 vocant
2068 574 2082 591 c
2096 565 2229 599 pinastris.

1169 631 1197 657 Η
1207 601 1222 620 1>
1232 602 1247 657 ὲ
1253 602 1274 621 Ν
1285 602 1306 622 Α
1316 604 1329 623 s
1339 602 1360 622 τ
1371 604 1386 624 e
1397 605 1438 624 ri.
1448 605 1467 624 v
1477 605 1519 631 m,
1539 599 1558 624 i.
1587 608 1613 626 n.
1651 600 1753 633 Herba,
1767 609 1827 636 quae
1846 607 1871 627 et
1889 600 2065 627 peucedanum.
2103 602 2183 636 Apul.
2198 602 2231 629 de

1199 640 1228 658 cr
1251 651 1257 657 .
1278 641 1300 657 c.
1317 641 1362 665 94.

1205 673 1239 692 1>1
1250 674 1270 693 Ν
1284 669 1299 693 ἑ
1309 674 1330 693 T
1340 674 1361 693 v
1372 674 1398 694 M
1409 687 1416 698 ,
1437 669 1455 694 i.
1476 677 1501 694 n.
1538 669 1663 705 [πιτυών]

1169 702 1238 730 netis
1254 702 1322 729 fiunt
1335 703 1417 730 Ouid.
1432 705 1498 730 Met.
1514 714 1549 736 ις,
1565 707 1629 738 604.

1169 746 1233 766 neto
1247 738 1363 766 laflucae
1377 738 1461 766 limile
1475 740 1601 766 nascitur.

1208 773 1394 807 1²1N‘1'F13R,
1415 778 1476 808 era,
1498 779 1584 803 erum.
1617 775 1677 803 Adi.
1715 777 1897 813 [πιτυοφόρος]
1935 780 2011 815 vii-g.
2029 780 2095 807 Aen.
2117 789 2157 815 10,
2178 785 2230 816 708

1168 811 1279 838 Vesulus
1293 811 1403 845 pinifer.
1422 814 1441 838 i.
1461 813 1492 839 Iu
1506 821 1552 849 quo
1566 813 1679 848 creseunt
1691 816 1776 848 pinus.
1849 815 1934 848 Caput
1952 817 2098 849 piniferum
2116 818 2230 845 Atlantis

1169 847 1246 874 Idem
1262 847 1332 875 ibid.
1346 856 1375 880 4,
1390 856 1451 880 249.
1525 848 1662 874 Maenalus
1683 849 1757 875 ldcm
1772 849 1825 875 Ecl.
1848 858 1886 879 10,
1908 859 1948 883 14.
2020 853 2109 887 Rupes
2131 854 2230 881 Lucan.

1169 892 1195 915 2,
1211 892 1266 916 43¹·
1337 883 1474 910 Succinc‘ia
1489 883 1579 919 pineta
1594 883 1676 911 Ouid.
1692 886 1757 913 Met.
1775 894 1810 917 ιε,
1822 887 1886 917 604.

1205 926 1220 944 Ρ
1231 926 1240 945 1
1250 927 1272 946 Ν
1282 917 1327 946 i'G
1337 926 1397 952 ER,
1424 922 1486 953 cra,
1506 922 1593 947 erum.
1630 920 1707 948 Mem.
1745 919 1831 956 Caput
1859 921 1944 948 l-'auni
1967 922 2121 959 pinigerum
2145 925 2231 954 Ouid.

1564 995 1588 1027 P
1694 995 1709 1026 Ι
1811 995 1841 1027 O

1204 1070 1284 1097 1³10,
1310 1068 1364 1092 are.
1402 1065 1544 1101 [ἐυαεβιῗν]
1581 1065 1680 1098 Colere,
1700 1067 1745 1101 pie
1771 1063 1896 1093 traflare.
1931 1067 2014 1096 Plaut.
2038 1069 2108 1097 Asin.
2131 1078 2154 1104 3,
2174 1080 2195 1104 1,
2215 1080 2229 1105 3

1167 1100 1223 1127 Vbi
1248 1101 1320 1136 piem
1346 1100 1489 1136 pietatem,
1518 1102 1536 1127 si
1556 1100 1623 1128 istoc
1644 1110 1720 1128 more
1738 1107 1870 1128 moratam
1891 1100 1942 1129 tibi
1964 1104 2091 1138 postulem
2114 1108 2231 1142 placere:

2153 202 2233 246 894

2027 284 2114 311 Ardor
2136 285 2230 320 pineus

1701 671 1780 697 Locus
1789 674 1862 707 pinis
1880 670 1996 706 consitus.
2033 673 2175 700 Murmura
2191 673 2231 708 pi-

1702 707 1769 733 l'lin.
1784 716 1829 742 27,
1844 713 1857 738 8
1882 707 2131 741 chrysolachanum
2144 709 2173 736 in
2190 709 2231 745 pi-

243 958 336 991 Qium
356 956 388 983 de
412 955 530 983 lanionis
551 956 584 982 D.
607 955 640 982 de
659 953 735 981 fund.
756 954 830 981 instr.
845 953 887 980 vel
904 954 1026 982 instrum.
1049 955 1101 991 leg.
1116 968 1152 987 20
1168 954 1235 982 Fast.
1252 963 1283 988 3,
1305 960 1344 988 8⁴·

77 1144 195 1165 1²1s'r0
208 1143 227 1164 R
239 1143 385 1169 IENSIS,
405 1143 429 1163 e.
448 1134 510 1162 Adi.
550 1133 624 1162 Festa
645 1143 697 1162 vox
718 1143 773 1162 cum
795 1133 909 1168 allufionc
933 1134 969 1162 ad
992 1135 1102 1164 Pistorii
1119 1150 1147 1177 25
1166 1136 1445 1172 colam,custodiam,
1458 1141 1643 1173 interpretatur
1660 1137 1735 1164 Non.
1755 1147 1779 1170 ε,
1793 1140 1850 1170 ⁶36.
1889 1139 1936 1166 Sed
1947 1140 2053 1175 foditur
2077 1142 2156 1175 idem,
2174 1153 2230 1169 cum

37 1174 113 1202 orbis
133 1177 208 1201 ciues.
246 1173 330 1200 Plaut.
354 1173 476 1207 Capt..1,
490 1180 514 1204 2,
532 1179 564 1207 57
581 1171 626 1199 vbi
645 1179 743 1206 genera
761 1170 961 1199 Pistorienfium
982 1172 1101 1200 militum

33 1210 110 1248 jacit
123 1211 248 1238 Panieeos
260 1216 287 1237 et
305 1208 481 1236 Placentinos.

76 1252 110 1273 ri
121 1253 134 1272 s
144 1253 166 1274 T
176 1248 223 1272 <¹1³
233 1253 254 1273 A
264 1265 272 1277 ,
291 1253 329 1272 ae.
346 1244 367 1271 f.
403 1242 525 1281 Ponendi
538 1242 677 1279 artificium
691 1249 716 1270 et
729 1246 806 1271 ratio.
842 1244 910 1271 Plin.
927 1250 1000 1278 18,10
1019 1245 1101 1272 Pistu-

40 1290 71 1309 ra
84 1291 139 1309 non
153 1282 275 1310 omnium
289 1280 386 1308 facilis.
457 1278 528 1307 Ibid.
543 1285 557 1310 8
576 1281 608 1307 Et
620 1279 676 1315 ipsa
687 1285 779 1307 autem
792 1288 860 1316 quae
875 1281 1039 1316 euclluntur,
1054 1291 1101 1309 va-

12 1344 14 1351 ,
39 1318 110 1346 riam
123 1318 281 1353 pisturaruni
294 1317 430 1349 rationem
442 1315 550 1344 habent.

23 1366 41 1377 ει
75 1355 275 1382 1’1s‘rnfxv
285 1360 328 1385 Μ,
344 1354 364 1380 i.
385 1361 412 1381 n.
437 1359 461 1379 et
479 1355 735 1384 RISTRINA,ae.
758 1352 778 1378 f.
814 1351 1098 1389 [ipwxonfi‘ormuzov]

27 1377 128 1423 hocas,
143 1393 171 1417 in
185 1399 231 1427 quo
243 1393 320 1427 panis
330 1387 444 1425 pinfitur
456 1388 530 1429 ctfie.
565 1389 643 1416 Varr.
657 1389 690 1415 de
702 1389 733 1415 L.
748 1388 779 1415 L.
787 1387 815 1422 lt,
823 1398 848 1422 31
868 1390 965 1421 Pilum,
980 1390 1054 1426 quod
1066 1400 1100 1417 eo

38 1426 82 1454 sar
104 1426 212 1462 pinsunt
228 1437 233 1453 :
270 1425 298 1453 id
319 1426 368 1453 vbi
387 1424 433 1458 fit,
460 1424 603 1460 pistrinum
618 1435 623 1451 z
661 1425 682 1450 L
696 1430 723 1450 et
739 1424 753 1451 S
765 1426 836 1452 inter
849 1425 875 1452 se
890 1427 965 1461 saepe
978 1436 1099 1454 commu-

30 1467 104 1491 ttant.
175 1462 245 1495 Adel.
258 1461 357 1497 Pallad.
373 1470 382 1488 1
397 1466 416 1488 t.
428 1469 472 1494 42.
545 1460 612 1487 Plin.
621 1465 679 1493 18‚9
700 1459 836 1496 E‘filigine
849 1462 1001 1490 lautitiimus
1014 1463 1100 1499 panis,

37 1499 264 1535 pistrinarumque
275 1500 356 1533 Opera
369 1496 550 1524 laudatiffima.
621 1495 691 1524 Add.
705 1495 780 1524 Idem
795 1505 831 1531 19,
845 1503 867 1528 8.

39 1544 97 1562 num
109 1542 190 1562 autem
204 1538 347 1571 mitiquitus
361 1544 375 1560 a
391 1533 501 1560 dominis
513 1532 680 1560 trudebantur
687 1532 759 1569 serui
770 1533 799 1560 ob
809 1544 908 1562 noxam.
953 1535 1024 1562 Vnde
1030 1536 1100 1563 Ter.

37 1571 68 1598 in
80 1568 176 1598 Heaut.
191 1581 212 1605 3,
226 1580 250 1604 2,
265 1579 295 1604 19
316 1569 431 1597 Pistriuo
444 1569 549 1604 dignus.
654 1567 759 1595 Dedere
771 1569 888 1605 aliquem
902 1571 931 1597 in
944 1571 1098 1605 pistrinum,

36 1606 92 1635 vid.
105 1613 199 1636 DEDo.
271 1606 422 1634 Detrudere
448 1611 476 1633 et
497 1604 669 1639 compingere
689 1604 807 1640 aliquem
822 1607 851 1633 in
865 1607 999 1642 quoddam
1014 1607 1100 1642 pistri-

38 1652 105 1671 num
126 1644 184 1671 Cic.
199 1642 232 1670 de
243 1643 319 1670 Orat.
334 1651 354 1675 1,
368 1644 405 1676 46
417 1651 441 1669 c.
455 1650 488 1668 ιι.
560 1640 718 1668 Molendum
731 1642 760 1667 in
780 1642 893 1677 pistrino
911 1643 981 1671 Ter.
991 1644 1098 1672 Phorm.

37 1688 49 1706 1
76 1687 86 1694 ·
110 1687 119 1705 1
140 1699 147 1706 .

38 1687 140 1748 xidierz
151 1715 180 1742 in
191 1714 286 1742 eodeni
298 1714 412 1751 pistrino
425 1723 485 1741 cum
497 1713 591 1748 aliquo
617 1711 673 1738 Cic.
687 1709 721 1737 de
734 1712 809 1739 Orat.
821 1722 850 1746 2‚-
863 1723 918 1747 ¹44·

76 1756 312 1784 PISTRILLA,
331 1759 372 1778 ae.
392 1750 413 1776 f.
438 1749 541 1776 Dimin.
575 1757 592 1774 a
610 1753 817 1775 Pis'raiNA.
858 1749 926 1775 Ter.
942 1748 1055 1784 Adelph.
1069 1759 1099 1784 4,

38 1796 66 1820 2,
81 1795 115 1821 45
136 1786 213 1822 Apud
226 1787 314 1822 ipsum
327 1787 413 1813 lacum
427 1784 464 1811 est
477 1782 601 1818 pistrilla,
616 1787 643 1808 et
657 1782 834 1809 exaduersum
848 1784 884 1809 est
895 1784 1007 1811 fabrica.
1046 1787 1100 1811 Ve-

37 1829 106 1850 teres
125 1823 233 1858 (iuquit
249 1822 285 1849 ibi
303 1822 441 1851 Donatus)
460 1818 580 1846 absolute
591 1817 717 1844 dicebant
730 1817 885 1851 Pistrinarn,
907 1826 935 1846 vt
955 1820 1099 1853 Sutrinam,

33 1863 61 1885 ‘et
73 1858 252 1889 Medicinam,
267 1856 301 1884 ad
313 1856 450 1884 tabernam
463 1854 618 1882 referentes.

34 1897 78 1922 tto
91 1901 188 1927 genere
201 1893 309 1920 dicitur.
345 1891 389 1919 sed
401 1890 521 1918 Lucilius
537 1889 717 1917 decimosexto
730 1890 863 1918 feminine
882 1892 993 1925 extulit,
1008 1894 1097 1921 Media

35 1938 51 1958 e
63 1926 191 1971 pistrina,
210 1928 241 1956 ad
256 1928 395 1955 tabernam
408 1927 542 1958 referens,
561 1932 589 1954 vt
602 1927 731 1961 Caupona
744 1927 852 1965 dicitur.
903 1928 973 1955 Nam
987 1935 1013 1956 et
1026 1930 1096 1957 Ter.

32 1966 199 1994 diminutiue
212 1964 354 1993 Pistrillam
373 1963 462 1996 dixit,
480 1962 558 1998 Apud
572 1962 660 1997 ipsum
673 1962 760 1989 lacum
774 1962 812 1990 est
825 1963 947 1998 pistrilla.

69 2009 86 2029 P
95 2010 126 2029 18
137 2008 158 2028 Τ
170 2007 189 2028 R
201 2009 213 2027 Ι,
223 2008 245 2027 N
257 2008 274 2028 E
282 2007 305 2028 N
313 2008 326 2028 S
337 2008 367 2028 {S
376 2021 396 2036 ⁵.-
405 2009 429 2026 e.
448 1999 511 2025 Adi.
547 1998 623 2033 Qud
632 1997 667 2025 ad
677 1997 814 2038 pistrinum
830 2007 950 2034 pertinet.
986 2001 1096 2028 Sueton.

208 1705 213 1707 ,
250 1678 376 1706 Tradere
388 1678 508 1714 aliquem
524 1677 553 1703 in
567 1676 707 1711 pistrinum
737 1677 796 1704 Cic.
810 1679 905 1711 Quint.
921 1679 1006 1706 Fratr.
1026 1689 1053 1712 1,
1072 1685 1146 1710 2-40
1165 1686 1203 1711 25.

714 1853 817 1881 Charis.
832 1863 843 1881 1
866 1854 1011 1883 Pistrinum
1025 1858 1098 1884 Neu·
1109 1862 1143 1890 45
1162 1863 1254 1883 taurus
1270 1856 1382 1884 viffima
1399 1857 1531 1884 exanimis
1543 1856 1662 1884 concidit
1679 1856 1797 1893 Obsequ.
1811 1867 1832 1884 c.
1850 1867 1904 1891 107.

1166 1182 1195 1206 4,
1210 1175 1255 1206 363
1271 1180 1310 1200 att
1323 1174 1399 1201 Piare
1412 1173 1455 1207 effe
1474 1174 1606 1208 impiare,
1620 1173 1818 1201 contaminare:
1838 1173 1911 1209 idque
1921 1177 2012 1210 probat
2026 1189 2053 1204 e.»-
2071 1179 2146 1212 Viig.
2162 1180 2229 1206 Aen,

1167 1211 1193 1241 6,
1207 1211 1256 1243 569
1277 1210 1306 1236 dc
1319 1219 1365 1246 quo
1378 1219 1434 1236 mox
1448 1213 1476 1236 in
1496 1215 1678 1237 PIACVBVM.
1718 1209 1812 1236 Parrus
1826 1211 1885 1235 Lex.
1894 1211 2073 1247 (lrjtsprqffrp
2086 1224 2115 1240 gx
2123 1215 2231 1249 Nonio,

1167 1245 1244 1272 Piare
1263 1245 1308 1281 pie
1327 1255 1432 1278 amare,
1453 1252 1477 1272 ct
1490 1247 1568 1273 Iocum
1584 1245 1703 1278 Naeuii,
1723 1246 1813 1273 Nemo
1825 1246 1863 1272 est
1883 1247 1932 1281 qui
1950 1256 2033 1277 magis
2050 1250 2109 1276 suos
2128 1251 2182 1285 pict
2197 1251 2228 1278 li-

1164 1281 1253 1309 beros.
1291 1282 1398 1309 Maneat
1410 1291 1483 1319 ergo,
1502 1283 1577 1310 Piare
1590 1280 1633 1316 effi?
1651 1285 1692 1319 pie
1704 1280 1835 1309 tractare:
1849 1289 1929 1317 prout
1949 1279 2038 1310 clei-:ide
2053 1286 2183 1321 rrscrtur,
2196 1286 2232 1314 ad

1116 1334 1149 1358 30
1165 1317 1320 1351 hominem,
1338 1318 1372 1345 ad
1384 1325 1536 1353 peccatum,
1549 1318 1584 1345 ad
1599 1319 1686 1350 sacra;
1706 1321 1745 1345 ita
1758 1319 1800 1344 vel
1805 1325 1920 1354 purgare
1932 1329 2013 1352 noxa,
2034 1323 2074 1347 vel
2090 1321 2193 1357 auferre
2207 1329 2231 1350 et

1165 1357 1281 1390 expiare,
1300 1356 1340 1381 ve!
1350 1353 1405 1390 post
1424 1355 1584 1381 violationem
1597 1355 1634 1381 ali
1652 1364 1708 1381 uam
1726 1355 1842 1382 honorem
1854 1354 1929 1391 finem
1941 1355 2042 1382 reddere
2057 1364 2079 1382 ce
2098 1358 2234 1402 velutpla-

1164 1400 1222 1417 care
1239 1389 1265 1424 fi
1284 1390 1389 1426 vificat,
1408 1390 1475 1427 quod
1497 1391 1606 1426 exempla
1644 1390 1753 1417 ocebzmt.
1790 1391 1850 1418 Vet.
1871 1391 1951 1418 Gloss.
1971 1393 2078 1425 Piatur,
2103 1392 2231 1429 ἑγιιίςεται

1164 1426 1208 1460 ιρι)
1224 1400 1380 1461 ‚zo-galenus.
1419 1427 1560 1454 Censorin.
1582 1435 1610 1453 22
1637 1427 1679 1454 Est
1692 1426 1835 1460 februum,
1849 1427 1984 1463 quidquid
2003 1429 2058 1463 piat
2071 1437 2232 1466 purgatque.

1165 1463 1240 1497 Virg.
1257 1463 1323 1489 Aen.
1339 1471 1364 1496 2,
1378 1471 1426 1496 140
1454 1464 1484 1490 Et
1505 1463 1610 1498 culpam
1629 1463 1790 1490 miscrorum
1805 1469 1893 1490 morte
1912 1463 2034 1498 piabunt.
2054 1481 2060 1487 ·
2108 1466 2164 1493 Cic.
2178 1476 2229 1502 pro

959 1500 991 1526 In
1010 1498 1100 1535 pzstri-
1115 1510 1144 1536 ὃς
1165 1499 1254 1525 Domo
1269 1507 1304 1531 131
1319 1507 1341 1525 c.
1355 1508 1379 1529 ς1
1405 1498 1511 1534 Siquid
1527 1499 1579 1526 tibi
1598 1505 1643 1526 aut
1658 1499 1799 1534 piandum,
1820 1507 1864 1532 aut
1879 1500 2075 1528 instituendum
2089 1502 2177 1529 fuuset
2190 1512 2232 1529 re.

1165 1534 1268 1569 ligione
1286 1534 1438 1562 domestica.
1511 1536 1576 1562 Aras
1589 1536 1664 1571 piare
1677 1541 1737 1562 ture
1753 1536 1873 1570 Propert.
1886 1543 1910 1569 3,
1924 1545 1963 1570 ιο,
1978 1545 2016 1570 19.
2089 1538 2166 1565 Busta
2181 1538 2230 1567 ho-

1164 1570 1236 1598 stilia
1264 1570 1342 1606 piasti
1373 1570 1458 1598 Ouid.
1478 1571 1543 1598 Met.
1565 1580 1598 1604 13,
1620 1580 1668 1605 515.
1759 1571 1853 1599 Clades
1871 1573 1945 1607 piare
1972 1574 2094 1608 Propert.
2115 1584 2138 1608 3,
2159 1584 2188 1608 4,
2201 1584 2231 1609 9.

1164 1607 1288 1642 Corpora
1299 1607 1407 1642 piantur
1421 1607 1503 1634 Ouid.
1518 1608 1585 1634 Fast.
1602 1617 1624 1640 2,
1637 1617 1678 1642 29.
1735 1607 1840 1634 Delic'ta
1853 1609 1927 1642 piare
1950 1609 1997 1636 Sil.
2014 1618 2053 1644 17,
2067 1612 2118 1643 565.
2177 1612 2230 1639 De-

1164 1642 1243 1670 lubra
1256 1644 1364 1678 piantur
1378 1643 1502 1670 caedibus
1521 1644 1597 1670 Idem
1610 1653 1639 1677 4,
1653 1651 1706 1674 821·
1781 1644 1876 1671 Fontes
1893 1645 1984 1678 piandi
2012 1646 2131 1680 Propert.
2145 1656 2176 1681 4,
2189 1656 2230 1680 10,

1273 1680 1389 1713 Fulgura
1396 1680 1482 1714 'atque
1495 1680 1597 1706 ostenta
1611 1680 1686 1713 piare
1707 1679 1764 1706 Cic.
1780 1679 1812 1706 de
1827 1679 1919 1714 Legib.
1935 1689 1961 1711 2,
1974 1689 2011 1707 21.
2083 1682 2155 1708 Iram
2175 1683 2232 1717 pia·

1164 1715 1206 1741 vit
1219 1713 1299 1740 caede
1319 1716 1439 1748 Propert.
1452 1725 1473 1747 3,
1487 1724 1515 1747 19
1531 1718 1580 1747 (¹5)
1595 1720 1630 1744 18·
1703 1716 1779 1741 Mors
1792 1722 1882 1742 morte
1897 1715 1992 1749 pianda
2007 1715 2044 1742 est
2065 1717 2149 1744 Ouid.
2165 1718 2232 1746 Met.

1164 1754 1188 1779 8,
1202 1755 1259 1781 483.
1333 1750 1415 1775 Nefas
1431 1750 1504 1784 piare
1519 1751 1595 1783 Virg.
1609 1751 1675 1775 Aen.
1691 1757 1715 1780 2,
1731 1754 1786 1783 184.
1859 1751 1919 1777 oss'a
1932 1752 2008 1785 piare
2028 1750 2103 1778 Ideni
2118 1753 2187 1780 ibid.
2203 1756 2232 1788 6,

1163 1792 1222 1818 379.
1291 1785 1384 1811 Ritum
1399 1785 1490 1819 piandi
1507 1786 1621 1812 Prodere
1640 1785 1722 1811 Ouid.
1735 1785 1802 1812 Fast.
1819 1794 1843 1818 3,
1856 1794 1911 1818 291.
1987 1787 2019 1813 Et
2036 1786 2115 1815 labor
2128 1789 2156 1815 in
2175 1799 2230 1817 ma-

1163 1820 1229 1855 gicis
1243 1820 1319 1847 Sacra
1334 1821 1408 1855 piare
1422 1821 1490 1847 focis
1510 1821 1630 1855 Propert.
1647 1829 1667 1854 1,
1683 1830 1701 1852 1,
1716 1830 1755 1847 co.
1826 1822 1988 1859 Imperfhnal.
2010 1824 2080 1850 Cum
2098 1825 2232 1860 piaretur,

1978 1859 2052 1887 Piari
2066 1868 2126 1893 eoa,
2142 1863 2232 1891 veluti

1163 1893 1276 1928 proprio
1301 1893 1404 1926 verbo,
1425 1894 1462 1920 ait
1476 1894 1605 1925 Verrius,
1623 1893 1672 1928 qui
1697 1898 1792 1928 parum
1810 1893 1860 1920 sint
1880 1895 2009 1928 animati,
2026 1904 2112 1931 quum
2130 1898 2230 1926 mentis

1162 1930 1223 1956 suae
1237 1938 1291 1956 non
1304 1929 1368 1956 sint:
1391 1936 1418 1957 et
1431 1929 1618 1965 perquaedam
1631 1929 1715 1956 verba
1728 1929 1880 1958 liberantur
1893 1930 2078 1959 incommodo.
2092 1933 2191 1968 Festus,
2205 1941 2231 1962 et

1162 1966 1285 1992 Verrius.

1199 2007 1231 2025 Pl
1242 2007 1264 2026 A
1276 2005 1363 2031 Tio,
1381 1999 1450 2026 onis.
1480 2000 1501 2027 f.
1540 2000 1606 2027 Plin.
1621 2005 1661 2030 28,
1677 2009 1689 2026 2
1703 2000 1722 2026 s.
1739 2007 1752 2033 ς
1773 2000 1802 2026 de
1820 2000 1884 2027 cibo
1905 2010 1919 2027 e
1933 2010 2014 2029 manu
2033 2005 2160 2040 prolapso
2176 2016 2229 2034 ma.

31 2034 64 2066 in
77 2034 199 2072 Calig.‘c.
213 2044 244 2069 39
263 2035 405 2071 Qnidquid
418 2032 589 2061 instrumenti
601 2039 701 2060 veteris
714 2034 790 2060 aulae
806 2041 878 2067 erat,
897 2034 930 2061 ab
945 2035 1011 2061 vrbe
1023 2045 1097 2070 repe-
1112 2044 1144 2070 ςο
1159 2036 1212 2062 lum
1224 2045 1293 2061 omen
1305 2035 1439 2071 faciente,
1461 2036 1533 2062 Inter
1546 2035 1760 2068 exsecratiffima,
1781 2036 1799 2062 fi
1815 2036 1940 2064 Pontifici
1953 2039 2056 2066 accidat
2070 2041 2140 2068 DitIs
2152 2044 2230 2070 causa

33 2075 97 2106 tiit,
115 2072 309 2107 comprehensis
331 2071 363 2098 ad
389 2069 584 2106 deportandum
609 2069 759 2096 meritoriis
780 2078 888 2104 quoquc
903 2071 1051 2105 vehiculis,
1071 2078 1098 2099 et

33 2109 237 2146 pistrinenfibus
248 2107 385 2135 iumentis.
490 2107 529 2133 De
541 2105 617 2132 mulis
628 2104 765 2141 usurpatur
778 2105 848 2133 Suet.
861 2106 934 2133 Caes.
949 2116 970 2134 c.
984 2116 1021 2140 32.
1058 2109 1097 2135 De

33 2146 139 2173 caballis
157 2145 231 2178 Seru.
245 2145 301 2171 ICt.
315 2143 348 2170 de
365 2142 481 2178 Legatis.

70 2187 238 2209 Pis'rnlu
251 2187 394 2212 ARivs4
414 2180 432 2206 i.
453 2188 491 2206 m.
526 2175 636 2211 pistrini
649 2175 744 2210 custos,
764 2178 806 2204 vel
818 2181 950 2205 exercitor.
988 2178 1096 2213 leian.

35 2218 54 2245 l.
70 2227 80 2245 1
93 2219 126 2245 D.
142 2216 260 2254 Depofiti
272 2214 297 2254 §.
310 2216 338 2242 Si
351 2215 410 2251 quis
424 2216 532 2242 seruum
544 2213 747 2241 custodiendum
762 2215 908 2242 coniecerit
922 2215 994 2241 forte
1017 2216 1045 2241 iu
1058 2215 1098 2250 pi·
1112 2217 1141 2244 55
1162 2224 1309 2243 numerem.

36 2254 170 2282 strinum:
206 2252 225 2280 fi
243 2252 353 2288 quidem
373 2259 474 2279 merces
493 2249 640 2278 interuenit
652 2249 802 2284 custodiae,
815 2257 882 2286 puto
893 2250 1030 2278 achonem
1047 2252 1097 2279 esse

33 2290 157 2318 aduersus
170 2288 353 2325 pistrinarium
366 2297 398 2315 ex
415 2286 558 2315 conducto.

70 2333 86 2353 P
95 2335 105 2353 1
114 2332 156 2354 ετ
166 2332 205 2352 111
216 2332 239 2352 N
250 2332 296 2353 AL
308 2331 318 2351 1
329 2331 342 2350 s
351 2345 361 2358 ,
382 2334 406 2352 e.
428 2323 489 2350 Adi.
526 2324 564 2349 Ex
571 2320 692 2358 pistrino.
731 2322 865 2349 Columel.
881 2330 907 2358 7,
921 2332 948 2356 9,
960 2331 973 2356 3
994 2323 1094 2351 Album

33 2371 113 2399 pecus
131 2361 276 2397 pistrinale.
309 2360 462 2432 destficibus,
480 2359 546 2396 quod
559 2359 639 2395 felici
655 2357 815 2400 comestura,
836 2363 878 2386 cui
888 2358 943 2394 pas?
950 2360 1041 2396 fauere
1055 2360 1096 2387 de-

20 2394 816 2469 lffiessegfflupbtuitssffiupeagasserzalfffiprgfpssstgpssgies
832 2430 1028 2467 serophipasci,
1047 2433 1095 2468 qui

0 2476 6 2485 ⁴
57 2476 104 2497 unt
119 2469 224 2497 furfure
236 2470 302 2497 sues.
378 2480 381 2482 ·
694 2474 698 2476 '

37 2506 104 2535 *Pl
115 2513 205 2538 NVS,
223 2505 245 2534 i.
271 2512 294 2532 et
316 2504 354 2532 i'is.
374 2504 396 2532 f.
433 2504 540 2538 [πίτυς]
575 2501 661 2530 Arbor
673 2501 788 2539 refinofit.
826 2504 894 2531 Plin.
907 2506 945 2537 16,
959 2513 988 2532 10
1006 2506 1044 2532 Ex
1057 2505 1092 2532 iis

29 2530 110 2578 *finus
129 2548 209 2578 atque
227 2541 342 2577 pinaster
362 2541 462 2568 folium
474 2539 574 2567 habent
587 2538 768 2574 capillamenti
781 2539 863 2566 modo
880 2546 1024 2574 praetenue
1036 2541 1095 2568 lon-

33 2580 167 2614 gumque,
185 2583 210 2605 et
222 2585 353 2604 mucrone
365 2577 522 2604 aculeatum.
561 2576 642 2602 Pinus
656 2575 708 2603 fert
722 2575 864 2602 minimum
876 2576 992 2611 refluae,
1013 2577 1094 2604 inter·
1111 2578 1142 2611 65
1158 2578 1193 2603 Ea
1215 2586 1300 2612 prima
1320 2579 1423 2612 piacula
1443 2579 1531 2604 sunto.

34 2614 97 2642 dum
110 2624 142 2641 ex
155 2614 267 2641 nucibus
278 2613 347 2649 iplis.
382 2613 469 2639 Ablat.
488 2612 554 2647 pinu
567 2609 601 2644 est
620 2612 727 2638 Vitruu.
743 2620 765 2644 2,
779 2620 804 2645 9.
876 2613 952 2647 Virg.
968 2613 1094 2648 Ecl.7‚65

34 2650 165 2677 Fraxinus
177 2650 207 2676 in
221 2650 293 2676 filuis
305 2649 499 2684 pulcherrima,
516 2648 593 2683 pinus
608 2647 636 2674 in
650 2647 745 2675 hortis.
800 2647 854 2674 vid.
869 2648 894 2674 b.
907 2649 927 2674 l.
943 2650 1094 2676 Germanum

40 2685 139 2713 Valent.
164 2685 239 2712 Guell.
262 2687 436 2721 Pimpmzeium.
531 2684 612 2710 Pinus
636 2691 691 2710 erat
710 2683 894 2719 (Drbelesacra,
912 2684 992 2720 quod,
1014 2692 1044 2712 vt
1056 2689 1095 2712 ait

35 2721 118 2749 Ouid.
140 2721 204 2748 Met.
224 2730 264 2753 10,
283 2729 327 2754 104
356 2720 499 2753 Cybeleius
513 2720 577 2753 Atys
615 2719 688 2746 Exiit
706 2720 755 2747 hac
767 2719 923 2753 hominem,
942 2727 1093 2757 truncoque

27 2757 159 2785 *induruit
172 2757 231 2784 illo.

34 2802 116 2830 quam
138 2794 242 2828 semper
263 2792 335 2820 statis
356 2792 450 2819 diebus
469 2793 498 2819 in
516 2790 603 2818 Deum
622 2793 715 2819 matris
730 2792 910 2820 intromittitis
925 2792 1094 2821 sanctuario?

34 2838 124 2858 nonne
139 2830 212 2856 illius
228 2829 318 2864 imago
333 2827 369 2854 est
383 2827 499 2861 arboris,
519 2828 566 2854 sub
580 2836 633 2863 qua
646 2827 696 2854 fibi
710 2830 774 2861 Atys
787 2829 878 2855 virum
891 2829 1007 2856 demeffis
1020 2831 1093 2865 geui-

15 2874 17 2878 ·
33 2865 131 2894 talibus
143 2865 253 2893 abstulit
268 2866 276 2891 3
349 2865 380 2891 Et
392 2873 449 2891 mox
461 2874 485 2900 p.
495 2866 539 2894 168
558 2864 615 2891 Cur
627 2865 705 2899 pinus
718 2865 772 2900 ipsa
786 2864 876 2898 paullo
890 2871 950 2893 ante
962 2866 990 2892 in
1004 2866 1093 2894 dumis

33 2901 218 2930 inertiffimum
230 2907 325 2927 nutans
339 2899 441 2935 lignum
450 2919 458 2932 ‚
476 2908 540 2927 mox
555 2905 584 2927 vt
595 2900 708 2935 aliquod
722 2901 842 2934 praesens
856 2908 936 2937 atque
950 2903 1092 2938 augustiffi-

32 2947 109 2966 mum
134 2947 234 2965 numen
253 2935 341 2964 Deum
359 2937 452 2963 matris
473 2936 647 2964 constituatur
664 2937 693 2963 in
705 2935 810 2963 sedibus
827 2938 835 2964 3

35 2974 112 3010 Virg.
127 2975 194 3001 Aen.
208 2982 234 3007 9,
247 2978 276 3006 83
300 2973 380 2999 Pinea
397 2972 466 2999 silua
480 2971 550 2999 mibi
571 2971 669 2999 multos
686 2971 785 2999 dilecta
801 2982 848 3007 per
867 2982 959 3001 annos.
998 2977 1028 3001 ln
1045 2975 1092 3002 {cla

33 3013 100 3038 enim
109 3018 205 3042 monte,
223 3010 266 3036 vbi
279 3007 434 3045 sanHzJJJme
454 3008 594 3041 colebatur,
610 3011 688 3044 pinus
706 3008 859 3041 abundabat,
879 3017 902 3036 et
921 3013 1042 3045 cipimus
1056 3011 1092 3036 ibi

34 3047 104 3077 lucus
118 3046 194 3084 sacer
212 3052 276 3073 erat.
317 3045 376 3071 Vid.
391 3044 463 3071 Seru.
478 3043 512 3071 ad
523 3045 548 3072 h.
562 3045 579 3071 1.
675 3043 808 3072 Siluarum
821 3046 908 3080 gloria
922 3047 999 3080 pinus
1028 3047 1091 3073 Stat.

28 3081 61 3115 ’δ’
74 3092 100 3110 u.
114 3091 137 3116 ς,
150 3092 170 3116 ι,
183 3090 230 3116 151.
303 3081 401 3112 Acuta,
423 3080 476 3107 vid.
497 3086 594 3107 ACVO.
691 3082 774 3108 Acuta
793 3082 856 3116 pinu
869 3082 1034 3117 praecinctus
1051 3091 1090 3109 ca-

64 3145 68 3147 .
90 3119 146 3146 Pan
165 3117 248 3146 Ouid.
262 3116 326 3144 Met.
343 3126 362 3150 1,
376 3120 438 3150 699.
509 3116 568 3143 Alta
585 3116 662 3152 Virg.
677 3117 775 3151 Georg.
788 3126 813 3150 2,
826 3123 881 3151 389.

57 3144 120 3190 ἳῗὶἷὴ
136 3155 231 3182 Amata
251 3153 302 3180 deo
323 3155 443 3189 Propert.
459 3162 479 3185 1,
491 3158 527 3185 18,
539 3161 580 3180 20.
690 3154 822 3180 Annosam
843 3155 935 3188 pinum
958 3155 1090 3181 reuellere

59 3186 130 3217 hmo·
147 3186 230 3218 Ouitl.
245 3190 315 3217 Met.
337 3199 373 3223 ιε,
394 3197 450 3224 337.
545 3188 626 3216 Caesa
648 3189 786 3216 montibus
817 3190 898 3217 Ouid.
918 3192 983 3217 Met.
1005 3200 1025 3223 1,
1045 3199 1091 3223 94.

38 3224 236 3255 Cirmmtonsae
248 3226 393 3261 trepidanti
406 3225 508 3255 vertice
520 3225 605 3260 pinus,
623 3226 728 3252 Petron.
742 3235 763 3252 c.
777 3234 822 3258 131.
928 3228 1007 3254 Eruta
1021 3226 1091 3253 radi-

38 3259 113 3286 cibun
129 3261 204 3296 Virg.
217 3263 282 3289 Aen.
297 3270 318 3295 ς,
331 3271 396 3297 449.
505 3261 653 3289 Gallinaria
675 3263 769 3288 quen.
784 3262 834 3290 Sat.
845 3271 869 3296 3,
882 3272 937 3295 307.
1010 3263 1092 3290 Grata

40 3294 122 3322 deum
143 3297 223 3324 matri
256 3297 339 3325 Ouid.
360 3299 424 3325 Met.
434 3307 478 3331 10,
493 3307 551 3334 104.

37 3332 162 3367 Loquens
176 3333 254 3367 pinus
273 3334 350 3369 Virg.
364 3334 418 3360 Ecl.
431 3340 455 3366 8,
468 3343 511 3361 22.

3 3384 9 3387 -
35 3368 126 3396 Canu.
144 3376 165 3402 1,
177 3377 217 3402 14,
231 3377 256 3395 11
273 3379 360 3398 nauem
372 3369 512 3405 alloquens,

46 3436 51 3443 .
235 3405 364 3437 Quamuis
381 3405 490 3432 Pontica
509 3405 588 3440 pinus

1 3447 21 3453 x
235 3439 323 3466 Siluae
344 3441 400 3468 filia
423 3440 526 3467 nobilis

235 3475 318 3502 Iafies
331 3483 358 3504 et
374 3486 456 3512 genus
473 3481 500 3502 et
516 3485 614 3505 nomen
630 3478 738 3506 inutile.

37 3512 93 3539 Hoc
103 3511 158 3538 ideo
172 3510 242 3538 dixit
254 3511 324 3538 Hor.
338 3516 398 3548 quia
409 3516 437 3540 in
451 3512 598 3548 Pontosuit
615 3518 711 3551 optima
725 3518 833 3543 materia
852 3516 966 3545 naualis,
984 3515 1027 3541 vel
1044 3514 1093 3541 Ca-

37 3548 104 3574 tullo
119 3546 193 3580 teste,
211 3550 238 3574 in
255 3547 366 3583 Phafilo,
390 3558 457 3584 quem
471 3547 613 3584 indeficiffe
623 3555 670 3578 ait.
779 3552 856 3579 Sacra
869 3550 994 3587 pendebit
1007 3550 1094 3577 fistula

37 3583 112 3619 Virg.
126 3584 179 3622 Ecl-
193 3591 218 3619 7,
233 3585 272 3616 63·
377 3583 513 3613 Succinffta
526 3592 628 3618 comas,
647 3586 802 3623 hirsutaque
815 3589 915 3615 vertice
936 3586 1092 3614 Ouid.Met.

37 3628 77 3652 10,
91 3628 141 3652 193.
237 3619 352 3647 Trunca
376 3619 452 3654 Virg.
473 3620 537 3646 Aen.
550 3618 575 3653 ζ,
586 3622 644 3653 639.
737 3624 881 3652 Vberrima
908 3624 981 3657 virg.
995 3623 1092 3656 Georg.

37 3663 67 3689 4,
80 3663 131 3689 141.
224 3655 305 3682 Siluis
325 3661 448 3683 euertere
461 3656 566 3690 pinum*
582 3655 656 3682 Idem
670 3658 736 3686 ibid..
753 3669 771 3692 1,
785 3663 844 3694 256.

37 3699 136 3718 norum
151 3691 216 3718 Plin.
230 3700 270 3724 23,
283 3701 298 3719 2
392 3700 402 3703 ‘¹
503 3688 530 3754 ἃ
549 3700 576 3719 2⁴
603 3692 676 3719 Caua
688 3695 780 3729 pinus,
795 3704 845 3733 pe,-
855 3695 1029 3732 synecdochen
1045 3702 1093 3730 pro

37 3726 92 3763 {psa
108 3727 195 3760 Noui,
213 3737 274 3764 quae
287 3738 317 3754 ex
325 3730 391 3764 pinu
402 3724 501 3759 conflru
530 3737 546 3754 a
559 3725 593 3760 est
612 3727 702 3755 Valer.
711 3733 814 3766 Argon.
831 3742 851 3764 ι,
863 3737 922 3766 687.
994 3731 1094 3766 Operta

38 3763 100 3789 Stat.
112 3761 204 3790 Theb.
218 3771 242 3797 ς,
255 3770 307 3797 388-
424 3762 520 3790 Tarda
552 3763 630 3798 pinus
659 3765 775 3797 pondere
812 3769 889 3802 Virg.
910 3768 975 3794 Aen.
996 3775 1024 3800 ς,
1045 3775 1094 3800 133.

79 3806 92 3831 3
129 3797 208 3825 Pinus
220 3798 254 3832 23st
266 3804 340 3827 etiam
358 3800 428 3831 Flos,
440 3798 500 3835 stil-
515 3798 699 3834 Chamaepieys.
733 3803 809 3837 Virg.
824 3805 921 3838 Georg.
936 3812 964 3836 4,
976 3811 1016 3829 112
1035 3803 1093 3837 Ipse

39 3838 50 3861 t
70 3842 162 3867 ymuin
174 3834 303 3876 pinosque
315 3836 405 3864 ferens
417 3834 450 3862 de
463 3834 602 3863 montibus
615 3835 684 3862 altis.
745 3837 804 3864 Vid.
814 3840 852 3867 ibi
869 3839 1007 3867 Taubman.

37 3869 131 3904 scalig.
144 3869 178 3896 ad
189 3870 266 3906 Virg.
277 3872 338 3899 Cul.
355 3881 380 3908 p.
394 3880 435 3906 41.

75 3912 109 3933 ΡΙ
119 3911 211 3936 NEA,
227 3914 266 3934 ae.
310 3908 331 3936 f.
374 3912 450 3936 ctiam
463 3908 566 3935 dicitur.
607 3907 712 3940 [πίτυς]
755 3907 886 3938 Columel.
902 3920 924 3944 ς,
941 3919 980 3943 10,
994 3919 1023 3945 ¹4
1042 3911 1093 3938 Eo-

37 3940 100 4004 ffdrdn
122 3946 244 3976 tempore
253 3942 433 3980 duglandem,
453 3950 480 3973 et
505 3944 629 3980 pineam,
649 3948 677 3969 et
700 3941 843 3973 castaneam
862 3948 949 3976 serere
975 3952 1092 3982 oportet.

100 3998 106 4004 .
120 3985 156 4008 10,
175 3985 232 4010 239.
293 3985 301 3989 *

584 3334 701 3362 Nautica
721 3333 797 3362 ldem
809 3334 877 3363 ibid.
890 3340 963 3369 4,38.
1022 3335 1092 3363 Hor.

824 2397 965 2432 Antiquum
979 2394 1028 2429 est,
1036 2397 1097 2433 sues
1107 2394 1143 2420 60
1159 2404 1280 2431 gennuae
1301 2396 1461 2424 voluntario
1482 2395 1580 2424 damno
1617 2396 1683 2423 Plin.
1697 2404 1740 2432 37,
1753 2407 1772 2424 1.

336 2757 367 2783 Et
382 2756 484 2783 Arnob.
498 2766 509 2787 5
524 2766 549 2790 p.
566 2758 612 2791 167
632 2755 708 2789 Quid
720 2756 793 2783 enim
808 2756 858 2782 sibi
873 2757 929 2783 vult
941 2757 988 2783 illa
1003 2757 1092 2791 Pinus,
1107 2768 1143 2794 70

944 2940 1015 2965 Vnde
1028 2940 1095 2975 apud
1107 2945 1139 2972 73

975 3119 1090 3145 Arcadio
1108 3116 1140 3143 80

646 3299 743 3333 Ingens
781 3298 849 3326 Hor.
874 3300 964 3326 Carin.
979 3308 1004 3331 2,
1016 3307 1040 3331 3,
1055 3308 1090 3327 10.
1105 3299 1135 3328 85

940 3660 1040 3690 Erucae
1054 3659 1093 3693 pi·
1107 3659 1140 3687 95

1160 2071 1289 2106 epulanti.
1327 2071 1359 2097 In
1371 2072 1462 2098 mensa
1475 2071 1571 2107 vtique
1584 2071 1612 2098 id
1626 2072 1739 2106 reponi,
1753 2071 1912 2108 adolerique
1925 2073 1957 2100 ad
1974 2074 2072 2110 larem,
2081 2078 2167 2111 piatio
2180 2079 2228 2106 est.

1195 2114 1210 2133 Ρ
1220 2115 1229 2134 1
1239 2113 1290 2134 AT
1301 2112 1322 2132 R
1332 2115 1342 2133 1
1353 2115 1389 2139 x,
1409 2107 1466 2134 icis.
1487 2107 1507 2134 f.
1545 2107 1692 2135 Dicebatur
1707 2108 1842 2141 Sacerdos,
1854 2118 1923 2144 quae
1938 2110 2047 2145 expiare
2062 2120 2118 2140 crat
2137 2114 2229 2148 schlita,
2265 2111 2267 2114 ’

1159 2152 1243 2178 quam
1263 2143 1373 2178 quidam
1387 2143 1600 2176 Sim'ulatricem,
1617 2144 1666 2171 alii
1680 2144 1783 2178 Sagam,
1800 2145 1849 2172 alii
1865 2146 2044 2180 Expiatricem
2058 2157 2164 2177 vocant.
2180 2152 2227 2178 Fe-

1161 2180 1222 2207 stus.
1259 2179 1340 2206 Plaut.
1353 2179 1414 2206 Mil.
1429 2189 1451 2212 3,
1470 2189 1489 2211 1,
1505 2188 1547 2207 101
1575 2181 1654 2207 Tum
1675 2180 1815 2214 piatricem
1828 2181 1974 2208 clementer
1992 2192 2047 2210 non
2062 2186 2146 2219 potest
2160 2187 2228 2222 quin

1353 2215 1457 2243 Februa
1475 2216 1592 2243 Romani
1604 2216 1697 2243 dixere
1711 2217 1831 2251 piamina
1842 2222 1929 2253 patres
1943 2219 2026 2246 Ouid.
2035 2221 2102 2248 Fast.
2115 2230 2140 2253 2,
2154 2231 2190 2256 19.

1199 2259 1213 2278 Ρ
1223 2260 1234 2279 1
1244 2253 1267 2278 Ᾱ
1275 2259 1300 2278 Μ
1310 2257 1328 2278 Ε
1338 2259 1360 2278 N
1370 2272 1379 2285 ,
1394 2251 1455 2278 inis.
1476 2252 1521 2289 seu
1544 2259 1559 2278 P
1570 2259 1579 2277 1
1589 2259 1612 2279 A
1621 2258 1646 2278 M
1658 2258 1675 2278 Ε
1688 2259 1709 2277 N
1723 2251 1829 2286 T'vM,
1849 2253 1869 2280 i.
1890 2263 1917 2281 n.
1953 2255 2108 2292 [ausafa-15,
2122 2258 2225 2292 οἰφοσίω.

1161 2290 1214 2322 αις]
1251 2288 1282 2314 Id
1295 2293 1360 2319 erat,
1373 2297 1428 2323 quo
1442 2288 1472 2315 in
1484 2287 1620 2323 expiando
1639 2288 1795 2321 vtebantur,
1814 2291 1841 2315 in
1861 2292 1900 2316 uit
1912 2290 2012 2319 Festus.
2069 2293 2174 2322 Februa
2187 2297 2227 2330 pi—

1159 2324 1250 2351 amina
1266 2323 1349 2351 Ouid.
1364 2324 1430 2351 Fast.
1445 2333 1470 2357 2,
1484 2333 1521 2358 19.
1572 2323 1642 2351 Add.
1658 2324 1781 2352 Prudent.
1795 2326 1844 2353 Cat
1865 2334 1917 2354 em.
1930 2335 1958 2360 9,
1971 2335 2009 2359 33.
2081 2330 2227 2358 Doliturae

1157 2360 1255 2391 ,domus
1282 2360 1447 2395 piamentum
1468 2360 1526 2387 Sen.
1547 2360 1580 2387 ad
1607 2360 1688 2387 Helu.
1708 2370 1730 2388 c.
1745 2363 1786 2388 16.
1878 2362 1945 2390 Satis
1957 2363 2088 2398 piamenti
2102 2366 2131 2393 in
2143 2368 2227 2395 vniua

1497 2433 1502 2436 μ
1880 2398 1957 2426 Idem
1970 2408 2011 2432 25,
2024 2409 2044 2434 4
2063 2402 2121 2428 Hac
2135 2404 2226 2431 euulsa

1159 2433 1281 2459 scrobem
1315 2433 1415 2469 repleri
1445 2442 1524 2460 vario
1562 2442 1659 2469 genere
1694 2434 1822 2469 frugum,
1853 2434 1954 2470 religio
1985 2435 2037 2470 est,
2078 2446 2109 2465 ac
2138 2445 2227 2467 terrae

1157 2469 1331 2504 piamentum.

1194 2511 1209 2531 Ρ
1220 2512 1227 2531 1
1238 2513 1260 2532 Α
1271 2511 1289 2532 C
1301 2504 1322 2532 x?
1334 2512 1351 2531 1.
1363 2511 1385 2530 v
1396 2512 1439 2538 Μ,
1460 2505 1479 2532 i.
1500 2514 1527 2532 n.
1566 2504 1762 2540 [domama]
1800 2504 1974 2541 SacrfficIum,
1993 2509 2094 2542 cultus,
2112 2516 2138 2537 et
2154 2510 2229 2546 quid-

1156 2541 1218 2577 quid
1230 2544 1317 2582 agitur
1322 2541 1368 2578 stu
1381 2541 1516 2577 praebetur
1534 2548 1584 2578 pro
1602 2539 1789 2579 Jatitfnflione
1806 2545 1915 2577 peccati.
1969 2543 2045 2579 Virg.
2062 2545 2129 2572 Aen.
2142 2549 2170 2579 6,
2186 2554 2227 2581 153

1253 2611 1258 2616 .
1340 2578 1346 2583 '
1642 2579 1712 2604 Hor.
1727 2578 1816 2604 Carm.
1832 2587 1852 2610 1,
1872 2583 1913 2612 28,
1928 2587 1962 2613 34
1993 2580 2109 2616 Teque·
2120 2583 2227 2617 piacula

1158 2612 1231 2640 nulla
1251 2613 1395 2640 resoluent.
1429 2614 1454 2640 h.
1467 2623 1487 2640 e.
1522 2613 1608 2641 Nullis
1621 2612 1710 2647 hostiis
1725 2621 1748 2639 te
1763 2615 1884 2650 expiabis.
1994 2617 2068 2653 Conf.
2090 2618 2130 2645 Id.
2143 2619 2226 2654 Epist.

1160 2657 1182 2685 1,
1198 2658 1218 2682 1,
1229 2651 1270 2682 36.
1365 2649 1496 2677 Aiic‘tores
1509 2649 1670 2677 defectionis
1683 2649 1717 2676 ab
1732 2650 1876 2684 Romanis,
1895 2650 2000 2685 piacula
2014 2653 2072 2679 irae
2090 2653 2227 2682 Romano-

1158 2694 1219 2712 rum
1232 2685 1394 2713 dederentur
1415 2687 1475 2712 Liu.
1490 2688 1516 2719 6,
1531 2695 1568 2713 21.
1583 2686 1589 2691 '
1641 2686 1727 2713 Infert
1747 2687 1852 2721 piacula
1866 2686 1990 2714 manibus
2016 2689 2099 2715 Ouid.
2114 2691 2180 2717 Met.
2196 2693 2225 2724 6,

1158 2724 1217 2755 569.
1290 2721 1440 2749 Miseranda
1457 2723 1559 2757 piacula
1574 2723 1674 2758 spretae
1686 2731 1788 2757 poenae
1813 2723 1859 2749 Sil.
1874 2731 1895 2756 ι,
1911 2728 1959 2752 182.
2046 2725 2110 2752 Stat.
2124 2726 2224 2755 Achill.

1159 2767 1179 2790 1,
1195 2766 1237 2791 139
1257 2759 1358 2793 Ignoti-¹1
1373 2758 1505 2786 horrenda
1521 2759 1623 2794 piacula
1637 2759 1717 2785 diuis.
1919 2755 1940 2795 ff
1960 2767 1972 2785 2
2010 2761 2159 2795 Peccatum,
2175 2767 2228 2791 cri.

1157 2804 1228 2827 men,
1241 2794 1383 2832 flagitium.
1436 2795 1567 2822 Laudatur
1593 2795 1668 2830 Virg.
1689 2796 1754 2822 Aen.
1776 2796 1802 2826 6,
1818 2796 1866 2827 569
1887 2794 1998 2822 Distulit
2009 2796 2039 2823 in
2053 2798 2138 2825 seram
2153 2808 2227 2827 eom-

1158 2830 1231 2857 missa
1247 2831 1349 2865 piacula
1364 2837 1489 2858 mortem.
1561 2831 1686 2864 Seruius,
1709 2830 1830 2863 Piacula,
1851 2831 2010 2865 Commissa,
2031 2840 2142 2869 propter
2153 2845 2225 2871 quae

1159 2866 1280 2902 expiatio
1295 2867 1416 2894 debetur.
1452 2867 1502 2895 Sed
1513 2867 1624 2899 remus,
1638 2874 1720 2902 puto,
1736 2865 1844 2892 dicemus
1858 2867 1968 2894 Distulit
1981 2869 2102 2903 piacula,
2121 2874 2140 2897 i.
2155 2875 2226 2907 expi-

1157 2911 1265 2930 atmue'm
1274 2923 1282 2935 ‚
1301 2910 1331 2930 vt
1344 2909 1442 2930 mancat
1452 2905 1562 2938 propria
1568 2902 1736 2939 significatio.
1774 2902 1816 2929 Sic
1828 2906 1903 2929 etiam
1915 2904 1950 2929 ad
1954 2906 2068 2939 primam
2082 2913 2105 2932 ec
2117 2911 2224 2942 propri-

1156 2938 1414 2974 amsignificaeionem
1430 2947 1546 2965 reuocare
1559 2940 1619 2964 licet
1632 2938 1696 2965 illud
1709 2938 1792 2964 Plaut.
1808 2938 1896 2966 Truc.
1911 2948 1937 2972 2,
1953 2948 2005 2973 1,13
2026 2942 2159 2968 Piaculum
2172 2942 2224 2976 est,

1158 2974 1282 3001 misereri
1296 2983 1344 3000 nos
1357 2974 1499 3001 hominum
1513 2983 1571 3000 rem
1585 2975 1655 3001 male
1668 2974 1829 3009 gerentium,
1849 2977 1868 3002 i.
1877 2975 2012 3011 piaculum
2020 2977 2165 3012 soluendum
2176 2977 2221 3012 est.

1155 3012 1197 3038 Sic
1211 3010 1377 3036 contrahere
1391 3010 1524 3044 piaculum
1534 3029 1541 3041 ‚
1570 3010 1620 3036 vid.
1643 3016 1845 3037 CONTRAHO.
1936 3013 2038 3039 Mercri
2056 3012 2116 3039 Liu.
2131 3022 2160 3046 2,
2180 3019 2220 3047 38.

1155 3045 1241 3072 Soluti
1257 3046 1362 3080 piaculo
1372 3066 1380 3078 ,
1400 3049 1417 3074 ι’.
1434 3048 1536 3072 Peccata
1556 3046 1648 3073 Tacit.
1663 3047 1732 3073 Anu.
1746 3055 1767 3079 1,
1780 3055 1821 3079 30.
2139 3071 2141 3073 ,

1192 3088 1206 3107 1>
1217 3089 1225 3107 ι
1235 3089 1254 3108 Α
1267 3088 1284 3108 c
1296 3080 1316 3107 i*
1326 3089 1338 3108 1
1352 3089 1411 3115 vs,
1432 3091 1462 3115 a,
1483 3091 1538 3108 um.
1559 3082 1621 3110 Adi.
1659 3083 1728 3110 Cato
1741 3082 1774 3110 de
1788 3083 1819 3109 R.
1833 3083 1863 3109 R.
1876 3091 1898 3108 c.
1914 3091 1957 3115 ¹39
1971 3089 1995 3108 ee
2009 3091 2058 3117 ¹40
2077 3084 2164 3111 Porco
2178 3085 2220 3121 pi.

1155 3118 1232 3145 aculo
1248 3119 1330 3144 facito
1340 3139 1348 3151 ,
1361 3121 1386 3144 .i.
1402 3119 1539 3145 piaculari.

1194 3161 1207 3180 ι1
1219 3161 1226 3179 1
1239 3161 1285 3181 AC
1296 3154 1339 3180 vv„
1350 3161 1386 3187 O,
1405 3159 1460 3181 are.
1498 3156 1585 3190 Expio.
1621 3154 1688 3181 Cato
1713 3153 1747 3180 de
1769 3155 1800 3180 R.
1816 3154 1846 3180 R.
1861 3162 1883 3179 c.
1899 3162 1942 3187 141
1972 3153 2018 3181 Te
2038 3154 2112 3182 hisce
2130 3156 2220 3184 suaui-

1156 3190 1299 3217 taurilibus
1313 3191 1418 3225 piaculo
1428 3211 1436 3223 ,
1458 3197 1503 3217 etc.
1551 3189 1609 3217 Vid.
1623 3190 1715 3217 Barth.
1730 3193 1757 3216 in
1771 3190 1832 3216 Stat.
1847 3188 1941 3216 Theb.
1953 3198 1970 3222 9
1985 3199 2009 3224 p.
2026 3199 2091 3223 1031.

1193 3233 1208 3252 P
1219 3234 1227 3253 1
1238 3233 1259 3253 Α
1268 3232 1285 3252 C
1296 3234 1316 3252 V
1327 3234 1342 3253 L
1353 3227 1375 3253 Ᾱ
1384 3234 1401 3253 R
1413 3234 1421 3252 1
1431 3234 1444 3254 S
1457 3247 1464 3257 ‚
1482 3235 1506 3254 e.
1537 3225 1600 3253 Adi.
1636 3224 1876 3261 [αἰφοσιωματικός]
1914 3226 1987 3261 ‚Quod
2005 3225 2041 3252 ad
2051 3226 2219 3289 [1211ιῖσᾶἰο-

1156 3272 1211 3288 uem
1229 3266 1327 3297 peccati
1342 3266 1456 3297 pertinet
1468 3264 1509 3290 vel
1522 3263 1607 3289 datur.
1654 3262 1714 3287 Liu.
1732 3270 1751 3292 1,
1764 3263 1799 3287 26
1823 3262 1848 3287 Is
1864 3261 2024 3295 quibusdam
2037 3263 2114 3297 piacu
2127 3263 2220 3292 aribus

1158 3299 1295 3325 sacrificiis
1309 3299 1403 3332 factis,
1423 3308 1490 3334 quae
1509 3298 1606 3326 deinde
1627 3297 1699 3332 genti
1712 3297 1841 3323 Horatiae
1856 3296 1952 3323 tradita
1967 3298 2043 3331 sunt,
2056 3305 2101 3326 etc.
2160 3300 2219 3327 Pia-

1157 3336 1246 3361 culare
1267 3336 1368 3362 sacrum
1388 3336 1474 3362 facere
1501 3336 1563 3361 Liu.
1587 3342 1629 3366 29,
1648 3342 1684 3360 21.
1764 3332 1977 3366 Agnoscebamus
2001 3340 2028 3361 et
2049 3335 2219 3369 fruebamur,

1159 3380 1219 3398 cum
1235 3371 1308 3398 velut
1328 3372 1474 3406 piaculares
1496 3371 1618 3406 publicae
1635 3367 1814 3395 solicitudinis
1828 3367 1962 3409 Vicjtimae
1974 3370 2006 3396 ad
2026 3370 2097 3398 lenta
2118 3367 2217 3407 suppli·

1159 3407 1200 3434 cia
1216 3407 1378 3435 ducerentur
1398 3408 1465 3434 Plin.
1478 3409 1572 3440 Paneg.
1586 3415 1608 3431 c.
1623 3413 1664 3438 34.
1736 3404 1819 3431 Plaut.
1835 3404 1910 3439 Epid.
1928 3414 1948 3437 1,
1962 3414 1988 3438 2,
2000 3409 2032 3438 36
2062 3408 2142 3434 Mene
2160 3408 2218 3443 pia-

1160 3443 1274 3470 cularem
1296 3450 1403 3479 oportet
1422 3443 1482 3470 fieri
1502 3443 1537 3469 ob
1557 3441 1695 3468 stultitiam
1716 3446 1803 3471 tuam,
1823 3448 1852 3467 vt
1865 3449 1955 3467 meum
1971 3447 2076 3477 tergum
2088 3443 2218 3472 stultitiae

1159 3485 1219 3506 tuae
1235 3479 1330 3507 subdas
1346 3479 1549 3507 succidaneum?
1572 3481 1590 3503 i.
1618 3476 1754 3513 Oportefue
1776 3482 1843 3502 tuam
1858 3474 2000 3510 stultitiam
2023 3481 2085 3505 meis
2100 3479 2218 3517 stupidis

1159 3519 1278 3551 expiari?
1349 3518 1385 3543 Vt
1402 3515 1545 3551 piacularia
1558 3514 1657 3540 Iunoni
1677 3512 1771 3538 fierent
1783 3511 1845 3539 Liu.
1859 3521 1904 3547 42,
1917 3521 1940 3545 3.
1960 3517 2008 3540 int.
2039 3524 2100 3542 acra
2119 3517 2162 3543 vel
2171 3518 2218 3553 fiz-

1157 3552 1266 3587 crificia.
1339 3552 1462 3586 Auspicia
1482 3549 1624 3585 piacularia
1643 3547 1825 3582 appellabant,
1846 3549 1923 3582 Qtae
1941 3549 2008 3576 sacri
2031 3551 2151 3579 cantibus
2168 3553 2217 3580 tri-

1159 3587 1207 3614 stia
1227 3588 1434 3622 portendebant,
1454 3595 1536 3621 quum
1556 3591 1600 3612 aut
1622 3584 1708 3611 hostia
1726 3583 1758 3610 ab
1779 3592 1824 3610 ara
1844 3585 2015 3625 profugisset,
2035 3593 2081 3614 aut
2101 3589 2217 3621 percufl’a

1159 3625 1294 3658 mugitum
1313 3625 1437 3654 dediss'et,
1461 3628 1508 3649 aut
1528 3621 1555 3648 in
1583 3620 1662 3647 aliam
1683 3625 1785 3655 partem
1805 3628 1946 3654 corpoi·1S,
1965 3631 2045 3656 quam
2067 3629 2217 3657 oporteret,

1159 3660 1291 3688 cecidisset
1305 3660 1457 3692 (decidisset
1472 3660 1525 3690 al.)
1539 3657 1636 3684 Festus.
1730 3655 1872 3682 piacularis
1885 3656 1987 3683 Romae
2005 3664 2082 3693 porta
2102 3660 2216 3694 appella-

1159 3702 1204 3723 tur
1216 3689 1331 3732 'propter
1348 3696 1437 3730 aliqua
1453 3693 1566 3728 piacula,
1577 3701 1645 3728 quae
1666 3691 1767 3719 ibidem
1786 3691 1901 3724 fiebant,
1914 3692 1971 3724 vel,
1991 3701 2020 3720 vt
2033 3695 2071 3722 ait
2083 3695 2216 3727 Cloatius,

1159 3742 1242 3768 quum
1255 3742 1288 3759 ex
1302 3734 1372 3759 sacro
1392 3739 1439 3765 per
1452 3729 1570 3764 aliquem
1590 3728 1696 3762 piaculo
1713 3727 1843 3755 soluitur:
1862 3734 1892 3755 vt
1907 3728 1998 3764 aliqua
2015 3730 2109 3764 piandi
2124 3730 2215 3765 propi-

1159 3769 1299 3804 tiandique
1315 3767 1389 3794 causa
1405 3765 1559 3793 immolatur
1574 3764 1671 3791 Festus.
2021 3786 2023 3788 .

1195 3809 1454 3832 FvaLAMTER.
1475 3801 1543 3828 Adu.
1579 3800 1701 3828 Tei-tull.
1716 3800 1749 3826 de
1761 3798 1852 3826 Pudic.
1866 3806 1930 3828 extr.
1951 3801 1984 3828 al.
1999 3801 2175 3836 peculiariter.

1060 3842 1093 3865 it.
1103 3839 1150 3858 ¹00
1193 3847 1208 3867 r
1218 3849 1226 3867 1
1237 3847 1258 3867 A
1269 3847 1284 3867 Β
1293 3841 1303 3865 '1'
1312 3846 1328 3865 L
1338 3846 1348 3865 1
1357 3846 1382 3871 s,
1401 3847 1423 3864 c.
1442 3837 1503 3864 Adi.
1540 3835 1692 3872 [ἐφυσιωτὸς
1699 3839 1715 3876 ]¹
1748 3835 1822 3871 Quod
1829 3835 1912 3871 potest
1925 3841 2026 3871 expiari
2031 3838 2057 3873 s.
2066 3836 2212 3871 procurari.

1158 3876 1241 3903 Ouid.
1256 3875 1320 3902 Fast.
1334 3883 1356 3906 3,
1370 3879 1419 3906 289
1450 3874 1502 3900 Cui
1516 3872 1582 3905 dea,
1598 3882 1632 3899 ne
1648 3873 1767 3899 nimium
1786 3876 1904 3906 terrere,
1917 3872 2019 3908 piabile
2038 3872 2140 3898 fulmen
2158 3869 2212 3903 Est,

1158 3912 1197 3939 ait
1213 3918 1255 3946 ,et
1269 3910 1341 3938 saeui
1354 3910 1472 3937 flectitur
1486 3910 1529 3938 ira
1540 3909 1625 3952 Iouis.

1556 3971 1578 4003 P
1681 3970 1696 4002 1
1798 3970 1821 4002 P

75 4019 90 4040 P
99 4020 109 4047 ζ
118 4020 139 4040 Ν
149 4019 193 4041 EV
203 4020 233 4046 8,
253 4021 284 4046 ἃ,
302 4013 358 4044 hm.
377 4016 439 4046 Adi.
476 4016 604 4054 [πιτυνός]
647 4013 722 4051 Qod
733 4023 762 4043 ex
770 4017 837 4052 pinu
849 4015 892 4050 est.
926 4017 996 4046 I'lin.
1009 4025 1049 4054 15¹,
1062 4027 1091 4046 10
1106 4021 1151 4049 105
1196 4025 1212 4046 P
1222 4025 1305 4047 1PER
1313 4036 1324 4052 ‚
1341 4018 1404 4046 eris.
1429 4027 1456 4046 n.
1493 4018 1507 4054 [
1515 4017 1617 4055 πέει-ιρι]
1655 4014 1763 4045 Ξῗνιιὲῗαι
1777 4017 1916 4050 orientalis,
1928 4013 2092 4043 condimentis
2103 4020 2178 4050 aprus
2190 4020 2215 4040 ct

2107 4050 2212 4076 calidi-(5.

1356 4056 1465 4089 §Va
