2517 4231
14 364 29 377 Μ
62 368 110 386 non
124 358 254 384 habebant.

6 1327 8 1330 '
25 1335 27 1337 ¹
61 1323 121 1353 &us
134 1324 277 1351 habuerint
292 1323 432 1358 elegantes.

8 1362 10 1369 '
34 1395 35 1398 Ἴ
61 1360 161 1387 Anima
182 1369 203 1386 c.
224 1368 264 1386 20.

20 211 132 251 x793
461 195 491 236 Ρ
573 195 609 237 Ε
690 195 724 236 R

56 296 117 326 pere
126 285 231 323 gestum:
246 286 311 320 filiis
326 284 442 320 denique,
462 285 507 319 qm*
521 285 671 312 Honorarii
685 284 847 315 vocabantur,
857 281 1010 317 simpliciter
1025 283 1122 309 codicil-

60 325 94 351 lis
109 318 266 359 principum,
285 331 347 356 quae
367 322 464 355 quidem
483 322 574 347 vlu'ma
593 318 672 355 clffs
691 319 889 352 immunitatem,
908 326 936 344 ‘ut
946 319 1044 354 priores
1061 321 1124 346 duae

297 358 353 383 l'id.
372 357 461 382 Gottho
479 360 501 384 r.
521 357 538 384 l.
553 367 572 383 c.

100 401 117 421 Ρ
127 399 197 420 aar
207 399 224 419 Ε
234 399 318 420 cris.
340 392 407 419 Adu.
433 357 551 424 [iswah
571 391 687 426 ΐυτελῶς]
724 390 780 417 Cic.
788 389 819 416 de
827 389 885 416 Fin.
895 400 918 423 4,
929 399 954 417 ιο
979 391 1124 424 Quumque

61 431 128 458 duae
140 428 189 456 sint
204 435 289 461 artes,
307 428 404 461 quibus
424 428 541 463 perfeete
555 427 623 454 ratio
638 433 662 453 et
677 425 765 452 oratio
785 426 963 459 compleatur,
983 436 1034 453 vna
1051 427 1124 452 inue-
1146 432 1160 458 ς

61 464 163 498 aiendi,
181 465 263 491 altera
277 464 427 491 differendi.
494 465 524 490 Et
538 464 588 489 I-lis
603 461 688 488 initiis
703 468 828 496 tanquam
844 462 987 489 seminibus
1000 472 1014 489 a
1029 468 1122 488 natura

57 501 139 534 datis,
158 500 246 527 omnis
262 500 382 526 honestas
396 499 513 535 perfecie
527 498 644 526 absoluta
658 497 693 523 est
721 497 794 524 Idem
810 497 874 524 ibid.
890 508 913 532 4,
930 504 962 527 13.
1043 499 1074 523 Et
1090 498 1123 524 de

61 538 132 566 Clar.
147 537 222 563 Orat.
244 545 281 562 101
315 536 377 563 Eius
397 535 485 563 omnis
504 535 533 560 in
549 533 662 560 diceudo
676 533 784 559 facultas
797 541 828 559 ex
843 534 953 560 historia
975 533 1054 568 iplius
1067 542 1123 559 non

61 573 225 607 ineleganter
238 571 331 607 scripta
345 571 456 607 perspici
471 569 567 605 potest:
587 578 654 602 quae
669 577 755 603 neque
768 570 848 596 nimis
863 571 897 596 eli
912 570 1015 602 infans,
1037 576 1123 602 neque

25 602 27 607 ’
62 607 178 645 pei-seete
191 607 294 635 diserta.
367 606 492 634 Eruditus
508 604 626 640 perfeele
641 604 769 639 planeque
783 605 825 632 vir
845 606 901 632 Cic.
915 606 946 633 de
960 605 1031 632 Clar.
1047 605 1123 631 Orat.
1140 609 1170 628 ιο

62 651 103 676 ²8¹
124 653 145 670 c.
159 650 193 674 81.
265 643 358 672 Flebat
372 642 440 669 nihil
453 649 467 668 a
481 640 595 673 Roscio,
615 641 662 667 nili
679 641 814 676 perfeete,
834 641 903 668 nihil
921 641 968 668 nisi
983 650 1043 667 cuin
1058 640 1124 666 liuu-

62 689 106 708 ma
121 679 257 706 venustate
285 680 358 707 Idem
377 678 410 705 de
422 678 496 704 Orat.
510 685 528 709 i,
545 685 598 708 ¹30·
706 677 829 703 Imitatur
850 685 985 710 nunquam
1005 675 1124 710 perfe&e

32 713 36 716 ’
61 716 202 743 veritatem
217 716 296 742 Casus
316 715 371 741 Cic.
385 714 417 740 de
429 712 521 739 Diuin.
537 721 557 747 i,
572 721 606 745 13.
678 712 798 739 perfecie
810 718 885 739 natus
900 713 983 738 homo
1002 711 1126 739 Scribon-

62 751 143 788 Epist.
254 753 365 785 Compar.
402 748 481 784 Apul.
497 748 598 775 Florid.
616 757 625 779 3
653 748 702 774 Sed
724 748 820 775 dehoc
835 755 889 774 tum
908 757 958 783 ego
972 747 1126 783 perfeci-ius.

64 790 135 816 Add.
150 784 355 820 Tertull.Apol.
373 794 393 811 c.
407 794 444 815 4ς.
482 785 575 819 Veget.
591 784 622 810 de
637 784 675 811 Rc
689 784 744 810 mil.
758 793 777 815 1,
792 794 814 815 4.
887 784 985 818 Superl.
1012 783 1081 810 Gell.
1097 787 1162 818 '¹2¹5

63 826 92 851 16
116 824 139 850 A
154 822 261 850 Graecis
275 819 460 855 pei-fetqiffime
474 830 529 847 vno
545 820 630 847 verbo
645 826 670 846 et
683 819 825 854 planissime
839 818 947 845 dicitur.

103 865 119 885 1²
130 866 146 885 13
157 866 175 885 R
185 863 279 884 FECT
289 865 297 883 1
309 863 327 882 O
336 877 344 890 ‚
365 856 434 883 ὃηίε.
465 856 484 883 f.
522 858 666 888 [ruelwmq
685 855 816 887 τελειότης,
830 853 956 885 πλήρωσις,
973 855 1126 890 ῧντελέχεικ]

62 895 130 922 Plin.
146 903 177 926 11,
189 902 201 919 2
228 893 258 920 In
272 891 312 918 his
327 898 379 918 tam
395 893 485 926 paruis
499 901 579 927 quam
592 890 786 918 inextricabilis
799 889 948 924 perseum}
1022 890 1079 916 Cic.
1094 890 1126 916 de

61 931 138 957 Orat.
153 939 170 962 1,
185 937 226 961 ¹30
254 928 329 954 Hanc
348 938 399 962 ego
415 928 618 955 Absolutionem
637 926 884 961 perfectionemque
905 925 932 951 in
948 925 1071 952 oratione
1084 925 1125 952 dc-

17 982 23 991 .
61 965 185 997 sitieram,
204 973 217 990 a
231 972 283 998 qua
298 964 352 999 ipse
367 965 446 995 longe
459 964 565 997 absum,
586 962 657 990 facio
671 961 849 996 impudenter.
886 963 956 988 Asd.
971 961 1036 988 ibid.
1051 971 1073 988 c.
1088 964 1169 993 36.20

61 1001 118 1029 Cic.
133 1001 160 1027 in
176 1001 251 1028 Orat.
268 1009 307 1031 ¹03
334 993 425 1027 Nulla*
434 999 470 1027 esi
491 1000 546 1026 vllo
568 999 595 1024 in
610 1006 706 1033 genere
725 998 780 1026 laus
794 997 925 1029 oratoris,
946 997 1022 1024 cuius
1038 997 1065 1023 in
1081 1006 1129 1023 no.

30 1062 47 1068 „
61 1037 121 1066 stris
133 1036 303 1063 orationibus
318 1046 372 1063 non
387 1036 416 1062 sit
429 1036 532 1070 aliqua,
550 1035 567 1061 fi
582 1043 636 1060 non
651 1033 801 1068 perfeetio,
820 1039 845 1059 31
865 1038 974 1060 conatus
988 1039 1076 1059 tamen
1091 1040 1128 1060 at-

62 1082 114 1109 que
129 1072 307 1099 adumbratio.
380 1071 514 1105 Susceptio
528 1078 551 1096 ct
564 1070 707 1107 Ρετῗεξὶίο,
725 1070 860 1095 contras-in.
914 1069 971 1096 Cic.
985 1069 1017 1095 de
1033 1070 1089 1096 Fin.
1103 1077 1126 1102 3,

32 1107 88 1142 '²32
112 1109 161 1142 Ea,
182 1106 249 1143 duae
271 1108 473 1138 proficiscuntur
491 1115 505 1133 a
523 1107 640 1139 virtute,
661 1105 824 1139 susceptione
845 1105 945 1139 prima,
967 1115 1022 1131 non
1042 1106 1127 1141 perfe-

61 1144 154 1172 &ione
169 1144 240 1170 reeta
260 1145 318 1170 sunt
336 1142 484 1170 iudicanda.
557 1143 678 1176 Operum
699 1149 859 1176 magnorum
879 1141 1072 1176 pe1·fe('·iio,let
1091 1142 1166 1177 Ia-23

62 1189 124 1208 cere
139 1180 321 1212 fundamenta,
338 1179 475 1206 contraria.
533 1178 590 1205 Cic.
605 1186 654 1213 pro
669 1178 786 1204 Marcell.
803 1180 832 1204 26
854 1187 874 1204 c.
890 1184 903 1207 8
931 1177 1055 1204 Tantum
1069 1176 1130 1203 abes

19 1232 25 1236 »
62 1225 79 1243 a
92 1216 258 1252 perfee‘tione
271 1215 452 1242 maximorum
467 1223 590 1249 operum,
608 1220 636 1241 vt
650 1214 833 1248 fundamenta,
854 1222 921 1249 quae
936 1213 1047 1249 cogitas,
1063 1222 1131 1240 non-

62 1252 127 1279 dum
143 1252 245 1279 iecoris.

99 1295 115 1314 Ρ
127 1295 143 1315 Ε
154 1293 200 1314 RF
210 1293 226 1314 E
237 1293 255 1314 C
267 1293 358 1321 Tvs,
377 1285 416 1313 sis.
441 1296 478 1314 m.
530 1287 607 1312 Idem.
661 1285 769 1312 Vitruu.
785 1295 804 1320 1,
819 1293 834 1311 2
860 1286 884 1313 Si
900 1285 1030 1312 interiora
1045 1286 1131 1321 perfe-

488 1323 558 1349 Add.
573 1331 596 1356 2,
608 1331 630 1354 5.
668 1329 693 1348 et
713 1328 737 1355 8,
752 1332 776 1355 9,
791 1331 813 1354 7.
828 1330 864 1355 ¹0,
878 1328 900 1352 8.
957 1322 1080 1350 Tertull.
1098 1321 1130 1349 de
1138 1331 1170 1356 30

103 1402 120 1422 Ρ
131 1401 147 1422 Ε
156 1402 175 1421 R
185 1401 226 1422 PE
235 1402 251 1424 c
263 1401 286 1422 'r
299 1400 318 1421 o
329 1401 349 1421 R
359 1415 367 1429 ‚
385 1394 450 1421 oris.
478 1403 514 1421 m.
553 1392 726 1427 [ἕπιτελεςιὶε]
765 1393 820 1420 Cic.
834 1393 865 1420 de
879 1395 955 1421 Orat.
974 1404 993 1425 1,
1005 1402 1048 1427 237
1063 1404 1086 1421 c.
1095 1396 1131 1421 60
1142 1406 1146 1411 ’

60 1432 100 1459 Ac
115 1432 187 1458 stilus
201 1431 249 1458 ille
263 1438 322 1458 tuus
333 1451 341 1463 ,
362 1439 441 1465 quem
457 1437 486 1457 tu
506 1439 570 1457 vere
590 1430 678 1457 dixisti
699 1429 879 1464 perfeftorem
897 1430 1001 1456 dicendi
1017 1431 1081 1465 efl‘e,
1102 1440 1131 1457 ae

61 1467 233 1502 magistrum,
253 1466 332 1494 multi
351 1466 454 1493 sudoris
469 1466 513 1493 est.
586 1466 740 1496 Perfefton
766 1466 837 1503 Qi,
858 1469 923 1500 qsmd
941 1467 1055 1499 calebat,
1071 1468 1131 1493 dili.

81 1505 150 1529 entia
157 1503 206 1539 sua
217 1503 335 1539 perfecit.
390 1503 460 1530 Ter.
474 1503 540 1529 Eun.
555 1511 576 1535 ς,
589 1511 615 1535 9,
630 1511 642 1532 ς
668 1503 692 1528 Ο
708 1502 837 1529 Parmeno
849 1502 898 1535 mi,
921 1501 937 1529 ὁ
951 1511 1070 1529 mearum
1084 1512 1130 1529 vn-
1150 1514 1175 1537 35

74 1545 195 1575 uptatum
207 1539 330 1567 omnium
343 1539 489 1573 inuentor,
509 1539 641 1573 inceptor,
661 1537 806 1573 pei-feeior.
844 1541 915 1565 Add.
934 1539 992 1566 Cic.
1007 1540 1059 1565 Att.
1073 1545 1096 1572 8,
1111 1546 1132 1565 11

62 1584 82 1611 P
104 1582 259 1638 JERFEC
272 1616 294 1637 Τ
307 1616 391 1643 RIX,
409 1610 466 1637 icis.
490 1611 511 1637 f.
565 1609 684 1636 Laetam.
703 1619 724 1642 3,
741 1619 765 1640 ις
795 1611 918 1637 Tantum
931 1610 1018 1643 abest,
1039 1615 1068 1637 vt
1079 1619 1130 1645 ego

63 1647 216 1683 magistram
235 1648 286 1673 else
306 1653 395 1681 putem
414 1646 486 1673 vitae
506 1644 722 1680 philosophiam,
741 1645 887 1681 beataeque
907 1647 977 1674 vitae
990 1646 1132 1682 perfeciri-

64 1691 133 1715 cem,
153 1690 182 1710 vt
195 1682 275 1710 nullis
288 1683 382 1716 magis,
398 1689 443 1709 etr.
490 1683 529 1708 Ex
544 1682 613 1717 Nep.
627 1681 658 1707 ad
673 1681 729 1708 Cic.

101 1724 279 1752 PERF1CA
291 1739 300 1752 ,
327 1726 365 1745 ae.
397 1718 417 1745 f.
474 1717 575 1744 Arnob.
595 1727 608 1747 4
627 1726 652 1751 p.
668 1725 700 1747 131
732 1717 854 1743 Etiamne
874 1718 971 1744 Pei-fica
990 1726 1041 1743 vna
1061 1717 1098 1743 est
1117 1726 1132 1744 e

63 1755 168 1790 populo
185 1754 344 1787 numinum,
363 1762 432 1788 quae
450 1754 575 1780 obscenas
595 1753 654 1778 illas
674 1757 700 1778 et
719 1753 800 1779 luteas
821 1754 970 1787 voluptates
983 1752 1015 1778 ad
1029 1753 1133 1778 exitum

64 1790 171 1826 perficit
183 1789 324 1816 dulcedine
341 1787 468 1816 inoffensa
483 1787 634 1822 procedere.
693 1788 814 1813 Nominat
827 1791 918 1814 iterum
937 1798 961 1822 p.
977 1797 1020 1820 133·
1074 1788 1135 1814 Per-

37 1840 39 1842 ·
63 1826 130 1856 fita,
149 1826 225 1851 etiam
238 1826 343 1852 Natura
355 1833 372 1849 a
393 1825 498 1850 Lucret.
512 1832 535 1856 2,
549 1832 595 1851 111ς
616 1830 736 1854 vocatur,
756 1832 819 1858 quae
830 1824 1002 1858 procreationi
1016 1830 1040 1849 et
1052 1824 1134 1857 perfie-

1139 1689 1176 1714 40

63 1861 142 1886 aiom·
155 1863 238 1885 rerum
248 1858 353 1894 praeest,
368 1868 441 1893 quum
455 1859 550 1893 inquit,
566 1858 605 1884 Ad
619 1865 769 1885 extremum
783 1859 915 1885 crescendi
933 1858 1027 1892 perfica
1040 1859 1133 1892 finem,
1146 1861 1180 1888 45

62 1895 162 1924 Omnia
175 1895 300 1931 perduxit
313 1903 405 1922 rerum
419 1901 512 1921 natura
526 1894 647 1921 creatrix.

36 1934 39 1936 ’
62 1933 102 1960 ad
118 1932 165 1959 lot.

102 1973 118 1994 Ρ
132 1973 148 1994 Β
159 1973 224 1994 Rri
235 1972 253 1994 c
267 1972 303 2000 Ε,
320 1973 367 2002 pro
378 1965 504 2001 perferre,
521 1972 564 2001 ap.
577 1966 682 1994 Lucret.
698 1974 721 1999 2,
734 1974 791 1997 ¹¹15·

63 2003 179 2032 ficiffime
190 2010 230 2039 ap.
246 2002 329 2030 Plaut.
343 2001 412 2029 Rud.
427 2010 450 2034 2,
464 2009 486 2033 ς,
500 2010 519 2035 4
539 2003 602 2037 legit
616 2003 745 2030 Camerar.
789 2002 844 2029 Vl'd.
862 2003 1015 2028 TauAmann.
1034 2008 1059 2036 p.
1067 2011 1133 2029 1201.

98 2047 115 2067 1²
124 2045 141 2067 E
150 2045 195 2066 RF
205 2047 214 2065 Ι
227 2045 246 2065 D
259 2044 275 2065 Ε
287 2045 304 2065 L
314 2046 323 2065 l
334 2044 347 2064 S
356 2057 364 2070 ‚
384 2046 407 2063 e.
445 2037 505 2063 Adi.
543 2038 710 2071 [κατάπηγας]
751 2039 828 2062 Valde
836 2039 932 2071 fidelis.
969 2037 1026 2063 Cic.
1042 2038 1094 2062 Att.
1111 2047 1132 2071 2,
1142 2044 1173 2070 50

62 2085 93 2110 ¹9
107 2082 173 2101 extr.
200 2074 309 2101 Posthac
328 2079 419 2099 autem
431 2071 463 2098 ad
479 2079 523 2105 te,
542 2072 560 2098 fi
574 2072 731 2107 perfidelem
743 2072 848 2098 habebo
862 2072 905 2098 cui
919 2071 994 2105 dem,
1020 2071 1132 2098 scribam

63 2110 158 2139 omnia
196 2109 265 2135 lane.
676 2125 679 2126 ν

102 2154 119 2173 Ρ
130 2152 148 2172 Ε
160 2119 230 2172 1³pr
241 2150 354 2176 DENs,
386 2142 465 2175 entis.
507 2141 568 2168 Adi.
624 2142 756 2169 Homines
775 2142 895 2169 secundis
913 2143 993 2170 rebus
1011 2143 1133 2170 effrenati

64 2182 169 2216 fibique
188 2180 345 2216 perfidentes
372 2179 430 2206 Cic.
443 2178 496 2206 Off.
513 2188 522 2205 1
541 2187 563 2205 c.
578 2180 609 2205 26
636 2179 680 2204 vbi
701 2186 781 2204 tamen
800 2179 891 2205 remur
911 2180 1021 2213 legitur,
1042 2179 1133 2213 praefi-

65 2219 167 2246 dentes.
275 2215 391 2246 Audacia
407 2223 437 2241 ac
455 2214 555 2241 robore
575 2214 696 2249 corporis
716 2214 905 2250 pugnandique
925 2221 980 2241 arte
1001 2215 1132 2249 perfidens
1148 2224 1178 2251 53

65 2256 132 2282 Aur.
153 2252 252 2280 Vststor
270 2252 302 2279 de
321 2251 394 2278 Caes.
412 2260 434 2278 c.
451 2260 484 2283 17.
557 2251 608 2276 Sed
625 2251 664 2276 hic
682 2251 757 2276 etiam
775 2252 840 2276 locus
860 2253 971 2276 incertus
989 2250 1133 2277 Peruidens

67 2291 158 2316 habent
169 2289 239 2315 libri.
316 2289 384 2314 Vnde
396 2287 530 2312 conficiunt
542 2286 696 2322 PeruigenS,
716 2284 873 2322 PerurgenS,
893 2286 1038 2320 Perfidcns,
1057 2287 1133 2314 Prae-

68 2325 166 2354 fidens:
185 2325 302 2350 vltimum
315 2329 382 2350 certe
391 2321 550 2356 facillimum.

109 2369 126 2389 Ρ
137 2366 155 2387 Ε
165 2367 185 2387 R
194 2366 212 2386 F
223 2358 235 2387 i'
246 2367 265 2387 D
275 2367 296 2386 v
306 2366 321 2386 3
330 2377 339 2389 ,
357 2368 387 2393 3,
408 2367 464 2385 11111.
489 2357 549 2385 Adi.
578 2355 697 2391 [Emeum
716 2356 849 2394 ἀνόμων]
886 2359 941 2394 Qi
949 2360 1026 2394 fidem
1040 2360 1132 2390 violat,

67 2405 99 2424 vt
111 2396 254 2429 Periurus,
269 2396 314 2431 qui
325 2396 507 2420 iusiurandum.
571 2394 629 2421 Cic.
643 2394 698 2421 Off.
714 2403 734 2428 3,
747 2396 782 2421 60
797 2404 819 2421 c.
835 2403 863 2427 14
889 2395 960 2429 Ergo
972 2401 998 2421 ct
1013 2394 1132 2428 Pythius,
1140 2396 1175 2420 60

69 2439 96 2460 et
107 2440 199 2460 omnes
214 2431 286 2458 aliud
304 2436 423 2466 agentes,
441 2429 513 2456 aliud
531 2430 696 2464 simulantes,
717 2429 830 2465 perfidi,
849 2430 985 2464 improbi,
1005 2430 1132 2458 malitiosi

40 2498 42 2501 ,
69 2471 136 2497 sunt.
209 2468 316 2494 Amicus
337 2466 452 2501 perfidus
485 2466 558 2493 Idem
580 2466 637 2501 post
654 2466 710 2493 red.
730 2466 763 2493 ad
775 2467 852 2501 Qnir.
867 2474 892 2493 21
913 2476 934 2493 c.
950 2476 975 2500 9.
1050 2468 1132 2494 Arma

68 2503 149 2536 Iubae
168 2503 251 2531 Ouid.
266 2503 332 2530 Fast.
346 2514 370 2535 4,
386 2507 439 2534 380.
510 2502 582 2529 Bella
606 2501 653 2529 Sil.
668 2512 702 2534 15,
715 2508 768 2535 819.
839 2503 925 2537 Caput
939 2503 1070 2538 perfidum
1084 2503 1132 2530 ob.

67 2538 154 2575 ligasti
171 2539 242 2566 votis
276 2540 344 2565 Hor.
363 2538 453 2564 Cari-n.
471 2547 494 2571 2,
507 2544 529 2571 8,
544 2548 566 2569 ς.
685 2537 775 2564 Corda
805 2538 895 2565 Valer.
915 2540 1016 2574 Argon.
1039 2548 1061 2572 ς,
1076 2546 1130 2572 289.

60 2575 163 2607 „Hostes
188 2576 259 2603 Hor.
266 2575 355 2602 Carm.
370 2583 390 2607 3,
405 2584 427 2608 5,
441 2582 474 2605 33.
546 2574 662 2602 Lumina
686 2574 769 2602 Ouid.
778 2574 843 2601 Met.
858 2583 892 2607 13,
907 2577 958 2607 561.
1031 2575 1171 2610 Mulier65

65 2612 137 2640 Hor.
157 2611 246 2639 Carm.
265 2620 286 2643 ς,
302 2619 372 2643 7,13.
443 2609 640 2636 Sacramentum
660 2610 763 2643 dicere,
791 2611 809 2637 i.
833 2609 931 2643 Falsum
948 2611 1132 2645 iusiurandum,

61 2648 118 2682 fiue
129 2648 241 2682 peierare
261 2647 331 2673 Hor.
345 2646 434 2673 Carm.
449 2654 473 2679 ε,
488 2654 523 2678 17,
536 2654 561 2678 9.
633 2646 709 2672 Serui
731 2647 799 2673 Hor.
808 2646 890 2681 Epod.
904 2655 931 2680 9,
950 2656 986 2673 10.
1059 2647 1134 2674 Tela

68 2683 152 2711 Ouid.
164 2683 231 2710 Fast.
244 2682 333 2716 2‚'226.
403 2680 501 2708 Turba
528 2681 602 2708 Idem
616 2690 648 2708 ex
663 2682 738 2710 Pont.
751 2691 777 2716 2,
790 2689 816 2715 7,
829 2684 869 2709 62.
943 2683 1035 2718 Vappa
1060 2683 1132 2709 Mar-

66 2718 125 2746 tial.
141 2727 174 2751 12,
189 2725 225 2751 48.
304 2717 391 2745 Verba
414 2717 497 2745 Ouid.
519 2718 585 2745 Fast.
598 2727 622 2752 ς,
635 2720 692 2748 682.
783 2717 969 2745 Perfidillimus
996 2718 1133 2745 Ammiani

68 2755 88 2782 l.
101 2764 128 2788 19
147 2754 312 2790 effitffdict'tur.

104 2796 326 2823 ΡΕΡΡῙΒΙΑ,
347 2798 386 2816 ae.

690 1895 747 1922 Vicl.
765 1894 841 1922 Non.
855 1904 884 1929 2,
904 1897 963 1929 698.
988 1902 1013 1922 et
1032 1896 1131 1922 Creech.

833 1966 909 1994 Non.
923 1975 945 1998 2,
959 1969 1020 2000 698.
1073 1967 1133 1993 Per-

413 2790 435 2816 f.
472 2789 594 2825 [amia]
631 2772 885 2824 Cic'.QFrat.2‚3
911 2766 1173 2824 Qmmiluusin⁷⁰

15 2840 19 2843 -
66 2836 112 2854 me
130 2826 270 2860 perfidiam
296 2826 462 2860 increparet,
487 2825 593 2852 auditus
618 2825 655 2852 est
680 2835 780 2862 magno
799 2826 904 2853 silentio
925 2826 1133 2853 maleuolorum.

65 2862 214 2891 Infldelitas
226 2868 252 2888 et
266 2861 379 2897 perfidia
404 2861 477 2889 Caes.
491 2861 557 2889 Bell.
572 2861 641 2888 Gall.
655 2868 678 2895 8,
692 2871 728 2895 23.
825 2862 956 2897 Iniquitas
975 2868 1001 2889 et
1020 2862 1132 2897 perfidia

67 2899 213 2926 hominum
239 2898 297 2925 Cic.
310 2898 381 2924 Fam.
397 2907 415 2931 1,
427 2906 449 2924 2.
558 2896 672 2924 Perfidia
684 2898 762 2925 vuius
778 2897 807 2924 in
821 2898 904 2925 alium
930 2897 1002 2926 Idem
1016 2898 1131 2933 Philipp.

67 2943 95 2969 2,
105 2943 148 2970 72.
221 2934 351 2961 Cumulus
365 2932 493 2969 perfidiae
518 2932 600 2960 Ouid.
616 2934 680 2960 Met.
695 2943 725 2968 11,
739 2936 797 2962 206.
892 2935 949 2963 Cic.
969 2934 1002 2961 de
1021 2935 1096 2962 Orat.
1110 2944 1134 2968 2,
1148 2946 1175 2969 75

67 2979 109 2999 101
139 2971 177 2998 Ita
189 2970 314 2997 nonnulli
329 2970 391 2996 dum
404 2978 513 3005 operam
526 2970 598 2996 snam
611 2969 690 2996 multi
705 2968 850 2997 existimari
862 2971 975 3002 volunt,
996 2978 1039 2997 etc.
1075 2980 1135 2997 cau-

68 3008 107 3034 sas
119 3006 210 3033 dicunt
222 3006 388 3041 incognitaS,
406 3006 435 3032 in
451 3014 506 3040 quo
520 3005 557 3032 est
571 3005 616 3032 illa
636 3005 745 3040 quidem
765 3015 858 3042 inagna
872 3007 1008 3039 Offenfio,
1027 3007 1069 3033 vel
1090 3016 1134 3033 ne-

68 3043 212 3078 gligentiae
225 3042 349 3078 susceptis
361 3041 454 3069 rebus:
474 3041 519 3068 vel
532 3041 676 3076 perfidiae,
695 3043 817 3077 receptis.
914 3043 996 3069 Abuti
1011 3042 1134 3077 perfidia,

69 3080 124 3106 vid:
141 3085 184 3106 AB
194 3086 215 3106 v
225 3085 314 3107 TOR.
388 3077 482 3113 Decipi
497 3077 607 3113 perfidia
619 3078 732 3105 alicuius
758 3079 816 3106 Cic.
834 3087 884 3114 pro
898 3080 974 3106 Rosc.
989 3080 1078 3106 Amer.
1093 3088 1133 3104 no

66 3121 92 3140 e.
107 3120 143 3146 38.
214 3115 326 3149 Exigere
347 3122 446 3149 poenas
472 3113 556 3141 Ouid.
575 3113 653 3149 Epist.
666 3123 690 3149 7,
705 3120 744 3146 58.

72 3151 111 3181 16,
126 3157 182 3182 149.
254 3152 357 3186 Fugere
373 3149 552 3186 suspicionem
570 3149 698 3185 perfidiae
730 3150 787 3177 cic.
803 3152 854 3178 Att.
874 3158 897 3185 8,
920 3153 955 3178 16.
1029 3151 1134 3185 Repens

72 3184 180 3218 perfidia
199 3186 291 3214 Tacit.
304 3187 372 3214 Hist.
385 3196 411 3220 4,
425 3195 460 3217 ες,
534 3186 656 3213 Violatae
671 3186 782 3221 perfidia
796 3193 822 3214 et
834 3188 929 3215 scelere
942 3188 1001 3213 sunt
1015 3186 1133 3219 dextrae,

73 3225 145 3254 quae·
153 3219 214 3248 fidei
227 3223 302 3250 testes
315 3224 364 3250 ess‘e
376 3223 495 3250 solebant
524 3222 579 3250 Cic.
594 3222 709 3258 Philipp.
723 3232 754 3255 11,
768 3231 790 3254 5.
990 3220 1011 3259 ff
1033 3231 1049 3249 2
1089 3224 1133 3248 Ve-

29 3282 33 3287 ,
73 3255 177 3281 racitaen'
190 3259 329 3293 opponitur,
348 3267 377 3284 vt
387 3259 530 3286 'vanitatem
544 3267 568 3284 et
575 3259 718 3292 falsitatem
731 3266 814 3285 notet.-
850 3258 934 3286 Talia
948 3258 1045 3285 diuino
1059 3257 1134 3284 fude-

73 3296 138 3316 runt
153 3292 268 3319 carmine
286 3294 354 3327 fata,
371 3295 512 3331 Carmina,
530 3294 678 3330 Perfidiae,
697 3303 764 3330 quae
784 3294 842 3330 post
861 3296 934 3322 nulla
953 3299 1047 3330 arguet
1062 3300 1132 3321 aetas
1152 3297 1181 3322 85

72 3325 171 3353 Catuli.
183 3327 211 3353 in
225 3327 308 3362 Nupt.
323 3329 393 3356 Pelei
411 3340 436 3357 v.
450 3340 495 3363 32¹.

110 3361 232 3402 PEssFi
243 3369 297 3390 DE.
334 3364 401 3391 Adu.
438 3366 585 3401 leiansin
600 3367 617 3394 1.
637 3366 715 3400 Apud
730 3365 798 3394 Cels.
817 3367 841 3400 δ’.
861 3366 1015 3400 Qiaefitum
1033 3365 1078 3392 est.
1099 3366 1132 3392 D.

73 3397 106 3424 de
120 3397 174 3426 doli
189 3399 252 3426 mali
267 3406 365 3434 except.
399 3401 481 3434 Qiod
500 3403 600 3437 perfide
620 3403 719 3439 gestum
734 3402 780 3430 est.
854 3403 1018 3438 Recuperare
1033 3401 1133 3437 perfide

23 3458 34 3461 c
71 3433 307 3475 senec-‘Conth
321 3437 352 3462 26
372 3445 396 3470 Ρ-
410 3444 460 3471 317·
530 3438 664 3474 Rumpere
677 3439 778 3466 faenum
794 3438 894 3473 perfide
925 3439 992 3466 Geli.
1007 3448 1048 3473 20,
1060 3447 1077 3464 1.

110 3477 126 3498 Ρ
136 3477 153 3497 Ε
162 3477 181 3497 R
193 3476 229 3497 1³1
241 3477 258 3497 D
267 3478 276 3496 Ι
287 3478 306 3498 Ο
316 3477 329 3497 S
337 3477 359 3496 V
367 3477 380 3497 S
388 3492 397 3504 ,
417 3480 431 3498 a
439 3490 448 3503 ,
467 3481 522 3499 um.
558 3475 618 3502 Adi.
673 3477 767 3502 Plenus
781 3476 919 3511 perfidiae!

16 3534 18 3538 Α
72 3515 94 3540 1,
108 3516 126 3542 1,
139 3515 167 3539 74
195 3506 355 3533 Perfidiosus
368 3507 405 3533 est
417 3516 502 3544 amur.
571 3510 628 3537 Cic.
641 3511 669 3537 in
686 3511 772 3538 Pison.
787 3512 822 3545 67
848 3511 930 3545 Qiod
945 3511 1040 3542 fallax,
1060 3510 1134 3545 quod

54 3541 245 3583 *ρει-1111101115,
265 3542 336 3576 quod
351 3542 506 3583 impudens,
526 3546 597 3578 quod
615 3546 699 3574 audax
717 3548 765 3574 else
784 3547 915 3574 videatur.
989 3546 1062 3573 Idem
1082 3555 1133 3580 pro

73 3578 168 3612 Quint.
183 3581 210 3605 26
237 3579 342 3605 Etenim
357 3578 374 3605 fi
389 3585 500 3606 veritate
513 3580 639 3614 amicitia,
655 3582 706 3610 fide
721 3583 846 3616 societas,
863 3584 961 3618 pietate
975 3582 1134 3616 propinqui-

73 3619 112 3639 tas
132 3614 245 3642 colitur:
266 3615 363 3641 necesse
386 3614 423 3640 est
441 3614 505 3650 iste,
523 3616 570 3649 qui
589 3617 718 3650 amicum,
738 3620 856 3651 socium,
876 3618 997 3651 affinem,
1016 3617 1086 3644 fama
1104 3627 1134 3644 ac

73 3648 190 3676 fortunis
202 3651 317 3686 spoliare
330 3656 438 3676 conatus
452 3650 498 3683 est,
515 3652 620 3677 Vanum
633 3653 667 3686 se,
683 3661 710 3681 et
722 3654 906 3689 perfidiosum,
919 3662 943 3681 et
957 3653 1071 3688 impium
1085 3655 1134 3681 cll'e
1151 3663 1180 3689 95

74 3683 196 3712 fateatur.
269 3687 326 3713 Cic.
341 3687 412 3712 Fam.
425 3695 445 3719 3,
462 3695 488 3712 10
519 3686 600 3713 Nihil
621 3687 649 3714 in
666 3697 708 3715 me
726 3700 781 3717 non
799 3691 883 3717 modo
903 3690 1090 3726 perfidiosum,
1108 3696 1134 3717 et

74 3719 239 3755 insidiosum,
260 3730 286 3750 et
300 3723 379 3749 fallax
394 3723 422 3748 111
434 3722 567 3756 amicitia,
587 3722 628 3749 sed
643 3733 676 3750 ne
692 3724 792 3753 humile
804 3727 913 3761 quidem
923 3747 932 3761 ,
952 3733 996 3752 aut
1011 3725 1133 3752 ieiunum

75 3755 154 3781 debes
168 3759 316 3791 agnoscere.
353 3760 423 3785 Am,
438 3758 558 3784 Diuinat.
570 3758 597 3784 in
612 3759 647 3791 Q
660 3760 755 3788 Caecil.
774 3771 796 3789 c.
811 3769 844 3795 18,
860 3772 877 3789 1.
957 3761 1134 3790 Perfidiosum

37 3809 41 3814 .
74 3796 101 3817 et
113 3791 246 3820 nefarium
261 3795 312 3825 est,
331 3794 411 3822 fidem
426 3794 550 3828 frangere
578 3794 634 3821 Cic.
649 3795 786 3828 pquosc.
802 3798 879 3825 Com.
894 3801 930 3824 ¹6.
1037 3799 1134 3832 Superl.

73 3826 148 3854 Idem
161 3826 193 3854 de
207 3828 267 3857 Nat.
281 3831 363 3859 Deor.
379 3840 404 3866 3,
419 3836 450 3860 80
472 3839 494 3856 c.
507 3838 537 3863 32
571 3831 627 3857 Cur
639 3830 761 3858 omnium
775 3833 1011 3868 perfidiofiffimus‚
1031 3833 1063 3861 C.
1077 3834 1189 3861 Ma-ioo
1196 3840 1248 3860 tum
1263 3834 1429 3867 formidatus.

75 3871 132 3890 nus
163 3870 208 3890 etc.

111 3882 230 3926 P’ERFI
245 3901 378 3928 n16SE.
414 3902 482 3928 Adu.
524 3902 650 3937 [ὰπίςως]
692 3900 796 3929 Αυᾶοι·
816 3904 848 3931 ad
867 3905 986 3932 Herenn.
1009 3915 1034 3938 1,
1054 3911 1068 3934 8
1098 3905 1134 3932 In

74 3931 167 3960 odium
180 3935 321 3969 rapiemus,
341 3937 359 3964 fi
373 3937 439 3971 quid
453 3947 549 3965 eorum
564 3936 685 3972 superbe,
697 3937 798 3971 spurce,
811 3940 962 3974 perfidiose,
981 3940 1135 3974 crudeliter,

73 3968 254 4004 confidenter,
272 3972 420 4007 malitiose,
439 3974 567 4009 flagitiose
580 3972 680 3999 factum
695 3971 871 4006 proferemus.
978 3977 1032 4004 Vbi
1052 3976 1134 4003 multa

968 3474 1048 3501 Plaut.
1067 3473 1133 3501 cist.
1148 3481 1183 3506 90

1583 193 1842 235 PER

1183 290 1292 318 quoque
1305 282 1385 310 latere
1399 288 1516 317 putatote
1541 283 1599 311 Cic.
1613 292 1663 318 pro
1677 284 1701 311 S.
1714 284 1790 312 Rosc.
1811 294 1833 311 c.
1847 294 1889 317 40.

1184 329 1206 346 c.
1219 328 1243 345 21
1273 318 1438 346 Perfidiofius
1453 319 1650 347 tumultuantes.

1225 361 1240 381 Ρ
1252 360 1267 380 Ρ.
1279 361 1296 380 R
1311 360 1326 380 Ρ
1339 363 1347 381 1
1360 362 1379 380 Ν
1393 361 1412 380 G
1425 362 1460 387 o,
1481 358 1535 383 ere.
1589 357 1641 382 Hic
1655 356 1700 384 lita
1713 357 1769 384 sum
1784 357 1872 384 varios
1883 357 1974 385 auium
1988 363 2134 398 pertingere
2147 372 2236 394 cantu,

1184 398 1228 417 etc.
1267 391 1346 416 Inscr.
1362 391 1477 417 Fabrett.
1499 401 1524 426 p.
1539 394 1594 421 63<.
2237 387 2248 401 ⁹

1225 431 1240 452 P
1253 432 1267 451 Ι.
1278 432 1295 451 R
1310 431 1325 451 F
1339 427 1352 451 f
1365 432 1385 451 Ν
1400 433 1438 453 10
1451 447 1458 459 ‚
1480 430 1526 455 Ῑιϊ.
1547 428 1698 464 [ἐπιπλέοι]
1736 431 1803 455 Idem
1817 427 1994 465 quodfimplex
2009 432 2103 459 Finit-e,
2143 437 2248 465 Lan-res,

1186 469 1206 494 1,
1223 463 1261 487 611
1297 462 1404 496 Quppc
1431 463 1477 489 vbi
1499 463 1626 490 dimidiae
1646 465 1727 499 partis
1748 474 1808 501 pars
1826 466 1929 500 semper
1947 465 2055 493 habebit
2101 470 2248 501 Dimidiain

1185 503 1302 532 partein:
1330 506 1376 523 uec
1392 507 1431 524 res
1449 500 1573 532 μαι-1111101
1590 500 1650 527 vlla.

1226 539 1241 558 Ρ
1253 539 1295 558 HR
1307 539 1341 558 ΡΙ
1354 539 1371 558 x
1383 539 1401 557 v
1414 542 1443 567 s,
1462 544 1491 567 a,
1519 545 1574 562 um.
1611 535 1706 563 Partic.
1743 536 1966 572 [διαπιπαρμέυσς]
2003 539 2135 573 mefixus,
2159 541 2252 568 Tram-

1181 569 1258 608 fieus.
1288 568 1406 607 ⁷Lucrct.
1422 579 1444 601 2,
1458 573 1507 599 360
1534 571 1564 597 Et
1577 571 1669 598 crebra
1684 572 1774 599 rcuilit
1811 572 1849 598 Ad
1863 572 1993 600 stabulum
2009 569 2138 601 desiderio
2153 576 2252 610 perfixa

1187 612 1304 630 iuuenci.
1379 605 1419 629 Si.-
1440 605 1542 632 Natura
1558 608 1656 640 perfixa
1671 608 1778 642 pauoris
1792 607 1852 635 telis
1865 615 1953 643 torpet
1978 609 2051 636 Idem
2069 619 2088 644 3,
2102 613 2158 643 306.
2221 614 2253 639 Et

1188 642 1213 674 6,
1228 649 1265 671 39¹
1294 654 1339 659 —-
1358 640 1404 666 iffi
1421 641 1552 673 flammas,
1574 648 1602 667 vt
1618 643 1731 678 fulguris
1746 643 1835 670 halent
1871 644 1984 671 Ptelore
1998 646 2118 680 perfixo,
2134 653 2182 675 etc.

1226 682 1241 701 Ρ
1254 681 1381 714 rgenti
1395 681 1437 702 G1
1450 678 1617 710 Τισςνς,
1637 687 1743 711 ,1,11111.
1782 680 1842 706 Adi.
1898 682 1956 708 Cic.
1978 690 2029 717 pro
2049 682 2122 710 Cael.
2136 691 2169 714 50
2186 692 2209 710 c.
2221 692 2256 710 20

1185 711 1261 738 Num
1276 710 1326 736 tibi
1341 718 1466 745 perturpe
1480 718 1524 738 aut
1540 713 1747 747 perflagitiosum
1760 716 1808 741 ess‘e
1826 715 1966 744 videatur?

1228 753 1243 773 Ρ
1258 753 1274 772 Ρ
1286 753 1330 786 ar
1339 752 1416 786 LAG
1429 754 1447 773 11
1459 753 1541 774 Λτν
1553 754 1565 774 s
1577 768 1586 781 ,
1617 758 1648 782 a,
1685 759 1739 778 um.
1776 751 1836 778 Adi.
1900 753 1979 780 Mart.
2002 753 2105 788 Capell.
2124 751 2142 781 '6
2166 763 2192 790 p.
2211 760 2256 790 189

1188 781 1331 817 Dispcndia
1347 781 1397 808 11111
1412 783 1575 818 perflagrata.

1228 825 1243 845 Ρ
1255 825 1272 844 F.
1282 825 1302 845 R
1313 824 1330 845 F
1344 824 1360 844 1.
1371 824 1407 851 O,
1429 823 1483 845 vare.
1522 819 1680 855 [xm-mutu]
1722 822 1799 847 Valde
1813 822 1889 856 flare,
1910 823 1990 854 flando
2005 825 2126 860 tranfire,
2143 827 2187 853 'vel
2197 836 2258 853 com.

1188 863 1291 881 monere.
1362 854 1417 880 Iam
1432 856 1544 888 perflare
1558 855 1597 881 Ad
1614 855 1682 889 ipsos
1696 864 1787 883 auram
1801 854 1881 884 {naris
1901 854 1977 885 Ctirt.
1991 869 2015 893 9,
2030 870 2058 894 4,
2073 871 2106 889 2¹,
2181 862 2258 898 Virg.

1188 892 1254 917 Aen.
1270 899 1287 923 1,
1304 896 1332 920 87
1362 891 1394 916 Et
1412 896 1494 917 terras
1509 891 1619 917 turbine
1638 892 1758 926 perflant.
1832 892 1899 919 Plin.
1914 903 1937 928 2,
1952 903 1997 930 107
2022 897 2195 924 Pcrflantibus
2209 907 2260 925 vn-

1190 926 1270 960 dique
1286 925 1421 961 procellis.
1519 927 1600 953 Venti
1616 927 1725 962 perflant
1739 927 1857 956 altiffima
1891 930 1973 957 Ouid.
1990 932 2066 959 Rem.
2081 935 2176 961 Amor.
2197 937 2258 969 369.

1191 963 1270 988 Venti
1284 962 1395 996 perflant
1411 961 1503 988 nubila
1532 963 1639 989 Lucret.
1653 965 1677 999 6,
1692 973 1733 996 ¹31.
1770 966 1840 991 Add.
1860 965 1900 992 Id.
1913 975 1936 1000 ς,
1951 975 1999 999 135.

1230 1004 1245 1024 Ρ
1260 1004 1276 1024 Ε
1286 1005 1306 1024 R
1318 1003 1335 1023 1³
1348 1004 1365 1023 L
1378 1004 1399 1024 Α
1411 1004 1457 1023 NS
1467 1018 1475 1030 ‚
1496 999 1574 1025 antis.
1613 1000 1706 1026 Partic.
1764 999 1832 1027 Plin.
1849 1010 1940 1034 :,107.

1227 1040 1244 1060 Ρ
1258 1041 1271 1059 1ῑ
1283 1041 1301 1060 R
1314 1039 1331 1059 F
1342 1039 1359 1059 1.
1369 1034 1387 1060 ft
1399 1039 1421 1060 Τ
1437 1040 1457 1060 ν
1470 1041 1483 1060 s
1493 1054 1500 1066 ‚
1522 1033 1560 1060 sis.
1581 1044 1617 1061 m.
1654 1036 1851 1071 [mmmmm]
1888 1038 1924 1064 Vt
1939 1038 2061 1072 perflatus
2076 1039 2173 1074 aliquis
2185 1049 2259 1068 accen

1190 1069 1233 1096 dat
1251 1069 1319 1097 Cels.
1332 1078 1353 1104 3,
1371 1078 1406 1101 ¹9·
1480 1071 1542 1103 Aer,
1563 1070 1609 1104 qui
1622 1072 1747 1105 perflatus
1761 1081 1815 1099 non
1829 1071 1908 1099 habet
1929 1074 2036 1100 Vitruu.
2051 1084 2069 1108 1,
2083 1084 2101 1108 1,
2117 1085 2151 1109 19.
2206 1077 2261 1104 Co-

1192 1106 1282 1132 lumel.
1299 1115 1317 1136 1,
1333 1114 1345 1135 ς
1373 1106 1536 1140 Qxantoque
1552 1106 1636 1134 fuerit
1648 1107 1765 1134 aedificii
1778 1107 1864 1134 solum
1879 1110 1990 1143 pronius
2002 1111 2126 1144 Orienti,
2147 1118 2220 1140 tanto
2233 1117 2261 1139 et

1191 1142 1286 1204 pestate
1299 1140 1412 1168 liberius
1425 1150 1517 1176 capere
1534 1143 1667 1177 perflatus,
1683 1150 1731 1170 etc.
1803 1144 1871 1171 Plin.
1886 1148 1922 1176 16,
1935 1154 1968 1179 40
1998 1146 2092 1173 Vlmus
2106 1148 2134 1174 in
2147 1149 2260 1183 perflatu

1198 1186 1276 1205 irma.

1230 1218 1483 1247 PERFLATIO,
1502 1213 1573 1240 onis.
1598 1213 1617 1241 f.
1655 1215 1732 1241 Idem.

1192 1250 1301 1277 flatione
1321 1249 1437 1276 concuti.

1233 1292 1249 1312 P
1263 1292 1279 1312 Ε
1290 1293 1309 1313 R
1321 1292 1338 1312 F
1354 1291 1370 1311 L
1385 1292 1408 1312 A
1419 1291 1434 1311 B
1446 1282 1459 1312 ἴ
1469 1291 1484 1312 L
1495 1291 1505 1311 1
1519 1291 1533 1311 S
1545 1305 1554 1319 ,
1575 1294 1598 1313 e.
1636 1285 1698 1313 Adi.
1735 1286 1936 1323 [naroenuevrdq]
1974 1289 2050 1325 Qod
2062 1289 2167 1324 perflari
2178 1290 2263 1325 potest,

1194 1322 1250 1350 Cic.
1264 1323 1296 1349 de
1312 1321 1405 1349 Diuin.
1419 1330 1440 1354 ε,
1453 1330 1486 1354 40
1505 1331 1526 1348 c.
1542 1331 1566 1353 17
1599 1321 1671 1349 Deos
1690 1323 1765 1349 enim
1784 1323 1855 1358 ipsos
1875 1323 1981 1351 iocandi
1997 1326 2070 1351 causa
2083 1325 2189 1352 induxit
2203 1322 2265 1361 Epi-

1192 1367 1270 1385 curus
1289 1357 1441 1392 perlucidos
1460 1364 1487 1384 et
1507 1357 1674 1392 perflabiles,
1700 1365 1744 1385 etr.
1843 1359 1930 1386 Locus
1948 1361 2051 1395 patulus
2070 1367 2094 1387 et
2118 1361 2266 1396 perflabilis

1192 1394 1270 1430 Apul.
1285 1394 1348 1421 Met.
1368 1402 1395 1425 4.
1467 1393 1559 1420 Terra
1573 1393 1735 1429 perflabilis,
1755 1394 1843 1422 ventis
1861 1396 2063 1431 penetrantibus
2090 1397 2173 1423 Solin.
2194 1407 2215 1425 c.
2230 1408 2264 1430 4ο

1192 1435 1239 1462 (27
1249 1434 1267 1462 ).
1341 1428 1436 1456 Affiuo
1447 1429 1605 1465 significatu.
1637 1431 1739 1457 Ventus
1753 1431 1908 1465 mediocris,
1926 1432 1980 1460 sine
1995 1433 2024 1459 vi
2036 1438 2062 1460 et
2075 1431 2192 1460 horrore
2207 1442 2266 1469 per-

1192 1466 1290 1493 flabilis
1317 1465 1415 1492 Pallad.
1430 1474 1448 1498 1,
1463 1468 1487 1491 6.
1535 1466 1610 1500 Conf.
1633 1472 1650 1492 Ρ
1662 1473 1729 1494 ERS
1741 1472 1763 1493 'r
1775 1474 1798 1495 Α
1808 1473 1825 1494 Β
1836 1475 1844 1494 1
1854 1475 1889 1495 LI
1901 1475 1925 1495 s.

1228 1509 1246 1529 Ρ
1256 1509 1272 1528 E
1283 1509 1301 1527 n
1313 1507 1330 1528 Ρ
1341 1508 1357 1527 1.
1368 1503 1391 1528 Α·
1400 1508 1424 1528 Μ
1435 1508 1451 1527 E
1463 1508 1485 1527 N
1494 1522 1502 1534 ‚
1522 1501 1583 1527 i'nis.
1609 1511 1636 1528 11.
1673 1503 1784 1528 Flamen.
1823 1503 1947 1530 Prudent.
1958 1503 2056 1539 Apoth.
2070 1513 2096 1531 v,
2111 1507 2159 1538 760
2178 1507 2265 1541 (692)

1194 1538 1264 1565 Natu
1279 1537 1332 1564 sine
1344 1537 1441 1564 diuino
1453 1537 1559 1564 domini
1572 1538 1728 1573 perflamine
1741 1538 1838 1565 summi
1875 1540 1958 1566 Arida
1978 1546 2048 1567 terra
2061 1540 2124 1567 fuit.

1229 1581 1244 1600 Ρ
1254 1581 1297 1600 ER
1307 1580 1324 1601 Ρ
1334 1580 1385 1601 LA
1395 1580 1416 1601 T
1426 1571 1439 1599 ἰ
1450 1579 1466 1599 1.
1479 1580 1487 1599 1
1499 1580 1528 1606 s,
1548 1582 1571 1599 e.
1594 1573 1653 1600 Adi.
1691 1575 1757 1599 Idem
1771 1584 1800 1601 ac
1813 1576 1965 1611 Perflabitis.
2003 1576 2154 1612 Apul.Met.
2168 1585 2179 1609 3
2193 1585 2266 1613 p.137

1192 1610 1314 1637 Tee'tuni
1328 1609 1434 1636 aedium
1451 1615 1543 1644 patore
1560 1609 1685 1644 perflatili
1701 1609 1837 1636 nudatum.

1231 1653 1246 1672 P
1257 1652 1272 1671 E
1282 1651 1327 1672 RF
1336 1652 1352 1671 1.
1363 1652 1379 1672 E
1390 1651 1411 1671 T
1421 1652 1442 1671 v
1453 1652 1466 1671 s
1476 1665 1484 1677 ‚
1505 1654 1534 1678 a,
1555 1655 1611 1673 um.
1631 1645 1692 1674 Adi.
1748 1645 1861 1672 Diutine
1874 1646 1933 1673 visu
1947 1648 2059 1682 perfleto
2079 1647 2158 1682 Apul.
2171 1647 2237 1675 Met.
2252 1657 2266 1675 a

1194 1691 1220 1717 p.
1237 1690 1287 1713 ¹25·
1324 1682 1369 1707 Al.
1391 1681 1532 1715 praefletis.

1229 1724 1245 1743 Ρ
1256 1724 1299 1744 ER
1311 1723 1328 1743 Ρ
1339 1724 1354 1742 1.
1366 1723 1382 1742 E
1392 1723 1476 1749 xvs‚
1503 1725 1517 1742 a
1527 1737 1534 1748 ‚
1552 1725 1607 1742 um.
1646 1715 1707 1743 Adi.
1781 1717 1892 1745 Totum
1910 1718 1994 1744 scelus
2011 1722 2102 1743 mente
2120 1723 2147 1744 et
2167 1717 2269 1753 cogita-

1193 1752 1271 1778 tione
1287 1752 1432 1786 perflexum
1459 1751 1594 1784 Qiinffil.
1608 1751 1680 1778 Deci.
1698 1760 1736 1783 3¹4
1754 1761 1779 1786 p.
1794 1754 1849 1784 624.
1921 1754 1972 1779 Sed
1983 1754 2050 1779 mira
2064 1753 2178 1781 varietas
2193 1755 2268 1781 libro-

1194 1797 1250 1815 rum
1263 1795 1287 1812 et
1298 1787 1460 1821 suspicionum
1474 1786 1600 1821 consistere
1617 1796 1658 1812 nos
1670 1796 1718 1812 non
1728 1788 1838 1821 patitur.

1234 1828 1529 1855 rrRereTvo,
1554 1822 1609 1849 vid.
1633 1828 1845 1850 PERero.

1232 1866 1247 1886 Ρ
1257 1865 1273 1886 Ε
1283 1865 1303 1886 R
1315 1864 1331 1885 F
1344 1865 1361 1884 L
1372 1866 1393 1885 v
1404 1864 1423 1885 o
1432 1878 1440 1891 ‚
1460 1858 1504 1891 xi,
1524 1867 1603 1891 xum,
1624 1860 1678 1885 ere.
1716 1859 1843 1894 [διαῇῥέω]
1884 1859 2122 1896 Tranfirefluenda.
2160 1861 2267 1890 Lucret.

1194 1905 1217 1928 3,
1231 1903 1282 1928 930
1316 1895 1348 1922 Et
1361 1903 1417 1921 non
1431 1895 1523 1920 omnia
1543 1895 1678 1928 pertusum
1692 1895 1814 1929 congesta
1831 1895 1901 1930 quali
1916 1895 1946 1922 in
1959 1905 2004 1922 vas
2041 1897 2194 1925 Commoda
2207 1907 2268 1933 per·

1193 1932 1303 1959 fluxere.
1378 1932 1468 1964 Aquae
1489 1931 1622 1964 perfluunt
1637 1930 1733 1957 Tibur
1763 1931 1830 1958 Hor.
1844 1931 1934 1958 Carm.
1948 1942 1971 1965 4,
1985 1942 2007 1966 3,
2022 1942 2059 1960 10.
2104 1935 2217 1968 Antiqui
2229 1944 2268 1960 co-

1194 1968 1260 1994 dices
1274 1967 1364 1993 habent
1379 1967 1537 1993 Praefluunt.
1611 1966 1681 1993 Vina
1702 1975 1749 2000 per
1762 1967 1850 1993 colmn
1869 1967 1991 1993 videmus
2005 1968 2136 2002 perfluere
2160 1970 2268 1997 Lucret.

1194 2012 1216 2034 2,
1231 2011 1284 2033 392·

1194 2039 1266 2063 Ter.
1288 2037 1355 2063 Eun.
1378 2046 1401 2067 1,
1420 2046 1449 2068 2,
1468 2045 1498 2069 25
1536 2038 1631 2063 Plenus
1657 2038 1788 2063 rimarum
1810 2038 1883 2070 sum,
1902 2037 1951 2064 hac
1969 2044 2048 2073 atque
2067 2040 2128 2066 illac
2150 2042 2265 2075 perfluo.

1195 2072 1355 2099 Translatio
1370 2073 1453 2098 sumta
1466 2071 1499 2097 ab
1513 2073 1623 2106 aquario
1637 2073 1695 2098 vase
1710 2072 1804 2107 fifflli,
1822 2074 1907 2107 inquit
1920 2074 2018 2101 Donat.
2092 2077 2170 2109 Qiasi
2185 2076 2267 2108 dicat,

1195 2108 1260 2135 Non
1274 2108 1374 2142 possum
1388 2107 1541 2135 continere:
1563 2109 1581 2134 li
1597 2107 1662 2142 quid
1675 2108 1771 2142 audio,
1791 2109 1864 2143 quod
1878 2118 1933 2136 non
1946 2109 1976 2136 fit
1988 2119 2100 2141 verum,
2121 2112 2208 2139 statim
2221 2121 2267 2148 pa-

1196 2143 1249 2170 lam
1262 2144 1307 2170 est.
1379 2145 1460 2170 Bentl.
1474 2147 1586 2169 emendat
1601 2144 1728 2180 perpluo:
1744 2145 1792 2180 sed
1804 2155 1852 2170 non
1862 2145 2003 2181 petsuadet.
2076 2148 2191 2182 Perfluo,
2211 2158 2266 2175 cnm

1196 2179 1354 2215 Acrufiztiuc).
1412 2179 1545 2213 Qiinffil.
1568 2188 1593 2211 2,
1607 2190 1627 2212 ς,
1643 2189 1665 2213 ¹3
1695 2181 1754 2207 Nec
1774 2189 1840 2215 quae
1861 2180 2001 2213 dicentur,
2027 2184 2159 2218 perfluent
2178 2193 2266 2213 aures-

1197 2217 1276 2248 Sunt,
1303 2216 1346 2250 qui
1363 2217 1450 2247 lfqant
1467 2216 1675 2248 Praeterfliient,
1703 2217 1790 2243 Burm.
1811 2217 1912 2243 coniicit
1931 2218 2088 2246 praefluent.
2164 2221 2214 2255 Ego
2233 2230 2266 2247 ex

1196 2253 1272 2278 MSS.
1287 2257 1312 2276 et
1326 2252 1402 2277 editis
1416 2252 1590 2286 Supcrfluent.
1665 2251 1722 2278 Cic.
1737 2252 1768 2278 de
1782 2252 1843 2279 Fin.
1857 2262 1880 2286 2,
1894 2259 1929 2282 118
1947 2263 1969 2281 c.
1983 2263 2010 2287 35
2037 2255 2196 2283 Percontare
2210 2256 2266 2291 ipse

1196 2295 1231 2317 te,
1245 2287 1415 2322 perpetuisne
1429 2288 1506 2314 malis
1519 2287 1701 2322 voluptatibus
1716 2289 1846 2322 perfluens
1865 2289 1894 2315 in
1909 2298 1955 2323 ea,
1976 2299 2056 2325 quam
2071 2292 2147 2326 saepe
2161 2293 2267 2327 vsurpa-

1195 2323 1250 2359 1135,
1272 2323 1464 2357 tranquillitate
1477 2323 1573 2358 degere
1586 2333 1696 2350 omnem
1707 2330 1818 2351 aetatem
1832 2324 1885 2351 fine
1899 2325 2003 2359 dolore,
2021 2333 2067 2354 etc.
2118 2328 2195 2354 Grut.
2209 2337 2269 2363 per·

1194 2359 1296 2386 fruens.
1370 2359 1431 2386 Liu.
1446 2369 1463 2393 1,
1479 2369 1510 2394 4ς
1524 2367 1593 2386 extr.
1613 2359 1707 2387 Infima
1720 2361 1789 2387 valle
1802 2361 1910 2395 perfluit
1922 2362 2031 2389 Tibris.
2066 2364 2113 2392 Al.
2131 2365 2267 2398 praefluit.

1194 2393 1299 2428 Paffine.
1337 2395 1439 2422 Arnob.
1453 2397 1469 2422 6
1489 2405 1515 2430 p.
1531 2404 1568 2428 ¹91
1594 2396 1758 2423 Pluuialibus
1777 2396 1877 2423 nimbis
1893 2397 2070 2431 perfluuntur.

1231 2438 1247 2458 P
1256 2437 1272 2458 E
1281 2438 1301 2458 R
1310 2436 1328 2457 Ρ
1338 2438 1355 2458 L
1365 2437 1388 2457 v
1397 2439 1419 2458 v
1429 2438 1442 2457 s
1453 2452 1461 2464 ‚
1479 2441 1508 2465 a,
1529 2441 1584 2459 um.
1620 2432 1682 2459 Adi.
1719 2433 1798 2468 Apul.
1808 2433 1873 2460 Met.
1888 2441 1910 2460 u
1927 2443 1953 2469 p.
1967 2436 2021 2461 260
2049 2436 2148 2462 Inceliu
2161 2435 2267 2471 perfluo

1193 2467 1324 2494 feminam
1341 2467 1530 2494 mentiebatur.

1228 2510 1329 2531 PERF
1342 2510 1484 2537 vavs,
1511 2504 1566 2532 vid.
1590 2510 1606 2531 Ρ
1619 2509 1845 2532 ERFLEXVS.

1233 2546 1250 2566 P
1263 2547 1281 2567 E
1291 2547 1311 2567 R
1320 2547 1337 2566 F
1346 2546 1394 2566 LV
1403 2546 1478 2567 ch
1491 2547 1510 2568 Ο
1519 2561 1527 2572 ,
1551 2544 1603 2568 Ere.
1642 2539 1868 2576 [κκτακυμειτίξω]
1905 2542 2017 2569 Multum
2030 2543 2158 2576 fluHuure.
2215 2543 2269 2571 Lu-

1194 2582 1257 2602 cret.
1273 2586 1293 2610 ς,
1307 2585 1344 2608 721
1375 2577 1462 2610 Atque
1483 2576 1554 2603 vnde
1575 2575 1742 2604 animantum
1762 2577 1840 2613 copia
1860 2583 1931 2605 tanta
1967 2576 2052 2613 Exos,
2072 2586 2097 2606 ct
2119 2580 2269 2616 exsanguis,

1194 2611 1312 2638 tumidos
1333 2613 1490 2645 perflufiuat
1509 2613 1598 2639 artus?
1635 2614 1654 2639 ι’.
1674 2614 1723 2639 Per
1738 2616 1845 2639 tumidis
1856 2614 2052 2649 artusfluffluat.
2091 2615 2206 2642 Eiusdem
2223 2625 2268 2651 ge-

1194 2648 1262 2673 neris
1275 2648 1309 2684 est
1321 2647 1385 2674 illud
1403 2648 1472 2675 Hor.
1487 2648 1566 2684 Epist.
1581 2657 1600 2682 1,
1616 2657 1635 2682 1,
1648 2656 1667 2684 7
1693 2649 1734 2677 Est
1751 2649 1819 2676 mihi
1833 2656 1973 2685 purgatam
1985 2651 2095 2686 crebro,
2116 2652 2163 2686 qui
2177 2652 2267 2687 perso-

1193 2689 1241 2710 net
1253 2686 1355 2710 a'urem.

1233 2726 1249 2745 Ρ
1262 2726 1278 2746 Ε
1289 2726 1308 2746 R
1319 2726 1336 2746 F
1345 2721 1365 2748 ὁ
1374 2725 1391 2747 C
1402 2726 1422 2748 o
1430 2740 1440 2753 ,
1461 2724 1515 2747 are.
1553 2721 1729 2753 Strati-gulare.

2164 219 2243 260 794

1959 290 2070 326 Compar,
2091 294 2160 323 Suet.
2175 297 2245 332 Aug.

1787 1215 1868 1243 Mart.
1881 1216 1981 1252 Capell.
1994 1226 2004 1245 1
2018 1227 2071 1253 p.u
2091 1218 2188 1254 Virgae
2202 1228 2263 1255 per-

1786 2721 1891 2748 Paullus
1909 2721 1927 2748 1.
1942 2732 1966 2755 4.
1987 2722 2048 2757 Dig.
2061 2723 2093 2750 de
2106 2723 2267 2758 agnoscenti.

1195 2762 1221 2782 et
1234 2755 1320 2783 alend.
1334 2756 1442 2783 liberis:
1478 2756 1582 2783 Necare
1594 2755 1717 2788 videtur,
1737 2766 1792 2784 non
1811 2764 1913 2785 tantum
1932 2759 1972 2792 is,
1993 2759 2042 2794 qui
2054 2765 2161 2794 partum
2175 2760 2267 2795 perfo-

1194 2798 1244 2825 cat,
1266 2791 1308 2818 sed
1320 2799 1346 2818 et
1360 2794 1392 2827 is,
1412 2792 1461 2827 qui
1470 2791 1574 2819 abiicit.

1230 2834 1326 2856 PERF
1339 2826 1390 2855 1ἵο
1406 2836 1463 2864 10,
1487 2829 1552 2862 odi,
1579 2829 1679 2861 offum,
1707 2829 1760 2855 ere.

1194 2872 1322 2900 rumpere,
1335 2865 1438 2898 firire,
1457 2865 1598 2900 perforare.
1655 2863 1723 2891 Plin.
1736 2867 1775 2896 36,
1790 2875 1810 2894 η
1843 2865 1908 2891 Inde
1921 2866 1989 2893 aliae
2002 2866 2121 2901 perfoffis
2134 2866 2267 2893 cuniculis

1195 2900 1379 2928 subterraneae
1392 2900 1496 2927 domus.
1571 2900 1640 2926 Gell.
1652 2909 1674 2932 3,
1690 2909 1703 2931 7
1733 2901 1932 2936 Qiadringenti
1951 2911 2045 2929 omnes
2068 2908 2123 2929 tum
2140 2910 2190 2928 vna
2207 2910 2265 2936 per-

1194 2937 1251 2963 foffi
1267 2936 1384 2968 Gladiis,
1404 2943 1448 2962 aut
1467 2935 1606 2962 missilibus
1625 2936 1714 2970 operti
1727 2936 1831 2963 cadunt.
1950 2939 2040 2965 Varro
2057 2939 2089 2964 de
2104 2939 2134 2964 R.
2151 2938 2181 2963 R.
2196 2948 2218 2970 3,
2234 2945 2264 2972 ¹⁷

1196 2973 1298 2999 Contra
1323 2972 1355 2998 ad
1382 2972 1527 3006 Neapolim
1556 2972 1586 2998 L.
1605 2971 1732 2998 Lucullus
1759 2973 1929 3007 posteaquam
1956 2974 2110 3009 perfodisset
2132 2974 2263 2999 Montem.

1194 3008 1311 3034 Oculum
1332 3007 1412 3034 alicui
1432 3007 1588 3042 perfodere:
1602 3008 1642 3040 fic
1654 3009 1719 3034 enim
1733 3010 1835 3043 quidam
1849 3010 1935 3044 legunt
1949 3011 1976 3035 in
1990 3010 2008 3036 l.
2027 3010 2074 3035 Sed
2087 3015 2113 3035 et
2127 3009 2153 3035 fi.
2171 3010 2194 3042 §.
2210 3008 2263 3035 vlt.

1194 3043 1228 3070 D.
1245 3043 1285 3070 Ad
1306 3044 1356 3080 leg.
1378 3043 1468 3078 Aquil.
1488 3043 1629 3069 Pandn‘lae
1649 3051 1731 3070 tamen
1746 3044 1856 3071 Florent-
1875 3053 1898 3071 et
1912 3046 2057 3071 Haloander
2076 3046 2183 3076 habent,
2203 3045 2264 3071 Per-

1195 3079 1317 3107 fundere.

1798 2829 1951 2864 [διορύττω]
1989 2830 2112 2856 Fodiendo
2133 2840 2266 2865 exc-auare,

1360 3079 1416 3107 Vix,
1425 3079 1469 3114 suo
1482 3079 1539 3105 loco.
1613 3079 1671 3106 Cic.
1685 3079 1714 3107 in
1726 3080 1816 3107 Vatin.
1833 3090 1851 3106 11
1873 3090 1894 3107 c.
1908 3090 1922 3111 5
1950 3081 2023 3106 Licet
2038 3080 2146 3115 impune
2159 3089 2206 3114 per
2219 3089 2265 3107 me

814 3114 900 3151 Fugio
921 3114 1060 3150 perfidiam
1086 3114 1132 3141 Sil.
1149 3121 1182 3146 80
1196 3116 1310 3142 Parietes
1323 3114 1352 3142 in
1363 3115 1539 3142 adolescentia
1551 3115 1712 3151 perfoderis,
1733 3117 1838 3144 vicinos
1852 3115 2015 3151 compilaris.

1229 3173 1244 3192 Ρ
1256 3173 1271 3192 Γ»,
1282 3173 1301 3193 R
1312 3171 1329 3193 F
1341 3173 1360 3194 o
1371 3172 1383 3192 s
1395 3173 1408 3194 s
1421 3173 1442 3191 v
1455 3173 1485 3200 s,
1514 3175 1544 3198 a,
1569 3176 1625 3194 um.
1664 3167 1758 3195 Partic.
1798 3167 1982 3200 [διεψυγμένος]
2019 3166 2130 3193 Ρεὲ1013
2149 3167 2264 3202 perfoss'a

1194 3203 1326 3238 patescunt
1352 3203 1413 3229 Stat.
1426 3201 1518 3230 Theb.
1534 3213 1559 3237 9,
1567 3212 1622 3236 522.
1696 3203 1870 3236 Hellesponto
1884 3202 1987 3238 iuncto,
2006 3202 2130 3236 Athoque
2146 3203 2263 3237 perfoffo

1194 3238 1251 3265 Cic.
1267 3239 1325 3265 Fin.
1339 3247 1364 3272 2,
1380 3247 1417 3266 112
1438 3248 1459 3265 c.
1475 3247 1516 3272 34.
1615 3239 1720 3266 Montes
1747 3239 1823 3264 Curt.
1839 3247 1859 3269 s,
1874 3246 1895 3269 7,
1909 3243 1930 3268 8.
2028 3238 2118 3264 Naues
2134 3239 2265 3273 perfossae

1195 3274 1263 3301 Plin.
1277 3283 1316 3308 32,
1334 3285 1350 3301 1.
1424 3274 1542 3303 Thorax
1556 3275 1683 3310 perfossus
1698 3274 1738 3301 bis
1752 3275 1795 3300 sex
1810 3274 1875 3300 locis
1903 3273 1979 3308 Virg.
1995 3274 2061 3301 Aen.
2076 3283 2105 3308 11,
2122 3284 2157 3301 10.

1230 3332 1272 3352 Pr.
1282 3333 1301 3352 11
1315 3332 1332 3353 Ρ
1344 3333 1385 3353 os
1398 3332 1411 3353 s
1426 3332 1445 3353 o
1455 3333 1493 3360 R,
1519 3327 1584 3353 oris.
1617 3336 1652 3353 m.
1689 3324 1828 3359 [εωρύιιης
1850 3324 1930 3351 Gloff.
1951 3324 1998 3350 Gr.
2014 3324 2088 3360 Lan]
2127 3325 2263 3354 Parietum

1193 3363 1327 3397 perfossor
1348 3363 1432 3389 Plaut.
1447 3363 1537 3390 Pseud.
1552 3373 1576 3397 4,
1590 3371 1612 3392 2,
1628 3370 1664 3393 23.
1705 3362 1762 3387 Vid.
1782 3360 1859 3395 Apul.
1873 3360 1950 3394 Apol.
1971 3369 1997 3394 p.
2012 3362 2072 3392 460.

1230 3409 1245 3429 P
1254 3410 1270 3429 E
1279 3409 1298 3429 R
1307 3409 1324 3429 F
1336 3409 1356 3430 O
1367 3410 1379 3430 S
1390 3410 1402 3430 S
1412 3412 1421 3431 1
1432 3411 1451 3432 Ο
1460 3425 1469 3436 ,
1488 3404 1556 3430 bnis.
1584 3403 1603 3429 f.
1642 3401 1737 3435 δισρνγιὶ
1746 3423 1754 3435 ,
1776 3400 1899 3433 διορυνμός
1913 3401 1993 3429 Gloff.
2007 3402 2054 3430 Gr.
2068 3401 2126 3428 Lat.

1234 3446 1250 3465 Ρ
1264 3445 1407 3467 ΡκΡοεε
1421 3446 1441 3466 ν
1454 3446 1519 3472 ΡΑ,
1540 3448 1578 3466 ae.
1605 3438 1624 3465 f.
1662 3437 1772 3471 διορυγιὶ,
1794 3437 1860 3463 ibid.

1233 3481 1249 3501 Ρ
1261 3481 1276 3500 Ρ,
1288 3482 1306 3501 R
1316 3481 1333 3501 Ρ
1342 3482 1361 3502 0
1369 3482 1383 3502 s
1391 3482 1405 3503 s
1417 3482 1436 3502 o
1448 3497 1457 3508 ,
1483 3475 1593 3507 amedaeo}
1601 3494 1609 3508 ,
1635 3473 1703 3500 ibid.

1232 3517 1387 3538 PERFOE
1399 3518 1417 3539 c
1431 3517 1453 3537 v
1467 3518 1489 3538 N
1504 3517 1523 3537 n
1536 3517 1593 3542 vs,
1613 3518 1643 3545 a,
1664 3519 1719 3536 um.
1741 3508 1801 3535 Adi.
1858 3508 1928 3536 Mela
1944 3518 1962 3542 1,
1977 3517 1993 3542 9
2005 3517 2045 3545 pr.
2067 3510 2199 3545 Aegyptus
2212 3508 2264 3536 ho-

1195 3547 1300 3574 minum
1314 3547 1484 3583 aliorumque
1498 3546 1654 3573 animalium
1670 3544 1849 3580 perfoecunda
1868 3546 2026 3579 generatrix.

1235 3589 1251 3609 Ρ
1262 3589 1278 3609 F.
1288 3590 1307 3610 R
1318 3590 1336 3610 F
1345 3582 1393 3611 <JK
1402 3590 1419 3610 E
1427 3605 1435 3618 ,
1477 3582 1557 3616 [πάνυ
1577 3580 1686 3615 gathan]
1734 3582 1812 3606 Valde
1836 3581 1954 3613 futurum
1977 3582 2022 3616 eff}
2047 3582 2145 3607 volunt.
2203 3580 2261 3606 Cic.

1195 3616 1268 3645 Fam.
1284 3629 1305 3653 3,
1320 3628 1334 3650 5
1360 3620 1444 3646 Tunc
1456 3618 1524 3644 mihi
1538 3618 1582 3644 ille
1593 3617 1671 3649 dixit,
1691 3615 1761 3650 quod
1777 3616 1849 3643 classe
1863 3624 1890 3644 tu
1904 3617 1983 3643 velles
1997 3616 2132 3649 decedere,
2150 3617 2261 3652 perfore

1197 3654 1426 3682 accommodatum
1440 3653 1501 3686 tibi,
1519 3654 1536 3680 fi
1551 3653 1581 3680 ad
1598 3653 1671 3679 illam
1685 3652 1846 3679 maritimam
1862 3659 1962 3687 partem
1975 3653 2133 3687 prouinciae
2147 3651 2261 3678 nauibus

1196 3690 1355 3718 accelIissem.
1426 3691 1476 3716 Sed
1495 3690 1580 3714 melius
1598 3688 1633 3723 est
1651 3688 1859 3721 Praepostn'onem
1879 3689 1943 3721 Per,
1969 3691 2005 3714 ad
2022 3687 2260 3715 Accommodatum

1196 3727 1309 3763 refhrre,
1331 3728 1380 3754 Per
1397 3724 1640 3752 accommodatum:
1660 3731 1690 3750 vt
1702 3723 1772 3752 Fore
1790 3725 1979 3759 intetponatur:
1997 3732 2027 3751 vt
2047 3725 2096 3751 Per
2114 3723 2184 3751 mihi
2203 3729 2260 3755 gra-

1196 3768 1263 3795 tum,
1282 3771 1327 3790 m.
1370 3763 1427 3788 Vz'd.
1448 3765 1516 3788 PER
1526 3767 1541 3787 Ρ
1551 3767 1572 3786 v
1584 3766 1606 3786 1.

1232 3805 1247 3824 Ρ
1259 3804 1274 3824 Ρ,
1284 3805 1301 3824 R
1314 3804 1331 3824 F
1345 3804 1365 3824 o
1376 3804 1395 3824 R
1405 3803 1431 3823 M
1442 3803 1452 3822 1
1463 3803 1482 3823 D
1494 3798 1518 3823 Ᾱ
1527 3802 1578 3822 Τν
1587 3802 1599 3821 s
1608 3816 1616 3829 ‚
1635 3803 1667 3829 a,
1686 3805 1742 3822 um.
1774 3795 1867 3822 Partic.
1905 3794 2152 3829 [doronem-maone]
2187 3789 2258 3830 Mu!-

1509 3831 1589 3859 Silius
1607 3840 1636 3866 3,
1656 3833 1707 3862 603
1743 3832 1799 3859 Iam
1818 3840 1885 3867 puer
1907 3831 2047 3858 auricomo
2067 3825 2258 3865 persor-midae

1199 3870 1308 3896 Batauo.
2124 3898 2129 3902 η

1931 3902 2023 3930 Aurel.
2037 3899 2107 3927 Vi&-
2122 3907 2151 3924 in
2164 3894 2257 3924 Claud.

2134 3965 2256 3995 Tertun.

1233 3903 1783 3936 PERFORMIDOL6SVS‚a‚um.
1819 3903 1880 3930 Adi.

1197 3941 1270 3968 Caes.
1297 3940 1401 3966 Natura
1419 3939 1669 3973 performidolosus.

1236 3983 1251 4002 Ρ
1259 3983 1275 4003 Ρ
1284 3982 1302 4002 R
1312 3982 1329 4003 Ρ
1340 3981 1359 4006 ,0
1370 3982 1389 4002 R
1398 3982 1422 4002 M
1432 3981 1451 4001 o
1459 3995 1467 4007 ‚
1499 3979 1552 4001 are.
1590 3972 1759 4008 [διαμορφὸω]
1796 3974 1910 4002 Formam
1929 3972 2058 4009 absoluere.

75 4003 216 4042 audacter,
243 4006 328 4034 multa
343 4008 485 4046 improbe,
508 4009 592 4039 multa
611 4007 753 4044 perfidiose
769 4008 839 4038 fac-'ta
857 4011 971 4048 videtis,
991 4013 1032 4040 ibi
1052 4012 1186 4041 seclusio-5
1199 4013 1275 4048 Apol.
1294 4021 1316 4039 c.
1333 4020 1340 4038 1
1370 4010 1411 4037 Ad
1426 4011 1526 4039 malum
1539 4011 1748 4046 person-mantur-

233 4048 285 4075 vo
292 4050 319 4072 1..
356 4045 416 4074 111.

1354 4047 1417 4081 §H
2087 4042 2256 4066 FERFOR-

1929 4089 1947 4098 κ

1356 2001 1521 2028 Perfluebant
1536 2010 1583 2034 per
1597 2002 1715 2028 frontem
1731 2002 1847 2028 sudantis
1867 2003 1968 2030 acaciae
1983 2004 2039 2031 riui
2067 2004 2173 2031 Petron.
2195 2015 2217 2032 c.
2231 2015 2268 2038 23.
2316 2028 2320 2029 .
