2517 4231
261 218 333 267 367
685 201 914 246 MVR
1778 186 2014 232 MVR
2308 187 2445 241 '368

304 309 331 329 M
342 308 364 328 ν
374 307 397 327 Ν
407 306 425 326 Υ
436 304 455 326 c
466 304 487 325 Η
496 303 554 331 ῙΑ,
573 306 611 324 ae.
643 294 663 322 f.
708 291 865 328 [Mauoxlae]
899 294 982 323 portos
996 284 1106 323 Atticae,
1162 282 1229 307 Hinc
1387 280 1449 306 ritas
1463 281 1515 307 saxi
1524 302 1532 314 ,
1553 281 1636 315 inquit
1649 279 1766 307 Nonius.
1838 278 1915 314 Virg.
1930 279 1996 308 Aen.
2008 288 2039 314 5,
2059 288 2109 314 205
2141 281 2285 308 Concuss'ae
2300 286 2403 314 cautes,
2423 285 2450 307 et

304 345 331 364 M
345 343 367 363 v
378 343 401 362 N
410 343 428 362 Y
438 342 455 362 C
464 341 484 361 H
494 340 553 364 lys
562 354 571 367 ‚
590 342 604 359 3
613 353 621 365 ⁹
639 341 693 358 um,
731 328 790 355 Adi,
834 322 990 359 [Muvsszwc]
1046 318 1129 359 0¹¹¹.d·.
1141 318 1206 344 Met.
1227 325 1257 349 2,
1278 323 1326 348 709
1387 321 1465 342 acuto
1478 317 1506 342 in
1517 317 1618 343 murice
1631 316 1698 342 remi
1712 314 1814 342 Obnixi
1828 323 1962 350 crepuere.
2016 317 2059 343 Ab
2071 317 2207 354 asperitate
2220 326 2354 348 murorum,
2368 317 2452 350 fnquig

265 372 480 406 Munychiosque
494 369 585 397 volans
599 375 691 402 agl-os,
711 368 864 399 gratamque
876 359 1014 385 Mineruae
1028 353 1193 397 Despiciebat
1206 353 1328 393 humum.
1389 352 1514 392 Perottus.
1555 353 1610 378 Via.
1626 357 1702 378 Acv
1712 357 1741 378 O.
1761 359 1785 377 et
1796 350 1844 388 βὶΙ.
1860 359 1904 386 17,
1919 357 1973 381 281-
2151 351 2172 391 q
2193 360 2205 385 3
2242 353 2377 382 Murices,
2389 352 2452 387 sum

268 410 287 437 i.
304 409 412 436 Atticos.
485 406 563 432 Arces
578 401 735 434 Munychiae
761 398 822 424 Stat.
837 395 901 423 Silu.
914 402 942 427 5,
955 401 984 426 3,
996 401 1048 425 107.
1084 401 1104 418 1.
1124 390 1240 418 Athenae
1253 387 1326 424 ipsae.
1392 385 1507 419 Tribule,
1527 389 1570 413 vel
1588 396 1617 414 vt
1638 389 1731 413 Graece
1750 389 1867 421 τρίίολοι,
1893 387 2179 422 machinulaeftrreae,
2205 388 2320 424 dolosae,
2351 388 2454 422 trigona

268 446 342 473 Rura
353 442 497 476 Munychia
521 441 560 469 Id.
574 437 665 467 Theb·
674 445 714 469 12,
726 436 781 461 διό,
1350 421 1365 449 5
1391 428 1435 446 aut
1450 427 1581 456 tetragona
1589 424 1694 457 forma,
1715 432 1776 457 quae
1790 423 1817 448 1'n
1829 431 1996 458 quamcunque
2005 429 2105 458 purtem
2124 424 2300 457 incubuerint,
2317 432 2394 449 vnum
2408 428 2455 448 aut

1389 457 1474 492 plures
1486 458 1579 497 aculeos
1597 458 1697 498 infestor
1707 460 1867 499 protendunt,
1923 459 1989 486 Plin.
2002 466 2046 492 19,
2059 466 2068 484 1
2080 458 2099 484 s.
2112 460 2127 485 6
2154 460 2220 486 Cato
2234 459 2378 487 Censorius
2393 457 2456 484 ster-

670 508 710 541 Μ
783 506 816 537 ῥν
891 503 921 536 R
1391 491 1509 532 nendum
1525 494 1615 523 lorum
1628 494 1774 533 muricibus
1788 495 1937 525 censuerat,
1957 503 1987 521 ne
1998 495 2093 520 luberet
2106 495 2250 529 hominibus,
2270 495 2371 528 ibiſsne
2384 492 2457 528 caiisa

1275 567 1280 572 .
1392 527 1525 568 consistere.
1590 528 1706 568 'Curtius
1719 539 1748 563 4,
1763 540 1795 563 13,
1807 533 1838 563 36
1861 531 1930 557 Bion
1943 529 2052 565 quidam
2063 530 2197 565 transfuga
2211 531 2315 557 nuntiat
2328 529 2385 565 regi
2399 537 2458 555 mu-

308 596 335 616 M
344 595 366 614 v
376 594 396 615 R
405 594 427 614 A
436 593 453 614 13
462 592 485 612 N
496 591 517 610 A
527 603 535 616 ‚
556 589 596 607 ae.
617 579 637 605 f.
677 575 813 611 [μύραινα]
868 572 949 609 Piscis
962 572 993 608 est
1006 581 1053 598 non
1065 568 1189 604 diffimilis
1201 564 1332 608 anguillae.
1393 573 1460 590 rices
1474 563 1576 605 fei-reos
1589 571 1617 589 in
1631 569 1728 591 tei-rani
1742 565 1868 593 defodisse
1882 567 2010 599 Darium,
2042 574 2094 600 qua
2115 565 2219 592 hostem
2237 567 2339 601 equites
2353 565 2457 592 emissu-

272 626 340 654 Ριῑῃ,
353 633 387 658 9,
406 631 435 655 23
479 620 606 647 Muraena
627 620 787 649 quocunque
804 618 924 645 tempore
940 608 1025 644 parit,
1044 616 1127 642 quum
1141 610 1238 631 caeteri
1253 603 1333 637 pisces
1349 603 1377 621 ¹0
1395 609 1455 626 rum
1469 601 1518 627 esse
1530 598 1661 625 credebat.
1719 600 1876 628 Tribulorum
1889 602 2002 628 mem1'n1't
2024 601 2151 636 Vegetius
2165 610 2192 637 3,
2214 611 2251 634 24-
2325 601 2375 629 Sed
2388 601 2457 627 Cato

272 662 338 689 stato
357 659 467 694 pariant.
523 654 583 680 Oua
602 651 659 677 eius
680 648 799 676 citissime
816 647 933 673 crescunt
954 645 982 671 in
1002 644 1067 670 sicco
1086 643 1176 669 litore.
1231 638 1333 672 Elapsas
1395 636 1427 662 R.
1435 637 1466 662 R.
1482 643 1519 667 135
1527 644 1558 676 ,ι
1593 634 1709 675 Murices
1730 635 1910 671 interpretatur
1923 640 2032 674 Popma‚
2056 638 2251 672 fivnaferrata
2264 636 2417 673 asperrima,
2434 641 2459 662 et

274 697 369 730 vulgus
388 693 460 719 coitu
481 687 642 724 serpentium
662 684 769 720 impleri
792 688 874 718 putat.
929 680 1082 707 Aristoteles
1102 676 1239 710 Myrinum
1257 678 1334 700 vocat
1397 673 1478 698 clauos
1495 678 1627 711 emmen-tes
1644 679 1671 695 tn
1686 669 1813 696 collaribus
1825 683 1920 701 canum.

274 739 374 760 marem
387 728 433 762 qui
445 730 561 761 generat.
622 722 770 748 Discrimen
783 720 847 751 else,
873 717 945 753 quod
964 722 1089 742 muraena
1101 713 1176 740 varia
1188 717 1214 739 et
1229 709 1334 737 infirma
1433 714 1460 734 Μ
1470 713 1491 733 v
1501 713 1566 734 Ric
1576 714 1598 746 p.
1609 711 1698 739 TVS,
1717 714 1748 739 a,
1768 715 1823 733 um,
1857 709 1917 738 Adi·
1952 708 2103 744 [μυακωΊδς]
2145 709 2223 744 Qod
2235 717 2266 734 ex
2277 707 2379 734 mum-Cis
2392 708 2460 733 modo

275 769 320 800 fit,
345 764 465 796 myrinus
486 759 610 787 vnicolor
628 763 654 784 et
673 756 810 784 robustus:
848 753 991 787 dentesque
1009 757 1082 785 extra
1102 759 1132 776 os
1152 748 1262 779 habeat,
1288 752 1335 784 etf-
1366 781 1377 789 .
1393 743 1502 784 faf‘lum.
1559 743 1625 769 Plin.
1640 750 1687 783 zo,
1706 749 1735 774 23
1762 742 1882 782 'Vtrique
1900 745 1966 771 folia
1980 754 2078 780 pauca,
2099 744 2218 780 spinosa,
2240 742 2376 770 muricatis
2391 751 2462 769 cacu-

276 799 463 830 Tertullianus
476 797 508 824 de
521 796 583 823 Pall.
595 804 617 821 c.
630 802 642 827 5
663 803 687 828 p.
700 795 730 823 56
762 790 864 818 Salinas.
879 788 978 815 Vedius
1001 787 1086 813 Pollio
1100 786 1190 812 seruos
1204 789 1336 809 muraenis
1353 783 1376 808 ¹>
1398 778 1525 806 minibus.
1581 779 1684 804 Gressus
1699 783 1840 812 muricau,
1862 779 2002 814 Fulgentio
2015 781 2165 815 Mytholog.
2180 790 2204 813 i,
2217 789 2226 806 ι
2263 779 2282 806 i.
2303 777 2466 810 formidolosa·

275 834 438 865 inuadendos
452 831 610 861 chicelabat.
668 829 747 856 Noua
761 827 858 853 scilicet
871 824 978 851 saeuitia
992 822 1122 850 delectato
1133 841 1141 853 ‚
1159 826 1281 858 terrenae
1294 817 1338 843 be·
1399 823 1423 856 est
1437 815 1544 856 seulfi,
1570 815 1655 849 quales
1669 812 1731 853 sunt
1748 822 1845 847 eorum,
1870 815 1915 849 qui
1935 816 2003 841 inter
2019 818 2121 842 murices
2138 818 2272 842 incedunt:
2308 816 2464 846 Intuemur,

276 873 338 900 stiae
352 870 537 901 exedentulae‚
557 873 583 894 et
595 865 734 899 exunguiS,
753 869 778 889 et
792 861 922 889 excornis.
979 859 1018 885 De
1032 857 1147 893 piscibus
1160 855 1257 895 placuit
1270 853 1340 879 feras
1400 858 1500 885 mqutt,
1521 858 1613 891 arua,
1643 848 1740 884 quibus
1757 848 1842 876 adhuc
1861 849 1997 885 impressae
2016 851 2173 879 bellantium
2192 851 2296 887 plantae
2319 850 2463 877 muricatos

276 916 388 942 cogere,
408 906 501 940 vtique
513 904 599 931 statim
612 899 756 936 coquendis
765 919 773 931 ,
793 904 820 924 vt
835 897 863 922 in
877 895 1020 922 visceribus
1035 901 1125 920 earum
1133 889 1236 924 aliquid
1249 888 1281 928 de
1289 889 1339 914 ser·
1399 885 1489 920 (quod
1503 892 1577 911 aiunt
1586 885 1794 925 >hfigillaueruut
1807 885 1913 920 gressus.
1968 886 2000 913 Et
2013 887 2161 915 formidine
2182 887 2265 914 menti
2287 885 2407 913 nondum
2420 893 2464 911 ex-

275 952 374 971 vorum
387 943 496 969 suorum
511 937 670 974 corporibus
683 942 708 963 et
723 935 776 969 ipse
789 932 910 967 gustaret.
972 930 1060 955 Multa
1072 929 1109 953 ad
1124 928 1147 953 h.
1159 927 1178 951 l.
1196 927 1226 950 de
1235 923 1340 965 philolo·
1401 921 1482 961 tersa,
1501 921 1587 960 hostes
1601 930 1629 947 m
1643 921 1759 956 vestigiis
1774 922 1950 956 pauebamus:
1987 927 2118 951 terrorem
2129 924 2201 951 enim
2215 932 2265 958 pro
2279 923 2318 950 sui
2331 920 2465 949 memoria

273 980 322 1016 gia
335 979 519 1005 Muraenarum
533 973 635 1009 Salmas.
652 980 677 1007 p.
686 981 728 1004 439
738 970 796 1005 sqq.
854 968 920 993 Adcl.
934 965 1040 992 Colum.
1054 969 1068 995 8
1084 970 1086 977 ’
1102 960 1222 990 Macrob.
1236 961 1341 986 batum.
1355 962 1388 980 20
1401 956 1477 983 miles
1490 956 1570 983 hostis
1584 956 1725 983 haeredem
1741 957 1894 992 reliquerat.

279 1025 302 1048 3,
314 1022 348 1048 ις.
404 1012 519 1040 Martial.
528 1020 562 1043 13,
575 1016 607 1040 80
629 1009 703 1041 Quae
716 1012 786 1032 natat
798 1013 826 1031 in
842 1003 930 1031 Siculo
938 1000 1044 1037 grandis
1053 1006 1179 1026 muraena
1193 993 1341 1035 profund0‚
1441 999 1469 1019 M
1484 999 1505 1018 v
1516 999 1535 1018 R
1546 998 1581 1018 10
1590 994 1612 1019 Α»ἰ
1621 999 1642 1018 Τ
1651 1000 1660 1019 ι
1669 1000 1704 1020 Μ.
1742 992 1811 1019 Adu.
1855 991 2010 1029 [μυακηδᾶν]
2052 993 2220 1027 Conuolutim,
2241 995 2324 1029 inquit
2336 993 2467 1020 Budaeus.-

278 1051 345 1079 Non
358 1049 426 1077 valet
432 1048 547 1076 exustam
561 1053 680 1080 mei-gere
687 1042 741 1070 sole
753 1048 849 1068 cutem.
922 1038 1004 1066 Plaut.
1018 1036 1113 1071 Amph.
1123 1044 1142 1066 ι,
1149 1043 1169 1065 1,
1176 1035 1221 1072 163.
1238 1032 1342 1058 Mirum
1402 1030 1433 1068 In
1446 1029 1539 1068 modom
1553 1029 1663 1054 muricis.
1734 1028 1869 1068 Columel.
1881 1038 1909 1064 9,
1922 1037 1948 1062 33
1976 1028 2083 1056 Vertice
2096 1029 2246 1056 muricatim
2258 1030 2378 1063 intorto,
2397 1036 2468 1055 mar.

277 1087 308 1114 ni
322 1086 365 1113 liic
380 1095 422 1112 me
435 1084 505 1120 quasi
519 1089 671 1110 muraenam
684 1078 798 1107 exossare
813 1075 920 1111 cogitat.
993 1072 1129 1100 Abstinere
1142 1070 1236 1097 ostreis
1247 1074 1273 1094 et
1287 1075 1343 1092 n›u-
1403 1072 1465 1098 gine
1480 1073 1508 1090 m
1523 1072 1678 1090 mucronem
1697 1064 1799 1090 emisso.

279 1122 383 1153 caenis,
414 1121 469 1147 vid.
489 1126 536 1146 AB
546 1124 607 1145 s'ri
617 1123 638 1143 N
649 1122 666 1142 E
676 1122 704 1142 o.
761 1113 834 1147 Conf.
853 1113 957 1138 Manat.
972 1113 1006 1135 aa
1019 1108 1156 1136 Cic.Fam.
1173 1114 1208 1141 7,
1225 1107 1264 1131 26'
1276 1110 1342 1129 extr.
1436 1107 1467 1140 ,M
1477 1106 1500 1126 v
1510 1108 1528 1127 R
1539 1108 1546 1126 1
1557 1106 1573 1126 c
1583 1106 1599 1126 E
1611 1106 1632 1126 v
1644 1106 1673 1132 S,
1692 1108 1723 1133 a,
1743 1108 1800 1126 um.
1835 1097 1896 1126 Adi.
1950 1099 2049 1127 Auson.
2063 1099 2186 1135 Epist-9,
2199 1111 2214 1132 4
2245 1101 2330 1127 Antra
2342 1105 2368 1127 et
2382 1098 2468 1127 muri-

279 1158 348 1186 Plin.
359 1166 385 1191 9,
397 1164 435 1190 55.
490 1156 584 1182 Horat.
592 1154 641 1180 Sat.
649 1160 674 1184 2,
687 1156 711 1184 8,
721 1158 762 1183 42.
816 1146 932 1175 Martial.
947 1155 983 1178 10,
998 1154 1040 1178 30.
1191 1138 1213 1177 q
1233 1148 1249 1166 2
1285 1139 1342 1166 Mu·
1353 1141 1385 1169 25
1405 1145 1456 1163 teis
1469 1136 1640 1171 scopulorum
1657 1136 1741 1162 mersa
1753 1133 1862 1162 lacunis.

278 1202 359 1222 caena
372 1192 448 1219 etiam
461 1193 599 1226 Cognomen
613 1190 743 1214 Romanum
752 1187 835 1221 gentis
847 1183 961 1211 Liciniae
978 1182 1064 1220 Varro
1078 1178 1111 1219 de
1125 1179 1158 1205 R.
1170 1178 1202 1204 R.
1214 1186 1242 1209 3,
1255 1184 1284 1208 3,
1298 1183 1342 1215 ,¹03
1441 1179 1467 1198 Μ
1476 1179 1497 1198 v
1507 1179 1545 1214 ιιι
1557 1179 1573 1198 L
1588 1178 1603 1198 E
1613 1178 1634 1198 G
1644 1170 1665 1198 v⁹
1674 1178 1690 1213 ι.
1699 1178 1719 1197 ν
1728 1177 1759 1211 ,³³
1779 1171 1798 1198 i.
1820 1179 1856 1212 in.
1882 1170 2039 1211 κςγχυλευλὶς
2055 1171 2135 1199 Gloss‘.
2148 1173 2205 1199 Lat.
2214 1172 2262 1198 Gr.
2283 1171 2471 1205 [μνακόλογος]

282 1238 329 1264 vt,
348 1229 379 1256 L.
392 1229 519 1255 Muraena
533 1225 639 1258 consul,
662 1230 709 1259 pro
723 1231 769 1257 quo
787 1219 866 1256 exstat
880 1217 968 1245 oratio
983 1217 1132 1243 Ciceronis.
1188 1215 1221 1241 In
1239 1209 1346 1246 Lapidi-
1407 1218 1425 1249 a
1435 1211 1575 1235 Murmhus
1589 1209 1762 1242 leg‘t'ndlsstue
1775 1205 1916 1242 colligendis
1929 1216 2015 1233 nomen
2027 1208 2108 1234 babet.
2164 1207 2283 1234 Meminit
2296 1206 2475 1239 Iustinianus,

280 1266 331 1295 bus
345 1264 461 1300 Capitol.
473 1270 497 1289 et
512 1262 592 1287 numis
603 1260 688 1296 gemis
701 1257 814 1284 Liciniae
831 1255 968 1282 Muraena.
1407 1244 1486 1271 titulo
1500 1243 1567 1271 Cod.
1581 1243 1613 1269 de
1624 1243 1782 1269 Monetariis
1796 1249 1821 1269 et
1833 1243 2011 1283 murilegulis.
2073 1242 2116 1279 kst
2127 1244 2189 1269 etin
2202 1243 2271 1270 Cod.
2284 1241 2395 1270 Theod.
2409 1242 2472 1268 titu-

320 1308 346 1328 M
355 1307 375 1327 V
385 1307 405 1327 R
414 1307 436 1327 Α
445 1306 462 1326 Ε
473 1305 496 1325 N
506 1296 600 1330 V'LA‚
619 1305 659 1322 ae.
678 1294 698 1321 f.
718 1292 790 1320 Colli
802 1300 898 1318 aurum
911 1294 1043 1323 nuncupat
1052 1287 1156 1322 vulgus,
1175 1285 1345 1315 Hieronymo
1407 1281 1448 1307 lus
1461 1281 1491 1306 de
1505 1279 1675 1314 Murilegulis
1687 1286 1713 1306 et
1726 1279 1907 1311 Gynaeciariis
1925 1286 1971 1305 etc.
2007 1278 2052 1304 vbi
2064 1278 2146 1305 onmia
2161 1279 2333 1313 Gothofredus.
2358 1300 2361 1302 ,

284 1337 369 1367 Praefi
384 1336 412 1363 in
426 1335 483 1363 Iob.
498 1334 626 1365 tradente,
653 1329 726 1365 quod
744 1327 840 1355 scilicet
859 1325 968 1352 metallo
987 1325 1016 1351 in
1035 1324 1153 1359 virgulas
1174 1321 1344 1350 lentescente,
1357 1326 1391 1350 30
1443 1323 1469 1342 M
1482 1322 1500 1341 V
1513 1322 1531 1341 R
1542 1322 1561 1341 (i
1574 1319 1660 1344 Aina:
1671 1320 1729 1348 LA,
1752 1323 1792 1341 ae.
1819 1313 1839 1341 f.
1881 1316 1943 1340 Vrbs
1958 1315 2070 1341 Siciliae.
2126 1315 2187 1341 Liu.
2200 1322 2250 1348 24,
2271 1316 2311 1347 36.
2335 1321 2359 1341 et
2378 1316 2426 1347 26,
2444 1321 2471 1340 zi

284 1373 398 1408 quadam
412 1371 516 1398 ordinis
535 1367 639 1395 flexuofi
660 1373 763 1397 catena,
788 1362 939 1389 contexitur
949 1381 958 1394 ,
983 1369 1015 1386 ex
1029 1361 1104 1394 piscis
1120 1359 1214 1393 vtique
1227 1355 1345 1390 imagine
1408 1352 1480 1386 Conf.
1496 1351 1541 1377 Sil.
1558 1361 1582 1383 1⁴
1591 1348 1670 1384 5‘5652.
1744 1352 1783 1385 Igsl
1796 1352 1870 1377 etiam
1890 1349 1982 1377 Validn
1994 1351 2054 1376 vrbs
2066 1350 2094 1375 in
2107 1351 2206 1377 Samnio
2231 1350 2292 1377 Liu.
2306 1358 2352 1383 ιο,
2365 1357 2400 1384 17.

284 1408 418 1437 vocabulo
432 1407 601 1433 conformato
638 1403 706 1429 Cael.
719 1411 743 1433 4,
756 1409 778 1427 2.
815 1400 885 1424 Add.
900 1396 1006 1431 Vulgat.
1019 1395 1085 1422 Esai.
1097 1404 1120 1430 3,
1133 1404 1176 1422 20.
1445 1395 1471 1414 M
1480 1395 1499 1412 v
1514 1393 1531 1413 R
1543 1393 1562 1413 G
1574 1393 1589 1413 E
1600 1393 1621 1412 N
1636 1393 1658 1413 Τ
1672 1393 1681 1412 1
1692 1393 1714 1411 Ν
1727 1392 1748 1412 V
1761 1393 1773 1411 s
1782 1406 1792 1419 ‚
1811 1394 1843 1419 a,
1861 1395 1916 1412 um.
1955 1386 2024 1413 Vina
2038 1387 2226 1420 Murgentina,
2242 1387 2314 1413 aloco
2321 1387 2387 1412 dian
2395 1385 2474 1412 varr.

320 1451 437 1472 MVRA
450 1449 526 1475 tls,
547 1433 771 1469 MVRATVQ'
792 1434 847 1461 vid.
871 1438 1018 1461 MVRVS.
1409 1424 1441 1450 de
1455 1424 1525 1450 KR.
1543 1434 1560 1455 1,
1574 1432 1612 1453 25-
1636 1431 1658 1448 ei
1672 1423 1740 1448 Cato
1754 1424 1808 1449 c.6.
1881 1421 1952 1448 Vitis
1963 1422 2135 1456 Murgentina
2161 1423 2268 1450 Colum.
2283 1432 2311 1455 3,
2324 1429 2349 1449 2.

323 1487 378 1507 mv
388 1487 406 1506 R
417 1485 434 1506 c
444 1485 507 1511 EA,
533 1484 560 1503 M
569 1483 589 1503 v
599 1481 644 1502 Rc
654 1482 663 1500 i
672 1481 709 1506 A,
735 1481 768 1498 an
787 1478 812 1498 M
824 1476 843 1496 v
855 1476 875 1496 R
885 1475 908 1496 ‘r
919 1474 958 1495 IA
979 1468 1070 1494 Venus
1079 1486 1088 1499 ,
1118 1473 1152 1490 an
1173 1472 1200 1492 M
1211 1470 1259 1490 vR
1269 1469 1290 1488 T
1300 1469 1316 1488 E
1326 1469 1348 1487 A
1445 1467 1471 1486 M
1480 1466 1499 1485 v
1510 1466 1528 1486 R
1538 1465 1559 1485 G
1568 1466 1584 1485 k
1595 1466 1613 1485 iz
1632 1458 1735 1492 <inquit
1751 1457 1859 1491 Festus)
1883 1456 1938 1483 dici
1950 1457 2016 1483 solet
2028 1465 2043 1483 a
2056 1456 2219 1485 castrenfium
2230 1457 2378 1491 ominibus,
2401 1455 2473 1492 quasi

278 1515 334 1550 fiue
347 1522 401 1542 Μγ
411 1521 430 1542 x
441 1521 462 1541 T
475 1520 492 1540 E
502 1514 541 1540 A?
602 1510 750 1546 Postremum
767 1506 893 1542 probabile
905 1504 978 1539 facit
997 1512 1044 1529 non
1064 1501 1165 1528 Plinius
1179 1501 1246 1527 modo
1259 1507 1300 1531 ις,
1315 1505 1349 1529 29
1363 1502 1392 1529 35
1409 1496 1546 1527 mucosus,
1565 1496 1586 1520 is
1602 1496 1649 1529 qui
1664 1495 1721 1520 talis
1736 1493 1803 1520 male
1818 1492 1895 1519 ludit.
1951 1492 2100 1527 obsoletum.
2159 1496 2213 1520 Nec
2226 1494 2325 1520 inuenio

285 1553 342 1585 1:36
367 1550 411 1577 vbi
423 1552 453 1576 de
466 1550 573 1581 Myrto,
593 1547 667 1579 Qin
681 1551 706 1571 et
719 1552 764 1569 ara
779 1549 853 1568 vetus
862 1541 915 1567 fuit
924 1539 1023 1567 Veneri
1030 1539 1164 1570 Myrteae,
1184 1544 1264 1572 quain
1278 1541 1348 1560 nune
1448 1537 1475 1557 Μ
1491 1538 1507 1557 ν
1519 1537 1539 1557 R
1548 1536 1567 1557 G
1578 1537 1586 1556 l
1599 1538 1610 1556 s
1623 1537 1642 1556 o
1652 1551 1660 1563 ,
1680 1530 1750 1557 onis,
1776 1538 1811 1555 m.
1854 1529 1945 1562 Iners,
1964 1527 2112 1555 desidiosus.
2171 1530 2194 1556 A
2206 1538 2283 1556 mora
2295 1534 2322 1555 et
2333 1526 2474 1555 desidendo

285 1587 419 1615 Murciam
435 1589 539 1612 vocant.
596 1584 645 1608 Sed
657 1588 679 1606 et
693 1580 780 1606 Varro
792 1577 824 1604 de
838 1577 905 1604 L.L.
918 1584 947 1610 4,
959 1584 985 1608 32
997 1585 1020 1611 p.
1029 1582 1069 1610 37,
1084 1582 1104 1600 ii
1129 1573 1241 1600 Intimus
1256 1570 1350 1610 Circus
1410 1566 1512 1602 diffisus,
1533 1567 1616 1601 inquit
1635 1565 1732 1593 restuS.
1803 1563 1862 1591 lfid.
1882 1564 1926 1591 Gi.
1957 1565 2078 1599 Murgiso
2097 1564 2204 1592 callidus
2224 1571 2423 1598 murmurator,
2446 1563 2475 1599 f.

286 1623 319 1650 ad
332 1622 463 1650 Murtium
477 1625 600 1651 vocatus,
621 1623 650 1643 vt
663 1615 793 1643 Procilius
806 1612 903 1647 aiebat,
923 1612 956 1639 ab
971 1611 1065 1643 vrccis,
1086 1609 1158 1645 quod
1173 1610 1195 1635 is
1208 1608 1280 1635 locus
1289 1607 1349 1632 esset
1407 1604 1540 1630 Mol-ator.
2366 1596 2367 1602 ¹

284 1659 357 1687 inter
369 1657 472 1693 figulos.
533 1655 588 1682 Alii
601 1654 649 1680 ess‘e
662 1652 754 1678 dicunt
767 1659 781 1677 a
793 1655 910 1676 murteto
925 1648 1085 1675 declinatum
1094 1666 1102 1679 ‚
1127 1645 1200 1681 quod
1215 1644 1254 1671 ibi
1268 1642 1296 1669 id
1309 1641 1349 1681 su-
1438 1646 1474 1681 ’Μ
1487 1646 1507 1665 V
1517 1645 1535 1665 R
1546 1645 1601 1671 ΧΑ,
1622 1646 1660 1665 ae.
1688 1637 1708 1665 f.
1747 1633 1849 1672 [ἅλμη]
1894 1634 2142 1672 Gemi-salsamenti,
2162 1638 2228 1672 quod
2238 1637 2379 1672 ‘’xpiscium
2391 1637 2476 1671 liqua-

286 1695 354 1722 erit:
389 1693 463 1720 cuius
476 1690 617 1726 vestigium
628 1694 731 1721 manet,
756 1685 829 1721 quod
846 1685 886 1712 ibi
905 1684 1026 1712 sacellum
1039 1683 1120 1709 etiam
1140 1690 1209 1708 nunc
1232 1681 1349 1706 Murtiae
1359 1684 1396 1709 40
1408 1684 1473 1701 mine
1483 1677 1558 1710 fiebat
1567 1692 1576 1705 ,
1595 1674 1741 1712 pmesertim
1756 1674 1913 1707 thynnorum.
1960 1673 2014 1698 Vid.
2029 1674 2123 1709 Scalig.
2137 1674 2202 1700 Lec‘l.
2215 1673 2276 1708 Ans.
2293 1682 2305 1698 2
2318 1678 2373 1702 αρε
2384 1679 2410 1707 p.
2424 1676 2475 1705 165.

287 1730 410 1757 Veneris.
473 1726 648 1763 Pzfieriorious
659 1732 740 1750 tamen
754 1723 806 1749 alia
820 1721 963 1756 etymologia
975 1719 1087 1755 placuit,
1106 1727 1175 1744 certe
1190 1713 1350 1752 Christianis.
1410 1712 1496 1751 Eurm.
1511 1716 1545 1736 ml
1554 1711 1688 1749 ¹(Quinctil.
1699 1715 1722 1742 3,
1738 1718 1750 1735 2
1760 1716 1803 1744 pr.
1878 1708 1946 1734 Pers.
1961 1708 2011 1734 Sat.
2019 1710 2047 1740 6,
2061 1717 2094 1735 20
2119 1709 2224 1744 Tingat
2237 1710 2295 1735 olus
2310 1708 2403 1735 ficcuni
2419 1717 2477 1734 mu-

287 1765 408 1792 Tertull.
422 1763 454 1790 de
471 1763 586 1798 Speehic.
601 1768 614 1790 8
647 1761 748 1787 Consus
762 1757 831 1793 apud
845 1764 926 1784 metas
941 1756 988 1783 sub
1002 1763 1072 1782 terra
1085 1753 1212 1780 delitescit
1225 1750 1351 1778 Murcias.
1410 1755 1451 1773 ria
1464 1747 1538 1774 vafer
1551 1755 1579 1771 iu
1592 1746 1672 1771 calice
1685 1751 1763 1772 emta.
1835 1744 1906 1782 Hor.
1915 1744 2031 1777 Sei-ma,
2044 1749 2068 1776 8,
2081 1753 2114 1777 54
2133 1747 2281 1779 lucoquere
2300 1761 2346 1765 —
2366 1745 2475 1771 echinos

289 1802 343 1828 Has
358 1808 465 1836 quoque
477 1798 581 1825 idolum
592 1797 665 1823 feeit.
721 1794 853 1821 Murciam
865 1793 937 1819 enim
951 1792 1026 1819 deam
1039 1791 1168 1817 marcoris
1183 1789 1286 1820 volunt,
1306 1785 1350 1812 cui
1410 1799 1456 1803 —
1477 1790 1563 1808 muria
1572 1802 1581 1814 ,
1606 1790 1684 1815 quani
1700 1779 1761 1807 testa
1774 1781 1876 1805 mar'ina
1891 1778 2015 1804 remittit.
2089 1782 2128 1804 De
2139 1780 2221 1806 Arida
2240 1781 2328 1807 muria
2357 1782 2392 1815 (i.
2405 1779 2475 1815 afillo

289 1837 320 1864 in
337 1837 383 1864 illa
401 1840 475 1870 parte
494 1832 586 1860 aedem
605 1839 715 1859 vouere.
784 1828 917 1856 Mareotis
936 1828 969 1864 est
989 1828 1019 1853 ab
1039 1826 1205 1852 emendatione
1229 1822 1348 1849 Tui-nebi.
1411 1819 1544 1853 arefaisiu)
1582 1818 1636 1843 viu.
1651 1817 1744 1851 Scaltg.
1757 1815 1927 1849 AusumLecl.
1940 1822 1953 1839 2
1967 1823 1988 1840 c.
1995 1818 2024 1842 :¹8
2035 1818 2118 1848 [πασς.
2277 1814 2298 1853 Ἴ
2319 1824 2335 1841 2
2372 1816 2478 1847 Muri„

289 1873 361 1901 Libri
374 1870 532 1901 marmoris,
551 1870 617 1894 vnde
629 1866 728 1893 amoris
740 1865 788 1891 alii
793 1865 907 1899 faciunt.
963 1862 1065 1889 Arnob.
1079 1872 1092 1894 4
1106 1871 1131 1896 p.
1143 1869 1183 1893 132
1194 1867 1261 1886 extr.
1282 1857 1349 1890 Qiis
1363 1863 1397 1890 45
1413 1854 1548 1888 [ἁλμυςις]
1586 1853 1756 1888 Aqua-suisa,
1769 1854 1824 1883 Jme
1832 1850 1942 1886 salguso.
2014 1849 2146 1877 Columel.
2156 1858 2192 1884 12,
2205 1859 2234 1883 25
2268 1851 2404 1884 Qioniam
2419 1859 2476 1885 qui-

290 1911 377 1935 credat
390 1906 510 1941 segnium
518 1905 600 1931 Deam
613 1902 763 1931 Murciam?
814 1902 881 1926 Nam
895 1905 1008 1933 typorum
1021 1899 1088 1923 mollo
1097 1905 1180 1922 errore
1190 1897 1291 1930 positum
1304 1893 1349 1928 ‘ff
1412 1891 1487 1923 dani,
1507 1891 1591 1916 immo
1600 1889 1679 1915 etiam
1692 1888 1748 1914 fere
1764 1895 1856 1913 omnes
1870 1885 1983 1919 Graeci,
2002 1893 2069 1920 aqua
2084 1887 2145 1913 salsa
2154 1907 2162 1919 ,
2193 1887 2234 1913 vel
2254 1888 2340 1913 muria
2360 1887 2476 1913 mustum

289 1945 394 1970 videtur
413 1941 571 1969 Murcidaiu.
643 1937 781 1972 Angustia.
799 1935 831 1962 de
852 1935 882 1961 C.
903 1935 935 1961 D.
954 1943 989 1967 4,
1009 1936 1037 1960 16
1076 1933 1248 1959 Vocauerunt
1267 1930 1350 1956 Deam
1412 1927 1548 1958 condiunt,
1569 1934 1626 1951 cam
1640 1933 1747 1959 quoque
1761 1927 1861 1957 partem
1875 1930 1953 1948 curae
1966 1930 2021 1947 non
2034 1922 2208 1948 omittendam
2222 1923 2324 1956 putaui.
2377 1923 2408 1948 ln
2421 1929 2476 1947 me-

292 1979 440 2011 Murciam,
459 1985 525 2011 quae
539 1981 642 2010 praeter
654 1973 764 1999 moduni
777 1981 832 1998 non
845 1977 983 2004 moueret,
1003 1979 1030 1995 ac
1043 1969 1141 1995 faceret
1148 1967 1284 1994 hominem
1294 1985 1303 1998 ,
1322 1971 1351 1991 vt
1412 1962 1574 1994 dittrraneo,
1589 1970 1642 1998 quo
1658 1969 1713 1987 non
1725 1959 1760 1985 est
1769 1958 1859 1998 ¹facilis
1871 1965 1953 1992 aquae
1968 1956 2086 1983 marinae
2100 1957 2231 1991 inuectio,
2256 1958 2289 1984 fic
2302 1958 2354 1984 erit
2367 1957 2399 1983 ad
2413 1966 2476 1983 cou-

289 2016 328 2041 ait
349 2013 525 2047 Pomponius,
558 2008 726 2038 murcidum,
752 2007 780 2032 id
798 2006 833 2032 est
854 2006 933 2031 nimis
954 2005 1110 2031 defidiosum
1129 2010 1155 2029 et
1175 2002 1351 2029 inaotiofiun.
1413 1998 1512 2024 dituras
1526 1997 1690 2024 conficienda
1704 2003 1800 2021 muria.
1863 1994 1934 2020 Huic
1955 1993 1995 2020 rei
2014 1993 2056 2018 vel
2074 1994 2188 2019 maxime
2203 1994 2238 2020 est
2251 1993 2347 2020 idonea
2359 1992 2475 2020 caelestis
2508 1999 2511 2008 '

289 2050 364 2077 Seru.
377 2051 412 2074 nd
423 2049 488 2074 Aen.
502 2051 526 2081 8,
539 2047 586 2077 636
620 2042 703 2069 Vallis
720 2042 774 2075 ipsa
788 2041 834 2066 vbi
847 2040 982 2065 Circenses
995 2039 1059 2064 editi
1075 2040 1148 2069 sunt,
1170 2037 1232 2062 ideo
1246 2035 1350 2062 Murcia
1366 2042 1398 2066 50
1413 2041 1492 2065 aqua:
1531 2033 1548 2057 si
1567 2033 1670 2064 minus,
1694 2040 1726 2056 ex
1746 2030 1821 2056 fonte
1845 2029 2017 2064 liquidissimo
2036 2030 2179 2063 profluens.
2252 2029 2371 2056 Condire
2388 2028 2477 2055 muria
2500 2040 2510 2045 -

289 2085 361 2112 diota
373 2084 425 2119 est,
450 2083 513 2118 quia
528 2080 635 2116 quidam
655 2077 774 2105 vicinum
792 2082 910 2102 montem
930 2075 1056 2100 Murcum
1070 2072 1227 2105 appellatum
1242 2070 1352 2096 volnnt;
1414 2067 1521 2092 Colum.
1533 2074 1559 2090 12
1569 2085 1576 2097 ‚
1589 2073 1627 2096 25.
1699 2065 1795 2090 Durati
1813 2066 1900 2090 muria
1919 2065 1999 2098 pisces
2032 2064 2164 2097 Qiinc‘iil.
2178 2070 2209 2098 8,
2222 2073 2255 2098 z,
2273 2074 2291 2091 ι.
2363 2064 2476 2091 Miscere

288 2121 351 2157 affl,
371 2118 443 2156 quod
457 2119 549 2145 fanum
562 2114 673 2143 Veneris
687 2111 871 2139 Verticordiae
882 2109 922 2136 ibi
935 2108 1034 2140 fuerit,
1058 2107 1127 2133 circa
1142 2105 1214 2141 quod
1230 2112 1321 2130 nemus
1337 2111 1351 2127 e
1413 2100 1518 2125 oliuum
1532 2107 1608 2125 mero
1622 2097 1762 2137 muriaque
1789 2098 1858 2124 Hor.
1869 2099 1920 2124 Sat.
1928 2106 1954 2130 z,
1968 2107 1998 2130 4,
2010 2101 2050 2131 65.
2123 2101 2179 2126 Cic.
2193 2101 2224 2127 de
2239 2100 2328 2127 Finib.
2339 2109 2369 2133 3,
2382 2108 2411 2132 45
2438 2101 2475 2126 Vt
2512 2111 2517 2117 >

289 2157 411 2190 myrtetis
423 2155 526 2186 fuisset,
541 2152 603 2179 inde
617 2156 716 2177 mutata
727 2149 802 2175 litera
815 2146 947 2174 Murciam
959 2144 1130 2180 appellatam:
1166 2139 1351 2169 aliiMurciani
1413 2135 1568 2176 obscuratur
1580 2141 1605 2161 et
1617 2133 1766 2174 offiinditur
1778 2133 1834 2159 luce
1849 2132 1910 2159 solis
1925 2133 2014 2159 lumen
2028 2134 2167 2168 lucernae,
2185 2141 2211 2161 et
2230 2140 2258 2161 vt
2271 2135 2362 2162 interit
2375 2135 2478 2169 magni-

291 2202 308 2220 a
321 2193 434 2225 Murco,
461 2189 534 2225 quod
546 2188 581 2215 est
593 2185 762 2217 Murcidum,
789 2183 887 2210 dietam
900 2182 1008 2208 volunt:
1047 2189 1105 2215 pars
1124 2188 1138 2205 a
1158 2178 1211 2204 Dea
1231 2176 1333 2203 Murcia
1343 2194 1352 2207 ,
1412 2172 1505 2198 tudine
1514 2172 1598 2206 maris
1606 2170 1688 2209 Aegei
1699 2169 1767 2196 stilla
1780 2169 1926 2203 muriae,et
1940 2174 1968 2195 vt
1981 2168 2010 2195 in
2022 2169 2126 2196 diuitiis
2134 2170 2223 2197 Croesi
2237 2172 2349 2198 teruncii
2362 2171 2477 2204 acceffio,

292 2237 360 2265 quae
372 2237 432 2255 cum
446 2226 485 2252 ibi
496 2222 664 2252 Bacchanalia
678 2221 771 2252 ess'ent,
797 2219 919 2245 furorem
939 2217 1004 2243 sacri
1024 2216 1103 2251 ipiius
1122 2214 1272 2241 murcidum
1286 2212 1353 2237 face·
1369 2218 1397 2245 55
1414 2215 1459 2234 etc.
1517 2205 1607 2233 Cruda
1619 2214 1706 2232 muria
1713 2225 1723 2239 ,
1741 2211 1766 2232 et
1780 2211 1883 2231 matura
1892 2224 1900 2237 ,
1917 2205 1970 2230 vid.
1983 2214 2039 2231 mox
2053 2205 2126 2232 Dura
2140 2207 2227 2233 muria
2240 2216 2272 2234 ex
2287 2208 2393 2234 Colum.
2403 2215 2437 2240 ¹2,
2450 2208 2477 2233 6.

293 2271 344 2293 ret.
408 2265 539 2289 Caeterum
557 2260 633 2285 etiam
651 2258 737 2284 Metae
755 2255 875 2281 Murciae
893 2254 974 2279 uillae
988 2253 1050 2286 sunt
1068 2253 1095 2277 in
1114 2251 1195 2277 Circo
1219 2248 1354 2276 maximo,
1415 2244 1486 2269 Dura
1502 2251 1591 2269 recens
1607 2241 1694 2268 muria
1715 2239 1836 2267 Scribon.
1844 2242 1888 2266 60.
1950 2255 1996 2260 -—
2016 2248 2079 2274 pota
2092 2246 2140 2274 185.
2207 2243 2281 2269 Cels.
2293 2252 2322 2275 4,
2335 2252 2350 2275 9
2371 2241 2477 2269 Edenda

294 2301 364 2336 apud
374 2308 434 2334 quas
448 2297 549 2324 Consus
563 2294 610 2321 sub
631 2300 700 2320 terra
720 2290 847 2318 delitescit
865 2288 984 2316 Tertull.
1004 2287 1034 2314 de
1048 2287 1161 2321 spectac.
1181 2291 1203 2315 8.
1261 2287 1300 2309 De
1316 2283 1353 2308 his
1413 2280 1472 2318 sunt
1484 2279 1632 2305 salsamenta
1643 2298 1650 2311 ,
1671 2278 1713 2303 vel
1727 2277 1802 2303 oleae
1814 2284 1846 2303 ex
1860 2275 1947 2302 muria
1960 2275 2035 2301 dura.
2105 2277 2170 2303 [bid.
2184 2285 2205 2302 c.
2214 2285 2239 2309 ις
2260 2277 2412 2303 Themison
2418 2285 2477 2303 mu,

287 2334 373 2372 'ApuL
387 2336 453 2362 Met.
468 2336 483 2360 6
497 2342 522 2367 p.
532 2333 595 2366 176,
608 2339 631 2363 13
663 2329 689 2355 Si
702 2327 761 2363 quis
774 2335 788 2353 a
803 2326 865 2360 fuga
878 2323 1013 2351 retrahere
1033 2324 1075 2349 vel
1095 2322 1223 2348 occultam
1245 2319 1353 2345 demon·
1416 2323 1456 2341 ria
1471 2315 1535 2340 dura
1550 2323 1627 2347 quam
1642 2314 1784 2348 asperrima
1796 2311 1828 2338 fic
1840 2311 1984 2344 vtendum,
2002 2311 2149 2338 memoriae
2166 2311 2293 2346 prodidit.
2342 2311 2476 2340 Columel.

294 2372 377 2399 strare
389 2369 488 2406 poterit
502 2367 643 2402 fugitiuain
678 2380 724 2384 --
751 2362 879 2395 Psychen,
900 2360 1041 2387 conueniat
1054 2366 1126 2385 retro
1141 2364 1220 2383 metas
1236 2355 1355 2381 Min-cias
1415 2359 1449 2383 ιε,
1464 2352 1479 2375 6
1506 2351 1531 2375 [κὶ
1537 2358 1621 2375 uriam
1636 2349 1729 2375 duram
1743 2348 1775 2387 sic
1788 2348 1883 2374 facito:
1899 2382 1904 2386 ι
1921 2347 2031 2373 Doliuui
2050 2348 2215 2382 patentiffimi
2233 2348 2289 2374 oris
2301 2348 2389 2374 locato
2403 2348 2431 2373 in
2443 2354 2475 2373 ea

296 2406 469 2435 Mercurium.
541 2402 646 2434 Festus,
672 2399 790 2426 Murciae
809 2399 879 2424 Deae
897 2396 1019 2424 sacellum
1036 2399 1091 2421 erat
1105 2393 1151 2420 sub
1164 2398 1255 2419 monte
1270 2393 1355 2417 Auen·
1367 2389 1403 2415 60
1416 2392 1488 2421 parte
1504 2386 1597 2417 villae,
1619 2392 1683 2419 quac
1699 2385 1845 2423 plurimum
1858 2383 1918 2422 solis
1932 2383 2036 2418 accipit.
2090 2382 2120 2410 ld
2133 2382 2237 2408 dolium
2248 2391 2315 2416 aqua
2329 2382 2478 2408 caelestii-e.

297 2444 355 2472 tino
364 2463 373 2476 ,
394 2441 441 2477 qui
454 2445 530 2467 antea
541 2439 649 2465 Murcus
662 2434 816 2462 vocabatur.
1418 2424 1503 2457 pli-to,
1524 2430 1553 2447 ea
1566 2422 1601 2446 cst
1614 2429 1685 2446 cum.
1700 2421 1762 2444 huic
1774 2426 1815 2444 rei
1827 2418 1966 2452 aptiisnua3
2003 2418 2045 2444 vel
2058 2418 2076 2445 fl
2090 2425 2143 2445 non
2158 2418 2242 2445 fuerit
2254 2418 2387 2454 pluuialis,
2407 2422 2478 2444 certe

333 2485 389 2505 MV
399 2484 419 2504 R
430 2482 448 2504 C
459 2482 475 2502 Ε
484 2482 505 2502 V
516 2481 530 2502 s
541 2495 550 2509 ,
569 2482 600 2507 a,
620 2482 675 2499 um.
696 2470 756 2497 Adi.
780 2466 994 2505 lgnauus‚segnis.
1032 2465 1142 2492 Vet.Gl.
1152 2463 1356 2496 Murceiflwfleig.
1417 2459 1525 2484 rontano
1539 2456 1676 2483 dulcissimi
1696 2454 1805 2489 saporiS.
1864 2454 1896 2481 In
1908 2454 1965 2479 eain
1980 2459 2037 2492 tuni
2050 2454 2137 2479 indito
2149 2455 2264 2488 sportam
2277 2463 2397 2481 iunceani
2406 2473 2415 2487 ‚
2434 2452 2479 2480 vd
2515 2449 2517 2452 .

334 2519 446 2543 MVRc
457 2517 565 2544 11>=Vs‚
585 2519 614 2544 a,
634 2518 689 2535 um.
705 2507 765 2534 Adi.
785 2507 860 2532 Idem.
881 2502 1018 2538 Augustin.
1031 2501 1062 2528 de
1071 2502 1101 2528 C.
1117 2501 1148 2527 D.
1161 2509 1189 2532 4,
1201 2501 1235 2525 16.
1272 2500 1357 2534 L⁰‘¹'.⁷'¹
1417 2495 1561 2528 spaitcain,
1588 2500 1654 2526 quae
1670 2490 1793 2530 replenda
1811 2489 1841 2516 fit
1861 2489 1911 2515 sale
1929 2487 2058 2521 candido,
2085 2497 2138 2523 quo
2159 2490 2297 2516 candidior
2318 2491 2405 2516 muria
2424 2488 2480 2515 fiat.
2510 2511 2514 2518 ,

297 2552 367 2578 modo
379 2549 492 2576 dedimus
504 2548 531 2573 in
544 2554 569 2574 M
580 2553 601 2573 v
614 2550 684 2572 RCE
696 2551 727 2570 Α.
783 2541 864 2569 Plaut.
878 2539 952 2575 Epid.
962 2549 983 2573 3,
999 2548 1016 2574 ι,
1033 2547 1059 2564 12
1084 2538 1138 2563 Vae
1152 2536 1218 2569 tibi,
1237 2534 1356 2561 murciae
1419 2532 1509 2563 Qium
1523 2529 1599 2554 saleni
1615 2536 1659 2567 per
1675 2528 1778 2561 aliquot
1790 2525 1845 2552 dics
1857 2524 1961 2552 videbis
1977 2524 2121 2559 liquescere
2131 2545 2139 2557 ‚
2164 2534 2195 2550 ex
2215 2535 2247 2551 co
2266 2525 2398 2559 intelliges
2412 2534 2481 2551 non-

298 2587 392 2615 homo.
436 2585 515 2619 Apud
526 2582 628 2610 Festum
643 2581 725 2607 editur
737 2575 932 2610 Murricidum‚
952 2576 1094 2611 ignauum,
1112 2572 1228 2599 stultum.
1286 2570 1359 2596 Plau·
1371 2571 1403 2601 65
1419 2569 1481 2592 dum
1497 2567 1543 2591 ess‘e
1558 2572 1672 2590 muriam.
1685 2569 1823 2589 maturam.
1879 2562 1970 2596 Itaque
1989 2560 2098 2586 subinde
2117 2561 2200 2586 alium
2219 2561 2297 2588 salem
2317 2561 2418 2587 tamdiu
2439 2562 2479 2587 m.

300 2630 342 2650 tus
357 2619 503 2648 Murricide
516 2619 615 2652 homo,
632 2618 743 2652 ignaue,
768 2615 848 2640 iners.
921 2612 1035 2645 Scaliger
1055 2611 1160 2636 mahom
1180 2605 1340 2633 muricidum
1351 2624 1359 2637 ‚
1418 2611 1508 2636 geres,
1529 2600 1611 2626 donec
1626 2600 1654 2625 in
1667 2599 1752 2633 sporta
1761 2602 1912 2632 permaneat
1919 2599 2033 2631 integer,
2052 2605 2098 2622 nec
2106 2596 2250 2623 minuatur.
2306 2597 2385 2629 Quod
2394 2605 2479 2631 quum

300 2659 431 2692 μυοιῡὸνον,
451 2656 495 2690 qui
505 2655 612 2689 faciliut
626 2661 703 2679 mures
717 2659 790 2685 quam
804 2648 877 2685 hostes
889 2647 1034 2682 intezficiat.
1088 2647 1137 2671 Sed
1154 2645 1267 2679 optimum
1288 2643 1357 2666 viae-
1419 2636 1652 2677 animaducrtcris,
1672 2637 1733 2660 scies
1746 2634 1842 2660 habere
1860 2633 1974 2659 muriani
1986 2633 2166 2665 maturitatem
2180 2633 2261 2659 suam.
2318 2633 2350 2659 Et
2367 2632 2385 2659 ii
2398 2633 2479 2660 aliam

301 2702 359 2725 tur,
381 2691 535 2719 Murcidum
546 2698 570 2717 et
582 2687 703 2717 Murcide
717 2689 815 2720 legere,
839 2691 864 2710 et
875 2684 992 2709 deriuare
1002 2692 1021 2714 *a
1034 2682 1158 2715 Murcus,
1178 2687 1207 2705 vt
1225 2677 1358 2705 Flacci-ius
1419 2683 1446 2699 in
1465 2674 1492 2700 id
1506 2682 1549 2700 vas
1565 2672 1650 2698 tacere
1666 2671 1802 2703 volueris,
1821 2671 1887 2695 hanc
1900 2670 1928 2695 in
1942 2668 2000 2695 vasa
2014 2668 2080 2694 bene
2095 2668 2177 2703 picata
2191 2667 2338 2701 diffundes,
2365 2675 2389 2695 ei
2401 2676 2479 2703 oper-

302 2729 338 2766 est
350 2737 365 2755 a
380 2728 481 2755 Flacco.
1420 2715 1472 2735 tam
1487 2709 1515 2735 in
1529 2709 1580 2734 sole
1597 2707 1712 2733 hanchis.
1768 2706 1882 2731 Omnem
1897 2705 1967 2731 enim
1980 2713 2115 2730 mucorem
2131 2704 2170 2730 vis
2186 2704 2246 2730 solis
2258 2704 2362 2738 aufert,
2378 2711 2403 2731 et
2411 2704 2478 2730 odo-

339 2771 366 2793 Μ
380 2770 401 2790 ν
414 2770 434 2790 R
443 2769 459 2789 c
468 2770 478 2788 ι
489 2767 510 2786 N
522 2766 543 2786 A
553 2766 573 2786 R
583 2767 593 2786 1
603 2765 625 2786 V
636 2766 649 2785 s
672 2758 751 2785 Gloss'.
766 2756 823 2785 md.
836 2755 956 2783 Mutilus.
999 2754 1054 2780 Vid.
1068 2751 1222 2788 qimestatim
1235 2750 1359 2782 dicentur,
1372 2755 1408 2782 70
1421 2754 1477 2771 rem
1492 2745 1593 2770 bonum
1608 2742 1724 2777 praebet.
1763 2740 1803 2780 1:1st
1817 2740 1888 2766 aliud
1902 2740 2004 2766 muriae
2017 2747 2134 2766 maturae
2148 2741 2368 2774 experimentum.
2406 2740 2478 2767 Nam

302 2801 330 2826 5„
349 2807 376 2827 Μ
391 2806 410 2825 v
424 2805 442 2825 R
454 2804 471 2824 C
484 2804 501 2823 v
512 2802 536 2823 ς,
1421 2780 1468 2806 vbi
1481 2779 1582 2805 dulcem
1595 2779 1695 2804 cascum
1713 2777 1849 2803 demiseris
1867 2777 1895 2802 in
1913 2785 1984 2809 eam,
2009 2775 2027 2802 si
2047 2777 2145 2811 pessum
2165 2776 2230 2808 ibit,
2256 2776 2318 2803 scies
2330 2777 2379 2803 else
2393 2776 2480 2802 adhue

341 2842 368 2862 M
383 2841 404 2861 v
416 2840 461 2861 Rc
472 2839 513 2859 vs
534 2831 667 2857 conuicium
680 2829 812 2866 ignauiae,
831 2829 862 2855 de
873 2836 919 2863 quo
936 2825 1068 2853 Ammian.
1085 2822 1202 2849 Marcell.
1217 2829 1256 2854 ις,
1269 2829 1292 2847 12
1316 2820 1360 2844 vbi
1422 2815 1542 2842 crudam:
1580 2814 1598 2840 li
1611 2814 1756 2847 innatabit,
1776 2820 1916 2839 maturam.
1972 2815 2095 2838 Hactenus
2114 2811 2270 2839 Columella.
2327 2814 2395 2839 And.
2411 2812 2479 2838 Cato

303 2873 334 2899 de
347 2870 436 2903 Gallis,
457 2870 513 2896 Nec
526 2875 621 2894 eorum
634 2865 776 2901 aliquando
790 2861 930 2899 quisquam
939 2882 947 2895 ,
977 2868 1005 2889 vt
1019 2860 1047 2886 in
1061 2859 1135 2886 ltalia
1145 2879 1153 2892 ,
1177 2865 1272 2884 munus
1292 2856 1362 2882 Mar·
1423 2853 1453 2878 R.
1462 2851 1493 2877 R.
1507 2856 1543 2882 88.
1570 2860 1638 2884 quem
1653 2856 1738 2874 namus
1751 2849 1778 2873 in
1792 2855 1817 2875 M
1827 2855 1846 2874 v
1857 2855 1874 2874 R
1885 2855 1920 2875 115
1929 2855 1957 2881 s,
1977 2848 2009 2875 it.
2024 2857 2044 2875 c.
2054 2855 2105 2882 105.
2177 2849 2215 2874 hx
2229 2849 2297 2874 cuius
2305 2849 2388 2874 verbis
2392 2849 2481 2884 palam

304 2908 373 2945 tium
389 2904 589 2942 pertimescens,
607 2903 730 2939 pollicem
744 2900 791 2928 libi
803 2899 945 2936 praecidit,
964 2906 1030 2932 quos
1048 2895 1167 2922 iocalitcr
1193 2896 1250 2928 (al.
1272 2890 1361 2917 locali·
1422 2890 1468 2924 est,
1495 2887 1654 2926 eandmnfffe
1672 2886 1787 2924 muriam
1800 2885 1893 2911 duram
1914 2892 1937 2910 et
1951 2891 2088 2911 maturam.
2146 2885 2196 2910 Sed
2212 2894 2257 2909 cur
2276 2884 2342 2911 dura
2360 2891 2481 2916 vocatur,

306 2950 364 2977 ter,
382 2944 400 2969 i.
413 2943 502 2977 lingua
515 2940 593 2974 locis.
609 2939 721 2973 ltaliae)
740 2934 994 2971 Murcosappellant.
1050 2927 1361 2965 Lintprandusinhinor.
1378 2932 1410 2960 75
1422 2933 1482 2958 qliae
1495 2930 1576 2948 tumen
1590 2925 1687 2955 liquata
1701 2925 1748 2956 est!
1786 2921 1858 2947 Dura
1877 2928 1940 2947 certe
1960 2921 1987 2946 ob
2004 2920 2034 2946 id
2050 2920 2162 2953 dicitur,
2191 2923 2255 2954 quod
2274 2930 2340 2955 aqua
2359 2921 2386 2945 1⁴„
2399 2920 2481 2956 ipfim

307 2980 354 3007 PP-
373 2979 401 3005 in
424 2978 515 3004 Innoc·
567 2974 727 3009 Lindebmgio
740 2975 775 3000 ad
785 2974 833 2999 hd.
847 2974 979 3003 laudatus,
1011 2970 1050 2997 De
1071 2965 1233 3000 indulgentia
1248 2963 1361 2990 elerico.
1416 2961 1494 2996 salem
1508 2959 1639 2993 vzmsnum
1653 2957 1848 2991 liquefacientis,
1867 2956 1993 2992 nonsecus
2005 2966 2035 2981 ac
2042 2956 2155 2989 florian
2168 2956 2234 2992 ellit,
2254 2965 2366 2982 exercere
2378 2957 2480 2990 nequit.-

306 3023 368 3042 rum
389 3010 587 3048 querimoniam
611 3009 732 3043 facienti,
763 3018 822 3035 cum
841 3008 946 3042 aliquos
971 3012 1093 3036 murcos,
1120 3002 1224 3036 aliquos
1245 3000 1364 3035 digamos
1422 2997 1483 3031 quod
1497 2995 1594 3029 liquiua
1614 2995 1699 3028 vtique
1720 3003 1785 3027 aqua
1805 3001 1828 3019 et
1848 3002 1894 3019 non
1914 2993 2034 3018 indurata
2046 2992 2163 3026 faceret,
2184 2992 2311 3028 salemque
2328 2991 2481 3027 colliquaret.

307 3050 406 3078 habere
418 3049 535 3080 diceret,
558 3044 710 3079 respondit,
737 3045 811 3071 illuni
821 3065 829 3078 ‚
855 3044 902 3079 qui
914 3042 1005 3069 volens
1018 3046 1118 3076 partem
1136 3038 1212 3072 digiti
1230 3037 1269 3062 sui
1287 3035 1364 3061 absci-
1423 3033 1495 3059 Dura
1507 3032 1581 3056 etiam
1593 3037 1639 3065 per
1651 3029 1836 3062 tm‘tonylttiam‚
1856 3030 1921 3063 quod
1926 3028 1981 3064 sale
1988 3027 2034 3063 suo
2047 3028 2111 3053 cioos
2124 3030 2217 3054 dui-ure
2226 3027 2306 3063 pctqsl
2323 3034 2414 3062 amque
2426 3035 2481 3053 con-

309 3086 393 3118 ἀει-Ξῖ,
413 3085 485 3112 iuxta
500 3084 621 3110 canones
635 3090 689 3107 non
704 3081 771 3115 poss'e
785 3080 889 3106 admitti
900 3079 932 3105 ad
947 3078 1055 3104 clerum.
1111 3076 1142 3100 Et
1162 3074 1203 3100 Gl.
1223 3073 1278 3099 Lat.
1292 3072 1365 3097 Mur.
1421 3069 1528 3108 seruare.
1567 3065 1728 3105 conf-Rho«.
1741 3066 1767 3090 in
1780 3066 1840 3092 Lex.
1856 3065 1967 3091 scribon.
2023 3064 2088 3091 Plin.
2101 3072 2134 3096 31,
2149 3065 2166 3089 6
2191 3062 2285 3089 duram
2298 3072 2345 3088 noa
2357 3062 2482 3098 appellat,

308 3122 424 3149 cinarius
434 3142 442 3154 ,
462 3118 583 3147 Mutilus,
627 3117 667 3153 1·st
678 3117 746 3143 hodie
761 3117 803 3141 Ge7
812 3125 934 3141 manorum
946 3115 1097 3148 quorundam
1110 3111 1213 3135 veroum
1227 3107 1364 3135 vermurk-
1378 3112 1411 3138 80
1418 3104 1569 3142 sed—emam
1583 3107 1720 3136 ructum-am
1734 3101 1801 3135 salis
1813 3100 1931 3135 exprimit
1943 3100 1970 3125 in
1984 3109 2071 3134 aquam
2084 3100 2224 3134 iungendi,
2249 3108 2294 3133 quo
2307 3101 2372 3124 dum
2392 3100 2481 3124 redda-

308 3159 370 3191 sen,
396 3157 415 3184 i.
433 3155 559 3182 mutilare.
628 3151 717 3186 Voffius
736 3152 836 3178 derium
855 3160 870 3175 a
889 3154 1010 3184 μαλακὸς,
1033 3151 1137 3181 μυχὸς,
1166 3146 1235 3171 Aeol.
1261 3142 1365 3177 μνλκδς,
1424 3148 1474 3179 ¹¹⁰¹:
1532 3139 1651 3169 Verum,
1671 3138 1770 3177 inqui(³
1790 3143 1815 3163 et
1828 3136 1878 3163 hoc
1892 3144 1953 3162 cura
1966 3135 2102 3175 prouidit,
2128 3136 2236 3161 inuenta
2250 3142 2356 3161 ratione
2369 3142 2420 3169 qua
2433 3133 2482 3161 fibi

308 3194 411 3228 indeque
424 3193 541 3221 Murcus.
600 3190 655 3216 Vin.
667 3190 744 3215 locum
757 3185 844 3213 Seruii
856 3186 889 3212 ad
901 3186 985 3214 Aeii.8
994 3204 1002 3217 ,
1018 3186 1063 3217 636
1095 3191 1163 3218 quem
1175 3183 1242 3207 modo
1255 3181 1364 3206 dedimus
1424 3182 1536 3214 quisque
1551 3182 1645 3213 aquam
1659 3181 1739 3199 maris
1746 3175 1851 3199 laceret.
1908 3173 1976 3199 Illud
1990 3180 2019 3210 ιιι
2026 3179 2054 3210 ea
2063 3171 2166 3197 ratione
2178 3171 2289 3203 mirum,
2308 3169 2326 3196 fi
2334 3171 2392 3205 plus
2401 3179 2482 3205 quam

306 3230 334 3256 in
353 3235 379 3255 Μ
389 3235 409 3255 v
421 3234 439 3254 R
450 3233 468 3254 C
482 3234 539 3254 EA.
1425 3213 1550 3238 sextarius
1563 3210 1621 3236 salis
1635 3218 1692 3235 cuin
1705 3217 1820 3243 quatuor
1832 3217 1914 3244 aquae
1928 3209 2045 3234 sextariis
2057 3213 2207 3241 mergatur,
2229 3207 2299 3233 vinci
2319 3214 2430 3240 aquam,
2446 3207 2483 3233 sa-

347 3271 372 3291 M
382 3271 401 3291 V
412 3271 431 3290 R
441 3269 459 3290 C
469 3271 477 3289 1
487 3261 507 3290 ὅ
516 3268 533 3288 L
542 3267 613 3295 VM,
637 3261 656 3288 i.
694 3270 720 3287 n.
776 3256 925 3285 Columella
944 3256 1028 3280 Semm
1045 3253 1144 3288 lentisci
1161 3259 1249 3285 vocat,
1269 3252 1338 3277 velut
1351 3259 1366 3275 a
1426 3249 1529 3282 lemque
1542 3254 1597 3272 non
1609 3245 1715 3281 liquari.
1773 3246 1886 3271 Caetero
1899 3243 2024 3271 sextarius
2038 3242 2096 3268 salis
2109 3251 2168 3268 cuni
2181 3249 2297 3277 quatuor
2309 3251 2392 3276 aquae
2403 3243 2484 3269 sema-

308 3300 395 3335 figura
409 3299 528 3332 muricis,
554 3298 618 3331 quod
634 3297 729 3322 baccini
736 3294 815 3331 specie
828 3294 926 3330 visatur
945 3291 967 3317 is
979 3289 1116 3324 folliculus.
1173 3288 1232 3320 Nsfi
1247 3288 1302 3322 quis
1322 3294 1366 3322 pro
1383 3293 1412 3321 85
1426 3284 1490 3316 riis,
1510 3281 1629 3308 salsiffimi
1644 3281 1723 3307 maris
1737 3282 1791 3307 viiii
1804 3286 1829 3307 et
1842 3287 1961 3306 naturam
1975 3278 2075 3313 implet.
2136 3278 2372 3305 Moderatiffimum
2393 3285 2480 3304 autem

312 3336 441 3371 Languido
456 3333 577 3369 accipiat:
613 3333 709 3366 quando
722 3339 745 3357 et
758 3339 844 3356 numen
853 3327 979 3366 socordiae
996 3326 1130 3352 Murceam
1147 3322 1219 3354 deam
1237 3325 1365 3348 vocabam.
1427 3325 1532 3356 putant,
1559 3317 1733 3352 supradie’tam
1750 3326 1833 3353 aquae
1852 3316 1998 3342 mensuram
2021 3313 2127 3341 oflonis
2146 3314 2244 3346 cyathis
2257 3315 2316 3341 salis
2329 3314 2480 3348 temperari.

314 3373 381 3398 Hm
395 3371 504 3396 Hermol.
517 3372 543 3395 in
557 3367 637 3396 Plinii
650 3378 681 3402 9,
700 3375 727 3399 33
748 3369 795 3399 (3)
828 3362 992 3392 Columellae
1007 3363 1070 3387 locus
1078 3361 1148 3393 forte
1162 3358 1309 3393 intelligitur
1324 3366 1350 3383 io
1359 3378 1366 3390 ,
1427 3359 1494 3383 Haec
1506 3354 1614 3381 Plinius.
1672 3356 1744 3379 Hunc
1757 3360 1835 3378 autem
1849 3351 1951 3378 muriae
1965 3357 2082 3377 maturae
2093 3353 2222 3385 parandae
2234 3354 2328 3377 >tiodiem
2341 3351 2415 3375 etiam
2429 3351 2480 3375 Ga.

312 3413 362 3439 238.
424 3406 468 3432 Vbi
488 3405 598 3431 dedimus
617 3403 751 3435 Myrteolo
771 3403 788 3429 s.
808 3401 943 3427 Murteolo
955 3396 1037 3424 modo
1051 3396 1123 3422 crine
1137 3395 1205 3421 viret
1216 3398 1245 3419 de
1261 3393 1367 3419 Cinara.
1428 3394 1497 3419 lenus
1514 3389 1556 3416 lio.
1574 3398 1591 3422 4
1603 3390 1752 3425 simplicium
1769 3391 1956 3424 pharmacorum
1973 3387 2068 3422 prodit.
2125 3388 2174 3412 Sul
2184 3396 2235 3413 eum
2248 3394 2336 3417 tamen,
2353 3385 2393 3410 cui
2409 3395 2479 3411 ouum

348 3449 375 3470 M
385 3448 406 3468 V
418 3448 435 3468 R
445 3447 461 3467 E
474 3447 495 3467 N
505 3447 526 3467 A
536 3461 544 3473 ,
563 3449 602 3467 ae.
622 3449 658 3465 m.
682 3439 812 3473 Proprium
819 3437 881 3463 viri.
906 3437 962 3462 Vid.
976 3440 1002 3460 M
1012 3440 1031 3459 V
1043 3440 1062 3459 R
1072 3439 1094 3459 A
1103 3438 1119 3457 E
1129 3439 1149 3457 N
1159 3437 1179 3457 Λ
1189 3451 1197 3463 ,
1214 3429 1296 3465 paullo
1303 3436 1368 3455 ante.
1428 3429 1546 3459 innatat,
1565 3423 1676 3458 effusura»
1689 3425 1780 3458 ἅλμην,
1801 3424 1843 3449 hoc
1858 3423 1889 3459 est
1901 3429 2060 3458 temperatum
2073 3430 2097 3448 et
2109 3429 2233 3448 maturam
2251 3421 2406 3456 adsalgama
2424 3431 2478 3447 con.

350 3484 376 3505 M
391 3484 411 3504 V
424 3484 441 3504 R
450 3483 467 3503 E
476 3483 494 3503 Χ
503 3497 511 3509 ,
532 3476 588 3502 iciS.
608 3485 644 3502 ni.
665 3474 805 3509 [ὰπσῤῥαὶζ.
823 3472 902 3505 μόαξ,
922 3470 1015 3504 ὅςςεον]
1053 3467 1131 3503 Piscis
1145 3476 1257 3492 morinus
1272 3476 1301 3491 ex
1313 3474 1367 3490 con·
1378 3476 1415 3500 90
1427 3465 1517 3491 dienda
1531 3461 1635 3503 appellat
1644 3472 1651 3485 .·
1687 3470 1739 3488 eam
1751 3469 1825 3490 vero,
1845 3470 1906 3494 quae
1919 3459 2032 3485 ininslmn
2040 3458 2119 3494 salem
2135 3460 2241 3493 amplius
2257 3455 2418 3491 coltiqmyi-ere
2430 3466 2479 3482 non

315 3515 414 3540 charum
425 3522 516 3548 genere
530 3522 545 3537 η
556 3518 668 3546 purpura
680 3509 786 3544 diuerso.
815 3524 818 3528 -
862 3507 977 3534 Murices
1004 3504 1123 3531 scribon.
1139 3512 1191 3534 ¹0⁴·
1263 3502 1329 3527 Plin.
1344 3510 1369 3534 9,
1424 3499 1565 3536 permittit,
1581 3499 1733 3523 vehementer
1740 3495 1849 3533 sessim,
1868 3496 1910 3522 hoc
1922 3495 1968 3531 est,
1987 3497 2061 3525 δεινῶς
2075 3494 2180 3527 ἁλμυρὰν
2193 3499 2278 3519 vocat:
2312 3500 2384 3525 quum
2399 3493 2479 3519 Colu-

314 3557 344 3579 25
370 3549 503 3575 Mutianus
515 3547 643 3574 muricem
657 3547 704 3573 ess'e
718 3546 840 3572 latiorem
855 3550 986 3578 purpura,
1004 3549 1089 3574 neque
1103 3540 1193 3573 aspero
1203 3559 1210 3570 ,
1229 3546 1314 3571 neque
1326 3545 1368 3563 ro·
1427 3535 1505 3563 mella
1522 3536 1563 3560 hoc
1579 3541 1707 3567 vtriaemqoe
1727 3531 1918 3568 caper-intentum
1939 3539 2051 3557 maturae
2068 3533 2164 3556 muriae
2177 3530 2222 3564 effe
2233 3528 2314 3561 nicar,
2345 3529 2396 3562 mfi
2412 3530 2479 3563 quod

316 3584 398 3610 tundo
412 3593 474 3617 ore,
499 3592 584 3617 neque
598 3584 626 3609 in
638 3582 747 3616 angulos
761 3579 907 3616 prodeunte
929 3576 1014 3604 rostro
1023 3596 1030 3609 ,
1055 3575 1097 3601 scd
1113 3575 1244 3608 iimplice,
1270 3572 1368 3599 comba
1425 3572 1518 3599 dulcem
1531 3568 1619 3605 caseum
1639 3571 1677 3594 oui
1689 3570 1738 3594 loco
1749 3568 1922 3594 oonaittendum
1936 3568 2028 3593 tradit.

316 3625 428 3654 vtroque
441 3620 522 3646 latere
536 3619 587 3645 sese
601 3619 750 3652 colligente,
768 3624 813 3642 etc.
893 3612 1024 3641 Columel.
1039 3618 1067 3644 8,
1088 3615 1113 3636 16
1147 3610 1242 3636 hadem
1261 3617 1368 3644 quoque
1466 3613 1567 3634 MVRI
1578 3611 1631 3638 ΕΞ,
1652 3605 1686 3631 (ἱ.
1714 3604 1734 3630 f.
1767 3604 1900 3638 [ἆλμυρὶς]
1938 3604 2027 3629 Eadem
2040 3611 2101 3637 quae
2112 3600 2206 3629 Muria.
2263 3599 2383 3626 Ponamus
2401 3601 2478 3626 locum

316 3655 430 3680 maxime
444 3655 539 3681 idonea
547 3654 583 3680 est
593 3654 752 3685 conchyliis,
772 3651 919 3678 muricibus
933 3656 957 3676 et
970 3647 1073 3675 oilrc'is.
1128 3648 1165 3671 kx
1180 3647 1277 3671 muria)
1291 3651 1368 3669 colore
1383 3651 1415 3678 95
1429 3643 1537 3671 Catonis
1552 3642 1581 3668 R.
1593 3641 1623 3667 R.
1639 3646 1666 3670 83
1699 3647 1728 3665 vt
1742 3642 1877 3675 comparari
1894 3638 1979 3675 poffit.
2008 3649 2059 3665 cum
2072 3647 2110 3670 eo,
2135 3643 2202 3670 quem
2216 3644 2228 3659 e
2244 3634 2390 3661 Columella
2410 3638 2478 3661 modo

310 3691 343 3725 fit
357 3692 420 3715 color
431 3697 575 3724 pmpureus.
648 3690 723 3723 Virg.
733 3689 785 3714 Ecl.
800 3698 823 3720 a,
838 3697 864 3720 43
886 3687 940 3721 Ipse
954 3683 995 3711 sed
1010 3684 1036 3709 in
1051 3682 1131 3717 pratis
1145 3682 1212 3707 aries
1226 3681 1276 3707 iain
1290 3681 1367 3706 suane
1424 3680 1562 3715 posuimus:
1614 3678 1696 3703 Salem
1717 3676 1856 3702 candidum
1869 3675 1901 3702 fic
1921 3676 2011 3701 facito.
2084 3669 2245 3704 Amphoram
2262 3670 2382 3697 defi-acio
2406 3671 2477 3697 collo

316 3724 421 3752 rubenti
436 3725 538 3752 Murice
550 3732 594 3751 etc.
667 3725 733 3750 Afro
746 3725 848 3750 murice
861 3722 958 3749 tinelae
972 3721 1043 3746 lanae
1063 3719 1130 3744 Hor.
1145 3719 1232 3744 Carni.
1242 3725 1267 3750 2,
1283 3719 1366 3749 16,36-
1428 3724 1520 3750 puram
1534 3713 1642 3748 impleto
1655 3721 1734 3747 aquae
1748 3721 1840 3747 purae:
1876 3720 1904 3737 in
1919 3712 1972 3737 sole
1986 3710 2088 3744 ponito.
2159 3706 2199 3732 lbi
2215 3706 2334 3733 fiscellam
2354 3716 2412 3732 cuin
2428 3706 2478 3732 sale

315 3760 412 3787 Baiano
425 3761 524 3787 murice
539 3761 635 3787 melior
648 3760 763 3786 Lucrina
775 3759 875 3786 Peloris
908 3757 946 3785 ld.
965 3757 1047 3783 Serui.
1063 3762 1092 3786 2,
1112 3765 1123 3786 4
1134 3775 1141 3786 ,
1161 3762 1196 3785 32.
1269 3751 1367 3778 Getulo
1428 3751 1550 3787 populari
1563 3750 1725 3783 suspendio),
1746 3757 1771 3774 et
1785 3748 1913 3782 quanam,
1933 3748 2102 3781 suppletoque
2120 3741 2272 3768 identidem.
2328 3743 2357 3769 Id
2376 3743 2478 3777 aliquo-

315 3795 412 3823 tine'hie
428 3796 507 3821 velles
539 3796 577 3823 ld.
598 3795 676 3831 Epist.
698 3805 727 3829 2,
746 3805 775 3828 2,
796 3801 839 3826 18¹.
910 3790 1099 3827 Imperatorius
1131 3788 1259 3815 Ammian.
1273 3796 1312 3821 13,
1333 3795 1365 3813 ει.
1428 3789 1476 3814 ties
1489 3788 1516 3813 in
1529 3786 1571 3812 die
1584 3785 1702 3819 quotidie
1716 3785 1812 3817 latito,
1838 3791 1919 3819 vsque
1934 3782 2015 3808 donec
2026 3780 2060 3805 sal
2075 3777 2195 3803 deliucrit
2210 3777 2338 3804 tabescere
2358 3777 2477 3804 biduum.

315 3832 432 3858 Intortus
462 3830 548 3857 Valer.
568 3834 668 3866 Argon.
683 3840 711 3864 3,
730 3839 786 3865 727.
866 3829 995 3856 Phocaico
1015 3826 1117 3853 bibulas
1137 3823 1254 3858 tingebat
1267 3824 1366 3849 murice
1374 3831 1421 3848 100
1430 3824 1458 3851 ld
1472 3823 1535 3857 signi
1548 3822 1606 3847 erit.
1668 3823 1787 3847 Maenam
1807 3820 1908 3846 aridam
1927 3819 1969 3844 vel
1983 3823 2062 3842 ouum
2081 3813 2228 3840 demittito:
2266 3813 2283 3839 fi
2303 3814 2418 3847 natabit,
2448 3821 2478 3839 ea

317 3868 386 3893 lanas
407 3866 488 3893 Ouid.
502 3867 563 3892 Met.
576 3870 601 3899 6,
612 3876 637 3900 9.
693 3867 804 3893 Sidonio
819 3866 900 3893 tincta
912 3866 969 3890 lana
990 3862 1098 3890 Tibull.
1112 3870 1133 3894 3,
1147 3871 1168 3894 3,
1182 3867 1214 3889 iit.
1271 3859 1367 3890 Tyriis
1428 3860 1527 3886 murics
1547 3856 1614 3891 erit,
1639 3857 1678 3882 vel
1700 3865 1822 3889 carnem,
1856 3857 1898 3881 vel
1919 3854 2017 3882 caseos,
2048 3850 2090 3875 vel
2117 3850 2264 3876 salsamenta
2285 3858 2338 3884 quo
2361 3848 2478 3876 condias.

317 3902 462 3940 muricibus
481 3902 587 3928 iteratae
605 3903 702 3928 vellera
723 3903 795 3929 lanae
827 3902 896 3927 Hor.
911 3900 993 3934 Epod.
1014 3908 1052 3930 12,
1074 3906 1108 3924 21.
1187 3897 1297 3927 Murcx,
1323 3902 1366 3928 pro
1428 3896 1491 3922 Eam
1504 3893 1617 3920 muriam
1632 3893 1658 3918 in
1673 3893 1765 3919 labella
1782 3892 1825 3918 vel
1839 3891 1865 3917 in
1879 3889 1976 3925 patinas
1991 3886 2018 3911 in
2033 3885 2086 3911 sole
2100 3886 2203 3919 ponito.
2260 3886 2349 3920 Vsque
2364 3886 2429 3912 adeo
2449 3884 2477 3910 in

319 3940 434 3973 Purpma
453 3938 575 3962 inti-raum
594 3938 728 3971 arripitur,
759 3948 830 3971 quam
851 3938 926 3962 Sidon
946 3941 1005 3960 vrl’s
1024 3936 1111 3968 Syriae
1123 3933 1219 3967 gignit.
1293 3931 1365 3965 Virg.
1426 3931 1480 3958 sole
1493 3930 1603 3960 habeto,
1632 3929 1714 3955 donec
1729 3928 1901 3955 coiit-reuerit-
1950 3921 2013 3948 Inde
2033 3922 2080 3947 flOS
2094 3922 2154 3947 sitis
2168 3921 2222 3948 fiet·
2405 3947 2416 3952 a

317 3974 381 3999 Aen·
395 3982 431 4006 4,
450 3975 494 3999 262
523 3971 665 4005 Tyrioque
685 3973 790 4000 ardebat
811 3973 912 3999 murice
932 3972 1013 3998 laena.
1085 3970 1184 3996 Auram
1202 3965 1366 4002 praefulgens
1466 3970 1645 3992 MVRlATl
1658 3971 1703 3991 cv
1714 3971 1743 3998 s,
1759 3973 1789 3996 a,
1808 3972 1860 3990 um.
1896 3957 1954 3984 Adi·
1991 3956 2184 3991 [ἁλμνεῑδωτᾶς]
2220 3957 2295 3994 le
2304 3957 2331 3981 1¹⁷1
2346 3955 2478 3981 wm't'adl'u

317 4010 416 4036 murice
430 4009 525 4036 duc-lor
550 4006 595 4034 Sil.
609 4016 637 4039 4,
651 4011 702 4038 326.
856 4005 877 4045 q
894 4015 910 4033 π,
946 4008 1041 4033 Murex
1052 4026 1060 4039 ,
1081 4007 1213 4037 Acumen,
1238 4003 1281 4029 scu
1291 4003 1365 4037 Aspe-
1378 4008 1421 4036 105
1421 4003 1487 4038 ficit.
1548 3999 1628 4028 Plaut.
1643 4002 1721 4028 l’oen.
1735 4008 1756 4031 ι.
1768 4007 1793 4033 2,
1807 4007 1832 4032 3¹
1858 3996 1939 4023 Soror
1953 3993 2039 4028 cogita
2051 3993 2162 4028 amabo,
2187 3993 2253 4021 item
2266 4001 2314 4019 nos
2326 3990 2479 4026 perhiberi,

2407 4025 2477 4062 quafi
