2517 4231
260 248 336 286 495
677 228 913 271 NVN

297 327 321 348 N
333 326 355 347 v
368 327 390 348 N
400 325 439 346 DI
449 324 504 347 NA
514 325 533 347 R
546 325 626 351 IVS,
651 329 680 352 a,
704 328 758 346 um.
789 317 848 344 Adi.
869 315 1078 350 [πανηγυρικὸς]
1114 314 1191 349 Qod
1208 314 1245 339 ad
1260 321 1323 351 nun-

261 358 336 384 dinas
347 356 474 392 perfinia,
507 357 551 382 vel
569 356 636 390 quod
647 356 765 381 nomimis
781 353 925 388 destinatum
938 351 980 386 est.
1081 349 1147 376 Plin.
1162 358 1194 382 12,
1209 358 1234 380 17
1272 349 1323 375 His

262 391 430 420 commerciis
449 394 544 420 Carras
564 391 691 425 oppidum
714 397 840 424 aperuere
856 408 864 421 ‚
901 386 973 420 quod
992 386 1028 412 est
1048 385 1102 425 illis
1122 385 1323 412 nundinarium.

261 429 337 457 Idem
351 434 374 460 8,
389 438 411 459 51
448 429 550 455 Forum
563 426 761 452 nundinarium.
859 423 958 457 Epulae
978 421 1170 448 nundinariae:
1206 423 1324 449 Laudant

261 464 369 499 leian.
382 465 410 490 in
425 463 441 490 l.
459 466 491 498 69
511 464 603 496 ann
616 462 731 487 societas.

261 500 378 528 dinarias
393 500 482 534 epulas
497 498 644 533 praestaret.
682 497 733 521 Sed
743 497 836 521 editum
850 505 865 520 a
879 494 1030 528 Gothofredo
1045 494 1152 529 epulas,
1173 493 1200 520 id
1214 493 1249 520 est
1262 501 1326 519 nun-

261 536 346 564 dinas.
401 536 494 570 Epulas
509 532 696 564 nundinarius,
732 540 806 565 quam
826 531 952 557 temonem
971 530 998 555 in
1017 531 1162 565 quIbusdam
1178 530 1251 556 libris
1263 528 1326 554 dicit

262 572 308 609 effi’
335 572 427 599 Cuiac.
451 569 513 597 Obs.
533 578 556 600 4,
577 577 599 600 17
618 567 691 601 forte
706 567 826 592 cort-etim·
837 566 997 601 excogitauit.
1069 567 1156 600 Neque
1169 573 1249 591 tamen
1259 564 1327 599 satis

261 610 333 634 clara
345 609 387 634 lex
401 608 450 633 erit
464 607 507 631 vel
510 604 557 636 sic.
629 602 764 635 Salmasius
776 604 812 628 ml
820 602 928 636 Vopisci
941 602 1032 629 Aurel.
1049 611 1071 629 c.
1087 611 1119 635 45
1128 611 1153 635 .p
1168 607 1207 633 538
1246 598 1326 626 Hack.

260 644 313 677 legi
327 644 398 676 vult,
430 639 568 668 Nundinas
583 637 610 664 id
622 637 659 664 est
671 638 796 673 empulas.

262 676 404 708 Nundinas
412 698 420 710 ,
439 674 556 710 empulas
570 680 659 700 autem
672 675 802 708 praestare
815 674 999 710 interpretatur
1009 674 1139 709 pecuniam
1154 674 1191 700 ad
1202 673 1327 699 emendum

258 715 420 752 suppeditare
432 718 457 736 et
470 710 600 744 conferre,
624 709 699 744 soci1's
712 717 808 745 operum
817 710 891 744 suam
900 709 1094 745 praestantibus.

299 757 320 777 Ν
333 755 384 775 VN
394 754 430 773 DI
440 753 480 773 NI
494 752 514 771 V
527 753 552 772 Μ
597 748 644 777 (vt
668 746 782 781 plerique
807 747 871 771 libri
890 746 997 777 habent)
1034 746 1085 779 vel,
1107 751 1137 770 vt
1151 753 1215 770 nunc
1233 743 1328 775 editur,

262 793 285 814 N
300 793 320 812 v
334 792 355 811 N
365 790 403 810 DI
417 789 438 808 Ν
450 789 470 807 V
483 788 521 815 M,
539 790 590 807 vox
602 783 631 808 de
643 781 806 817 consulatibus
820 788 926 817 tempore
939 783 1116 816 Imperatorum
1125 779 1272 815 senescentis
1284 779 1329 804 im-

255 821 323 858 perii
336 819 455 854 vsurpari
463 818 551 853 solita.
857 818 861 822 '

257 864 313 884 tum
329 860 370 881 ter
383 854 445 881 iniit
458 859 560 880 tantum
574 853 743 880 ordinarium
755 874 761 885 ,
794 863 823 880 ac
837 853 927 887 primo
944 852 1066 878 nundino
1081 851 1128 878 fibi
1142 851 1209 877 alios
1223 852 1328 884 semper

257 891 367 919 suffecit.
440 891 472 916 Et
486 899 506 917 0.
523 900 549 922 43
586 889 712 916 Consules
732 897 906 923 quoscunque
921 888 963 913 vel
976 888 1129 915 ordinarios
1144 886 1187 912 vel
1201 886 1326 913 suffectos

258 927 375 959 creauit,
403 935 435 953 ex
449 927 557 953 Senatus
579 926 704 952 sententia
719 924 888 956 nominauit,
917 924 1033 949 sumtum
1045 931 1142 949 eorum
1157 921 1326 954 contrahens,

259 970 285 990 et
297 962 416 989 nundina
430 969 520 989 vetera
533 970 564 987 ex
578 960 674 988 ordine
689 960 813 986 instituit.
865 961 939 995 Qae
953 959 993 984 hic
1005 958 1180 991 adiiciuntur,
1212 958 1253 984 vel
1269 957 1326 984 dies

255 999 299 1026 vel
314 1006 434 1033 tempora
444 1019 452 1031 ‚
472 1006 591 1032 tanquam
600 996 705 1031 glegffitm
719 996 829 1030 ineptam
842 995 945 1021 eiiciunt
955 995 1012 1020 viri
1025 994 1097 1020 doni.

254 1036 310 1062 scus
329 1035 432 1062 Tacito
453 1043 471 1060 c.
491 1041 506 1066 9
543 1034 574 1059 In
596 1032 687 1058 eadem
708 1032 832 1057 oratione
851 1030 929 1057 fratri
950 1030 997 1057 suo
1018 1029 1145 1057 Floriano
1160 1029 1325 1056 consulatum

256 1071 349 1106 petiit,
383 1077 409 1097 et
423 1079 477 1096 11011
491 1068 663 1103 impetrauit,
690 1067 794 1094 idcirco
813 1067 885 1102 quod
905 1067 959 1093 iam
973 1067 1081 1096 Senatus
1100 1066 1191 1092 omnia
1205 1065 1326 1092 nundina

253 1106 426 1134 fixffeetorum
441 1104 579 1131 consulum
594 1104 730 1130 clauserat.
804 1102 912 1130 Dicitur
925 1108 1015 1129 autem
1028 1103 1144 1129 multum
1159 1102 1267 1129 laetatus
1283 1102 1325 1128 Se-

254 1149 330 1170 natus
349 1142 473 1169 libertate
492 1148 536 1167 etc.
609 1139 749 1167 Nundmia
768 1139 952 1174 interpretatur
971 1139 1105 1172 Salnmfius
1119 1139 1190 1165 adh.
1204 1139 1221 1165 l.
1237 1147 1261 1173 p.
1273 1140 1324 1172 609

256 1177 337 1206 Hack.
352 1178 483 1213 Consulum
498 1175 660 1213 suff'eae‘t‘orttm
675 1175 790 1211 Collegitt.

254 1214 399 1250 Consulatus
411 1214 555 1245 dabantur,
576 1213 613 1238 ita
628 1219 658 1238 vt
671 1214 717 1238 XI
725 1213 738 1237 Ι
755 1211 830 1237 vnius
841 1211 906 1236 anni
920 1210 1034 1245 Consules
1046 1211 1131 1245 ffnt.
1179 1211 1323 1245 Migratum

252 1252 295 1277 hoc
308 1251 397 1283 varie,
431 1250 468 1275 ita
488 1256 517 1274 vt
531 1248 579 1284 sub
594 1249 734 1277 Commodo,
765 1246 823 1282 teste
838 1246 995 1281 Lampridio
1011 1256 1032 1273 c.
1047 1249 1062 1273 6
1084 1245 1183 1282 viginti
1204 1246 1324 1280 quinque

253 1286 372 1313 consules
385 1285 459 1321 ff'm
473 1285 502 1311 in
523 1293 605 1311 vnum
625 1293 735 1310 annum.
808 1284 957 1308 Alexander
976 1284 1078 1308 Seuerus
1096 1290 1120 1308 et
1142 1283 1245 1309 Tacitus
1264 1291 1324 1316 qua-

251 1323 395 1356 lema-unque
409 1322 519 1348 ordinem
532 1321 642 1346 reuocari
656 1321 803 1345 voluerum:
839 1319 879 1344 hic
897 1319 965 1344 nihil
975 1318 1027 1351 fibi
1039 1318 1166 1353 permittit
1179 1325 1225 1353 pro
1232 1318 1324 1351 fratre

249 1357 314 1394 sua,
341 1368 393 1384 cum
408 1356 508 1392 collegia
521 1356 563 1382 illa
584 1356 633 1382 iam
648 1356 767 1381 ordinata
782 1353 828 1388 ff
840 1363 856 1379 a
871 1354 964 1379 Senatu
979 1354 1087 1381 audiret.

252 1394 321 1420 ratio
329 1393 401 1428 fhrte
413 1394 481 1426 inde,
495 1394 560 1427 quod
572 1391 753 1418 nundinarum
766 1397 789 1415 et
802 1388 955 1415 trinundini
961 1390 1086 1423 fi·equens
1098 1389 1156 1425 vsus
1170 1398 1195 1416 et
1207 1399 1324 1416 memoria

252 1430 280 1456 in
295 1429 469 1465 Consulatibus
480 1429 574 1454 liberae
587 1428 735 1463 reipubliffle
745 1437 751 1449 .·
789 1433 818 1451 vt
837 1425 874 1450 ihi
886 1424 1077 1451 trinundinum
1090 1424 1251 1451 interuallum
1262 1431 1323 1451 ante

251 1467 365 1498 comitia,
398 1474 444 1500 quo
460 1466 581 1499 petendus
597 1470 653 1488 erat
674 1461 829 1496 consulatus,
861 1468 891 1486 vt
909 1461 1029 1486 nundinis
1043 1460 1072 1495 se
1084 1460 1281 1495 demonstrabant
1299 1467 1323 1486 et

249 1500 324 1535 quast
330 1501 468 1535 probandos
482 1499 629 1524 exhibebant
646 1499 748 1534 populu:
786 1500 824 1523 ita
837 1496 877 1522 hic
898 1496 1062 1523 nundinium
1081 1503 1105 1522 et
1119 1495 1230 1531 spatium
1249 1496 1325 1521 bime-

776 460 808 486 D.
823 468 872 493 pro
885 458 974 491 socio,
1004 459 1039 484 Vt
1052 467 1118 484 vnus
1131 457 1243 491 reliquis
1257 465 1324 483 nun-
1344 456 1358 482 5
1389 455 1414 481 Si
1433 454 1502 488 quis.
1516 455 1592 482 omis.
1606 458 1671 483 caus.
1687 457 1740 485 test.
1760 455 1901 490 Numquid
1916 454 1988 481 locus
2002 462 2057 479 non
2071 453 2101 480 fit
2116 454 2222 481 edicto?

858 638 984 670 ἐμπολᾶς,
1015 640 1045 664 de
1058 647 1108 673 qua
1127 646 1184 663 voce
1196 636 1232 663 ibi
1241 637 1326 672 plura.
1344 638 1373 656 ¹0
1388 634 1548 669 quibuscum
1565 632 1745 662 constitissent.
1760 647 1767 650 -

633 818 690 844 Αο1.
705 818 840 852 Lamprid.
855 827 883 844 in
899 817 974 844 Alex.
989 818 1088 843 Seuero
1101 826 1122 842 c.
1138 823 1166 846 28
1203 814 1329 842 Consula-
1345 821 1372 848 13
1389 814 1609 849 Numquidnam,
1640 814 1740 848 (inquit
1767 813 1908 848 Donatus)

1140 1353 1324 1394 Appellationis
1339 1365 1372 1390 30
1385 1355 1445 1381 Get.
1461 1358 1514 1388 367.

1786 218 2024 261 NVN
2369 222 2452 271 496

1382 312 1454 346 gatio
1468 313 1535 340 lata?
1555 323 1621 341 num
1636 322 1702 348 quae
1717 321 1788 339 noua
1803 309 1926 346 quaestio
1945 310 2047 337 decreta
2059 310 2113 337 esti
2134 311 2190 338 Cic.
2207 319 2256 345 pro
2269 310 2367 336 Milon.
2386 319 2408 336 c.
2423 316 2451 344 7.

1385 348 1426 373 Sic
1434 348 1571 382 separatim
1586 353 1691 386 optimae
1705 348 1834 375 editiones.
1879 346 2022 380 Numquid
2036 355 2089 373 non
2099 367 2107 380 ,
2124 347 2171 382 pro
2184 350 2284 373 Ann-m.
2301 346 2361 372 Sen.
2373 346 2454 380 Epist.

1385 392 1419 416 90
1439 384 1503 417 (91)
1540 384 1681 420 Numquid
1704 394 1759 411 non
1784 383 1864 419 pelles
1887 382 2007 409 ferarum
2026 388 2051 408 et
2065 382 2180 409 aliorum
2200 382 2357 410 animalium
2377 390 2391 408 a
2405 381 2452 408 fri.
2493 383 2496 385 '

1385 427 1450 453 gore
1466 418 1524 445 satis
1536 419 1692 455 abundeque
1707 419 1850 447 defendere
1864 424 1973 453 queunt.
2046 418 2153 452 leian.
2168 419 2197 444 in
2211 419 2229 445 1.
2268 418 2295 444 Si
2313 418 2381 452 quis.
2418 418 2452 445 D.

2281 455 2337 481 Cic.
2347 454 2400 480 Ati.
2411 460 2433 486 ς,
2443 462 2455 479 2

1387 491 1478 523 Quum
1492 498 1535 515 me
1549 490 1664 524 speoans
1677 502 1691 519 0
1705 494 1748 520 sua
1762 492 1836 525 villa,
1855 489 1988 525 numquid
2001 489 2098 516 vellem
2112 491 2233 525 rogass‘et.
2301 490 2372 517 Ter.
2382 490 2448 516 Eun.

1387 535 1415 560 2,
1428 536 1455 561 3,
1469 535 1501 559 49
1530 526 1602 552 Dum
1622 526 1684 554 hacc
1704 528 1785 562 dicit,
1804 528 1869 555 abiit
1884 527 1962 554 hora:
1982 534 2050 560 rogo
2072 526 2202 558 numquid
2214 527 2288 553 velit.
2325 526 2453 553 101510111-

1387 562 1456 597 quit,
1477 560 1553 587 abeo.
1595 562 1640 588 Vbi
1653 562 1786 598 Donatus,
1807 565 1883 599 Rogo
1897 561 2029 596 numquid
2044 561 2126 588 velit:
2147 561 2198 588 hoc
2219 562 2255 589 est
2275 562 2394 596 significo
2408 570 2451 588 me

1387 598 1478 627 abire;
1497 605 1558 623 nam
1575 596 1687 629 abituri,
1707 608 1740 626 ne
1753 600 1782 627 id
1792 600 1857 627 dure
1873 600 2007 631 facerent,
2044 596 2187 632 Numquid
2199 598 2257 631 vis,
2276 598 2397 625 dicebant
2410 598 2452 625 his

1782 635 1856 669 Qid
1876 635 1912 663 est
1932 643 2012 670 ergo,
2050 634 2127 668 Rogo
2148 634 2277 669 numquid
2297 635 2380 661 velit?
2401 634 2452 661 hoe

1390 670 1440 704 est,
1461 670 1522 696 dico
1537 669 1610 704 quod
1623 668 1749 696 abeuntes
1762 671 1852 698 solent.
1926 669 2067 704 Numquid
2086 668 2191 702 redeat,
2211 670 2342 696 incertum
2369 671 2452 698 Plaut.

1388 708 1471 734 Merc.
1488 716 1517 738 4,
1531 713 1557 740 7,
1573 714 1609 739 ¹9-
1683 706 1824 740 Numquid
1834 707 1870 734 est
1885 707 1974 734 aliud?
2002 708 2090 734 Immo
2107 714 2190 738 vero,
2209 705 2298 740 inquit
2329 706 2386 734 Cic.
2400 716 2450 742 pro

1391 743 1466 770 Rosc.
1481 743 1571 769 Aruer.
1586 749 1612 774 52
1634 750 1655 768 c.
1670 747 1703 772 ¹8·
1778 743 1811 767 Et
1830 751 1881 776 pro
1900 743 1995 777 Qiint.
2010 752 2040 775 44
2072 741 2213 768 Pecuniam
2228 742 2307 776 petit:
2327 750 2453 777 negamus

1391 779 1493 806 deberi.
1532 778 1666 805 Iudicium
1685 777 1730 804 fiat
1750 776 1851 807 statim;
1869 776 1923 805 non
1942 780 2100 806 recusamus.
2137 777 2279 811 Numquid
2301 780 2454 813 praeterea?

1937 815 2080 841 Comicum
2105 814 2157 847 est,
2189 819 2215 840 et
2235 814 2453 844 Terentianum:

1389 861 1472 884 quum
1492 851 1602 877 exemtis
1623 850 1698 877 Num
1718 855 1742 876 et
1761 849 1849 884 Nam,
1873 847 1991 876 sufficere
2017 851 2050 877 ad
2070 849 2312 884 interrogationem
2329 850 2453 885 potuitset

1388 887 1471 920 Quid.
1543 887 1614 913 Ter.
1634 885 1716 913 Andr.
1735 895 1758 919 1,
1772 894 1806 919 4,
1825 891 1838 915 8
1879 885 2011 920 Opperiar
2029 893 2058 913 vt
2075 886 2155 913 sciam
2176 886 2369 920 numquidnam
2390 886 2455 914 haec

1387 923 1466 950 turba
1487 922 1608 949 tristitiae
1627 922 1727 949 afferat.
1799 921 1856 949 Cic.
1873 920 1905 947 de
1924 921 1998 948 Orat.
2014 930 2042 954 2,
2062 931 2082 954 ¹3
2105 932 2129 949 c.
2143 933 2154 955 3
2187 922 2261 955 Quid
2280 931 2328 949 vos
2346 922 2452 950 tandem

1388 959 1509 986 Crass‘us?
1529 958 1733 994 Numquidnam
1749 957 1839 992 inquit
1857 957 1942 984 1101112
2016 957 2220 993 Numquidnam
2238 958 2349 994 inquam
2368 959 2454 987 noui?

1190 993 1228 1020 1³1.
1242 993 1325 1028 Vopi-
1339 995 1424 1022 201d.
1439 995 1511 1021 Fam.
1527 1004 1555 1030 u,
1570 1003 1609 1029 27.

1426 1038 1449 1057 N
1462 1036 1644 1064 VNT'IVS‚
1668 1030 1724 1064 fiue
1757 1037 1780 1056 N
1792 1035 1813 1056 V
1827 1035 1851 1056 N
1865 1035 1883 1057 C
1896 1036 1907 1055 1
1919 1035 1963 1056 VS
1977 1050 1986 1063 ,
2022 1029 2042 1055 i.
2078 1037 2115 1055 m.
2152 1026 2291 1062 [ἅγγελος.
2318 1030 2454 1065 aly-ysaiae,

1388 1067 1518 1102 α’γγέριας]
1557 1074 1608 1093 tum
1629 1068 1665 1099 is,
1691 1066 1735 1100 qni
1751 1065 1853 1100 aliquid
1865 1065 1947 1100 visum
1960 1066 2004 1091 vel
2017 1064 2131 1091 auditum
2147 1065 2235 1098 refert,
2255 1073 2280 1092 et
2287 1065 2400 1101 sermone
2407 1065 2454 1102 suo

1386 1104 1495 1139 exponit,
1517 1104 1568 1137 (ne
1580 1101 1733 1129 tabellarium
1743 1104 1831 1137 putes)
1855 1109 1907 1127 tum
1919 1101 1968 1136 ipse
1975 1100 2057 1136 sermo
2066 1121 2074 1133 ,
2094 1110 2140 1135 quo
2159 1102 2222 1135 quid
2233 1103 2312 1127 aflum
2318 1102 2357 1134 fit
2370 1103 2454 1137 refer-

1385 1147 1435 1166 tur.
1509 1140 1586 1165 Varr.
1604 1138 1636 1165 de
1656 1138 1685 1165 L.
1700 1138 1729 1164 L.
1745 1146 1773 1171 ς,
1787 1147 1799 1171 7
1822 1146 1847 1172 p.
1862 1145 1905 1172 55,
1925 1145 1954 1169 34
1986 1136 2108 1163 Nuntius
2138 1153 2184 1157 —
2211 1145 2225 1163 a
2245 1137 2348 1164 Graeco
2365 1137 2453 1166 verbo

845 1174 974 1210 Bimestres
990 1175 1050 1209 fere
1063 1175 1110 1210 sub
1130 1175 1324 1210 Imperatoribus
1340 1185 1372 1211 25
1385 1180 1429 1205 νέας
1442 1175 1531 1202 videri
1546 1175 1628 1210 potest
1643 1174 1815 1200 declinatum.
1853 1175 1945 1207 Nempe
1964 1173 2008 1207 qui
2021 1173 2126 1199 nuntiat
2138 1174 2255 1208 aliquid,
2277 1181 2378 1200 nouum
2392 1174 2456 1208 quid

1379 1211 1408 1246 se
1415 1211 1490 1244 ftrre
1501 1219 1584 1247 putat.
1623 1210 1727 1243 Festus,
1749 1209 1868 1237 Nuntius
1882 1215 1908 1235 et
1920 1217 1961 1235 res
1976 1209 2029 1243 ipsa
2043 1214 2068 1235 01
2083 1210 2194 1243 persona
2208 1208 2314 1235 dicitur.
2372 1211 2455 1237 Plaut.

1386 1248 1470 1274 Merc.
1483 1258 1514 1281 4,
1528 1257 1554 1280 t,
1570 1256 1578 1273 1
1609 1246 1747 1281 Qioniam
1766 1255 1781 1272 a
1797 1246 1860 1272 viro
1881 1244 1913 1271 ad
1927 1254 1970 1271 me
1991 1254 2035 1271 rus
2055 1244 2165 1272 aduenit
2182 1245 2301 1273 nuntius.
2375 1246 2453 1280 Virg.

1387 1283 1453 1310 Aen.
1473 1292 1501 1317 2,
1523 1291 1570 1318 547
1607 1283 1638 1310 Et
1670 1282 1779 1319 11111111115
1804 1281 1857 1308 ibis
1894 1281 1998 1308 Pelidae
2014 1281 2142 1315 genitori.
2215 1281 2367 1308 Mercurius
2387 1291 2454 1308 nun-

1384 1319 1437 1345 tius
1451 1319 1526 1346 Iouis
1540 1326 1566 1346 et
1579 1319 1691 1345 deorum
1718 1319 1787 1345 Hor.
1803 1319 1892 1346 carm.
1908 1326 1928 1348 1,
1943 1326 1983 1351 10,
1997 1325 2019 1350 ς.
2094 1316 2209 1343 Mendax
2234 1317 2327 1345 Claud.
2342 1317 2374 1344 de
2387 1317 2453 1345 Bell.

1573 1354 1764 1388 Optatiffimus,
1784 1355 1838 1381 vid.
1862 1359 1881 1380 O
1892 1360 1906 1380 Ρ
1915 1360 1936 1380 Τ
1949 1361 1982 1382 0.
2055 1353 2153 1380 Saeuus
2165 1359 2244 1387 atque
2258 1353 2453 1388 sanguinarius,

1384 1392 1440 1418 vid.
1459 1390 1660 1425 Sanguinarius,
1683 1390 1711 1415 in
1731 1396 1744 1416 s
1755 1396 1776 1416 Α
1786 1397 1809 1416 Ν
1818 1396 1839 1417 G
1848 1397 1870 1416 v
1879 1396 1889 1415 1
1898 1396 1920 1416 s.
1993 1388 2095 1416 Tristis
2110 1397 2249 1416 armorum
2276 1390 2374 1417 Lucan.
2384 1396 2407 1423 8,
2416 1397 2453 1423 52.

1385 1427 1473 1454 Velox
1506 1426 1599 1454 Claud.
1613 1425 1694 1452 Cous.
1708 1424 1787 1451 Prob.
1801 1431 1828 1452 et
1842 1425 1922 1456 Olyb.
1943 1433 1997 1459 ¹7⁴·
2069 1425 2155 1451 Verus
2190 1425 2266 1460 Virg.
2281 1426 2346 1453 Aen.
2362 1435 2384 1461 3,
2401 1435 2453 1459 3¹0—

1385 1462 1474 1489 Cladis
1505 1462 1591 1490 Ouid.
1606 1463 1670 1489 Met.
1687 1471 1723 1494 ιι,
1740 1470 1793 1495 349.
1866 1461 2003 1487 Arceffitus
2023 1461 2155 1487 Praetoris
2171 1462 2268 1488 nuntio
2300 1463 2356 1489 Cic.
2373 1460 2453 1489 Verr.
2482 1490 2487 1493 ⁴

1382 1507 1418 1531 4,
1435 1506 1479 1531 ¹¹5-
1553 1498 1700 1525 Remittere
1720 1496 1846 1523 nuntium
1861 1496 1893 1530 est
1907 1497 2050 1531 repudiare.
2123 1497 2162 1524 ld.
2178 1498 2229 1524 Att.
2245 1507 2269 1528 1.
2285 1507 2313 1525 10
2347 1497 2452 1525 Deinde

243 1535 298 1572 stre
311 1535 461 1570 consulatus,
480 1536 523 1560 vel
529 1533 661 1569 Collegium
675 1536 734 1559 adeo
748 1535 850 1559 duorum
865 1532 892 1558 in
906 1534 966 1558 duos
978 1532 1215 1569 menses-consulum.
1254 1532 1323 1557 Haec
1337 1540 1367 1568 33
1384 1542 1416 1559 ex
1431 1534 1662 1560 Senatusconsulto
1678 1532 1806 1560 Consules
1827 1531 1997 1566 rogationem
2016 1533 2201 1569 promulgasse:
2221 1534 2300 1561 vxori
2314 1535 2454 1561 Caesarem

242 1571 371 1607 fintentt'a
385 1570 502 1602 Salnmsti
514 1571 533 1596 l.
546 1579 567 1596 c.

288 1614 342 1635 NV
355 1613 376 1633 N
389 1612 472 1644 QVA
484 1612 522 1632 M.
561 1602 671 1640 [fixos-s,
700 1605 815 1638 ἐδέτοτε,
847 1603 957 1637 μήποτε,
984 1605 1120 1639 μηδέποτε]
1158 1602 1227 1630 Adu.
1257 1603 1325 1637 quod

250 1643 375 1670 Priscian.
391 1643 406 1669 Ι.
422 1651 445 1675 17
461 1651 485 1677 p.
503 1647 560 1671 1058
575 1649 641 1669 extr.
655 1649 727 1667 vocat
736 1640 926 1675 abnegatiuum
939 1640 1062 1666 omnium
1077 1646 1244 1675 temporum:
1264 1640 1322 1665 Non

249 1678 314 1713 vilo,
338 1680 380 1704 vel
394 1678 455 1704 nullo
468 1684 582 1713 tempore.
655 1677 712 1705 Cic.
727 1678 804 1703 Verr.
824 1685 847 1712 2,
865 1685 893 1710 54
930 1676 1079 1710 Nunquam
1099 1685 1147 1703 vos
1169 1676 1322 1702 Praetorem

251 1721 307 1742 tam
320 1713 502 1749 palaestricum
515 1713 627 1740 vidistis.

252 1751 401 1784 Nunquam
428 1749 492 1774 alias
516 1749 606 1774 exules
629 1748 904 1774 Lacedaemoniorum
925 1747 1024 1774 Achaei
1049 1749 1135 1774 secum
1156 1747 1320 1773 adduxerant

250 1786 311 1812 Liu.
327 1790 364 1818 38,
379 1794 410 1816 33.
484 1782 689 1810 Lacedaemonii
705 1784 774 1817 Agin
786 1792 894 1817 regem,
921 1782 994 1817 quod
1009 1791 1146 1817 nunquam
1159 1789 1236 1809 antea
1251 1781 1320 1816 apud

250 1830 296 1848 005
309 1820 454 1852 acciderat,
480 1824 642 1845 necauerunt
679 1818 736 1844 Cic.
750 1818 804 1844 Off.
819 1827 830 1844 2
845 1827 866 1844 c.
879 1827 914 1849 ²3-
1011 1819 1158 1852 Nunquam
1170 1824 1231 1844 ante
1249 1817 1320 1844 hunc

251 1856 323 1883 diem
345 1857 449 1883 Plautus
464 1853 545 1881 Stich.
560 1863 578 1887 1,
592 1864 613 1888 3,
629 1863 676 1880 110.
758 1854 813 1880 Cic.
828 1853 907 1880 Acad.
922 1863 940 1887 1,
955 1863 966 1887 3
980 1863 1001 1880 c.
1020 1863 1027 1880 1
1066 1854 1135 1881 Illud
1148 1861 1236 1880 autem
1251 1853 1320 1879 mihi

251 1899 312 1920 31110
327 1892 377 1918 hoc
390 1899 494 1926 tempus
507 1899 643 1925 nunquam
658 1890 686 1916 in
703 1896 820 1916 mentem
837 1890 911 1916 venit
931 1898 945 1917 a
959 1896 984 1916 te
997 1890 1145 1925 requirere.

251 1937 332 1963 quam
347 1928 404 1963 post
417 1927 488 1954 hunc
501 1926 573 1953 diem
604 1926 686 1953 Plaut.
699 1926 771 1952 Men.
789 1936 809 1958 3,
824 1935 846 1959 ε,
863 1935 894 1952 12.
967 1926 1115 1960 Nunquam
1130 1925 1186 1960 post
1202 1925 1248 1952 illa
1278 1926 1319 1952 Id.

250 1965 330 1991 Cure.
345 1975 367 1996 4,
381 1973 403 1996 2,
417 1973 452 1995 43.
525 1963 670 1995 Nunquam
680 1982 688 1993 ,
712 1963 739 1987 in
750 1963 803 1996 fine
811 1961 961 1996 sententiae.
1034 1962 1091 1989 Cic.
1107 1961 1139 1988 de
1154 1963 1258 1988 [nuent.
1275 1971 1293 1994 1,
1309 1971 1317 1988 1

249 2010 271 2026 c.
289 2009 297 2025 1
321 1997 509 2032 Eloquentiam
522 2005 589 2022 vero
610 1997 662 2022 tine
676 1997 802 2030 sapientia
816 1997 933 2023 nimium
944 1996 1030 2023 obess‘e
1043 1998 1219 2031 plerumque,
1240 1998 1319 2031 prod-

249 2035 298 2061 01ῖο
311 2041 456 2068 nunquam.
549 2031 588 2057 Id.
603 2030 681 2056 Acad.
695 2039 723 2062 4,
737 2034 770 2062 69
806 2032 952 2063 Nunquam
965 2040 980 2057 a
994 2032 1107 2057 Philone
1120 2032 1245 2065 disceffit,
1270 2032 1319 2056 11111

249 2070 420 2105 posteaquam
434 2067 488 2102 ipse
506 2067 596 2100 coepit
620 2065 667 2100 qui
686 2065 710 2091 se
731 2064 856 2091 audirent
875 2065 983 2091 habere.

248 2105 365 2133 duarum
376 2113 468 2131 rerum
481 2102 588 2134 credas,
626 2102 645 2129 i.
673 2102 750 2128 Nihil
767 2100 851 2127 diuini
869 2107 893 2126 et
913 2100 1030 2132 humam'‚
1063 2101 1130 2134 quod
1144 2099 1176 2135 est
1192 2100 1318 2124 iusiuran-

247 2143 323 2175 dum,
343 2143 373 2167 de
385 2149 430 2176 quo
439 2139 520 2175 supra
534 2139 561 2164 in
576 2143 703 2165 NIHIL.
801 2136 907 2163 Plautus
919 2136 1007 2162 Truc.
1022 2145 1045 2168 2,
1069 2144 1090 2171 2,
1110 2145 1133 2166 5¹
1170 2135 1318 2169 Nunquam

250 2177 348 2212 edepol
372 2175 443 2203 mihi
462 2175 604 2210 quisquam
632 2173 716 2200 homo
747 2172 869 2206 mortalis
889 2171 995 2207 posthac
1018 2171 1131 2198 duarum
1152 2180 1244 2198 rerum
1264 2180 1319 2197 crc-

250 2213 318 2240 duit.
396 2212 508 2248 Qidam
521 2211 642 2237 Duarum
655 2215 759 2234 vertunt
774 2208 800 2233 in
814 2209 939 2235 Suarum:
971 2207 1020 2244 sed
1036 2208 1200 2243 antiquitatis
1221 2207 1319 2243 ignari,

243 2249 345 2285 sensum
358 2256 448 2274 omnem
461 2247 623 2278 adulterant,
648 2254 677 2270 ac
688 2245 753 2270 male
765 2245 795 2269 tle
809 2246 886 2269 Poeta
900 2251 1041 2276 merentur,
1067 2245 1212 2270 Turnebus:
1249 2245 1318 2268 cuius
1335 2250 1364 2277 55·
1382 2255 1395 2278 7
1412 2252 1454 2280 pr‚

243 2284 372 2320 sentcnn'a
388 2283 464 2309 etiam
476 2282 562 2307 melior
575 2280 669 2306 illorum
684 2279 811 2315 opinione,
835 2279 879 2313 qui
898 2278 962 2305 duas
977 2288 1018 2305 res
1039 2279 1184 2314 intelligunt
1200 2284 1270 2305 EST
1293 2285 1317 2304 et

251 2326 337 2347 NON.
434 2318 580 2352 Nunquam
595 2315 692 2348 hodie,
729 2316 748 2341 i.
762 2323 785 2341 e.
813 2315 899 2342 Nullo
913 2321 1033 2349 tempore
1047 2314 1126 2341 11111115
1140 2314 1212 2347 diei,
1238 2315 1317 2340 inter-

246 2363 318 2392 prete
330 2356 448 2382 Donato.
520 2353 591 2380 Ter.
606 2351 680 2378 Adel.
696 2361 721 2385 4,
736 2361 758 2385 2,
772 2359 796 2382 32
834 2351 895 2377 Scio
911 2350 958 2376 vbi
974 2350 1019 2383 sit,
1040 2359 1136 2377 verum
1152 2350 1234 2377 hodie
1250 2359 1316 2376 nun-

250 2400 330 2427 quam
345 2389 506 2417 monstrabo.
602 2388 678 2422 Virg.
694 2388 758 2413 Aen.
770 2396 792 2421 2,
806 2389 860 2422 670
897 2401 944 2407 —
976 2395 1113 2420 nunquam
1127 2395 1219 2413 01111105
1234 2385 1318 2413 hodie

250 2428 400 2455 moriemur
415 2425 502 2452 inulti.
575 2425 722 2457 Nunquam
739 2422 820 2449 hodie
833 2422 944 2456 effugies
963 2422 1001 2449 Id.
1016 2423 1069 2449 Ecl.
1086 2433 1107 2456 3,
1121 2432 1165 2456 49.

250 2472 329 2498 quam
343 2463 393 2488 hoc
406 2470 462 2488 vno
476 2461 518 2487 die
539 2460 620 2487 Plaut.
635 2459 722 2486 Truc.
738 2468 761 2492 5,
778 2468 810 2490 ¹5·
883 2460 959 2492 Qiae
972 2459 1067 2485 Caesar
1080 2467 1216 2494 nunquam
1230 2467 1317 2493 neque

250 2500 315 2526 fecit
328 2506 414 2532 neque
428 2497 526 2523 feciss'et
557 2497 614 2523 Cic.
635 2496 707 2523 Fam.
722 2504 760 2528 14,
781 2505 813 2528 13·
912 2494 1076 2528 Nunquam,
1106 2496 1125 2522 i.
1152 2496 1209 2521 Non
1235 2494 1317 2522 Plaut.

250 2534 348 2569 Amph.
363 2543 383 2567 ε,
397 2542 419 2563 2,
434 2536 472 2566 67.
569 2533 639 2559 Ter.
655 2532 718 2558 Hec.
733 2541 754 2563 5,
766 2539 789 2564 ς,
806 2537 830 2563 ¹³¹
865 2529 914 2557 Ille
934 2531 1078 2557 reuiuiscet
1097 2531 1150 2557 iam
1170 2539 1315 2565 nunquam.

254 2571 299 2598 Vbi
315 2571 449 2599 Donatus,
470 2569 527 2595 Plus
542 2568 576 2595 cst
590 2568 751 2602 Nunquam,
769 2576 849 2601 quam
860 2566 935 2593 Non.
1008 2567 1083 2594 Idem
1097 2567 1206 2594 Phorm.
1222 2576 1240 2599 1,
1254 2575 1276 2600 2,
1291 2576 1315 2599 7¹

700 1715 753 1738 Iam
769 1720 900 1747 ponemus,
937 1713 1025 1747 quibus
1036 1712 1172 1747 particulis
1190 1712 1320 1746 iungatur.
1337 1721 1375 1746 40
1382 1721 1440 1747 tur,
1453 1713 1536 1748 sermo
1555 1714 1658 1748 aliquid
1677 1713 1828 1739 nuntiantis.

1243 1889 1321 1917 Nun·
1333 1898 1352 1924 4

1081 2066 1229 2097 Nunquam
1249 2065 1319 2090 mihi
1334 2072 1365 2096 50
1382 2067 1500 2099 deferri,
1522 2072 1551 2092 vt
1568 2068 1644 2091 suum
1666 2067 1846 2100 praescetum,
1866 2075 1911 2092 etc.
1933 2068 1937 2072 ‘

1239 2422 1317 2449 Nun·
1330 2423 1367 2448 60
1379 2433 1403 2451 et
1415 2425 1486 2452 Ter.
1500 2425 1594 2453 Heaut.
1609 2435 1630 2461 3,
1643 2435 1662 2459 1,
1677 2431 1710 2455 18.

1384 1570 1510 1596 nuntium
1524 1569 1656 1596 remififfe.
1693 1570 1730 1595 Ob
1743 1569 1894 1595 adulterium
1907 1568 1990 1593 Clodii
1997 1568 2105 1602 scilicet.
2143 1569 2210 1602 conf.
2230 1570 2286 1597 Cic.
2301 1570 2378 1605 Top.
2393 1579 2414 1598 c.
2425 1579 2453 1604 4.

1385 1606 1539 1640 Apul.Met.
1553 1615 1570 1640 9
1590 1615 1615 1640 p.
1631 1614 1685 1638 230,
1705 1613 1741 1639 ¹9·
1797 1604 1865 1630 Hinc
1903 1604 1960 1630 Cic.
1976 1603 2048 1630 Fam.
2064 1614 2097 1638 ις,
2110 1607 2137 1632 16
2169 1606 2226 1632 Iam
2246 1605 2387 1635 biennium
2407 1611 2452 1633 aut
2489 1636 2495 1642 ⁴

1382 1642 1533 1669 triennium
1547 1642 1593 1675 est,
1609 1651 1692 1676 quum
1707 1640 1805 1667 virtuti
1819 1639 1945 1667 nuntium
1959 1639 2081 1667 remisisti
2089 1659 2099 1672 ,
2117 1641 2244 1669 delinitus
2258 1641 2392 1669 illecebris
2405 1651 2454 1669 vo-

1383 1678 1505 1713 luptatis:
1527 1679 1669 1713 metaphora
1689 1678 1806 1703 iucunda.
2009 1674 2030 1714 fl
2055 1686 2066 1703 2
2103 1677 2240 1710 Nuntius,
2258 1679 2336 1714 Qud
2352 1678 2454 1704 nuntia-

1903 1711 1970 1740 Ptin.
1986 1712 2066 1747 Epist.
2087 1721 2117 1746 5,
2137 1723 2184 1741 100
2216 1714 2364 1741 Nuntiatur
2383 1714 2454 1741 mihi

1381 1749 1478 1776 Caium
1498 1749 1631 1775 Fannium
1650 1749 1794 1775 deceffiss'e:
1833 1748 1880 1782 qui
1907 1749 2018 1776 nuntius
2038 1749 2116 1784 graui
2143 1759 2186 1777 me
2207 1749 2302 1777 dolore
2320 1750 2454 1779 confudit.

1383 1785 1473 1811 Bonus
1486 1785 1612 1817 nuntius,
1630 1785 1686 1809 vid.
1707 1789 1723 1809 Β
1734 1788 1755 1808 Ο
1765 1790 1789 1808 N
1800 1789 1821 1808 V
1832 1790 1855 1809 s.
1927 1784 2079 1811 11011-1111115
2098 1786 2209 1813 affertur
2235 1786 2331 1813 Catull.
2345 1793 2392 1820 82,
2412 1796 2452 1815 ro.

1383 1820 1439 1847 Cic.
1454 1821 1525 1847 Fam.
1541 1827 1576 1853 13,
1591 1828 1604 1846 2
1635 1818 1734 1846 Nuntii
1748 1823 1774 1844 et
1794 1817 1888 1843 literae
1902 1817 1934 1843 de
1947 1817 2020 1844 bello
2034 1827 2047 1844 a
2063 1820 2166 1846 Parthis
2180 1822 2208 1848 in
2222 1822 2391 1856 prouinciam
2405 1823 2451 1855 Sy-

1381 1856 1452 1882 riam
1473 1856 1548 1882 illato
1568 1854 1691 1890 quotidie
1708 1854 1767 1880 fere
1788 1853 1946 1880 afferuntur.
2020 1852 2059 1880 Id.
2074 1854 2145 1881 Fam.
2159 1865 2187 1888 2,
2209 1863 2233 1885 18
2254 1860 2320 1892 (19)
2359 1859 2451 1893 Qium

1354 1897 1368 1924 ς
1382 1892 1570 1927 optatiffimum
1584 1891 1708 1917 nuntium
1720 1889 1881 1924 accepissem,
1901 1895 1927 1915 te
1941 1888 2010 1915 mihi
2025 1890 2199 1923 Quaestorem
2217 1892 2347 1927 obtigisse.
2405 1895 2452 1921 Af.

1382 1928 1455 1954 ferre
1474 1934 1628 1962 exoptatum
1647 1925 1774 1953 nuntium
1807 1924 1845 1952 Id.
1857 1933 1908 1960 pro
1923 1925 1999 1952 Rosc.
2013 1926 2103 1953 Amer.
2119 1936 2145 1960 ¹9
2166 1937 2188 1953 c.
2201 1936 2226 1962 7.
2299 1930 2451 1963 Apportare

1382 1964 1506 1990 nuntium
1515 1985 1523 1997 ‚
1553 1964 1606 1990 vid.
1630 1969 1652 1990 A
1662 1969 1677 1989 P
1686 1969 1702 1989 P
1713 1969 1733 1989 0
1743 1969 1763 1989 R
1776 1967 1799 1988 T
1810 1968 1838 1988 Ο.
1910 1961 2029 1995 Audire,
2052 1965 2108 1988 vid.
2135 1969 2158 1988 A
2166 1969 2213 1989 VD
2223 1969 2268 1990 10.
2343 1966 2450 1999 Cogno·

1382 2000 1454 2026 scere
1474 2009 1505 2026 ex
1525 1999 1643 2029 nuntiis,
1668 1999 1724 2024 vid.
1746 2004 1764 2025 C
1778 2004 1797 2024 Ο
1809 2003 1830 2024 G
1842 2002 1865 2023 N
1877 2003 1897 2023 0
1912 2002 1925 2023 s
1938 2003 1993 2024 Co.
2073 1998 2130 2025 Cic.
2151 2008 2202 2033 pro
2217 1999 2301 2026 Corn.
2317 1999 2392 2028 Balb.
2404 2002 2454 2036 ‘64⁴
2470 1996 2471 1999 ¹

1381 2035 1478 2059 Nolite
1491 2044 1539 2067 per
1552 2034 1616 2059 deos
1632 2034 1808 2065 immortales,
1828 2032 1942 2066 Iudices,
1962 2033 2033 2060 hunc
2045 2033 2086 2060 illi
2100 2035 2224 2061 acerbum
2240 2035 2365 2062 nuntium
2379 2035 2467 2066 vellet'

1678 2101 1683 2105 .
1790 2101 1794 2105 .
1992 2069 2135 2097 Dimittere
2153 2071 2262 2097 nuntios
2288 2072 2362 2098 Caes.
2383 2071 2455 2104 Belkr.

1383 2102 1452 2127 Gall.
1468 2113 1499 2134 4,
1515 2110 1548 2133 ¹9·
1622 2101 1743 2126 Excitare
1762 2100 1879 2133 aliquem
1899 2102 2001 2134 literis,
2023 2106 2140 2138 nuntiis,
2163 2107 2399 2134 cohortationibus
2413 2101 2452 2136 ad

1380 2137 1484 2171 patriae
1498 2135 1657 2173 praesidium
1685 2134 1742 2163 Cic.
1752 2134 1866 2170 Philipp.
1880 2144 1915 2170 14,
1929 2145 1970 2163 20.
2043 2139 2199 2173 Exspe&are
2211 2143 2321 2169 nuntios
2343 2143 2382 2170 Id.
2395 2139 2450 2172 lmm
2462 2152 2463 2156 ¹

1382 2176 1418 2206 16,
1435 2184 1458 2206 4·
1539 2173 1634 2199 Facere
1647 2171 1792 2199 certiorem
1807 2180 1854 2207 per
1867 2171 1992 2199 nuntium
2003 2173 2069 2207 quid
2082 2174 2171 2202 36111111
2185 2176 2215 2203 sit
2238 2178 2277 2205 Id.
2292 2177 2359 2206 ibid.
2376 2178 2445 2212 u,‘22

1515 2208 1590 2235 Fecit
1603 2208 1683 2236 talem
1699 2208 1816 2243 collegio
1829 2208 1877 2235 suo
1891 2209 2028 2243 nuntium,
2044 2210 2063 2237 ι’.
2085 2212 2143 2237 haec
2152 2214 2282 2241 mmtiauit
2295 2215 2446 2250 Apul.Met.

1528 2244 1669 2279 lmpellere
1688 2243 1805 2278 aliquem
1818 2243 2017 2278 improbissimis
2038 2245 2140 2280 literis,
2160 2249 2352 2286 fallacibusque
2365 2251 2447 2278 inter-

1381 2280 1501 2316 pretibus
1519 2289 1548 2307 ae
1567 2281 1669 2308 nuntiis
1688 2280 1718 2307 in
1739 2280 1811 2315 spem
1835 2279 1951 2314 aliquam
1984 2281 2041 2307 Cic.
2062 2282 2095 2308 ad
2115 2283 2188 2310 Brut.
2208 2294 2244 2312 10.
2323 2288 2447 2314 1110111010

1380 2317 1507 2343 1111111111111
1522 2317 1612 2350 3110111,
1633 2317 1687 2343 vid.
1707 2324 1716 2343 1
1727 2322 1775 2343 Nc
1784 2322 1806 2342 v
1816 2321 1839 2342 'r
1850 2322 1860 2341 1
1871 2321 1902 2342 o.
1974 2315 2085 2343 Mittere
2099 2318 2208 2344 nuntios
2221 2319 2253 2345 ad
2266 2328 2369 2354 regem,
2387 2323 2445 2350 vid.

1381 2359 1407 2379 M
1416 2361 1426 2380 1
1438 2359 1460 2379 'r
1472 2360 1494 2380 'r
1503 2359 1533 2380 o.
1606 2354 1700 2381 Monet
1712 2352 1816 2380 secretis
1830 2351 1933 2378 nuntiis
1946 2350 2145 2379 Rhadamistum
2172 2354 2265 2382 Tacit.
2275 2356 2343 2383 Ann.
2359 2365 2392 2390 12,
2403 2359 2444 2390 46.

1380 2389 1515 2416 Nuntiare
1529 2390 1654 2416 nuntium
1666 2388 1848 2424 exoptabilem
1867 2387 1950 2414 Plaut.
1958 2387 2038 2414 Stich.
2046 2397 2068 2420 2,
2077 2397 2099 2422 2,
2106 2390 2145 2420 67.
2182 2391 2247 2422 conf.
2267 2391 2344 2425 Epid.
2353 2401 2398 2426 1,1,
2409 2401 2444 2425 ¹9·

1781 2423 1902 2459 Percepit
1914 2423 1993 2450 talem
2007 2423 2148 2456 nuntium,
2167 2425 2274 2458 qualem
2286 2435 2342 2453 non
2355 2427 2445 2456 audiet

1380 2459 1465 2487 alium
1490 2461 1568 2497 Apul.
1585 2463 1650 2489 Met.
1666 2466 1680 2493 8
1701 2470 1725 2496 p.
1740 2470 1796 2494 237,
1811 2468 1844 2493 ις.
1882 2460 1988 2486 Floridi.
2061 2460 2117 2487 Cic.
2132 2468 2182 2495 pro
2201 2460 2290 2496 Ligar.
2305 2471 2318 2494 7
2350 2463 2373 2489 A
2389 2472 2444 2498 quo

1379 2497 1431 2524 11οο
1451 2497 1507 2532 ipso
1527 2498 1558 2525 C.
1578 2498 1657 2525 Pansa
1676 2496 1746 2524 mihi
1764 2495 1891 2524 nuntium
1913 2495 2082 2530 perferente,
2109 2497 2241 2523 concess'os
2261 2497 2341 2525 fasces
2360 2500 2442 2534 tenui,

1381 2534 1469 2567 quoad
1484 2534 1611 2560 tenendos
1626 2533 1726 2568 putaui.
1799 2531 1916 2560 Persen-ri
1934 2532 2057 2558 omnium
2076 2532 2192 2566 nuntiis,
2213 2532 2266 2559 vid.
2287 2539 2439 2562 PERFERO.

1379 2569 1435 2596 Cic.
1450 2571 1504 2596 Att.
1520 2580 1541 2603 3,
1556 2579 1579 2602 ¹3
1602 2570 1641 2597 Dc
1658 2569 1763 2603 Qtinto
1776 2569 1860 2596 fratre
1873 2568 1962 2594 nuntii
1976 2567 2055 2594 nobis
2067 2567 2151 2594 tristes
2163 2576 2211 2594 nec
2224 2569 2294 2596 varii
2307 2576 2437 2598 venerant.

1381 2212 1443 2241 (24)

252 2606 336 2634 illene
348 2605 493 2632 indotatam
509 2605 642 2639 virginem
652 2626 659 2638 ,
689 2610 768 2637 atque
782 2601 929 2638 ignobilem
944 2602 1018 2630 daret
1033 2603 1092 2630 illi?
1130 2612 1267 2637 nunquam
1280 2602 1317 2629 fa·
1331 2601 1363 2634 65
1380 2605 1453 2633 Idem
1469 2606 1501 2632 de
1516 2606 1592 2633 Orat„
1606 2615 1633 2639 1,
1649 2614 1686 2639 ¹75
1717 2605 1756 2632 De
1770 2605 1844 2631 cuius
1859 2610 1946 2639 morte
1961 2612 2044 2639 quum
2057 2603 2167 2629 domum
2188 2604 2266 2630 falsus
2280 2605 2313 2632 ab
2326 2605 2445 2638 exercitu,

250 2649 331 2669 ceret.
419 2642 463 2667 Vbi
479 2641 615 2673 Donatus,
636 2641 709 2667 Nota
723 2640 885 2674 Nunquam,
906 2648 955 2673 pro
970 2639 1035 2666 Non
1051 2640 1082 2666 in
1095 2639 1225 2666 maiorem
1241 2648 1317 2674 nega-

251 2678 332 2705 tionis
347 2677 566 2712 significationem
580 2677 683 2711 semper
696 2675 770 2710 poni.
885 2675 1033 2710 Nunquam
1048 2685 1102 2703 11011
1119 2684 1247 2703 coronam
1259 2675 1316 2702 lau-

250 2723 322 2742 ream
337 2713 461 2748 gestauh,
482 2721 527 2740 etc.
547 2713 572 2740 ἱ.-
585 2714 683 2747 Semper
703 2711 772 2738 Suet.
784 2710 884 2738 Tiber.
899 2721 920 2738 c.
934 2714 976 2745 69.
1057 2712 1130 2739 Idem
1147 2712 1178 2738 de
1194 2711 1315 2738 Gramm-

250 2760 272 2777 c.
288 2759 319 2777 12.
331 2757 355 2775 et
369 2750 427 2776 Sen.
445 2749 524 2784 Epist.
541 2759 569 2776 u.
642 2747 715 2781 Qud
729 2747 765 2774 est
784 2747 912 2782 ineptius,
931 2747 1057 2782 quam‘de
1075 2747 1190 2774 dicendo
1209 2747 1315 2773 dicere?

251 2795 333 2821 quum
349 2785 373 2812 id
388 2786 471 2820 ipsum
494 2785 582 2811 dicere
596 2793 731 2818 nunquam
746 2784 774 2810 fit
787 2793 841 2810 non
854 2784 976 2818 ineptum
1003 2785 1059 2810 Cic.
1074 2784 1107 2811 de
1122 2784 1196 2811 Orat.
1214 2791 1223 2810 1
1237 2792 1259 2809 c.
1276 2791 1315 2813 2⁴·
1326 2788 1363 2816 70
1379 2793 1471 2811 manos
1485 2784 1631 2816 necandos,
1653 2783 1877 2816 trucidandosque
1891 2781 2038 2809 denotauit,

643 2829 693 2855 ego
705 2826 793 2847 autem
807 2829 959 2854 nunquam,
995 2828 1078 2853 quum
1096 2820 1164 2846 mihi
1177 2818 1316 2845 denuntia-

251 2822 376 2857 Epistolas
391 2822 506 2856 requiris
520 2830 605 2847 meas:

1196 2854 1270 2882 Idem
1283 2853 1316 2880 de

250 2864 307 2885 tum
321 2858 381 2884 ess'et
396 2866 410 2883 a
426 2858 476 2884 tuis
492 2857 532 2883 ire
546 2857 679 2891 aliquem,
700 2865 755 2882 non
769 2855 831 2882 dedi
865 2855 940 2882 Idem
953 2856 1026 2882 Fam.
1042 2865 1075 2888 12,
1090 2862 1122 2885 18.

254 2894 362 2921 Amicit.
384 2902 404 2920 11
443 2894 496 2926 Qn
513 2893 686 2920 Consulatum
707 2893 785 2927 petiit
804 2900 958 2926 nunquam,
989 2891 1074 2918 faetus
1096 2891 1131 2918 est
1144 2891 1244 2918 Consul
1266 2890 1314 2916 bis.

253 2931 400 2965 Nunquam
416 2929 577 2964 quidquam,
608 2934 737 2961 παρέλκων,
775 2937 824 2963 pro
838 2928 1001 2962 Nunquam,
1026 2927 1052 2954 id
1067 2927 1103 2954 est
1116 2936 1181 2954 non.
1219 2927 1314 2953 Donat.

251 2968 287 2992 ad
301 2966 371 2992 Ter.
386 2965 497 2999 Adelph.
514 2976 538 2997 4,
555 2975 573 2998 t,
587 2974 615 2991 10
642 2964 717 2997 Qud
737 2964 842 2990 dicamz
887 2970 910 2990 s.
931 2963 1034 2990 nihilne
1050 2964 1078 2990 in
1094 2970 1182 2989 mente
1197 2963 1250 2990 est?
1289 2970 1314 2990 c.
1328 2968 1361 2997 75
1378 2965 1499 2995 nuntiat;
1520 2964 1634 2990 nuntium
1648 2963 1720 2998 quod
1734 2964 1881 2991 nuntiatur.

252 3010 388 3036 nunquam
403 3000 557 3035 quidquam.
648 3001 730 3027 l’laut.
746 3002 820 3035 Capt.
835 3009 853 3033 1,
869 3010 887 3033 1,
902 3005 915 3030 8
936 3001 1010 3033 Qios
1025 3008 1161 3033 nunquam
1175 2999 1317 3034 quisquam

253 3045 346 3071 vocat,
366 3046 452 3071 neque
468 3037 585 3063 inuocat.
665 3036 734 3062 Ter.
754 3038 819 3063 Eun.
834 3045 857 3067 5,
873 3045 898 3070 9,
911 3038 937 3063 61
967 3036 1113 3071 Nunquam
1127 3036 1208 3063 etiam
1221 3035 1262 3062 fui
1277 3044 1318 3061 vs-

252 3083 346 3109 quam‚
371 3074 436 3108 quin
451 3082 494 3100 me
508 3081 601 3099 omnes
616 3078 733 3097 amarent
746 3072 900 3106 plurimum.
955 3074 999 3099 Vbi
1015 3073 1151 3106 Donatus,
1171 3073 1317 3106 Nunquam

253 3119 373 3145 vsquam‚
399 3111 434 3142 τᾷ
450 3109 596 3143 ἀρχαία-μιῇ,
614 3116 664 3143 pro
678 3107 742 3134 Non
758 3117 883 3142 vsquam,
912 3109 940 3135 id
955 3108 991 3135 est
1005 3118 1144 3144 nusquam.
1252 3108 1318 3135 Non

252 3154 404 3181 nunquam,
425 3145 479 3171 vid.
488 3145 575 3180 supra.

251 3182 320 3209 Ter.
335 3182 400 3208 Eun.
415 3191 437 3213 2,
450 3190 471 3214 3,
485 3184 525 3210 68.

291 3224 314 3243 N
326 3222 580 3253 vNQVANDQ
601 3215 624 3251 s.
644 3221 792 3252 NVMQV
804 3220 928 3242 ANDo.
949 3214 1318 3252 Adu.[f..;.12w÷]'com-

250 3253 354 3287 positum
366 3264 397 3279 ex
411 3254 485 3280 Num
499 3261 522 3279 et
537 3251 669 3285 Qtantlo,
691 3251 746 3284 fine
762 3250 914 3286 Aliquando
924 3271 931 3283 ‚
948 3254 1014 3285 quod
1027 3259 1107 3277 tumen
1121 3253 1218 3286 diuisum
1226 3252 1318 3288 scribe.

253 3298 281 3313 re
292 3289 455 3323 praestiterit.
546 3289 603 3315 Cic.
618 3288 649 3313 de
662 3286 768 3314 Amicit.
783 3290 816 3320 69
853 3286 945 3313 Existit
957 3293 1044 3313 autem
1059 3287 1109 3314 hoc
1125 3288 1184 3314 loco
1198 3288 1316 3322 quaestio

254 3320 435 3358 subdifficilis,
471 3323 655 3359 Numquando
673 3323 753 3350 amici
773 3322 839 3350 noui
859 3322 934 3356 digni
949 3322 1082 3353 amicitia,
1119 3324 1254 3350 veteribus
1270 3324 1317 3351 sint
1335 3327 1364 3356 85

253 3361 447 3394 anteponendi,
474 3368 501 3388 vt
517 3360 593 3394 equis
611 3360 706 3386 vetulis
721 3366 825 3386 teneros
839 3365 999 3392 anteponere
1013 3358 1136 3385 solemus.
1244 3359 1317 3386 Idem

256 3396 345 3422 Vatiu.
362 3405 384 3428 ¹7
419 3396 603 3431 Numquando
617 3395 666 3422 tibi
682 3404 785 3421 morani
800 3394 934 3428 attulerit,
951 3403 1006 3430 quo
1020 3394 1108 3420 minus
1123 3393 1260 3421 confilium
1277 3396 1317 3422 td-

253 3439 380 3466 vocares,
412 3433 549 3466 legemque
563 3434 662 3464 ferres,
694 3431 767 3465 quod
781 3440 814 3457 00
826 3431 869 3458 die
882 3431 958 3457 scires
972 3430 1003 3457 de
1016 3430 1091 3457 caelo
1105 3431 1153 3456 esl'e
1169 3430 1317 3459 seruatum?

260 3468 332 3492 Vetus
346 3470 474 3502 exemplar
487 3469 549 3503 legit
584 3469 659 3498 Num
674 3466 798 3502 quando,
826 3467 978 3492 disiunflim.
1016 3468 1056 3492 Si.-
1069 3474 1093 3492 et
1105 3466 1172 3493 Phil.
1188 3476 1199 3496 5
1214 3477 1235 3493 c.
1251 3476 1279 3494 11.

293 3510 315 3529 N
327 3508 347 3528 V
358 3510 379 3528 N
390 3508 439 3538 QV
450 3511 459 3530 Ι
470 3510 483 3530 S
497 3524 505 3536 ,
527 3505 569 3529 rel
588 3511 610 3530 N
622 3511 641 3529 V
651 3511 674 3530 Μ
684 3510 734 3543 QV
746 3510 754 3529 1
766 3511 778 3530 s
790 3525 798 3537 ,
834 3502 884 3543 [μῆ
899 3501 982 3537 Surio]
1019 3511 1143 3543 nunquae
1152 3524 1160 3536 ‚
1187 3503 1316 3537 nunquod
1330 3509 1365 3534 90

258 3539 301 3563 vel
315 3539 445 3572 nunquid.

257 3574 342 3599 melius
356 3574 487 3602 disiunxit.

258 3608 312 3635 est?
349 3618 428 3636 nemo
443 3610 493 3639 est3

257 3653 336 3679 quem
351 3647 457 3672 euocari
471 3646 532 3673 hinc
546 3647 586 3673 vis
599 3647 672 3673 foras
696 3647 765 3674 Ter.
781 3647 847 3673 Eun.
864 3655 888 3680 2,
906 3655 928 3680 2,
944 3655 979 3673 52.

258 3681 286 3707 111
304 3681 415 3708 Nolano
430 3682 530 3708 venalis
546 3682 591 3709 titt
634 3683 691 3710 Cic.
713 3684 765 3709 Att.
782 3692 812 3715 ¹3,
827 3690 849 3713 8.

259 3716 347 3743 noster
364 3717 526 3744 Antiochus?
564 3718 636 3745 Idem
660 3718 736 3745 Acad.
751 3729 774 3749 4,
791 3728 831 3750 70.

258 3752 324 3787 quin
339 3761 389 3787 ego
403 3761 531 3788 perpetuo
545 3754 689 3789 perierim?
726 3755 796 3780 Ter.
813 3755 877 3781 Eun.
898 3764 920 3787 ς,
940 3765 965 3788 9,
986 3763 1017 3787 ¹3·

259 3789 299 3815 vis
324 3789 392 3816 Ter.
410 3788 517 3815 Phorm.
532 3800 553 3823 2,
567 3799 576 3821 3
590 3790 629 3823 (4)
649 3797 681 3820 18.
764 3790 906 3825 Numquid
925 3791 982 3818 vis?
1019 3789 1147 3825 Sic-solent
1161 3791 1318 3824 interrogare

258 3823 424 3859 discedentes:
462 3827 659 3859 quemadmodum
666 3826 695 3858 st
706 3827 806 3855 dicunt,
836 3827 938 3853 Nihilne
957 3836 993 3852 me
1012 3826 1078 3851 iubes
1095 3825 1185 3859 facere
1204 3826 1230 3850 in
1250 3832 1318 3851 tuam

255 3861 386 3895 gratt'am?

261 3896 332 3929 quod
347 3905 402 3923 11011
415 3896 530 3928 dixeris,
549 3896 699 3930 reliquom?
737 3904 759 3923 1².
775 3902 877 3924 tantum
890 3898 934 3925 est.
956 3898 1029 3931 Conf.
1043 3897 1124 3924 Plaut.
1137 3897 1196 3923 Aul.
1211 3906 1266 3932 2,·1‚
1281 3907 1315 3928 53.

260 3939 283 3957 et
301 3932 379 3959 Most.
395 3940 420 3965 2,
435 3942 454 3965 1,
468 3941 504 3964 ς7.
527 3931 599 3965 Conf.
616 3932 692 3957 Pam*
704 3933 762 3958 Lex.
778 3942 800 3966 p.
816 3939 862 3963 8¹³-
947 3933 1089 3968 Numquid
1102 3932 1139 3960 cst
1150 3932 1221 3967 quod
1237 3941 1317 3967 opera

263 3976 319 3993 mea
333 3968 409 3995 vobis
423 3976 489 4002 opus
503 3966 548 3993 fit?
586 3973 618 3993 G.
633 3966 699 3993 nihil
727 3968 798 3994 Ter.
815 3968 921 3996 Phorm.
937 3978 959 4002 3,
975 3979 994 4003 ς,
1006 3978 1044 4002 32.
1124 3968 1264 4003 Numquid
1276 3978 1315 3995 er-

261 4011 295 4036 go
314 4003 342 4029 in
362 4004 402 4030 his
424 4003 502 4031 rebus
522 4003 574 4033 est,
618 4002 690 4035 quod
707 4003 859 4038 prouissone
879 4011 923 4031 aut
937 4005 1106 4039 permotione
1125 4005 1220 4031 mentis
1233 4005 1315 4039 magis

263 4046 341 4072 quam
360 4046 450 4066 natura
463 4040 516 4074 ipsa
528 4039 684 4066 sentiamus?
721 4039 776 4065 Cic.
791 4039 821 4065 de
835 4040 926 4066 Diuin.
944 4050 965 4074 2,
979 4051 1004 4076 9.

556 3540 630 3566 Num
645 3540 759 3574 aliquis,
783 3547 827 3574 per
842 3539 1060 3574 interrogationem
1073 3540 1182 3571 dicitur,
1202 3547 1225 3564 et
1241 3539 1317 3573 ipsum

551 3575 625 3602 Num
640 3576 717 3610 quis}
791 3575 859 3601 Ter.
875 3575 940 3601 Eun.
955 3584 977 3607 3,
991 3584 1002 3604 ς
1022 3575 1069 3608 (4)
1094 3584 1099 3600 1
1124 3574 1259 3608 Numquis
1274 3573 1315 3601 1110

532 3612 657 3644 numquis
673 3610 714 3637 1110
729 3620 770 3637 1110
786 3610 921 3645 sequitur?
958 3619 1037 3637 nemo
1051 3609 1135 3636 homo
1149 3610 1194 3636 011.
1232 3611 1318 3637 Num-

1070 3645 1205 3680 Numquis
1220 3646 1316 3672 fundus

941 3717 1083 3753 Numquid
1099 3718 1186 3744 Gnato
1203 3718 1318 3751 dubitas,

1109 3753 1250 3788 Numquid
1269 3763 1317 3780 nos

673 3143 760 3177 Perii,
781 3153 951 3178 nunquamne
966 3145 1046 3171 ctiam
1061 3154 1103 3172 me
1117 3145 1191 3172 illam
1205 3144 1316 3171 vidisse?
1330 3146 1363 3172 80

943 3681 1083 3716 Numquid
1105 3681 1203 3708 horum
1223 3682 1316 3716 probat
1330 3687 1361 3713 93

1102 4041 1177 4069 Num
1191 4048 1258 4076 quae
1272 4049 1314 4069 ro·
1325 4046 1369 4074 [05
1377 4043 1460 4071 Ouid.
1473 4042 1536 4070 Met.
1551 4051 1569 4076 1,
1586 4051 1641 4074 270.

1379 2643 1489 2669 nuntius
1503 2642 1631 2675 venisset,
1650 2648 1675 2669 et
1691 2648 1765 2677 pater
1779 2641 1852 2673 eius,
1869 2646 1916 2665 etc.
1990 2639 2128 2664 Venerunt
2147 2640 2297 2673 optatissimi
2313 2642 2403 2668 nuntii
2417 2647 2454 2669 et.-

1380 2678 1473 2705 literae
1504 2677 1672 2713 Id.,Philjpp.
1689 2688 1728 2712 14,
1745 2679 1780 2704 16.
1853 2674 1982 2701 Vulnerat
2002 2682 2078 2701 aures
2098 2676 2208 2709 grauior
2227 2677 2338 2703 nuntius
2366 2677 2443 2713 Virg-

1379 2716 1445 2741 Aen.
1459 2719 1481 2744 8,
1495 2720 1546 2744 582·
1619 2714 1675 2740 Cic.
1690 2722 1740 2747 pro
1755 2713 1824 2746 Lege
1836 2710 1930 2737 Manil.
1945 2719 1957 2742 7
1989 2711 2013 2736 Is
2027 2710 2074 2744 qui
2093 2719 2148 2737 vno
2163 2711 2222 2744 die,
2243 2718 2297 2739 tota
2312 2712 2383 2744 Afia,
2402 2719 2443 2740 tot

1378 2749 1552 2781 ciuitatibus,
1573 2758 1628 2775 vno
1643 2749 1754 2780 nuntio,
1771 2754 1850 2781 atque
1870 2754 1922 2772 vna
1942 2745 2080 2772 literarum
2093 2746 2284 2780 fignificatione
2304 2748 2376 2775 ciues
2390 2749 2442 2776 Ro·
2458 2761 2472 2770 ν

2110 2783 2208 2810 Nouis
2223 2784 2331 2811 nuntius
2346 2785 2443 2820 Hespe-

1379 2829 1423 2847 rus
1454 2820 1543 2847 Senec.
1559 2819 1671 2854 Hippoi.
1683 2823 1707 2846 ⁶.
1782 2821 1943 2853 Interpretes
1961 2824 1987 2845 et
2000 2818 2090 2845 nuntii
2109 2827 2198 2846 rerum
2217 2821 2304 2847 sensus
2338 2821 2395 2849 Cic.
2408 2820 2442 2849 de

1378 2856 1438 2883 Nat.
1453 2856 1534 2882 Deor.
1548 2865 1570 2888 ε,
1585 2865 1637 2887 140.
1725 2855 1727 2859 ”

1414 2899 1437 2919 Ν
1450 2898 1469 2918 V
1481 2900 1503 2919 N
1516 2898 1537 2918 'r
1552 2898 1561 2917 1
1573 2898 1593 2918 V
1603 2898 1630 2918 Μ
1640 2912 1648 2924 ,
1670 2891 1688 2917 1.
1712 2891 1787 2917 etiam
1811 2900 1837 2918 n.
1859 2899 1966 2925 genere,
1981 2897 2025 2926 pra
2040 2892 2073 2917 Re
2091 2900 2152 2926 quae
2164 2892 2313 2926 nuntiatur,
2330 2893 2393 2927 poni
2403 2892 2443 2919 ait

1379 2927 1452 2956 Seru.
1467 2930 1502 2954 ad
1515 2929 1579 2955 Aen.
1595 2937 1625 2961 11,
1641 2929 1691 2960 896
1717 2928 1754 2954 Vt
1765 2927 1846 2954 etiam
1861 2927 1937 2962 supra
1950 2927 2078 2961 diximus,
2097 2928 2189 2962 inquit,
2210 2928 2320 2954 Nuntius
2333 2928 2379 2959 est,
2394 2928 2443 2964 qui

1955 2963 2064 2998 Respicit
2078 2965 2114 2989 ad
2126 2964 2192 2990 Aen.
2200 2965 2226 2996 6,
2238 2965 2289 2996 456
2315 2964 2380 2991 Saue
2394 2964 2443 2999 qni

1379 3002 1499 3034 nuntiat,
1517 3008 1613 3035 genere
1628 3006 1728 3026 tantum
1744 3000 1844 3026 dicitur
1865 2999 2027 3029 masculin03
2047 2999 2119 3034 quod
2133 3006 2222 3026 autem
2239 2999 2392 3030 nuntiatur.
2412 3000 2464 3030 li-‚.

1380 3043 1420 3064 cet
1434 3042 1528 3063 neutro
1543 3036 1646 3063 dicatur
1665 3035 1735 3070 apud
1750 3036 1904 3067 Catullum,
1923 3041 2010 3062 tamen
2030 3035 2169 3063 inuenitur
2187 3035 2267 3062 etiam
2286 3036 2444 3063 masculino.
2458 3049 2474 3070 ¹,

1379 3075 1471 3108 Nempe
1491 3073 1587 3099 Catull.
1607 3072 1639 3098 de
1652 3072 1704 3099 Att.
1725 3073 1742 3099 s.
1755 3074 1800 3105 62,
1812 3080 1844 3107 75
1879 3071 1970 3098 Roseis
1989 3077 2018 3099 vt
2037 3071 2099 3098 hinc
2120 3072 2205 3107 palam
2224 3070 2327 3099 labellis
2340 3072 2442 3099 sonitus
2462 3096 2464 3098 .

1379 3109 1461 3142 adiit,
1482 3109 1607 3136 Geminas
1626 3108 1739 3135 deorum
1756 3108 1788 3135 ad
1808 3116 1884 3135 aures
1903 3116 1974 3134 noua
1994 3109 2088 3134 nuntia
2107 3108 2241 3134 referens:
2260 3107 2307 3134 vbi
2325 3108 2442 3134 nuntium
2473 3127 2479 3133 .
2498 3106 2499 3111 ¹

1380 3152 1466 3172 netttro
1481 3155 1572 3180 genere
1586 3152 1674 3171 contra
1689 3144 1842 3179 Scaliger-um
1858 3144 1948 3180 probat
1960 3143 1993 3178 Is.
2011 3142 2100 3177 Voffius
2120 3153 2143 3178 p.
2159 3151 2205 3175 173.
2279 3144 2346 3169 Idem
2364 3146 2441 3170 etiam
2463 3146 2465 3150 '

1379 3182 1441 3208 refle
1454 3182 1500 3207 huc
1512 3181 1608 3214 reftrri
1620 3182 1747 3206 contendit
1783 3179 1886 3207 Lucret.
1902 3190 1931 3211 4,
1944 3185 1991 3212 708
2021 3178 2178 3213 Refrigescit
2197 3178 2269 3205 enim
2291 3179 2442 3206 cunctando

1379 3217 1452 3253 plaga
1474 3218 1597 3251 (impetus
1615 3216 1652 3242 rei
1669 3218 1804 3248 odoratae)
1828 3225 1876 3251 per
1892 3224 1982 3242 auras-z
2008 3214 2065 3242 Nec
2084 3214 2166 3241 calida
2187 3214 2218 3241 ad
2232 3215 2335 3241 sensum
2349 3215 2442 3242 decur-

1378 3260 1440 3281 runt
1456 3253 1548 3278 nuntia
1564 3261 1671 3285 rerum,
1692 3252 1709 3278 ι’.
1726 3253 1881 3287 particulae,
1901 3260 1964 3285 quae
1985 3251 2101 3276 indicant
2114 3251 2280 3286 praesentiam
2299 3253 2338 3277 ντί
2354 3253 2442 3278 odora-

1381 3297 1429 3318 tae.
1466 3290 1497 3314 tlt
1505 3288 1613 3323 Jicsane
1625 3288 1702 3323 libri,
1721 3290 1802 3323 credo,
1817 3297 1903 3314 omnes.
1939 3286 2064 3313 Decurrit
2077 3286 2112 3321 est
2123 3297 2139 3312 a
2154 3286 2268 3319 criticis,
2287 3290 2331 3322 qni
2346 3287 2442 3314 nuntia

1379 3335 1431 3352 cum
1449 3324 1522 3360 plaga
1544 3324 1702 3359 coniungunt.
1741 3325 1842 3351 Clarum
1861 3322 1964 3356 denique
1986 3322 2025 3347 ait
2051 3320 2139 3357 Voffius
2159 3323 2289 3350 Varronis
2310 3324 2386 3349 locum
2408 3322 2441 3350 de
2480 3347 2488 3358 .,

1380 3363 1409 3389 L.
1417 3362 1445 3389 L.
1460 3370 1482 3394 5,
1495 3370 1509 3393 9
1524 3369 1547 3394 p.
1562 3362 1598 3394 61,
1610 3369 1636 3392 37
1659 3359 1712 3386 Vbi
1726 3360 1808 3386 11οό111
1824 3359 1851 3385 111
1865 3357 1992 3392 templum
2013 3359 2120 3386 censura
2134 3359 2297 3394 auspicatur,
2316 3364 2394 3393 atque
2406 3358 2440 3386 de
2468 3360 2476 3376 ³

1378 3398 1452 3425 caelo
1471 3396 1593 3423 nuntium
1615 3397 1679 3423 erit:
1704 3395 1827 3430 praeconi
1850 3394 1881 3421 sic
1897 3395 2041 3428 imperato:
2061 3403 2086 3421 et
2103 3395 2142 3421 ait
2159 3404 2211 3421 eum
2229 3402 2318 3421 temere
2334 3395 2439 3422 mutari.
2462 3403 2471 3409 ”
2492 3401 2493 3426 ζ

1380 3436 1451 3461 Certe
1463 3434 1499 3459 ita
1511 3431 1601 3466 edidit,
1621 3442 1668 3457 non
1682 3431 1832 3457 nuntiatum
1841 3453 1849 3465 ‚
1868 3431 1990 3465 Scaliger,
2012 3440 2087 3466 neque
2100 3431 2234 3466 quidquam
2245 3430 2382 3456 varietatis
2396 3439 2439 3456 no-

1378 3470 1453 3497 tauit.
1523 3468 1573 3493 Sed
1596 3468 1677 3494 Plaut.
1697 3468 1805 3493 Mercat.
1828 3477 1856 3499 ς,
1877 3475 1904 3499 2,
1923 3469 1954 3492 66
1990 3467 2059 3502 Opta
2080 3476 2144 3501 ergo
2164 3466 2200 3493 ob
2220 3466 2285 3492 istuc
2302 3466 2440 3501 nuntium,

1378 3505 1442 3540 quid
1456 3504 1496 3531 vis
1509 3501 1575 3537 tibi,
1594 3505 1660 3537 quod
1671 3503 1699 3529 in
1712 3504 1788 3529 MSS.
1804 3502 1930 3529 Palatinis
1948 3502 1994 3537 effe
2008 3504 2046 3529 ait
2060 3505 2170 3536 Pareat,
2186 3502 2269 3529 istunc
2291 3502 2360 3527 dedit
2375 3503 2438 3528 Gro-

1380 3552 1434 3568 nau.
1455 3547 1484 3566 vt
1497 3540 1554 3566 Liu-
1569 3548 1593 3569 4,
1605 3548 1629 3571 4¹
1645 3546 1710 3564 extr.
1732 3538 1831 3565 tristem
1848 3538 1972 3565 nuntium
1986 3539 2072 3568 dedit,
2093 3538 2192 3565 Gelenit‘
2203 3544 2228 3563 et
2240 3537 2345 3563 aliorum
2357 3538 2439 3563 (ηιθυ-

1379 3579 1479 3604 ritatem
1504 3581 1599 3607 erutus,
1618 3581 1662 3609 pro
1675 3575 1777 3608 quidam
1793 3575 1865 3601 triste
1881 3575 2005 3601 nuntium
2023 3576 2121 3601 habent.
2158 3575 2205 3599 Ad
2216 3574 2335 3599 Plautum
2356 3573 2439 3607 igitur

1380 3614 1521 3647 Liuiumque
1533 3619 1579 3636 nvn
1591 3611 1790 3644 prouocauerim:
1810 3613 1840 3636 de
1852 3611 1955 3636 cacteris
1968 3611 2050 3636 dicam
2064 3620 2116 3636 rum
2129 3607 2224 3636 Nonio
2240 3618 2267 3641 3,
2282 3614 2325 3641 148
2359 3609 2437 3636 Nun-

1379 3649 1432 3676 tius
1445 3647 1547 3684 generis
1561 3645 1714 3672 masculini:
1736 3653 1833 3673 neutro
1847 3646 1914 3681 apud
1936 3646 2040 3681 aliquos
2059 3654 2112 3672 non
2130 3651 2248 3677 receptae
2268 3643 2436 3671 auctoritatis

1379 3685 1478 3712 lectum
1498 3683 1549 3717 est,
1566 3681 1609 3707 sed
1627 3681 1730 3709 doctos.
1802 3682 1889 3710 Sedul.
1904 3692 1932 3715 ε,
1946 3690 1977 3716 75
2007 3680 2123 3709 Grandia
2142 3680 2261 3707 sollicitis
2282 3680 2453 3715 perturbant,

1379 3721 1474 3748 nuntia
1493 3718 1579 3746 1116115.
1638 3717 1749 3744 Tibulli
1770 3720 1881 3754 exempla
1903 3719 2032 3754 pertinent
2053 3718 2088 3743 ud
2103 3716 2273 3743 Adt'cz‘iiuum.
2328 3715 2438 3751 Apuleii

1379 3757 1410 3793 est
1430 3754 1573 3784 Adnuntia.

1417 3797 1536 3820 NVNT
1550 3796 1629 3822 ινς,
1650 3799 1679 3823 a,
1700 3799 1754 3817 11111.

1378 3829 1417 3856 1111
1432 3828 1522 3856 nuntia
1537 3824 1617 3852 verba
1631 3827 1693 3852 mei.

2450 3450 2491 3497 ‘³¹3

1791 3789 1851 3816 Adi.
1890 3787 1972 3816 Ouid.
1982 3786 2060 3822 Epist.
2074 3788 2110 3816 16,
2124 3796 2151 3813 10
2178 3787 2266 3813 Vror:
2288 3786 2367 3813 habes
2381 3786 2436 3813 ani-

1767 3825 1875 3852 Tibull.
1890 3834 1911 3858 3,
1926 3835 1951 3857 4,
1962 3833 1977 3855 5
2008 3824 2141 3848 Venturae
2162 3823 2255 3849 numia
2271 3823 2349 3849 sortis
2363 3823 2452 3852 Exta..
2489 3822 2491 3854 ζ

493 3860 565 3886 Idem
580 3861 644 3887 Eun.
659 3871 681 3891 ς,
695 3865 719 3894 6,
735 3870 766 3894 :4
803 3862 943 3896 Numquid
956 3862 991 3889 cst
1006 3860 1076 3888 aliud
1090 3860 1167 3894 mali,
1195 3860 1317 3888 damnine
1325 3869 1372 3888 100
1379 3865 1435 3892 Cic.
1450 3864 1482 3891 de
1493 3862 1584 3897 Legib.
1601 3872 1618 3894 1,
1631 3871 1646 3889 2
1678 3862 1779 3889 Nuntia
1798 3862 1871 3888 fulua
1891 3859 1964 3887 Iouis
1984 3857 2104 3884 miranda
2118 3858 2171 3885 visa
2187 3859 2279 3893 figura.
2306 3860 2337 3884 de
2350 3858 2435 3893 aquila
2451 3862 2454 3864 ’

1695 3897 1802 3925 Tibull.
1812 3907 1834 3931 2,
1851 3907 1868 3929 ι,
1880 3900 1909 3922 26
1931 3893 2027 3921 Viden'
2042 3900 2069 3920 vt
2083 3894 2206 3921 felicibus
2221 3894 2288 3920 extis
2301 3894 2434 3928 Significet

1379 3936 1496 3971 placidos
1510 3934 1603 3961 nuntia
1617 3934 1683 3961 fibra
1697 3933 1769 3961 deos.
1843 3933 1920 3959 Fama
1936 3929 2028 3969 nuntia
2043 3938 2134 3957 rerum
2147 3929 2275 3957 laetarum
2306 3929 2387 3969 Ouid.
2401 3935 2433 3969 ex

1379 3974 1455 4000 Pont.
1469 3982 1499 4004 4,
1517 3980 1546 4003 4,
1566 3978 1598 4000 15.
1673 3970 1737 3996 Veri
1760 3968 1854 3995 nuntia
1866 3967 1936 3994 fama
1967 3966 2041 3999 Vng.
2055 3967 2120 3993 Aen.
2140 3978 2171 3999 4,
2193 3971 2241 3996 188.
2314 3965 2438 3992 Historia·

1377 4008 1473 4035 nuntia
1493 4005 1627 4032 vetustatis
1658 4006 1715 4033 Cic.
1736 4005 1767 4032 de
1783 4005 1856 4032 Orat.
1872 4012 1898 4035 2,
1918 4002 1946 4035 36
1967 4009 1988 4027 c.
2002 4009 2026 4033 9.
2136 4002 2186 4029 Iris
2207 4001 2300 4028 numia
2323 3999 2433 4039 Iunonis

1697 4041 1738 4067 Sic
1751 4050 1781 4074 n,
1798 4046 1839 4073 585
1871 4037 1908 4066 Iri
1922 4045 2012 4072 meae,
2033 4036 2101 4065 dixit
2115 4039 2192 4068 Iuno,
2209 4037 2328 4065 fidissima
2340 4042 2432 4075 111111113

2348 4078 2428 4099 vocis.

1379 3911 1408 3927 ex
1423 3902 1523 3936 quodam
1540 3900 1622 3924 Poeta.
