<?xml version="1.0" encoding="UTF-8"?>
<!DOCTYPE html PUBLIC "-//W3C//DTD XHTML 1.0 Transitional//EN"
    "http://www.w3.org/TR/xhtml1/DTD/xhtml1-transitional.dtd">
<html xmlns="http://www.w3.org/1999/xhtml" xml:lang="en" lang="en">
 <head>
  <title>
</title>
<meta http-equiv="Content-Type" content="text/html;charset=utf-8" />
  <meta name='ocr-system' content='tesseract 3.04.00' />
  <meta name='ocr-capabilities' content='ocr_page ocr_carea ocr_par ocr_line ocrx_word'/>
</head>
<body>
  <div class='ocr_page' id='page_1' title='image "./novuslinguaeeter03gesn_0164.png"; bbox 0 0 2517 4231; ppageno 0'>
   <div class='ocr_carea' id='block_1_1' title="bbox 681 203 913 245">
    <p class='ocr_par' dir='ltr' id='par_1_1' title="bbox 681 203 913 245">
     <span class='ocr_line' id='line_1_1' title="bbox 681 203 913 245; baseline -0.004 0"><span class='ocrx_word' id='word_1_1' title='bbox 681 203 913 245; x_wconf 72' lang='grc' dir='ltr'>ΜΟἘ</span> 
     </span>
    </p>
   </div>
   <div class='ocr_carea' id='block_1_2' title="bbox 261 290 1333 727">
    <p class='ocr_par' dir='ltr' id='par_1_2' title="bbox 264 290 1330 365">
     <span class='ocr_line' id='line_1_2' title="bbox 264 290 1330 329; baseline -0.005 -7"><span class='ocrx_word' id='word_1_2' title='bbox 264 295 320 322; x_wconf 84' lang='lat' dir='ltr'>Cic.</span> <span class='ocrx_word' id='word_1_3' title='bbox 329 303 380 329; x_wconf 88' lang='lat' dir='ltr'>pro</span> <span class='ocrx_word' id='word_1_4' title='bbox 393 294 462 321; x_wconf 79' lang='lat' dir='ltr'>Sext.</span> <span class='ocrx_word' id='word_1_5' title='bbox 476 301 497 319; x_wconf 93' lang='lat' dir='ltr'>c.</span> <span class='ocrx_word' id='word_1_6' title='bbox 507 303 532 327; x_wconf 80' lang='lat'>33</span> <span class='ocrx_word' id='word_1_7' title='bbox 552 294 627 327; x_wconf 79' lang='lat' dir='ltr'>Qiae</span> <span class='ocrx_word' id='word_1_8' title='bbox 642 293 721 320; x_wconf 87' lang='lat' dir='ltr'>etiam</span> <span class='ocrx_word' id='word_1_9' title='bbox 733 294 849 328; x_wconf 82' lang='lat' dir='ltr'>collegae</span> <span class='ocrx_word' id='word_1_10' title='bbox 861 293 918 319; x_wconf 84' lang='lat' dir='ltr'>eius</span> <span class='ocrx_word' id='word_1_11' title='bbox 933 291 1084 319; x_wconf 78' lang='lat' dir='ltr'>moderatio</span> <span class='ocrx_word' id='word_1_12' title='bbox 1096 290 1128 318; x_wconf 89' lang='lat' dir='ltr'>de</span> <span class='ocrx_word' id='word_1_13' title='bbox 1140 299 1200 327; x_wconf 87' lang='lat' dir='ltr'>me,</span> <span class='ocrx_word' id='word_1_14' title='bbox 1220 293 1240 318; x_wconf 80' lang='lat' dir='ltr'>i.</span> <span class='ocrx_word' id='word_1_15' title='bbox 1254 300 1330 326; x_wconf 80' lang='lat' dir='ltr'>quun-</span> 
     </span>
     <span class='ocr_line' id='line_1_3' title="bbox 265 329 1197 365; baseline -0.006 -7"><span class='ocrx_word' id='word_1_16' title='bbox 265 339 316 358; x_wconf 82' lang='lat' dir='ltr'>tum</span> <span class='ocrx_word' id='word_1_17' title='bbox 329 333 364 358; x_wconf 81' lang='lat' dir='ltr'>ad</span> <span class='ocrx_word' id='word_1_18' title='bbox 376 340 412 355; x_wconf 82' lang='lat' dir='ltr'>me</span> <span class='ocrx_word' id='word_1_19' title='bbox 428 330 535 363; x_wconf 73' lang='lat' dir='ltr'>attinet,</span> <span class='ocrx_word' id='word_1_20' title='bbox 556 332 684 356; x_wconf 74' lang='lat' dir='ltr'>moderata</span> <span class='ocrx_word' id='word_1_21' title='bbox 696 332 727 355; x_wconf 74' lang='lat' dir='ltr'>(le</span> <span class='ocrx_word' id='word_1_22' title='bbox 740 339 776 355; x_wconf 84' lang='lat' dir='ltr'>me</span> <span class='ocrx_word' id='word_1_23' title='bbox 784 329 921 365; x_wconf 69' lang='lat' dir='ltr'>sementitl.</span> <span class='ocrx_word' id='word_1_24' title='bbox 1193 352 1197 357; x_wconf 82' lang='grc'>,</span> 
     </span>
    </p>

    <p class='ocr_par' dir='ltr' id='par_1_3' title="bbox 266 363 1331 437">
     <span class='ocr_line' id='line_1_4' title="bbox 301 363 1331 400; baseline -0.002 -8"><span class='ocrx_word' id='word_1_25' title='bbox 301 373 328 400; x_wconf 71' lang='grc' dir='ltr'>Μ</span> <span class='ocrx_word' id='word_1_26' title='bbox 339 372 358 392; x_wconf 96' lang='lat' dir='ltr'>O</span> <span class='ocrx_word' id='word_1_27' title='bbox 370 373 388 392; x_wconf 93' lang='lat' dir='ltr'><strong>D</strong></span> <span class='ocrx_word' id='word_1_28' title='bbox 398 372 413 391; x_wconf 77' lang='lat' dir='ltr'>E</span> <span class='ocrx_word' id='word_1_29' title='bbox 424 372 443 391; x_wconf 83' lang='lat' dir='ltr'>R</span> <span class='ocrx_word' id='word_1_30' title='bbox 453 372 477 392; x_wconf 83' lang='grc' dir='ltr'>Α</span> <span class='ocrx_word' id='word_1_31' title='bbox 488 371 505 392; x_wconf 86' lang='grc' dir='ltr'>Β</span> <span class='ocrx_word' id='word_1_32' title='bbox 518 365 531 392; x_wconf 71' lang='lat' dir='ltr'><strong>f</strong></span> <span class='ocrx_word' id='word_1_33' title='bbox 541 372 557 392; x_wconf 91' lang='lat' dir='ltr'>L</span> <span class='ocrx_word' id='word_1_34' title='bbox 570 373 580 392; x_wconf 90' lang='lat'>1</span> <span class='ocrx_word' id='word_1_35' title='bbox 593 372 621 398; x_wconf 84' lang='lat' dir='ltr'>S,</span> <span class='ocrx_word' id='word_1_36' title='bbox 642 374 664 393; x_wconf 85' lang='lat' dir='ltr'>c.</span> <span class='ocrx_word' id='word_1_37' title='bbox 701 365 760 390; x_wconf 86' lang='lat' dir='ltr'>Adi.</span> <span class='ocrx_word' id='word_1_38' title='bbox 801 365 877 399; x_wconf 73' lang='lat' dir='ltr'>Qud</span> <span class='ocrx_word' id='word_1_39' title='bbox 888 364 943 398; x_wconf 75' lang='lat' dir='ltr'>regi</span> <span class='ocrx_word' id='word_1_40' title='bbox 950 363 979 397; x_wconf 84' lang='lat' dir='ltr'>se</span> <span class='ocrx_word' id='word_1_41' title='bbox 990 363 1088 397; x_wconf 74' lang='lat' dir='ltr'>patitur</span> <span class='ocrx_word' id='word_1_42' title='bbox 1101 363 1183 390; x_wconf 83' lang='lat' dir='ltr'><strong>Ouid.</strong></span> <span class='ocrx_word' id='word_1_43' title='bbox 1198 363 1288 390; x_wconf 85' lang='lat' dir='ltr'>Amor.</span> <span class='ocrx_word' id='word_1_44' title='bbox 1304 372 1331 396; x_wconf 89' lang='lat'>1,</span> 
     </span>
     <span class='ocr_line' id='line_1_5' title="bbox 266 398 1164 437; baseline -0.003 -8"><span class='ocrx_word' id='word_1_45' title='bbox 266 404 291 436; x_wconf 82' lang='lat'>6,</span> <span class='ocrx_word' id='word_1_46' title='bbox 303 406 332 435; x_wconf 76' lang='lat'>59</span> <span class='ocrx_word' id='word_1_47' title='bbox 361 402 425 428; x_wconf 83' lang='lat' dir='ltr'>Nox</span> <span class='ocrx_word' id='word_1_48' title='bbox 441 408 466 428; x_wconf 90' lang='lat' dir='ltr'>et</span> <span class='ocrx_word' id='word_1_49' title='bbox 480 410 573 437; x_wconf 83' lang='lat' dir='ltr'>amor,</span> <span class='ocrx_word' id='word_1_50' title='bbox 593 401 755 433; x_wconf 85' lang='lat' dir='ltr'>vinumque,</span> <span class='ocrx_word' id='word_1_51' title='bbox 784 399 854 425; x_wconf 88' lang='lat' dir='ltr'>nihil</span> <span class='ocrx_word' id='word_1_52' title='bbox 868 398 1034 425; x_wconf 77' lang='lat' dir='ltr'>moderabile</span> <span class='ocrx_word' id='word_1_53' title='bbox 1049 399 1164 426; x_wconf 89' lang='lat' dir='ltr'>suadent.</span> 
     </span>
    </p>

    <p class='ocr_par' dir='ltr' id='par_1_4' title="bbox 261 433 1333 727">
     <span class='ocr_line' id='line_1_6' title="bbox 301 433 1330 470; baseline -0.006 -6"><span class='ocrx_word' id='word_1_54' title='bbox 301 445 328 464; x_wconf 87' lang='lat' dir='ltr'>M</span> <span class='ocrx_word' id='word_1_55' title='bbox 339 444 359 464; x_wconf 94' lang='grc' dir='ltr'>Ο</span> <span class='ocrx_word' id='word_1_56' title='bbox 370 444 389 464; x_wconf 95' lang='lat' dir='ltr'>D</span> <span class='ocrx_word' id='word_1_57' title='bbox 398 444 415 464; x_wconf 88' lang='lat' dir='ltr'>E</span> <span class='ocrx_word' id='word_1_58' title='bbox 426 444 444 464; x_wconf 83' lang='lat' dir='ltr'>R</span> <span class='ocrx_word' id='word_1_59' title='bbox 454 439 478 464; x_wconf 71' lang='grc' dir='ltr'><em>Ᾱ</em></span> <span class='ocrx_word' id='word_1_60' title='bbox 488 445 509 464; x_wconf 92' lang='grc' dir='ltr'><strong>Τ</strong></span> <span class='ocrx_word' id='word_1_61' title='bbox 520 444 539 464; x_wconf 94' lang='grc' dir='ltr'>Ο</span> <span class='ocrx_word' id='word_1_62' title='bbox 551 445 569 463; x_wconf 79' lang='lat' dir='ltr'>R</span> <span class='ocrx_word' id='word_1_63' title='bbox 578 457 586 470; x_wconf 88' lang='lat'>‚</span> <span class='ocrx_word' id='word_1_64' title='bbox 604 437 669 463; x_wconf 67' lang='lat' dir='ltr'>bris,</span> <span class='ocrx_word' id='word_1_65' title='bbox 687 445 722 461; x_wconf 87' lang='grc'>111.</span> <span class='ocrx_word' id='word_1_66' title='bbox 745 435 864 468; x_wconf 50' lang='lat' dir='ltr'>[svau-aliq</span> <span class='ocrx_word' id='word_1_67' title='bbox 872 455 880 468; x_wconf 85' lang='lat'>,</span> <span class='ocrx_word' id='word_1_68' title='bbox 899 433 1054 468; x_wconf 62' lang='grc' dir='ltr'>σωφρονιςῆς,</span> <span class='ocrx_word' id='word_1_69' title='bbox 1077 437 1207 470; x_wconf 48' lang='lat' dir='ltr'>§mm-tm]</span> <span class='ocrx_word' id='word_1_70' title='bbox 1236 435 1330 467; x_wconf 58' lang='lat' dir='ltr'>Refflor,</span> 
     </span>
     <span class='ocr_line' id='line_1_7' title="bbox 261 471 1330 510; baseline -0.003 -9"><span class='ocrx_word' id='word_1_71' title='bbox 261 475 426 510; x_wconf 69' lang='lat' dir='ltr'>gubernator.</span> <span class='ocrx_word' id='word_1_72' title='bbox 500 474 556 500; x_wconf 83' lang='lat' dir='ltr'>Cic.</span> <span class='ocrx_word' id='word_1_73' title='bbox 571 473 602 498; x_wconf 88' lang='lat' dir='ltr'>de</span> <span class='ocrx_word' id='word_1_74' title='bbox 615 472 677 498; x_wconf 84' lang='lat' dir='ltr'>Nat.</span> <span class='ocrx_word' id='word_1_75' title='bbox 691 471 771 496; x_wconf 80' lang='lat' dir='ltr'>Deor.</span> <span class='ocrx_word' id='word_1_76' title='bbox 787 479 808 503; x_wconf 75' lang='lat' dir='ltr'>e,</span> <span class='ocrx_word' id='word_1_77' title='bbox 821 480 856 504; x_wconf 85' lang='lat'>90</span> <span class='ocrx_word' id='word_1_78' title='bbox 878 479 935 502; x_wconf 84' lang='lat' dir='ltr'>c.35</span> <span class='ocrx_word' id='word_1_79' title='bbox 952 478 1017 497; x_wconf 78' lang='lat' dir='ltr'>extr.</span> <span class='ocrx_word' id='word_1_80' title='bbox 1043 471 1132 498; x_wconf 78' lang='lat' dir='ltr'>Postea</span> <span class='ocrx_word' id='word_1_81' title='bbox 1146 481 1230 507; x_wconf 91' lang='lat' dir='ltr'>quum</span> <span class='ocrx_word' id='word_1_82' title='bbox 1250 471 1330 497; x_wconf 88' lang='lat' dir='ltr'>vidis-</span> 
     </span>
     <span class='ocr_line' id='line_1_8' title="bbox 266 505 1331 540; baseline -0.004 -3"><span class='ocrx_word' id='word_1_83' title='bbox 266 511 322 538; x_wconf 85' lang='lat' dir='ltr'>sent</span> <span class='ocrx_word' id='word_1_84' title='bbox 336 516 425 537; x_wconf 89' lang='lat' dir='ltr'>motus</span> <span class='ocrx_word' id='word_1_85' title='bbox 440 510 496 536; x_wconf 83' lang='lat' dir='ltr'>eius</span> <span class='ocrx_word' id='word_1_86' title='bbox 513 509 603 536; x_wconf 71' lang='lat' dir='ltr'>finitos</span> <span class='ocrx_word' id='word_1_87' title='bbox 617 512 641 533; x_wconf 78' lang='lat' dir='ltr'>et</span> <span class='ocrx_word' id='word_1_88' title='bbox 654 505 822 539; x_wconf 77' lang='lat' dir='ltr'>aequabiles,</span> <span class='ocrx_word' id='word_1_89' title='bbox 847 506 992 540; x_wconf 81' lang='lat' dir='ltr'>omniaque</span> <span class='ocrx_word' id='word_1_90' title='bbox 1006 508 1070 533; x_wconf 88' lang='lat' dir='ltr'>ratis</span> <span class='ocrx_word' id='word_1_91' title='bbox 1084 508 1225 534; x_wconf 84' lang='lat' dir='ltr'>ordinibus</span> <span class='ocrx_word' id='word_1_92' title='bbox 1240 508 1331 534; x_wconf 85' lang='lat' dir='ltr'>mode-</span> 
     </span>
     <span class='ocr_line' id='line_1_9' title="bbox 265 541 1332 580; baseline -0.005 -6"><span class='ocrx_word' id='word_1_93' title='bbox 265 553 339 580; x_wconf 86' lang='lat' dir='ltr'>rata,</span> <span class='ocrx_word' id='word_1_94' title='bbox 359 545 575 578; x_wconf 79' lang='lat' dir='ltr'>immutabilique</span> <span class='ocrx_word' id='word_1_95' title='bbox 591 542 751 576; x_wconf 80' lang='lat' dir='ltr'>conflantia,</span> <span class='ocrx_word' id='word_1_96' title='bbox 778 541 930 576; x_wconf 76' lang='lat' dir='ltr'>intelligere</span> <span class='ocrx_word' id='word_1_97' title='bbox 950 543 1031 569; x_wconf 81' lang='lat' dir='ltr'>inesse</span> <span class='ocrx_word' id='word_1_98' title='bbox 1046 543 1162 578; x_wconf 80' lang='lat' dir='ltr'>aliquem</span> <span class='ocrx_word' id='word_1_99' title='bbox 1177 553 1231 570; x_wconf 92' lang='lat' dir='ltr'>non</span> <span class='ocrx_word' id='word_1_100' title='bbox 1245 544 1332 570; x_wconf 87' lang='lat' dir='ltr'>solum</span> 
     </span>
     <span class='ocr_line' id='line_1_10' title="bbox 265 577 1333 614; baseline -0.005 -4"><span class='ocrx_word' id='word_1_101' title='bbox 265 582 445 611; x_wconf 76' lang='lat' dir='ltr'>habitatorem</span> <span class='ocrx_word' id='word_1_102' title='bbox 461 582 488 607; x_wconf 91' lang='lat' dir='ltr'>in</span> <span class='ocrx_word' id='word_1_103' title='bbox 503 580 550 606; x_wconf 91' lang='lat' dir='ltr'>hac</span> <span class='ocrx_word' id='word_1_104' title='bbox 569 577 672 604; x_wconf 83' lang='lat' dir='ltr'>caelesti</span> <span class='ocrx_word' id='word_1_105' title='bbox 691 586 719 603; x_wconf 90' lang='lat' dir='ltr'>ac</span> <span class='ocrx_word' id='word_1_106' title='bbox 739 577 832 604; x_wconf 88' lang='lat' dir='ltr'>diuina</span> <span class='ocrx_word' id='word_1_107' title='bbox 860 578 957 614; x_wconf 86' lang='lat' dir='ltr'>domo,</span> <span class='ocrx_word' id='word_1_108' title='bbox 991 579 1034 606; x_wconf 87' lang='lat' dir='ltr'>sed</span> <span class='ocrx_word' id='word_1_109' title='bbox 1054 580 1132 606; x_wconf 86' lang='lat' dir='ltr'>etiam</span> <span class='ocrx_word' id='word_1_110' title='bbox 1152 579 1286 606; x_wconf 63' lang='lat' dir='ltr'>reeiorcm</span> <span class='ocrx_word' id='word_1_111' title='bbox 1306 585 1333 605; x_wconf 88' lang='lat' dir='ltr'>et</span> 
     </span>
     <span class='ocr_line' id='line_1_11' title="bbox 266 613 1331 650; baseline -0.005 -4"><span class='ocrx_word' id='word_1_112' title='bbox 266 619 480 650; x_wconf 73' lang='lat' dir='ltr'>moderatorem,</span> <span class='ocrx_word' id='word_1_113' title='bbox 500 622 524 641; x_wconf 86' lang='lat' dir='ltr'>et</span> <span class='ocrx_word' id='word_1_114' title='bbox 537 621 661 648; x_wconf 84' lang='lat' dir='ltr'>tanquam</span> <span class='ocrx_word' id='word_1_115' title='bbox 675 613 849 641; x_wconf 67' lang='lat' dir='ltr'>architeeium</span> <span class='ocrx_word' id='word_1_116' title='bbox 863 614 930 641; x_wconf 89' lang='lat' dir='ltr'>tanti</span> <span class='ocrx_word' id='word_1_117' title='bbox 946 616 1052 649; x_wconf 87' lang='lat' dir='ltr'>operis,</span> <span class='ocrx_word' id='word_1_118' title='bbox 1073 615 1194 649; x_wconf 89' lang='lat' dir='ltr'>tantique</span> <span class='ocrx_word' id='word_1_119' title='bbox 1203 616 1331 643; x_wconf 88' lang='lat' dir='ltr'>muneris.</span> 
     </span>
     <span class='ocr_line' id='line_1_12' title="bbox 266 650 1331 688; baseline -0.005 -6"><span class='ocrx_word' id='word_1_120' title='bbox 266 657 300 682; x_wconf 83' lang='lat' dir='ltr'>Et</span> <span class='ocrx_word' id='word_1_121' title='bbox 311 656 383 682; x_wconf 89' lang='lat' dir='ltr'>Fam.</span> <span class='ocrx_word' id='word_1_122' title='bbox 398 663 425 688; x_wconf 84' lang='lat'>2,</span> <span class='ocrx_word' id='word_1_123' title='bbox 443 662 455 682; x_wconf 85' lang='lat'><em>5</em></span> <span class='ocrx_word' id='word_1_124' title='bbox 482 652 541 677; x_wconf 89' lang='lat' dir='ltr'>Dux</span> <span class='ocrx_word' id='word_1_125' title='bbox 556 650 634 676; x_wconf 89' lang='lat' dir='ltr'>nobis</span> <span class='ocrx_word' id='word_1_126' title='bbox 648 655 674 676; x_wconf 87' lang='lat' dir='ltr'>et</span> <span class='ocrx_word' id='word_1_127' title='bbox 688 650 783 676; x_wconf 70' lang='grc'>3116101·</span> <span class='ocrx_word' id='word_1_128' title='bbox 797 659 863 684; x_wconf 88' lang='lat' dir='ltr'>opus</span> <span class='ocrx_word' id='word_1_129' title='bbox 876 650 928 684; x_wconf 89' lang='lat' dir='ltr'>est,</span> <span class='ocrx_word' id='word_1_130' title='bbox 949 657 1077 677; x_wconf 86' lang='lat' dir='ltr'>eteorum</span> <span class='ocrx_word' id='word_1_131' title='bbox 1092 658 1244 684; x_wconf 79' lang='lat' dir='ltr'>ventorum,</span> <span class='ocrx_word' id='word_1_132' title='bbox 1263 660 1331 685; x_wconf 89' lang='lat' dir='ltr'>quos</span> 
     </span>
     <span class='ocr_line' id='line_1_13' title="bbox 266 685 1333 727; baseline -0.003 -10"><span class='ocrx_word' id='word_1_133' title='bbox 266 690 409 727; x_wconf 83' lang='lat' dir='ltr'>proposui,</span> <span class='ocrx_word' id='word_1_134' title='bbox 427 685 701 726; x_wconf 60' lang='lat' dir='ltr'>moderatorquidam</span> <span class='ocrx_word' id='word_1_135' title='bbox 718 692 743 712; x_wconf 86' lang='lat' dir='ltr'>et</span> <span class='ocrx_word' id='word_1_136' title='bbox 755 686 928 721; x_wconf 85' lang='lat' dir='ltr'>gubernator.</span> <span class='ocrx_word' id='word_1_137' title='bbox 1004 687 1093 712; x_wconf 79' lang='lat' dir='ltr'>Arati-i</span> <span class='ocrx_word' id='word_1_138' title='bbox 1122 687 1203 714; x_wconf 87' lang='lat' dir='ltr'>Ouid.</span> <span class='ocrx_word' id='word_1_139' title='bbox 1212 696 1243 714; x_wconf 81' lang='lat' dir='ltr'>ex</span> <span class='ocrx_word' id='word_1_140' title='bbox 1258 688 1333 714; x_wconf 82' lang='lat' dir='ltr'>Pont.</span> 
     </span>
    </p>
   </div>
   <div class='ocr_carea' id='block_1_3' title="bbox 265 220 318 257">
    <p class='ocr_par' dir='ltr' id='par_1_5' title="bbox 265 220 318 257">
     <span class='ocr_line' id='line_1_14' title="bbox 265 220 318 257; baseline 0 -11"><span class='ocrx_word' id='word_1_141' title='bbox 265 220 318 257; x_wconf 78' lang='lat'>311</span> 
     </span>
    </p>
   </div>
   <div class='ocr_carea' id='block_1_4' title="bbox 1354 627 1383 646">
    <p class='ocr_par' dir='ltr' id='par_1_6' title="bbox 1354 627 1383 646">
     <span class='ocr_line' id='line_1_15' title="bbox 1354 627 1383 646; baseline -0.034 0"><span class='ocrx_word' id='word_1_142' title='bbox 1354 627 1383 646; x_wconf 85' lang='lat'>10</span> 
     </span>
    </p>
   </div>
   <div class='ocr_carea' id='block_1_5' title="bbox 265 722 1378 833">
    <p class='ocr_par' dir='ltr' id='par_1_7' title="bbox 265 722 1378 833">
     <span class='ocr_line' id='line_1_16' title="bbox 266 722 1331 761; baseline 0 -11"><span class='ocrx_word' id='word_1_143' title='bbox 266 738 293 760; x_wconf 64' lang='grc' dir='ltr'>ι,</span> <span class='ocrx_word' id='word_1_144' title='bbox 319 736 352 761; x_wconf 76' lang='grc'>9,</span> <span class='ocrx_word' id='word_1_145' title='bbox 379 734 413 757; x_wconf 82' lang='lat'>57.</span> <span class='ocrx_word' id='word_1_146' title='bbox 487 722 536 749; x_wconf 90' lang='lat' dir='ltr'>Tu</span> <span class='ocrx_word' id='word_1_147' title='bbox 551 731 604 748; x_wconf 78' lang='lat' dir='ltr'>eris</span> <span class='ocrx_word' id='word_1_148' title='bbox 623 722 745 749; x_wconf 89' lang='lat' dir='ltr'>omnium</span> <span class='ocrx_word' id='word_1_149' title='bbox 759 723 912 749; x_wconf 77' lang='lat' dir='ltr'>moderator</span> <span class='ocrx_word' id='word_1_150' title='bbox 930 722 1114 749; x_wconf 79' lang='lat' dir='ltr'>Consiliorum</span> <span class='ocrx_word' id='word_1_151' title='bbox 1130 733 1253 750; x_wconf 81' lang='lat' dir='ltr'>meorum</span> <span class='ocrx_word' id='word_1_152' title='bbox 1273 723 1331 750; x_wconf 86' lang='lat' dir='ltr'>Cic.</span> 
     </span>
     <span class='ocr_line' id='line_1_17' title="bbox 265 758 1333 794; baseline -0.005 -4"><span class='ocrx_word' id='word_1_153' title='bbox 265 764 339 791; x_wconf 86' lang='lat' dir='ltr'>Fam.</span> <span class='ocrx_word' id='word_1_154' title='bbox 354 771 374 794; x_wconf 85' lang='lat' dir='ltr'>i,</span> <span class='ocrx_word' id='word_1_155' title='bbox 386 769 410 793; x_wconf 87' lang='lat'>9.</span> <span class='ocrx_word' id='word_1_156' title='bbox 482 760 609 785; x_wconf 83' lang='lat' dir='ltr'>quentae</span> <span class='ocrx_word' id='word_1_157' title='bbox 622 758 792 792; x_wconf 76' lang='lat' dir='ltr'>moderator,</span> <span class='ocrx_word' id='word_1_158' title='bbox 813 760 960 793; x_wconf 65' lang='lat' dir='ltr'>Praeceptor</span> <span class='ocrx_word' id='word_1_159' title='bbox 971 766 994 783; x_wconf 79' lang='lat' dir='ltr'>et</span> <span class='ocrx_word' id='word_1_160' title='bbox 1004 762 1161 794; x_wconf 72' lang='lat' dir='ltr'>paedagogus</span> <span class='ocrx_word' id='word_1_161' title='bbox 1184 759 1333 792; x_wconf 85' lang='lat' dir='ltr'>Martial.2‚</span> 
     </span>
     <span class='ocr_line' id='line_1_18' title="bbox 266 793 1378 833; baseline -0.004 -7"><span class='ocrx_word' id='word_1_162' title='bbox 266 809 309 833; x_wconf 89' lang='lat'>90.</span> <span class='ocrx_word' id='word_1_163' title='bbox 367 794 449 823; x_wconf 89' lang='lat' dir='ltr'>Orbis</span> <span class='ocrx_word' id='word_1_164' title='bbox 474 794 557 822; x_wconf 87' lang='lat' dir='ltr'>Ouid.</span> <span class='ocrx_word' id='word_1_165' title='bbox 571 803 604 822; x_wconf 81' lang='lat' dir='ltr'>ex</span> <span class='ocrx_word' id='word_1_166' title='bbox 619 795 695 822; x_wconf 89' lang='lat' dir='ltr'>Pont.</span> <span class='ocrx_word' id='word_1_167' title='bbox 709 804 731 830; x_wconf 74' lang='lat'>2,</span> <span class='ocrx_word' id='word_1_168' title='bbox 745 805 767 827; x_wconf 84' lang='lat'>5,</span> <span class='ocrx_word' id='word_1_169' title='bbox 782 803 817 827; x_wconf 70' lang='grc' dir='ltr'>ῖς.</span> <span class='ocrx_word' id='word_1_170' title='bbox 874 794 918 821; x_wconf 90' lang='lat' dir='ltr'>Sol</span> <span class='ocrx_word' id='word_1_171' title='bbox 935 793 1089 821; x_wconf 79' lang='lat' dir='ltr'>moderator</span> <span class='ocrx_word' id='word_1_172' title='bbox 1102 795 1138 822; x_wconf 88' lang='lat' dir='ltr'>est</span> <span class='ocrx_word' id='word_1_173' title='bbox 1153 801 1178 823; x_wconf 88' lang='lat' dir='ltr'>et</span> <span class='ocrx_word' id='word_1_174' title='bbox 1191 795 1335 822; x_wconf 82' lang='lat' dir='ltr'>duxTem.</span> <span class='ocrx_word' id='word_1_175' title='bbox 1352 807 1378 833; x_wconf 79' lang='lat'>¹5</span> 
     </span>
    </p>
   </div>
   <div class='ocr_carea' id='block_1_6' title="bbox 262 831 1396 3384">
    <p class='ocr_par' dir='ltr' id='par_1_8' title="bbox 265 831 665 870">
     <span class='ocr_line' id='line_1_19' title="bbox 265 831 665 870; baseline -0.008 -9"><span class='ocrx_word' id='word_1_176' title='bbox 265 842 361 870; x_wconf 88' lang='lat' dir='ltr'>porum</span> <span class='ocrx_word' id='word_1_177' title='bbox 396 831 454 858; x_wconf 86' lang='lat' dir='ltr'>Cic.</span> <span class='ocrx_word' id='word_1_178' title='bbox 468 831 551 858; x_wconf 86' lang='lat' dir='ltr'>Tusc.</span> <span class='ocrx_word' id='word_1_179' title='bbox 568 840 575 857; x_wconf 90' lang='lat'>1</span> <span class='ocrx_word' id='word_1_180' title='bbox 598 837 665 860; x_wconf 85' lang='lat' dir='ltr'>c.28.</span> 
     </span>
    </p>

    <p class='ocr_par' dir='ltr' id='par_1_9' title="bbox 263 865 1337 1152">
     <span class='ocr_line' id='line_1_20' title="bbox 301 865 1334 901; baseline -0.001 -6"><span class='ocrx_word' id='word_1_181' title='bbox 301 877 325 895; x_wconf 85' lang='lat' dir='ltr'>M</span> <span class='ocrx_word' id='word_1_182' title='bbox 337 875 357 895; x_wconf 94' lang='lat' dir='ltr'>o</span> <span class='ocrx_word' id='word_1_183' title='bbox 368 874 387 894; x_wconf 87' lang='lat' dir='ltr'>D</span> <span class='ocrx_word' id='word_1_184' title='bbox 396 874 411 893; x_wconf 65' lang='lat' dir='ltr'>r</span> <span class='ocrx_word' id='word_1_185' title='bbox 422 874 443 894; x_wconf 84' lang='lat' dir='ltr'>R</span> <span class='ocrx_word' id='word_1_186' title='bbox 452 868 476 894; x_wconf 70' lang='grc' dir='ltr'>,Αἰ</span> <span class='ocrx_word' id='word_1_187' title='bbox 484 873 505 893; x_wconf 78' lang='grc' dir='ltr'><strong>Τ</strong></span> <span class='ocrx_word' id='word_1_188' title='bbox 514 873 534 893; x_wconf 87' lang='lat' dir='ltr'>R</span> <span class='ocrx_word' id='word_1_189' title='bbox 543 873 553 892; x_wconf 92' lang='lat'>1</span> <span class='ocrx_word' id='word_1_190' title='bbox 565 873 601 900; x_wconf 84' lang='lat' dir='ltr'>x,</span> <span class='ocrx_word' id='word_1_191' title='bbox 618 867 674 893; x_wconf 75' lang='lat' dir='ltr'>itis.</span> <span class='ocrx_word' id='word_1_192' title='bbox 691 866 710 894; x_wconf 85' lang='lat' dir='ltr'>f.</span> <span class='ocrx_word' id='word_1_193' title='bbox 732 865 891 901; x_wconf 65' lang='grc' dir='ltr'>[ἰυᾶύῆςικ]</span> <span class='ocrx_word' id='word_1_194' title='bbox 930 865 1112 899; x_wconf 61' lang='lat' dir='ltr'>cabernam-ix,</span> <span class='ocrx_word' id='word_1_195' title='bbox 1131 867 1238 894; x_wconf 62' lang='lat' dir='ltr'>rem-ix.</span> <span class='ocrx_word' id='word_1_196' title='bbox 1276 867 1334 895; x_wconf 85' lang='lat' dir='ltr'>Cic.</span> 
     </span>
     <span class='ocr_line' id='line_1_21' title="bbox 264 900 1334 942; baseline -0.003 -10"><span class='ocrx_word' id='word_1_197' title='bbox 264 914 315 942; x_wconf 90' lang='lat' dir='ltr'>pro</span> <span class='ocrx_word' id='word_1_198' title='bbox 329 905 398 933; x_wconf 80' lang='lat' dir='ltr'>Flac.</span> <span class='ocrx_word' id='word_1_199' title='bbox 416 913 445 936; x_wconf 87' lang='lat'>57</span> <span class='ocrx_word' id='word_1_200' title='bbox 478 904 570 936; x_wconf 83' lang='lat' dir='ltr'>ann</span> <span class='ocrx_word' id='word_1_201' title='bbox 589 902 735 937; x_wconf 79' lang='lat' dir='ltr'>speculatur</span> <span class='ocrx_word' id='word_1_202' title='bbox 756 908 833 936; x_wconf 85' lang='lat' dir='ltr'>atque</span> <span class='ocrx_word' id='word_1_203' title='bbox 852 900 953 928; x_wconf 85' lang='lat' dir='ltr'>obsidet</span> <span class='ocrx_word' id='word_1_204' title='bbox 974 901 1083 933; x_wconf 72' lang='lat' dir='ltr'>Rostra,</span> <span class='ocrx_word' id='word_1_205' title='bbox 1110 902 1210 930; x_wconf 82' lang='lat' dir='ltr'>vindex</span> <span class='ocrx_word' id='word_1_206' title='bbox 1224 903 1334 929; x_wconf 82' lang='lat' dir='ltr'>temeri-</span> 
     </span>
     <span class='ocr_line' id='line_1_22' title="bbox 265 937 1334 972; baseline -0.004 -4"><span class='ocrx_word' id='word_1_207' title='bbox 265 941 325 969; x_wconf 82' lang='lat' dir='ltr'>tatis</span> <span class='ocrx_word' id='word_1_208' title='bbox 339 946 366 966; x_wconf 88' lang='lat' dir='ltr'>et</span> <span class='ocrx_word' id='word_1_209' title='bbox 383 938 547 966; x_wconf 78' lang='lat' dir='ltr'>moderatrix</span> <span class='ocrx_word' id='word_1_210' title='bbox 560 938 643 965; x_wconf 87' lang='lat' dir='ltr'>officii</span> <span class='ocrx_word' id='word_1_211' title='bbox 664 939 755 966; x_wconf 79' lang='lat' dir='ltr'>Curia.</span> <span class='ocrx_word' id='word_1_212' title='bbox 829 937 902 964; x_wconf 81' lang='lat' dir='ltr'>Idem</span> <span class='ocrx_word' id='word_1_213' title='bbox 923 937 955 963; x_wconf 84' lang='lat' dir='ltr'>de</span> <span class='ocrx_word' id='word_1_214' title='bbox 976 937 1039 964; x_wconf 79' lang='lat' dir='ltr'>Nat.</span> <span class='ocrx_word' id='word_1_215' title='bbox 1060 938 1142 965; x_wconf 86' lang='lat' dir='ltr'>Deor.</span> <span class='ocrx_word' id='word_1_216' title='bbox 1161 947 1187 971; x_wconf 83' lang='lat'>3,</span> <span class='ocrx_word' id='word_1_217' title='bbox 1207 947 1237 972; x_wconf 86' lang='lat'>92</span> <span class='ocrx_word' id='word_1_218' title='bbox 1270 938 1334 965; x_wconf 81' lang='lat' dir='ltr'>Eius</span> 
     </span>
     <span class='ocr_line' id='line_1_23' title="bbox 263 973 1334 1008; baseline -0.005 -3"><span class='ocrx_word' id='word_1_219' title='bbox 263 984 353 1005; x_wconf 81' lang='lat' dir='ltr'>autem</span> <span class='ocrx_word' id='word_1_220' title='bbox 369 976 507 1003; x_wconf 88' lang='lat' dir='ltr'>vniuersae</span> <span class='ocrx_word' id='word_1_221' title='bbox 521 975 651 1001; x_wconf 61' lang='lat' dir='ltr'>fictricem</span> <span class='ocrx_word' id='word_1_222' title='bbox 664 981 690 1001; x_wconf 86' lang='lat' dir='ltr'>et</span> <span class='ocrx_word' id='word_1_223' title='bbox 703 973 910 1000; x_wconf 81' lang='lat' dir='ltr'>moderatricem</span> <span class='ocrx_word' id='word_1_224' title='bbox 922 973 1044 1000; x_wconf 86' lang='lat' dir='ltr'>diuinam</span> <span class='ocrx_word' id='word_1_225' title='bbox 1059 974 1107 1000; x_wconf 77' lang='lat' dir='ltr'>effe</span> <span class='ocrx_word' id='word_1_226' title='bbox 1123 974 1334 1008; x_wconf 87' lang='lat' dir='ltr'>prouidentiam.</span> 
     </span>
     <span class='ocr_line' id='line_1_24' title="bbox 263 1009 1334 1048; baseline -0.003 -8"><span class='ocrx_word' id='word_1_227' title='bbox 263 1012 460 1048; x_wconf 78' lang='lat' dir='ltr'>Temperantia</span> <span class='ocrx_word' id='word_1_228' title='bbox 468 1011 503 1038; x_wconf 87' lang='lat' dir='ltr'>est</span> <span class='ocrx_word' id='word_1_229' title='bbox 518 1010 681 1037; x_wconf 77' lang='lat' dir='ltr'>moderatrix</span> <span class='ocrx_word' id='word_1_230' title='bbox 688 1009 810 1037; x_wconf 88' lang='lat' dir='ltr'>omnium</span> <span class='ocrx_word' id='word_1_231' title='bbox 826 1009 1052 1037; x_wconf 74' lang='lat' dir='ltr'>commotionum</span> <span class='ocrx_word' id='word_1_232' title='bbox 1071 1010 1129 1036; x_wconf 86' lang='lat' dir='ltr'>Cic.</span> <span class='ocrx_word' id='word_1_233' title='bbox 1142 1011 1246 1042; x_wconf 85' lang='lat' dir='ltr'>Tusc.5</span> <span class='ocrx_word' id='word_1_234' title='bbox 1268 1020 1334 1043; x_wconf 59' lang='grc'>014.</span> 
     </span>
     <span class='ocr_line' id='line_1_25' title="bbox 263 1044 1337 1081; baseline -0.003 -5"><span class='ocrx_word' id='word_1_235' title='bbox 263 1049 348 1079; x_wconf 81' lang='lat' dir='ltr'>Iudex</span> <span class='ocrx_word' id='word_1_236' title='bbox 366 1056 393 1075; x_wconf 87' lang='lat' dir='ltr'>et</span> <span class='ocrx_word' id='word_1_237' title='bbox 412 1047 576 1074; x_wconf 77' lang='lat' dir='ltr'>moderatrix</span> <span class='ocrx_word' id='word_1_238' title='bbox 590 1047 664 1081; x_wconf 83' lang='lat' dir='ltr'>Resp.</span> <span class='ocrx_word' id='word_1_239' title='bbox 685 1047 741 1073; x_wconf 85' lang='lat' dir='ltr'>Cic.</span> <span class='ocrx_word' id='word_1_240' title='bbox 762 1044 858 1080; x_wconf 82' lang='lat' dir='ltr'>Philip.</span> <span class='ocrx_word' id='word_1_241' title='bbox 871 1055 894 1079; x_wconf 87' lang='lat'>5,</span> <span class='ocrx_word' id='word_1_242' title='bbox 913 1055 945 1076; x_wconf 89' lang='lat'>50</span> <span class='ocrx_word' id='word_1_243' title='bbox 965 1055 987 1072; x_wconf 91' lang='lat' dir='ltr'>c.</span> <span class='ocrx_word' id='word_1_244' title='bbox 1003 1052 1036 1075; x_wconf 85' lang='lat'>18.</span> <span class='ocrx_word' id='word_1_245' title='bbox 1108 1046 1206 1073; x_wconf 59' lang='lat' dir='ltr'>Nouis</span> <span class='ocrx_word' id='word_1_246' title='bbox 1226 1055 1337 1073; x_wconf 85' lang='lat' dir='ltr'>arcanae</span> 
     </span>
     <span class='ocr_line' id='line_1_26' title="bbox 264 1082 1337 1118; baseline -0.004 -5"><span class='ocrx_word' id='word_1_247' title='bbox 264 1084 431 1114; x_wconf 81' lang='lat' dir='ltr'>moderatrix</span> <span class='ocrx_word' id='word_1_248' title='bbox 446 1083 563 1116; x_wconf 88' lang='lat' dir='ltr'>Cynthia</span> <span class='ocrx_word' id='word_1_249' title='bbox 596 1082 657 1110; x_wconf 84' lang='lat' dir='ltr'>Stat.</span> <span class='ocrx_word' id='word_1_250' title='bbox 671 1082 763 1110; x_wconf 84' lang='lat' dir='ltr'>Theb.</span> <span class='ocrx_word' id='word_1_251' title='bbox 781 1091 825 1113; x_wconf 87' lang='lat'>10,</span> <span class='ocrx_word' id='word_1_252' title='bbox 844 1091 896 1115; x_wconf 82' lang='lat'>359.</span> <span class='ocrx_word' id='word_1_253' title='bbox 967 1082 1070 1109; x_wconf 83' lang='lat' dir='ltr'>Rerum</span> <span class='ocrx_word' id='word_1_254' title='bbox 1090 1082 1255 1109; x_wconf 81' lang='lat' dir='ltr'>moderatrix</span> <span class='ocrx_word' id='word_1_255' title='bbox 1270 1083 1337 1118; x_wconf 86' lang='lat' dir='ltr'>sapi-</span> 
     </span>
     <span class='ocr_line' id='line_1_27' title="bbox 264 1119 666 1152; baseline -0.012 -3"><span class='ocrx_word' id='word_1_256' title='bbox 264 1121 337 1149; x_wconf 74' lang='lat' dir='ltr'>entia</span> <span class='ocrx_word' id='word_1_257' title='bbox 362 1120 420 1147; x_wconf 88' lang='lat' dir='ltr'>Cic.</span> <span class='ocrx_word' id='word_1_258' title='bbox 435 1119 466 1146; x_wconf 90' lang='lat' dir='ltr'>de</span> <span class='ocrx_word' id='word_1_259' title='bbox 481 1121 585 1146; x_wconf 86' lang='lat' dir='ltr'>Inuent.</span> <span class='ocrx_word' id='word_1_260' title='bbox 602 1129 625 1152; x_wconf 89' lang='lat'>1,</span> <span class='ocrx_word' id='word_1_261' title='bbox 644 1128 666 1150; x_wconf 87' lang='lat'>5.</span> 
     </span>
    </p>

    <p class='ocr_par' dir='ltr' id='par_1_10' title="bbox 262 1153 1337 1438">
     <span class='ocr_line' id='line_1_28' title="bbox 303 1153 1333 1189; baseline -0.003 -4"><span class='ocrx_word' id='word_1_262' title='bbox 303 1164 330 1185; x_wconf 90' lang='grc' dir='ltr'><strong><em>Μ</em></strong></span> <span class='ocrx_word' id='word_1_263' title='bbox 342 1163 362 1184; x_wconf 90' lang='lat'><em>0</em></span> <span class='ocrx_word' id='word_1_264' title='bbox 373 1163 392 1183; x_wconf 91' lang='lat' dir='ltr'>D</span> <span class='ocrx_word' id='word_1_265' title='bbox 402 1162 418 1182; x_wconf 83' lang='lat' dir='ltr'>E</span> <span class='ocrx_word' id='word_1_266' title='bbox 427 1162 447 1182; x_wconf 88' lang='lat' dir='ltr'>R</span> <span class='ocrx_word' id='word_1_267' title='bbox 455 1157 477 1182; x_wconf 76' lang='lat' dir='ltr'>A&#39;</span> <span class='ocrx_word' id='word_1_268' title='bbox 486 1162 510 1181; x_wconf 85' lang='lat' dir='ltr'>M</span> <span class='ocrx_word' id='word_1_269' title='bbox 523 1162 538 1181; x_wconf 75' lang='grc' dir='ltr'>Ε</span> <span class='ocrx_word' id='word_1_270' title='bbox 548 1162 569 1181; x_wconf 79' lang='grc' dir='ltr'><strong>Ν</strong></span> <span class='ocrx_word' id='word_1_271' title='bbox 579 1176 587 1188; x_wconf 90' lang='grc'>,</span> <span class='ocrx_word' id='word_1_272' title='bbox 607 1155 668 1181; x_wconf 76' lang='lat' dir='ltr'>i&#39;niS.</span> <span class='ocrx_word' id='word_1_273' title='bbox 689 1163 715 1181; x_wconf 90' lang='lat' dir='ltr'>n.</span> <span class='ocrx_word' id='word_1_274' title='bbox 737 1153 891 1189; x_wconf 63' lang='grc' dir='ltr'>[ἧνιόχησιε]</span> <span class='ocrx_word' id='word_1_275' title='bbox 913 1155 1054 1188; x_wconf 70' lang='lat' dir='ltr'>Idemquod</span> <span class='ocrx_word' id='word_1_276' title='bbox 1061 1155 1211 1183; x_wconf 73' lang='lat' dir='ltr'>Moderatio.</span> <span class='ocrx_word' id='word_1_277' title='bbox 1249 1155 1333 1182; x_wconf 85' lang='lat' dir='ltr'>Ouid.</span> 
     </span>
     <span class='ocr_line' id='line_1_29' title="bbox 262 1189 1337 1231; baseline -0.005 -9"><span class='ocrx_word' id='word_1_278' title='bbox 262 1194 331 1222; x_wconf 85' lang='lat' dir='ltr'>Met.</span> <span class='ocrx_word' id='word_1_279' title='bbox 346 1201 371 1231; x_wconf 70' lang='lat'>3,</span> <span class='ocrx_word' id='word_1_280' title='bbox 385 1194 432 1225; x_wconf 76' lang='lat'>644</span> <span class='ocrx_word' id='word_1_281' title='bbox 460 1191 590 1226; x_wconf 89' lang='lat' dir='ltr'>Obstupui</span> <span class='ocrx_word' id='word_1_282' title='bbox 603 1202 608 1217; x_wconf 91' lang='lat'>:</span> <span class='ocrx_word' id='word_1_283' title='bbox 634 1191 772 1226; x_wconf 84' lang='lat' dir='ltr'>capiatque</span> <span class='ocrx_word' id='word_1_284' title='bbox 788 1189 886 1225; x_wconf 84' lang='lat' dir='ltr'>aliquis</span> <span class='ocrx_word' id='word_1_285' title='bbox 901 1189 1087 1216; x_wconf 79' lang='lat' dir='ltr'>moderamina</span> <span class='ocrx_word' id='word_1_286' title='bbox 1099 1189 1167 1217; x_wconf 80' lang='lat' dir='ltr'>dixi.</span> <span class='ocrx_word' id='word_1_287' title='bbox 1211 1191 1337 1227; x_wconf 72' lang='lat' dir='ltr'>Intelligit</span> 
     </span>
     <span class='ocr_line' id='line_1_30' title="bbox 265 1226 1336 1263; baseline -0.003 -6"><span class='ocrx_word' id='word_1_288' title='bbox 265 1229 441 1257; x_wconf 86' lang='lat' dir='ltr'>Moderamen</span> <span class='ocrx_word' id='word_1_289' title='bbox 456 1227 548 1261; x_wconf 87' lang='lat' dir='ltr'>nauis,</span> <span class='ocrx_word' id='word_1_290' title='bbox 566 1230 595 1253; x_wconf 69' lang='lat' dir='ltr'>[A</span> <span class='ocrx_word' id='word_1_291' title='bbox 607 1227 641 1263; x_wconf 61' lang='lat' dir='ltr'>est</span> <span class='ocrx_word' id='word_1_292' title='bbox 651 1227 854 1262; x_wconf 67' lang='lat' dir='ltr'>gubernat-ulum.</span> <span class='ocrx_word' id='word_1_293' title='bbox 918 1228 961 1253; x_wconf 84' lang='lat' dir='ltr'>Ius</span> <span class='ocrx_word' id='word_1_294' title='bbox 975 1232 1001 1252; x_wconf 87' lang='lat' dir='ltr'>et</span> <span class='ocrx_word' id='word_1_295' title='bbox 1015 1226 1187 1253; x_wconf 80' lang='lat' dir='ltr'>moderamen</span> <span class='ocrx_word' id='word_1_296' title='bbox 1202 1236 1336 1261; x_wconf 88' lang='lat' dir='ltr'>equorum</span> 
     </span>
     <span class='ocr_line' id='line_1_31' title="bbox 264 1262 1336 1298; baseline -0.004 -5"><span class='ocrx_word' id='word_1_297' title='bbox 264 1265 304 1294; x_wconf 91' lang='lat' dir='ltr'>ld.</span> <span class='ocrx_word' id='word_1_298' title='bbox 319 1264 394 1293; x_wconf 70' lang='lat' dir='ltr'>Ibid.⁴</span> <span class='ocrx_word' id='word_1_299' title='bbox 403 1274 424 1298; x_wconf 87' lang='grc'>2,</span> <span class='ocrx_word' id='word_1_300' title='bbox 439 1270 476 1297; x_wconf 73' lang='grc'>48.</span> <span class='ocrx_word' id='word_1_301' title='bbox 551 1264 661 1290; x_wconf 86' lang='lat' dir='ltr'>Certum</span> <span class='ocrx_word' id='word_1_302' title='bbox 688 1263 725 1290; x_wconf 92' lang='lat' dir='ltr'>Id.</span> <span class='ocrx_word' id='word_1_303' title='bbox 741 1262 808 1289; x_wconf 84' lang='lat' dir='ltr'>Ibid.</span> <span class='ocrx_word' id='word_1_304' title='bbox 823 1271 846 1294; x_wconf 84' lang='grc'>2,</span> <span class='ocrx_word' id='word_1_305' title='bbox 860 1263 899 1294; x_wconf 90' lang='lat'>67.</span> <span class='ocrx_word' id='word_1_306' title='bbox 973 1263 1074 1296; x_wconf 85' lang='lat' dir='ltr'>Capere</span> <span class='ocrx_word' id='word_1_307' title='bbox 1089 1263 1187 1297; x_wconf 88' lang='lat' dir='ltr'>sceptra</span> <span class='ocrx_word' id='word_1_308' title='bbox 1201 1269 1227 1290; x_wconf 91' lang='lat' dir='ltr'>et</span> <span class='ocrx_word' id='word_1_309' title='bbox 1244 1272 1336 1290; x_wconf 79' lang='lat' dir='ltr'>rerum</span> 
     </span>
     <span class='ocr_line' id='line_1_32' title="bbox 265 1297 1336 1332; baseline -0.002 -4"><span class='ocrx_word' id='word_1_310' title='bbox 265 1302 437 1329; x_wconf 83' lang='lat' dir='ltr'>moderamen</span> <span class='ocrx_word' id='word_1_311' title='bbox 465 1299 502 1327; x_wconf 85' lang='lat' dir='ltr'>Id.</span> <span class='ocrx_word' id='word_1_312' title='bbox 515 1298 583 1326; x_wconf 90' lang='lat' dir='ltr'>Ibid.</span> <span class='ocrx_word' id='word_1_313' title='bbox 598 1301 631 1332; x_wconf 88' lang='lat'>6,</span> <span class='ocrx_word' id='word_1_314' title='bbox 653 1300 706 1332; x_wconf 83' lang='grc'>677.</span> <span class='ocrx_word' id='word_1_315' title='bbox 780 1297 889 1324; x_wconf 84' lang='lat' dir='ltr'>Suulere</span> <span class='ocrx_word' id='word_1_316' title='bbox 909 1297 1094 1325; x_wconf 82' lang='lat' dir='ltr'>moderamina</span> <span class='ocrx_word' id='word_1_317' title='bbox 1114 1299 1209 1326; x_wconf 86' lang='lat' dir='ltr'>mundi</span> <span class='ocrx_word' id='word_1_318' title='bbox 1242 1299 1336 1329; x_wconf 83' lang='lat' dir='ltr'>Claud.</span> 
     </span>
     <span class='ocr_line' id='line_1_33' title="bbox 266 1337 725 1374; baseline -0.011 -8"><span class='ocrx_word' id='word_1_319' title='bbox 266 1338 299 1366; x_wconf 85' lang='lat' dir='ltr'>de</span> <span class='ocrx_word' id='word_1_320' title='bbox 312 1337 425 1365; x_wconf 88' lang='lat' dir='ltr'>Laudib.</span> <span class='ocrx_word' id='word_1_321' title='bbox 439 1337 528 1363; x_wconf 85' lang='lat' dir='ltr'>Seren.</span> <span class='ocrx_word' id='word_1_322' title='bbox 544 1337 583 1367; x_wconf 68' lang='lat'>46.</span> <span class='ocrx_word' id='word_1_323' title='bbox 719 1370 725 1374; x_wconf 33' lang='grc' dir='ltr'>Π</span> 
     </span>
     <span class='ocr_line' id='line_1_34' title="bbox 273 1376 783 1406; baseline -0.01 -5"><span class='ocrx_word' id='word_1_324' title='bbox 273 1378 574 1400; x_wconf 73' lang='grc' dir='ltr'>·ΜΟῙ)ΕΚΛΜΕΝ</span> <span class='ocrx_word' id='word_1_325' title='bbox 589 1376 698 1406; x_wconf 80' lang='lat' dir='ltr'>TVM‚</span> <span class='ocrx_word' id='word_1_326' title='bbox 717 1379 736 1396; x_wconf 90' lang='lat'>1.</span> <span class='ocrx_word' id='word_1_327' title='bbox 757 1379 783 1396; x_wconf 82' lang='lat' dir='ltr'>n.</span> 
     </span>
     <span class='ocr_line' id='line_1_35' title="bbox 266 1411 524 1438; baseline -0.008 -1"><span class='ocrx_word' id='word_1_328' title='bbox 266 1411 386 1438; x_wconf 79' lang='lat' dir='ltr'>dicuntur</span> <span class='ocrx_word' id='word_1_329' title='bbox 402 1417 524 1435; x_wconf 62' lang='lat' dir='ltr'>arcemus.</span> 
     </span>
    </p>

    <p class='ocr_par' dir='ltr' id='par_1_11' title="bbox 265 1441 1386 1694">
     <span class='ocr_line' id='line_1_36' title="bbox 303 1441 1336 1477; baseline -0.003 -5"><span class='ocrx_word' id='word_1_330' title='bbox 303 1453 328 1472; x_wconf 89' lang='grc' dir='ltr'><strong><em>Μ</em></strong></span> <span class='ocrx_word' id='word_1_331' title='bbox 339 1452 359 1472; x_wconf 93' lang='lat'><em>0</em></span> <span class='ocrx_word' id='word_1_332' title='bbox 372 1451 390 1472; x_wconf 91' lang='lat' dir='ltr'>D</span> <span class='ocrx_word' id='word_1_333' title='bbox 401 1452 416 1471; x_wconf 86' lang='lat' dir='ltr'>E</span> <span class='ocrx_word' id='word_1_334' title='bbox 427 1452 438 1471; x_wconf 90' lang='lat' dir='ltr'>S</span> <span class='ocrx_word' id='word_1_335' title='bbox 451 1451 472 1471; x_wconf 90' lang='lat' dir='ltr'>T</span> <span class='ocrx_word' id='word_1_336' title='bbox 487 1451 507 1470; x_wconf 82' lang='lat' dir='ltr'>V</span> <span class='ocrx_word' id='word_1_337' title='bbox 520 1451 533 1470; x_wconf 90' lang='lat' dir='ltr'><strong>S</strong></span> <span class='ocrx_word' id='word_1_338' title='bbox 542 1464 551 1476; x_wconf 86' lang='lat'>‚</span> <span class='ocrx_word' id='word_1_339' title='bbox 570 1452 599 1474; x_wconf 77' lang='lat' dir='ltr'>a,</span> <span class='ocrx_word' id='word_1_340' title='bbox 619 1452 680 1471; x_wconf 51' lang='lat' dir='ltr'>tim.¹</span> <span class='ocrx_word' id='word_1_341' title='bbox 710 1441 769 1468; x_wconf 84' lang='lat' dir='ltr'>Adi.</span> <span class='ocrx_word' id='word_1_342' title='bbox 807 1441 952 1475; x_wconf 65' lang='grc' dir='ltr'>[ἕχὲθυμες,</span> <span class='ocrx_word' id='word_1_343' title='bbox 972 1445 1079 1475; x_wconf 65' lang='grc' dir='ltr'>μέτριος,</span> <span class='ocrx_word' id='word_1_344' title='bbox 1103 1443 1208 1477; x_wconf 63' lang='grc' dir='ltr'>σώφρων,</span> <span class='ocrx_word' id='word_1_345' title='bbox 1221 1444 1336 1477; x_wconf 69' lang='grc' dir='ltr'>κόσμιος]</span> 
     </span>
     <span class='ocr_line' id='line_1_37' title="bbox 265 1478 1339 1518; baseline -0.004 -11"><span class='ocrx_word' id='word_1_346' title='bbox 265 1483 320 1518; x_wconf 75' lang='lat' dir='ltr'>Qr&#39;</span> <span class='ocrx_word' id='word_1_347' title='bbox 332 1481 523 1515; x_wconf 74' lang='lat' dir='ltr'>mo.‹unzseruat</span> <span class='ocrx_word' id='word_1_348' title='bbox 537 1481 564 1505; x_wconf 79' lang='lat' dir='ltr'>in</span> <span class='ocrx_word' id='word_1_349' title='bbox 577 1479 748 1515; x_wconf 68' lang='lat' dir='ltr'>conficetudine</span> <span class='ocrx_word' id='word_1_350' title='bbox 761 1488 813 1504; x_wconf 83' lang='lat' dir='ltr'>cum</span> <span class='ocrx_word' id='word_1_351' title='bbox 826 1478 902 1508; x_wconf 80' lang='lat' dir='ltr'>aliis,</span> <span class='ocrx_word' id='word_1_352' title='bbox 922 1478 949 1502; x_wconf 86' lang='lat' dir='ltr'>in</span> <span class='ocrx_word' id='word_1_353' title='bbox 960 1479 1065 1512; x_wconf 61' lang='lat' dir='ltr'>petendo</span> <span class='ocrx_word' id='word_1_354' title='bbox 1078 1487 1104 1505; x_wconf 78' lang='lat' dir='ltr'>v.</span> <span class='ocrx_word' id='word_1_355' title='bbox 1115 1488 1144 1514; x_wconf 81' lang='lat' dir='ltr'>g.</span> <span class='ocrx_word' id='word_1_356' title='bbox 1158 1480 1185 1503; x_wconf 76' lang='lat' dir='ltr'>in</span> <span class='ocrx_word' id='word_1_357' title='bbox 1199 1480 1274 1503; x_wconf 72' lang='lat' dir='ltr'>lauue</span> <span class='ocrx_word' id='word_1_358' title='bbox 1282 1478 1339 1512; x_wconf 77' lang='lat' dir='ltr'>sui,</span> 
     </span>
     <span class='ocr_line' id='line_1_38' title="bbox 266 1513 1386 1553; baseline -0.003 -10"><span class='ocrx_word' id='word_1_359' title='bbox 266 1519 294 1544; x_wconf 79' lang='lat' dir='ltr'>in</span> <span class='ocrx_word' id='word_1_360' title='bbox 308 1516 412 1553; x_wconf 71' lang='lat' dir='ltr'>vistim,</span> <span class='ocrx_word' id='word_1_361' title='bbox 434 1523 457 1541; x_wconf 75' lang='lat' dir='ltr'>ct</span> <span class='ocrx_word' id='word_1_362' title='bbox 476 1516 611 1549; x_wconf 75' lang='lat' dir='ltr'>vbicmtque</span> <span class='ocrx_word' id='word_1_363' title='bbox 620 1514 696 1550; x_wconf 61' lang='lat' dir='ltr'>{²⁴¹3st</span> <span class='ocrx_word' id='word_1_364' title='bbox 708 1514 802 1548; x_wconf 55' lang='lat' dir='ltr'>aliquis</span> <span class='ocrx_word' id='word_1_365' title='bbox 833 1515 871 1539; x_wconf 86' lang='lat' dir='ltr'>lus</span> <span class='ocrx_word' id='word_1_366' title='bbox 890 1522 966 1547; x_wconf 79' lang='lat' dir='ltr'>aequo</span> <span class='ocrx_word' id='word_1_367' title='bbox 973 1513 1025 1546; x_wconf 71' lang='lat' dir='ltr'>sibl</span> <span class='ocrx_word' id='word_1_368' title='bbox 1040 1523 1161 1549; x_wconf 75' lang='lat' dir='ltr'>arrogare</span> <span class='ocrx_word' id='word_1_369' title='bbox 1169 1515 1211 1539; x_wconf 72' lang='lat' dir='ltr'>vel</span> <span class='ocrx_word' id='word_1_370' title='bbox 1223 1514 1339 1540; x_wconf 59' lang='lat' dir='ltr'>tribucre.</span> <span class='ocrx_word' id='word_1_371' title='bbox 1358 1522 1386 1548; x_wconf 78' lang='lat'>33</span> 
     </span>
     <span class='ocr_line' id='line_1_39' title="bbox 265 1548 1339 1586; baseline -0.003 -7"><span class='ocrx_word' id='word_1_372' title='bbox 265 1554 337 1581; x_wconf 86' lang='lat' dir='ltr'>Ter.</span> <span class='ocrx_word' id='word_1_373' title='bbox 353 1550 464 1586; x_wconf 83' lang='lat' dir='ltr'>Adelph.</span> <span class='ocrx_word' id='word_1_374' title='bbox 475 1556 530 1584; x_wconf 76' lang='lat'>5,8‚</span> <span class='ocrx_word' id='word_1_375' title='bbox 546 1560 557 1583; x_wconf 88' lang='lat'>7</span> <span class='ocrx_word' id='word_1_376' title='bbox 585 1549 670 1577; x_wconf 88' lang='lat' dir='ltr'>Proba</span> <span class='ocrx_word' id='word_1_377' title='bbox 683 1556 709 1575; x_wconf 84' lang='lat' dir='ltr'>et</span> <span class='ocrx_word' id='word_1_378' title='bbox 723 1548 801 1575; x_wconf 84' lang='lat' dir='ltr'>mode</span> <span class='ocrx_word' id='word_1_379' title='bbox 825 1557 846 1577; x_wconf 87' lang='lat' dir='ltr'>a.</span> <span class='ocrx_word' id='word_1_380' title='bbox 909 1549 954 1575; x_wconf 77' lang='lat' dir='ltr'>l‘bi</span> <span class='ocrx_word' id='word_1_381' title='bbox 969 1550 1103 1582; x_wconf 83' lang='lat' dir='ltr'>Donatus,</span> <span class='ocrx_word' id='word_1_382' title='bbox 1124 1548 1211 1576; x_wconf 86' lang='lat' dir='ltr'>Proba</span> <span class='ocrx_word' id='word_1_383' title='bbox 1227 1549 1290 1584; x_wconf 81' lang='lat' dir='ltr'>fibi,</span> <span class='ocrx_word' id='word_1_384' title='bbox 1313 1555 1339 1576; x_wconf 86' lang='lat' dir='ltr'>et</span> 
     </span>
     <span class='ocr_line' id='line_1_40' title="bbox 265 1585 1340 1622; baseline -0.005 -6"><span class='ocrx_word' id='word_1_385' title='bbox 265 1589 384 1617; x_wconf 79' lang='lat' dir='ltr'>modesta</span> <span class='ocrx_word' id='word_1_386' title='bbox 404 1586 472 1622; x_wconf 90' lang='lat' dir='ltr'>apud</span> <span class='ocrx_word' id='word_1_387' title='bbox 492 1587 568 1613; x_wconf 83' lang='lat' dir='ltr'>alios.</span> <span class='ocrx_word' id='word_1_388' title='bbox 634 1585 764 1612; x_wconf 84' lang='lat' dir='ltr'>Petulanti</span> <span class='ocrx_word' id='word_1_389' title='bbox 779 1585 908 1620; x_wconf 83' lang='lat' dir='ltr'>opponitur</span> <span class='ocrx_word' id='word_1_390' title='bbox 920 1594 934 1612; x_wconf 87' lang='lat' dir='ltr'>a</span> <span class='ocrx_word' id='word_1_391' title='bbox 949 1585 1006 1612; x_wconf 88' lang='lat' dir='ltr'>Cic.</span> <span class='ocrx_word' id='word_1_392' title='bbox 1021 1586 1073 1612; x_wconf 88' lang='lat' dir='ltr'>Att.</span> <span class='ocrx_word' id='word_1_393' title='bbox 1089 1595 1118 1618; x_wconf 88' lang='grc'>2,</span> <span class='ocrx_word' id='word_1_394' title='bbox 1132 1595 1145 1612; x_wconf 85' lang='grc'>2</span> <span class='ocrx_word' id='word_1_395' title='bbox 1177 1585 1340 1620; x_wconf 84' lang='lat' dir='ltr'>Plerumque</span> 
     </span>
     <span class='ocr_line' id='line_1_41' title="bbox 266 1621 1338 1657; baseline -0.003 -6"><span class='ocrx_word' id='word_1_396' title='bbox 266 1625 402 1654; x_wconf 76' lang='lat' dir='ltr'>Modestus</span> <span class='ocrx_word' id='word_1_397' title='bbox 415 1630 525 1657; x_wconf 84' lang='lat' dir='ltr'>occupat</span> <span class='ocrx_word' id='word_1_398' title='bbox 539 1621 645 1648; x_wconf 86' lang='lat' dir='ltr'>obscuri</span> <span class='ocrx_word' id='word_1_399' title='bbox 660 1621 774 1656; x_wconf 86' lang='lat' dir='ltr'>speciem</span> <span class='ocrx_word' id='word_1_400' title='bbox 807 1621 876 1648; x_wconf 87' lang='lat' dir='ltr'>Hor.</span> <span class='ocrx_word' id='word_1_401' title='bbox 892 1621 972 1655; x_wconf 87' lang='lat' dir='ltr'>Epist.</span> <span class='ocrx_word' id='word_1_402' title='bbox 989 1630 1013 1654; x_wconf 86' lang='lat'>1,</span> <span class='ocrx_word' id='word_1_403' title='bbox 1034 1627 1073 1652; x_wconf 80' lang='lat'>18,</span> <span class='ocrx_word' id='word_1_404' title='bbox 1089 1631 1127 1656; x_wconf 84' lang='lat'>94.</span> <span class='ocrx_word' id='word_1_405' title='bbox 1202 1621 1338 1649; x_wconf 84' lang='lat' dir='ltr'>Modestus</span> 
     </span>
     <span class='ocr_line' id='line_1_42' title="bbox 266 1656 1339 1694; baseline -0.004 -6"><span class='ocrx_word' id='word_1_406' title='bbox 266 1661 342 1689; x_wconf 89' lang='lat' dir='ltr'>vultu</span> <span class='ocrx_word' id='word_1_407' title='bbox 351 1677 363 1694; x_wconf 42' lang='grc' dir='ltr'>,ν</span> <span class='ocrx_word' id='word_1_408' title='bbox 379 1663 402 1686; x_wconf 78' lang='lat' dir='ltr'>h.</span> <span class='ocrx_word' id='word_1_409' title='bbox 416 1669 437 1686; x_wconf 81' lang='lat' dir='ltr'>e.</span> <span class='ocrx_word' id='word_1_410' title='bbox 457 1658 510 1694; x_wconf 74' lang='lat' dir='ltr'>Ipso</span> <span class='ocrx_word' id='word_1_411' title='bbox 523 1659 595 1684; x_wconf 76' lang='lat' dir='ltr'>vultu</span> <span class='ocrx_word' id='word_1_412' title='bbox 607 1657 744 1692; x_wconf 73' lang='lat' dir='ltr'>mmlestimu</span> <span class='ocrx_word' id='word_1_413' title='bbox 759 1658 882 1692; x_wconf 77' lang='lat' dir='ltr'>quandam</span> <span class='ocrx_word' id='word_1_414' title='bbox 893 1663 956 1692; x_wconf 76' lang='lat' dir='ltr'>prae</span> <span class='ocrx_word' id='word_1_415' title='bbox 966 1656 1095 1692; x_wconf 59' lang='lat' dir='ltr'>feferens</span> <span class='ocrx_word' id='word_1_416' title='bbox 1124 1658 1195 1685; x_wconf 85' lang='lat' dir='ltr'>Ter.</span> <span class='ocrx_word' id='word_1_417' title='bbox 1211 1657 1294 1685; x_wconf 87' lang='lat' dir='ltr'>Andr.</span> <span class='ocrx_word' id='word_1_418' title='bbox 1314 1668 1339 1692; x_wconf 86' lang='lat'>1,</span> 
     </span>
    </p>

    <p class='ocr_par' dir='ltr' id='par_1_12' title="bbox 267 1692 1391 2049">
     <span class='ocr_line' id='line_1_43' title="bbox 267 1692 1391 1730; baseline -0.001 -7"><span class='ocrx_word' id='word_1_419' title='bbox 267 1707 295 1728; x_wconf 89' lang='lat'>1,</span> <span class='ocrx_word' id='word_1_420' title='bbox 312 1707 350 1730; x_wconf 76' lang='lat'>93.</span> <span class='ocrx_word' id='word_1_421' title='bbox 426 1693 605 1722; x_wconf 81' lang='lat' dir='ltr'>Adolescentis</span> <span class='ocrx_word' id='word_1_422' title='bbox 619 1693 798 1720; x_wconf 83' lang='lat' dir='ltr'>modestislimi</span> <span class='ocrx_word' id='word_1_423' title='bbox 815 1692 902 1728; x_wconf 89' lang='lat' dir='ltr'>pudor</span> <span class='ocrx_word' id='word_1_424' title='bbox 936 1693 993 1721; x_wconf 81' lang='lat' dir='ltr'>Cic.</span> <span class='ocrx_word' id='word_1_425' title='bbox 1010 1702 1060 1728; x_wconf 85' lang='lat' dir='ltr'>pro</span> <span class='ocrx_word' id='word_1_426' title='bbox 1074 1694 1160 1722; x_wconf 75' lang='lat' dir='ltr'>Plane.</span> <span class='ocrx_word' id='word_1_427' title='bbox 1174 1704 1212 1727; x_wconf 85' lang='lat'>27.</span> <span class='ocrx_word' id='word_1_428' title='bbox 1270 1694 1339 1722; x_wconf 89' lang='lat' dir='ltr'>Ado·</span> <span class='ocrx_word' id='word_1_429' title='bbox 1354 1705 1391 1730; x_wconf 86' lang='lat'>40</span> 
     </span>
     <span class='ocr_line' id='line_1_44' title="bbox 268 1729 1343 1765; baseline -0.005 -5"><span class='ocrx_word' id='word_1_430' title='bbox 268 1732 393 1760; x_wconf 86' lang='lat' dir='ltr'>lescentia</span> <span class='ocrx_word' id='word_1_431' title='bbox 405 1730 589 1759; x_wconf 83' lang='lat' dir='ltr'>modestiffima</span> <span class='ocrx_word' id='word_1_432' title='bbox 614 1729 652 1756; x_wconf 89' lang='lat' dir='ltr'>Id.</span> <span class='ocrx_word' id='word_1_433' title='bbox 667 1738 716 1764; x_wconf 91' lang='lat' dir='ltr'>pro</span> <span class='ocrx_word' id='word_1_434' title='bbox 731 1730 852 1756; x_wconf 88' lang='lat' dir='ltr'>Muraen.</span> <span class='ocrx_word' id='word_1_435' title='bbox 869 1738 894 1760; x_wconf 79' lang='lat'>53</span> <span class='ocrx_word' id='word_1_436' title='bbox 915 1738 936 1756; x_wconf 88' lang='lat' dir='ltr'>c.</span> <span class='ocrx_word' id='word_1_437' title='bbox 951 1731 990 1756; x_wconf 85' lang='lat'>26.</span> <span class='ocrx_word' id='word_1_438' title='bbox 1064 1730 1178 1765; x_wconf 88' lang='lat' dir='ltr'>Epistola</span> <span class='ocrx_word' id='word_1_439' title='bbox 1193 1729 1343 1757; x_wconf 78' lang='lat' dir='ltr'>modestior</span> 
     </span>
     <span class='ocr_line' id='line_1_45' title="bbox 267 1764 1105 1799; baseline -0.005 -3"><span class='ocrx_word' id='word_1_440' title='bbox 267 1769 308 1798; x_wconf 88' lang='lat' dir='ltr'>Id.</span> <span class='ocrx_word' id='word_1_441' title='bbox 323 1769 397 1795; x_wconf 87' lang='lat' dir='ltr'>Fam.</span> <span class='ocrx_word' id='word_1_442' title='bbox 411 1778 432 1799; x_wconf 80' lang='lat'>3,</span> <span class='ocrx_word' id='word_1_443' title='bbox 452 1776 481 1799; x_wconf 79' lang='lat'>¹3-</span> <span class='ocrx_word' id='word_1_444' title='bbox 552 1765 635 1798; x_wconf 81' lang='lat' dir='ltr'>Frugi</span> <span class='ocrx_word' id='word_1_445' title='bbox 649 1771 674 1791; x_wconf 90' lang='lat' dir='ltr'>et</span> <span class='ocrx_word' id='word_1_446' title='bbox 687 1765 818 1791; x_wconf 81' lang='lat' dir='ltr'>modestus</span> <span class='ocrx_word' id='word_1_447' title='bbox 844 1764 882 1791; x_wconf 89' lang='lat' dir='ltr'>Id.</span> <span class='ocrx_word' id='word_1_448' title='bbox 898 1765 966 1791; x_wconf 87' lang='lat' dir='ltr'>Ibid.</span> <span class='ocrx_word' id='word_1_449' title='bbox 982 1774 1015 1798; x_wconf 83' lang='lat'>13,</span> <span class='ocrx_word' id='word_1_450' title='bbox 1028 1774 1069 1797; x_wconf 75' lang='lat'>70.</span> <span class='ocrx_word' id='word_1_451' title='bbox 1102 1778 1105 1779; x_wconf 44' lang='lat'><em>⁷</em></span> 
     </span>
     <span class='ocr_line' id='line_1_46' title="bbox 267 1800 1341 1838; baseline -0.004 -6"><span class='ocrx_word' id='word_1_452' title='bbox 267 1805 321 1832; x_wconf 80' lang='lat' dir='ltr'>stus</span> <span class='ocrx_word' id='word_1_453' title='bbox 336 1811 362 1830; x_wconf 84' lang='lat' dir='ltr'>et</span> <span class='ocrx_word' id='word_1_454' title='bbox 376 1802 490 1838; x_wconf 87' lang='lat' dir='ltr'>prudens</span> <span class='ocrx_word' id='word_1_455' title='bbox 516 1801 555 1828; x_wconf 90' lang='lat' dir='ltr'>Id.</span> <span class='ocrx_word' id='word_1_456' title='bbox 571 1800 639 1827; x_wconf 85' lang='lat' dir='ltr'>Ibid.</span> <span class='ocrx_word' id='word_1_457' title='bbox 656 1809 688 1832; x_wconf 77' lang='lat'>13,</span> <span class='ocrx_word' id='word_1_458' title='bbox 703 1809 740 1827; x_wconf 91' lang='grc'>10.</span> <span class='ocrx_word' id='word_1_459' title='bbox 815 1801 868 1827; x_wconf 81' lang='lat' dir='ltr'>Iter</span> <span class='ocrx_word' id='word_1_460' title='bbox 882 1801 1046 1834; x_wconf 78' lang='lat' dir='ltr'>modestum,</span> <span class='ocrx_word' id='word_1_461' title='bbox 1065 1801 1132 1836; x_wconf 86' lang='lat' dir='ltr'>apud</span> <span class='ocrx_word' id='word_1_462' title='bbox 1147 1802 1213 1829; x_wconf 82' lang='lat' dir='ltr'>Plin.</span> <span class='ocrx_word' id='word_1_463' title='bbox 1221 1802 1251 1828; x_wconf 89' lang='lat' dir='ltr'>in</span> <span class='ocrx_word' id='word_1_464' title='bbox 1260 1802 1341 1836; x_wconf 78' lang='lat' dir='ltr'>Epist.</span> 
     </span>
     <span class='ocr_line' id='line_1_47' title="bbox 268 1835 1339 1871; baseline -0.002 -5"><span class='ocrx_word' id='word_1_465' title='bbox 268 1842 362 1869; x_wconf 86' lang='lat' dir='ltr'>Mores</span> <span class='ocrx_word' id='word_1_466' title='bbox 388 1840 445 1865; x_wconf 86' lang='lat' dir='ltr'>Cic.</span> <span class='ocrx_word' id='word_1_467' title='bbox 459 1838 490 1863; x_wconf 91' lang='lat' dir='ltr'>de</span> <span class='ocrx_word' id='word_1_468' title='bbox 503 1837 573 1871; x_wconf 80' lang='lat' dir='ltr'>Lege</span> <span class='ocrx_word' id='word_1_469' title='bbox 587 1837 649 1871; x_wconf 81' lang='lat' dir='ltr'>Agr.</span> <span class='ocrx_word' id='word_1_470' title='bbox 665 1845 687 1871; x_wconf 83' lang='lat'>2,</span> <span class='ocrx_word' id='word_1_471' title='bbox 700 1841 735 1867; x_wconf 78' lang='lat'>83.</span> <span class='ocrx_word' id='word_1_472' title='bbox 792 1835 873 1863; x_wconf 82' lang='lat' dir='ltr'>Oculi</span> <span class='ocrx_word' id='word_1_473' title='bbox 900 1837 983 1863; x_wconf 85' lang='lat' dir='ltr'>Ouid.</span> <span class='ocrx_word' id='word_1_474' title='bbox 1000 1839 1094 1864; x_wconf 87' lang='lat' dir='ltr'>Amor.</span> <span class='ocrx_word' id='word_1_475' title='bbox 1110 1847 1131 1870; x_wconf 80' lang='grc'>2,</span> <span class='ocrx_word' id='word_1_476' title='bbox 1144 1850 1167 1871; x_wconf 79' lang='grc'>4,</span> <span class='ocrx_word' id='word_1_477' title='bbox 1184 1848 1212 1865; x_wconf 91' lang='grc'>11.</span> <span class='ocrx_word' id='word_1_478' title='bbox 1264 1838 1339 1865; x_wconf 83' lang='lat' dir='ltr'>Plebs</span> 
     </span>
     <span class='ocr_line' id='line_1_48' title="bbox 268 1872 1390 1912; baseline -0.003 -9"><span class='ocrx_word' id='word_1_479' title='bbox 268 1877 372 1912; x_wconf 85' lang='lat' dir='ltr'>optima</span> <span class='ocrx_word' id='word_1_480' title='bbox 386 1881 412 1902; x_wconf 86' lang='lat' dir='ltr'>et</span> <span class='ocrx_word' id='word_1_481' title='bbox 423 1872 609 1901; x_wconf 78' lang='lat' dir='ltr'>modes’tislima</span> <span class='ocrx_word' id='word_1_482' title='bbox 635 1872 691 1898; x_wconf 86' lang='lat' dir='ltr'>Cic.</span> <span class='ocrx_word' id='word_1_483' title='bbox 707 1872 738 1898; x_wconf 89' lang='lat' dir='ltr'>de</span> <span class='ocrx_word' id='word_1_484' title='bbox 751 1872 820 1907; x_wconf 85' lang='lat' dir='ltr'>Lege</span> <span class='ocrx_word' id='word_1_485' title='bbox 835 1874 897 1905; x_wconf 84' lang='lat' dir='ltr'>Agr.</span> <span class='ocrx_word' id='word_1_486' title='bbox 911 1881 934 1905; x_wconf 88' lang='grc'>2,</span> <span class='ocrx_word' id='word_1_487' title='bbox 948 1879 983 1904; x_wconf 82' lang='lat'>83.</span> <span class='ocrx_word' id='word_1_488' title='bbox 1058 1874 1113 1900; x_wconf 80' lang='lat' dir='ltr'>Rex</span> <span class='ocrx_word' id='word_1_489' title='bbox 1133 1873 1265 1901; x_wconf 86' lang='lat' dir='ltr'>modestus</span> <span class='ocrx_word' id='word_1_490' title='bbox 1279 1883 1340 1909; x_wconf 83' lang='lat' dir='ltr'>pro·</span> <span class='ocrx_word' id='word_1_491' title='bbox 1357 1883 1390 1909; x_wconf 77' lang='lat'>45</span> 
     </span>
     <span class='ocr_line' id='line_1_49' title="bbox 269 1908 1340 1945; baseline -0.004 -5"><span class='ocrx_word' id='word_1_492' title='bbox 269 1913 319 1941; x_wconf 81' lang='lat' dir='ltr'>bus</span> <span class='ocrx_word' id='word_1_493' title='bbox 335 1918 361 1939; x_wconf 89' lang='lat' dir='ltr'>et</span> <span class='ocrx_word' id='word_1_494' title='bbox 375 1911 479 1945; x_wconf 81' lang='lat' dir='ltr'>integer</span> <span class='ocrx_word' id='word_1_495' title='bbox 504 1909 542 1936; x_wconf 87' lang='lat' dir='ltr'>Id.</span> <span class='ocrx_word' id='word_1_496' title='bbox 556 1911 608 1936; x_wconf 86' lang='lat' dir='ltr'>Att.</span> <span class='ocrx_word' id='word_1_497' title='bbox 625 1918 664 1940; x_wconf 85' lang='grc'>10,</span> <span class='ocrx_word' id='word_1_498' title='bbox 678 1910 702 1934; x_wconf 92' lang='grc'>6.</span> <span class='ocrx_word' id='word_1_499' title='bbox 776 1908 833 1935; x_wconf 84' lang='lat' dir='ltr'>Nec</span> <span class='ocrx_word' id='word_1_500' title='bbox 848 1910 944 1941; x_wconf 86' lang='lat' dir='ltr'>pudeat</span> <span class='ocrx_word' id='word_1_501' title='bbox 957 1917 1047 1934; x_wconf 89' lang='lat' dir='ltr'>coram</span> <span class='ocrx_word' id='word_1_502' title='bbox 1063 1909 1152 1936; x_wconf 86' lang='lat' dir='ltr'>Verba</span> <span class='ocrx_word' id='word_1_503' title='bbox 1164 1910 1281 1936; x_wconf 78' lang='lat' dir='ltr'>modesta</span> <span class='ocrx_word' id='word_1_504' title='bbox 1302 1910 1340 1936; x_wconf 89' lang='lat' dir='ltr'>lo-</span> 
     </span>
     <span class='ocr_line' id='line_1_50' title="bbox 269 1942 1342 1983; baseline -0.003 -8"><span class='ocrx_word' id='word_1_505' title='bbox 269 1949 318 1983; x_wconf 87' lang='lat' dir='ltr'>qui</span> <span class='ocrx_word' id='word_1_506' title='bbox 345 1947 428 1974; x_wconf 85' lang='lat' dir='ltr'>Ouid.</span> <span class='ocrx_word' id='word_1_507' title='bbox 444 1948 536 1972; x_wconf 86' lang='lat' dir='ltr'>Amor.</span> <span class='ocrx_word' id='word_1_508' title='bbox 553 1955 573 1977; x_wconf 84' lang='lat'>3,</span> <span class='ocrx_word' id='word_1_509' title='bbox 590 1955 623 1977; x_wconf 80' lang='grc'>14,</span> <span class='ocrx_word' id='word_1_510' title='bbox 640 1948 674 1970; x_wconf 75' lang='grc'>16.</span> <span class='ocrx_word' id='word_1_511' title='bbox 832 1942 853 1982; x_wconf 58' lang='lat' dir='ltr'>fl</span> <span class='ocrx_word' id='word_1_512' title='bbox 875 1954 887 1970; x_wconf 82' lang='lat'>2</span> <span class='ocrx_word' id='word_1_513' title='bbox 925 1944 1076 1978; x_wconf 71' lang='lat' dir='ltr'>Modestus,</span> <span class='ocrx_word' id='word_1_514' title='bbox 1095 1946 1225 1979; x_wconf 51' lang='grc' dir='ltr'>Μαιῶτις,</span> <span class='ocrx_word' id='word_1_515' title='bbox 1242 1953 1342 1980; x_wconf 68' lang='lat' dir='ltr'>paucus.</span> 
     </span>
     <span class='ocr_line' id='line_1_51' title="bbox 268 1980 1339 2015; baseline -0.004 -3"><span class='ocrx_word' id='word_1_516' title='bbox 268 1984 363 2012; x_wconf 88' lang='lat' dir='ltr'>Tacit.</span> <span class='ocrx_word' id='word_1_517' title='bbox 383 1984 450 2009; x_wconf 88' lang='lat' dir='ltr'>Ann.</span> <span class='ocrx_word' id='word_1_518' title='bbox 463 1991 495 2015; x_wconf 81' lang='lat'>4,</span> <span class='ocrx_word' id='word_1_519' title='bbox 518 1990 530 2012; x_wconf 91' lang='lat'><em>7</em></span> <span class='ocrx_word' id='word_1_520' title='bbox 569 1980 634 2006; x_wconf 86' lang='lat' dir='ltr'>Rari</span> <span class='ocrx_word' id='word_1_521' title='bbox 655 1988 702 2013; x_wconf 86' lang='lat' dir='ltr'>per</span> <span class='ocrx_word' id='word_1_522' title='bbox 720 1980 825 2006; x_wconf 82' lang='lat' dir='ltr'>Italiam</span> <span class='ocrx_word' id='word_1_523' title='bbox 844 1980 962 2006; x_wconf 78' lang='lat' dir='ltr'>Caesaris</span> <span class='ocrx_word' id='word_1_524' title='bbox 983 1981 1055 2015; x_wconf 75' lang='lat' dir='ltr'>agri,</span> <span class='ocrx_word' id='word_1_525' title='bbox 1081 1981 1199 2008; x_wconf 85' lang='lat' dir='ltr'>modesta</span> <span class='ocrx_word' id='word_1_526' title='bbox 1222 1981 1339 2008; x_wconf 87' lang='lat' dir='ltr'>seruitia.</span> 
     </span>
     <span class='ocr_line' id='line_1_52' title="bbox 269 2015 664 2049; baseline -0.02 -3"><span class='ocrx_word' id='word_1_527' title='bbox 269 2022 320 2047; x_wconf 84' lang='lat' dir='ltr'>Pro</span> <span class='ocrx_word' id='word_1_528' title='bbox 335 2019 436 2049; x_wconf 65' lang='lat' dir='ltr'>Seruis,</span> <span class='ocrx_word' id='word_1_529' title='bbox 463 2015 577 2042; x_wconf 87' lang='lat' dir='ltr'>Seruitia</span> <span class='ocrx_word' id='word_1_530' title='bbox 590 2015 664 2039; x_wconf 71' lang='lat' dir='ltr'>dixit.</span> 
     </span>
    </p>

    <p class='ocr_par' dir='ltr' id='par_1_13' title="bbox 268 2048 1394 2447">
     <span class='ocr_line' id='line_1_53' title="bbox 304 2048 1390 2084; baseline -0.002 -5"><span class='ocrx_word' id='word_1_531' title='bbox 304 2059 359 2082; x_wconf 84' lang='lat' dir='ltr'>Mo</span> <span class='ocrx_word' id='word_1_532' title='bbox 369 2059 413 2080; x_wconf 83' lang='lat' dir='ltr'>DE</span> <span class='ocrx_word' id='word_1_533' title='bbox 425 2060 436 2077; x_wconf 75' lang='lat' dir='ltr'>s</span> <span class='ocrx_word' id='word_1_534' title='bbox 451 2058 473 2078; x_wconf 82' lang='lat' dir='ltr'>T</span> <span class='ocrx_word' id='word_1_535' title='bbox 489 2057 517 2077; x_wconf 81' lang='grc' dir='ltr'>Ε.</span> <span class='ocrx_word' id='word_1_536' title='bbox 556 2049 623 2075; x_wconf 81' lang='lat' dir='ltr'>Adu.</span> <span class='ocrx_word' id='word_1_537' title='bbox 660 2048 819 2081; x_wconf 69' lang='grc' dir='ltr'>[σωφρόνως]</span> <span class='ocrx_word' id='word_1_538' title='bbox 862 2049 933 2075; x_wconf 89' lang='lat' dir='ltr'>Cum</span> <span class='ocrx_word' id='word_1_539' title='bbox 947 2049 1047 2080; x_wconf 80' lang='lat' dir='ltr'>modo,</span> <span class='ocrx_word' id='word_1_540' title='bbox 1073 2050 1156 2082; x_wconf 69' lang='lat' dir='ltr'>inquit</span> <span class='ocrx_word' id='word_1_541' title='bbox 1171 2050 1268 2076; x_wconf 84' lang='lat' dir='ltr'>Donat.</span> <span class='ocrx_word' id='word_1_542' title='bbox 1282 2060 1340 2076; x_wconf 88' lang='lat' dir='ltr'>mo-</span> <span class='ocrx_word' id='word_1_543' title='bbox 1359 2060 1390 2084; x_wconf 78' lang='lat'>50</span> 
     </span>
     <span class='ocr_line' id='line_1_54' title="bbox 269 2083 1340 2126; baseline -0.01 -7"><span class='ocrx_word' id='word_1_544' title='bbox 269 2092 375 2126; x_wconf 76' lang='lat' dir='ltr'>derare,</span> <span class='ocrx_word' id='word_1_545' title='bbox 389 2087 512 2115; x_wconf 89' lang='lat' dir='ltr'>adhibito</span> <span class='ocrx_word' id='word_1_546' title='bbox 525 2085 618 2112; x_wconf 89' lang='lat' dir='ltr'>modo.</span> <span class='ocrx_word' id='word_1_547' title='bbox 691 2084 762 2110; x_wconf 86' lang='lat' dir='ltr'>Ter.</span> <span class='ocrx_word' id='word_1_548' title='bbox 778 2084 843 2110; x_wconf 87' lang='lat' dir='ltr'>Hec.</span> <span class='ocrx_word' id='word_1_549' title='bbox 853 2094 875 2113; x_wconf 67' lang='lat' dir='ltr'>a,</span> <span class='ocrx_word' id='word_1_550' title='bbox 886 2089 940 2116; x_wconf 80' lang='lat' dir='ltr'>i,38</span> <span class='ocrx_word' id='word_1_551' title='bbox 968 2083 1042 2116; x_wconf 64' lang='lat' dir='ltr'>Qiid</span> <span class='ocrx_word' id='word_1_552' title='bbox 1057 2090 1112 2109; x_wconf 88' lang='lat' dir='ltr'>tum</span> <span class='ocrx_word' id='word_1_553' title='bbox 1128 2083 1230 2117; x_wconf 86' lang='lat' dir='ltr'>postea,</span> <span class='ocrx_word' id='word_1_554' title='bbox 1250 2084 1268 2109; x_wconf 80' lang='lat' dir='ltr'>si</span> <span class='ocrx_word' id='word_1_555' title='bbox 1283 2093 1340 2109; x_wconf 89' lang='lat' dir='ltr'>mo-</span> 
     </span>
     <span class='ocr_line' id='line_1_55' title="bbox 268 2119 1343 2156; baseline -0.008 -2"><span class='ocrx_word' id='word_1_556' title='bbox 268 2127 339 2156; x_wconf 87' lang='lat' dir='ltr'>deste</span> <span class='ocrx_word' id='word_1_557' title='bbox 354 2136 382 2152; x_wconf 88' lang='lat' dir='ltr'>ac</span> <span class='ocrx_word' id='word_1_558' title='bbox 398 2133 460 2151; x_wconf 86' lang='lat' dir='ltr'>raro</span> <span class='ocrx_word' id='word_1_559' title='bbox 474 2123 525 2150; x_wconf 87' lang='lat' dir='ltr'>hoc</span> <span class='ocrx_word' id='word_1_560' title='bbox 539 2121 619 2148; x_wconf 77' lang='lat' dir='ltr'>fecit3</span> <span class='ocrx_word' id='word_1_561' title='bbox 693 2120 749 2146; x_wconf 89' lang='lat' dir='ltr'>Cic.</span> <span class='ocrx_word' id='word_1_562' title='bbox 764 2121 795 2146; x_wconf 88' lang='lat' dir='ltr'>de</span> <span class='ocrx_word' id='word_1_563' title='bbox 811 2119 899 2146; x_wconf 82' lang='lat' dir='ltr'>Finib.</span> <span class='ocrx_word' id='word_1_564' title='bbox 916 2129 935 2152; x_wconf 88' lang='lat'>1,</span> <span class='ocrx_word' id='word_1_565' title='bbox 948 2121 979 2152; x_wconf 83' lang='grc'>46</span> <span class='ocrx_word' id='word_1_566' title='bbox 994 2129 1015 2146; x_wconf 86' lang='lat' dir='ltr'>c.</span> <span class='ocrx_word' id='word_1_567' title='bbox 1027 2129 1049 2152; x_wconf 85' lang='grc'>14</span> <span class='ocrx_word' id='word_1_568' title='bbox 1073 2120 1108 2146; x_wconf 80' lang='lat' dir='ltr'>&#39;Et</span> <span class='ocrx_word' id='word_1_569' title='bbox 1122 2119 1201 2153; x_wconf 84' lang='lat' dir='ltr'>ipfius</span> <span class='ocrx_word' id='word_1_570' title='bbox 1219 2119 1343 2145; x_wconf 77' lang='lat' dir='ltr'>fortunae</span> 
     </span>
     <span class='ocr_line' id='line_1_56' title="bbox 268 2155 1341 2191; baseline -0.009 0"><span class='ocrx_word' id='word_1_571' title='bbox 268 2163 388 2191; x_wconf 82' lang='lat' dir='ltr'>modeste</span> <span class='ocrx_word' id='word_1_572' title='bbox 410 2161 482 2187; x_wconf 87' lang='lat' dir='ltr'>ferre</span> <span class='ocrx_word' id='word_1_573' title='bbox 505 2159 598 2185; x_wconf 90' lang='lat' dir='ltr'>doceat</span> <span class='ocrx_word' id='word_1_574' title='bbox 617 2156 740 2183; x_wconf 84' lang='lat' dir='ltr'>iniurias.</span> <span class='ocrx_word' id='word_1_575' title='bbox 795 2157 841 2182; x_wconf 64' lang='lat' dir='ltr'>Al.</span> <span class='ocrx_word' id='word_1_576' title='bbox 867 2155 982 2182; x_wconf 87' lang='lat' dir='ltr'>modice.</span> <span class='ocrx_word' id='word_1_577' title='bbox 1057 2155 1203 2182; x_wconf 84' lang='lat' dir='ltr'>Munificus</span> <span class='ocrx_word' id='word_1_578' title='bbox 1224 2155 1341 2182; x_wconf 80' lang='lat' dir='ltr'>modeste</span> 
     </span>
     <span class='ocr_line' id='line_1_57' title="bbox 269 2190 1342 2228; baseline -0.004 -6"><span class='ocrx_word' id='word_1_579' title='bbox 269 2201 340 2228; x_wconf 77' lang='lat' dir='ltr'>Hor.</span> <span class='ocrx_word' id='word_1_580' title='bbox 353 2199 437 2225; x_wconf 78' lang='lat' dir='ltr'>Serm.</span> <span class='ocrx_word' id='word_1_581' title='bbox 455 2206 471 2228; x_wconf 90' lang='grc'>1,</span> <span class='ocrx_word' id='word_1_582' title='bbox 485 2205 514 2227; x_wconf 87' lang='grc'>2,</span> <span class='ocrx_word' id='word_1_583' title='bbox 527 2202 568 2227; x_wconf 75' lang='lat'>50.</span> <span class='ocrx_word' id='word_1_584' title='bbox 644 2193 745 2219; x_wconf 86' lang='lat' dir='ltr'>Gercre</span> <span class='ocrx_word' id='word_1_585' title='bbox 759 2192 783 2218; x_wconf 85' lang='lat' dir='ltr'>se</span> <span class='ocrx_word' id='word_1_586' title='bbox 799 2191 916 2218; x_wconf 80' lang='lat' dir='ltr'>modeste</span> <span class='ocrx_word' id='word_1_587' title='bbox 930 2198 955 2219; x_wconf 89' lang='lat' dir='ltr'>et</span> <span class='ocrx_word' id='word_1_588' title='bbox 971 2190 1134 2218; x_wconf 75' lang='lat' dir='ltr'>abstinenter</span> <span class='ocrx_word' id='word_1_589' title='bbox 1155 2191 1184 2217; x_wconf 94' lang='lat' dir='ltr'>in</span> <span class='ocrx_word' id='word_1_590' title='bbox 1201 2192 1290 2226; x_wconf 79' lang='lat' dir='ltr'>aliqua</span> <span class='ocrx_word' id='word_1_591' title='bbox 1303 2191 1342 2218; x_wconf 80' lang='lat' dir='ltr'>di-</span> 
     </span>
     <span class='ocr_line' id='line_1_58' title="bbox 269 2227 1389 2272; baseline -0.008 -10"><span class='ocrx_word' id='word_1_592' title='bbox 269 2237 371 2272; x_wconf 77' lang='lat' dir='ltr'>gnitate</span> <span class='ocrx_word' id='word_1_593' title='bbox 397 2234 453 2260; x_wconf 85' lang='lat' dir='ltr'>Cic.</span> <span class='ocrx_word' id='word_1_594' title='bbox 468 2232 496 2259; x_wconf 90' lang='lat' dir='ltr'>in</span> <span class='ocrx_word' id='word_1_595' title='bbox 510 2229 611 2257; x_wconf 86' lang='lat' dir='ltr'>Sallust.</span> <span class='ocrx_word' id='word_1_596' title='bbox 625 2238 660 2263; x_wconf 89' lang='lat'>¹9·</span> <span class='ocrx_word' id='word_1_597' title='bbox 735 2228 830 2253; x_wconf 82' lang='lat' dir='ltr'>Parere</span> <span class='ocrx_word' id='word_1_598' title='bbox 844 2227 961 2255; x_wconf 71' lang='lat' dir='ltr'>utodeste</span> <span class='ocrx_word' id='word_1_599' title='bbox 986 2228 1025 2254; x_wconf 92' lang='lat' dir='ltr'>Id.</span> <span class='ocrx_word' id='word_1_600' title='bbox 1040 2228 1070 2254; x_wconf 80' lang='lat' dir='ltr'>de</span> <span class='ocrx_word' id='word_1_601' title='bbox 1084 2228 1176 2263; x_wconf 75' lang='lat' dir='ltr'>Legib.</span> <span class='ocrx_word' id='word_1_602' title='bbox 1187 2237 1209 2261; x_wconf 77' lang='lat'>3,</span> <span class='ocrx_word' id='word_1_603' title='bbox 1226 2238 1243 2254; x_wconf 86' lang='lat'>1.</span> <span class='ocrx_word' id='word_1_604' title='bbox 1281 2227 1341 2255; x_wconf 82' lang='lat' dir='ltr'>Sall.</span> <span class='ocrx_word' id='word_1_605' title='bbox 1362 2235 1389 2262; x_wconf 74' lang='lat'>55</span> 
     </span>
     <span class='ocr_line' id='line_1_59' title="bbox 270 2262 1379 2306; baseline -0.016 -1"><span class='ocrx_word' id='word_1_606' title='bbox 270 2274 328 2306; x_wconf 68' lang='lat' dir='ltr'>Iug-</span> <span class='ocrx_word' id='word_1_607' title='bbox 345 2281 374 2304; x_wconf 71' lang='lat'>72</span> <span class='ocrx_word' id='word_1_608' title='bbox 387 2280 410 2301; x_wconf 63' lang='lat'>4-</span> <span class='ocrx_word' id='word_1_609' title='bbox 482 2266 530 2293; x_wconf 86' lang='lat' dir='ltr'>Vti</span> <span class='ocrx_word' id='word_1_610' title='bbox 544 2266 634 2300; x_wconf 83' lang='lat' dir='ltr'>lingua</span> <span class='ocrx_word' id='word_1_611' title='bbox 649 2273 704 2290; x_wconf 89' lang='lat' dir='ltr'>non</span> <span class='ocrx_word' id='word_1_612' title='bbox 718 2262 835 2289; x_wconf 85' lang='lat' dir='ltr'>modeste</span> <span class='ocrx_word' id='word_1_613' title='bbox 869 2263 952 2289; x_wconf 87' lang='lat' dir='ltr'>Ouid.</span> <span class='ocrx_word' id='word_1_614' title='bbox 969 2263 1034 2289; x_wconf 80' lang='lat' dir='ltr'>Fast.</span> <span class='ocrx_word' id='word_1_615' title='bbox 1049 2273 1074 2291; x_wconf 72' lang='grc' dir='ltr'>ε,</span> <span class='ocrx_word' id='word_1_616' title='bbox 1089 2266 1152 2298; x_wconf 75' lang='grc'>607.</span> <span class='ocrx_word' id='word_1_617' title='bbox 1226 2266 1343 2299; x_wconf 69' lang='lat' dir='ltr'>Compar.</span> <span class='ocrx_word' id='word_1_618' title='bbox 1376 2276 1379 2277; x_wconf 33' lang='grc' dir='ltr'><em>ν</em></span> 
     </span>
     <span class='ocr_line' id='line_1_60' title="bbox 272 2298 1342 2338; baseline -0.008 -4"><span class='ocrx_word' id='word_1_619' title='bbox 272 2309 347 2336; x_wconf 86' lang='lat' dir='ltr'>Curt.</span> <span class='ocrx_word' id='word_1_620' title='bbox 358 2315 394 2338; x_wconf 89' lang='grc'>10,</span> <span class='ocrx_word' id='word_1_621' title='bbox 403 2307 430 2337; x_wconf 84' lang='grc'>6,</span> <span class='ocrx_word' id='word_1_622' title='bbox 444 2310 467 2334; x_wconf 80' lang='lat'>18</span> <span class='ocrx_word' id='word_1_623' title='bbox 488 2302 634 2330; x_wconf 79' lang='lat' dir='ltr'>Modestius</span> <span class='ocrx_word' id='word_1_624' title='bbox 649 2306 778 2334; x_wconf 80' lang='lat' dir='ltr'>appetere.</span> <span class='ocrx_word' id='word_1_625' title='bbox 832 2300 863 2325; x_wconf 89' lang='lat' dir='ltr'>Iu</span> <span class='ocrx_word' id='word_1_626' title='bbox 877 2298 1008 2324; x_wconf 83' lang='lat' dir='ltr'>conuiuio</span> <span class='ocrx_word' id='word_1_627' title='bbox 1017 2299 1342 2326; x_wconf 69' lang='lat' dir='ltr'>Ess‘emodestiusGracch.</span> 
     </span>
     <span class='ocr_line' id='line_1_61' title="bbox 270 2335 1342 2380; baseline -0.004 -16"><span class='ocrx_word' id='word_1_628' title='bbox 270 2352 310 2380; x_wconf 55' lang='lat' dir='ltr'>ap,</span> <span class='ocrx_word' id='word_1_629' title='bbox 327 2342 395 2369; x_wconf 57' lang='lat' dir='ltr'>cell.</span> <span class='ocrx_word' id='word_1_630' title='bbox 412 2350 451 2370; x_wconf 75' lang='grc' dir='ltr'>ις,</span> <span class='ocrx_word' id='word_1_631' title='bbox 471 2349 502 2366; x_wconf 78' lang='lat'>12.</span> <span class='ocrx_word' id='word_1_632' title='bbox 580 2338 674 2372; x_wconf 78' lang='lat' dir='ltr'>Superl.</span> <span class='ocrx_word' id='word_1_633' title='bbox 714 2335 922 2370; x_wconf 63' lang='grc' dir='ltr'>[σωφρονέςιτα]</span> <span class='ocrx_word' id='word_1_634' title='bbox 965 2335 1042 2360; x_wconf 79' lang='lat' dir='ltr'>Varr.</span> <span class='ocrx_word' id='word_1_635' title='bbox 1069 2335 1181 2369; x_wconf 85' lang='lat' dir='ltr'>Modio,</span> <span class='ocrx_word' id='word_1_636' title='bbox 1210 2335 1275 2362; x_wconf 90' lang='lat' dir='ltr'>Non</span> <span class='ocrx_word' id='word_1_637' title='bbox 1295 2343 1342 2360; x_wconf 88' lang='lat' dir='ltr'>eos</span> 
     </span>
     <span class='ocr_line' id='line_1_62' title="bbox 272 2369 1344 2415; baseline -0.007 -10"><span class='ocrx_word' id='word_1_638' title='bbox 272 2380 375 2415; x_wconf 88' lang='lat' dir='ltr'>optime</span> <span class='ocrx_word' id='word_1_639' title='bbox 390 2377 493 2408; x_wconf 79' lang='lat' dir='ltr'>vixiss&#39;e,</span> <span class='ocrx_word' id='word_1_640' title='bbox 513 2374 561 2409; x_wconf 79' lang='lat' dir='ltr'>qui</span> <span class='ocrx_word' id='word_1_641' title='bbox 576 2372 717 2399; x_wconf 83' lang='lat' dir='ltr'>diutislime</span> <span class='ocrx_word' id='word_1_642' title='bbox 731 2371 865 2404; x_wconf 73' lang='lat' dir='ltr'>vixerint,</span> <span class='ocrx_word' id='word_1_643' title='bbox 891 2370 934 2397; x_wconf 85' lang='lat' dir='ltr'>sed</span> <span class='ocrx_word' id='word_1_644' title='bbox 948 2370 995 2404; x_wconf 90' lang='lat' dir='ltr'>qui</span> <span class='ocrx_word' id='word_1_645' title='bbox 1008 2369 1202 2397; x_wconf 83' lang='lat' dir='ltr'>modestissirne.</span> <span class='ocrx_word' id='word_1_646' title='bbox 1240 2371 1258 2397; x_wconf 83' lang='grc' dir='ltr'>ι’.</span> <span class='ocrx_word' id='word_1_647' title='bbox 1284 2371 1344 2397; x_wconf 88' lang='grc' dir='ltr'>Μο-</span> 
     </span>
     <span class='ocr_line' id='line_1_63' title="bbox 272 2405 1394 2447; baseline -0.008 -4"><span class='ocrx_word' id='word_1_648' title='bbox 272 2416 342 2446; x_wconf 86' lang='lat' dir='ltr'>dice,</span> <span class='ocrx_word' id='word_1_649' title='bbox 359 2411 574 2447; x_wconf 84' lang='lat' dir='ltr'>inquitNonius.</span> <span class='ocrx_word' id='word_1_650' title='bbox 629 2405 1044 2442; x_wconf 76' lang='lat' dir='ltr'>Dignitarequammodestimine</span> <span class='ocrx_word' id='word_1_651' title='bbox 1054 2407 1092 2432; x_wconf 84' lang='lat' dir='ltr'>vti</span> <span class='ocrx_word' id='word_1_652' title='bbox 1112 2406 1343 2441; x_wconf 81' lang='lat' dir='ltr'>Plin.Epist.1,19.</span> <span class='ocrx_word' id='word_1_653' title='bbox 1358 2409 1394 2434; x_wconf 86' lang='lat'>60</span> 
     </span>
    </p>

    <p class='ocr_par' dir='ltr' id='par_1_14' title="bbox 273 2441 1396 3384">
     <span class='ocr_line' id='line_1_64' title="bbox 310 2441 1344 2479; baseline -0.006 -4"><span class='ocrx_word' id='word_1_654' title='bbox 310 2459 333 2477; x_wconf 81' lang='lat' dir='ltr'>M</span> <span class='ocrx_word' id='word_1_655' title='bbox 346 2457 365 2477; x_wconf 82' lang='lat' dir='ltr'>O</span> <span class='ocrx_word' id='word_1_656' title='bbox 376 2456 394 2476; x_wconf 83' lang='grc' dir='ltr'>Ι)</span> <span class='ocrx_word' id='word_1_657' title='bbox 406 2455 421 2474; x_wconf 83' lang='lat' dir='ltr'>F.</span> <span class='ocrx_word' id='word_1_658' title='bbox 437 2455 449 2474; x_wconf 77' lang='lat' dir='ltr'>S</span> <span class='ocrx_word' id='word_1_659' title='bbox 465 2454 487 2474; x_wconf 85' lang='lat' dir='ltr'>&#39;r</span> <span class='ocrx_word' id='word_1_660' title='bbox 502 2453 541 2473; x_wconf 79' lang='lat' dir='ltr'>IA</span> <span class='ocrx_word' id='word_1_661' title='bbox 551 2467 560 2479; x_wconf 87' lang='lat'>‚</span> <span class='ocrx_word' id='word_1_662' title='bbox 580 2454 619 2472; x_wconf 83' lang='lat' dir='ltr'>ae.</span> <span class='ocrx_word' id='word_1_663' title='bbox 645 2444 664 2471; x_wconf 91' lang='lat' dir='ltr'>f.</span> <span class='ocrx_word' id='word_1_664' title='bbox 702 2441 868 2477; x_wconf 61' lang='lat' dir='ltr'>[ammeca-61⁴⁹),</span> <span class='ocrx_word' id='word_1_665' title='bbox 890 2443 1004 2475; x_wconf 69' lang='grc' dir='ltr'>εὐταξία,</span> <span class='ocrx_word' id='word_1_666' title='bbox 1022 2447 1051 2468; x_wconf 85' lang='grc' dir='ltr'>τὸ</span> <span class='ocrx_word' id='word_1_667' title='bbox 1065 2443 1176 2478; x_wconf 75' lang='grc' dir='ltr'>κῆσμιον]</span> <span class='ocrx_word' id='word_1_668' title='bbox 1213 2450 1243 2468; x_wconf 79' lang='lat' dir='ltr'>vt</span> <span class='ocrx_word' id='word_1_669' title='bbox 1255 2443 1344 2478; x_wconf 73' lang='lat' dir='ltr'>definit</span> 
     </span>
     <span class='ocr_line' id='line_1_65' title="bbox 273 2477 1344 2516; baseline -0.009 -2"><span class='ocrx_word' id='word_1_670' title='bbox 273 2487 378 2515; x_wconf 67' lang='lat' dir='ltr'>Auftor</span> <span class='ocrx_word' id='word_1_671' title='bbox 392 2483 424 2510; x_wconf 88' lang='lat' dir='ltr'>ad</span> <span class='ocrx_word' id='word_1_672' title='bbox 439 2485 557 2510; x_wconf 82' lang='lat' dir='ltr'>Herenn.</span> <span class='ocrx_word' id='word_1_673' title='bbox 575 2492 595 2516; x_wconf 76' lang='lat'>3,</span> <span class='ocrx_word' id='word_1_674' title='bbox 611 2491 620 2513; x_wconf 83' lang='lat'><em>3</em></span> <span class='ocrx_word' id='word_1_675' title='bbox 641 2491 662 2507; x_wconf 87' lang='lat' dir='ltr'>c.</span> <span class='ocrx_word' id='word_1_676' title='bbox 679 2489 691 2506; x_wconf 85' lang='lat'>2</span> <span class='ocrx_word' id='word_1_677' title='bbox 710 2487 774 2505; x_wconf 72' lang='lat' dir='ltr'>extr.</span> <span class='ocrx_word' id='word_1_678' title='bbox 812 2478 853 2505; x_wconf 84' lang='lat' dir='ltr'>Est</span> <span class='ocrx_word' id='word_1_679' title='bbox 871 2477 899 2504; x_wconf 83' lang='lat' dir='ltr'>in</span> <span class='ocrx_word' id='word_1_680' title='bbox 919 2478 1011 2504; x_wconf 90' lang='lat' dir='ltr'>animo</span> <span class='ocrx_word' id='word_1_681' title='bbox 1032 2478 1173 2504; x_wconf 83' lang='lat' dir='ltr'>continens</span> <span class='ocrx_word' id='word_1_682' title='bbox 1193 2478 1344 2505; x_wconf 82' lang='lat' dir='ltr'>moderatio</span> 
     </span>
     <span class='ocr_line' id='line_1_66' title="bbox 273 2514 1342 2558; baseline -0.008 -10"><span class='ocrx_word' id='word_1_683' title='bbox 273 2521 459 2558; x_wconf 83' lang='lat' dir='ltr'>cupiditatum.</span> <span class='ocrx_word' id='word_1_684' title='bbox 533 2518 590 2545; x_wconf 72' lang='lat' dir='ltr'>Cic.</span> <span class='ocrx_word' id='word_1_685' title='bbox 610 2517 663 2544; x_wconf 81' lang='lat' dir='ltr'>Off.</span> <span class='ocrx_word' id='word_1_686' title='bbox 681 2527 686 2542; x_wconf 95' lang='grc'>1</span> <span class='ocrx_word' id='word_1_687' title='bbox 708 2525 731 2549; x_wconf 84' lang='lat' dir='ltr'>c.</span> <span class='ocrx_word' id='word_1_688' title='bbox 745 2525 757 2546; x_wconf 92' lang='lat'>5</span> <span class='ocrx_word' id='word_1_689' title='bbox 784 2514 935 2541; x_wconf 87' lang='lat' dir='ltr'>Honestum</span> <span class='ocrx_word' id='word_1_690' title='bbox 967 2529 1013 2534; x_wconf 94' lang='lat'>——</span> <span class='ocrx_word' id='word_1_691' title='bbox 1034 2515 1155 2541; x_wconf 85' lang='lat' dir='ltr'>versatur</span> <span class='ocrx_word' id='word_1_692' title='bbox 1186 2530 1232 2535; x_wconf 73' lang='lat'>——</span> <span class='ocrx_word' id='word_1_693' title='bbox 1254 2515 1342 2541; x_wconf 85' lang='lat' dir='ltr'>autin</span> 
     </span>
     <span class='ocr_line' id='line_1_67' title="bbox 274 2549 1345 2588; baseline -0.008 -2"><span class='ocrx_word' id='word_1_694' title='bbox 274 2559 397 2586; x_wconf 70' lang='lat' dir='ltr'>omnium</span> <span class='ocrx_word' id='word_1_695' title='bbox 412 2565 478 2583; x_wconf 81' lang='lat' dir='ltr'>uuae</span> <span class='ocrx_word' id='word_1_696' title='bbox 493 2556 577 2588; x_wconf 75' lang='lat' dir='ltr'>siunt,</span> <span class='ocrx_word' id='word_1_697' title='bbox 604 2561 724 2588; x_wconf 84' lang='lat' dir='ltr'>quaeque</span> <span class='ocrx_word' id='word_1_698' title='bbox 746 2551 872 2577; x_wconf 86' lang='lat' dir='ltr'>dicuntur</span> <span class='ocrx_word' id='word_1_699' title='bbox 890 2549 987 2577; x_wconf 85' lang='lat' dir='ltr'>ordine</span> <span class='ocrx_word' id='word_1_700' title='bbox 1001 2556 1027 2577; x_wconf 84' lang='lat' dir='ltr'>et</span> <span class='ocrx_word' id='word_1_701' title='bbox 1040 2550 1122 2578; x_wconf 87' lang='lat' dir='ltr'>modo</span> <span class='ocrx_word' id='word_1_702' title='bbox 1132 2571 1139 2583; x_wconf 89' lang='lat'>,</span> <span class='ocrx_word' id='word_1_703' title='bbox 1164 2549 1193 2576; x_wconf 93' lang='lat' dir='ltr'>in</span> <span class='ocrx_word' id='word_1_704' title='bbox 1207 2559 1262 2585; x_wconf 93' lang='lat' dir='ltr'>quo</span> <span class='ocrx_word' id='word_1_705' title='bbox 1277 2550 1345 2577; x_wconf 82' lang='lat' dir='ltr'>inest</span> 
     </span>
     <span class='ocr_line' id='line_1_68' title="bbox 273 2585 1390 2626; baseline -0.008 -3"><span class='ocrx_word' id='word_1_706' title='bbox 273 2594 403 2623; x_wconf 82' lang='lat' dir='ltr'>modestia</span> <span class='ocrx_word' id='word_1_707' title='bbox 416 2585 441 2619; x_wconf 77' lang='lat' dir='ltr'>et</span> <span class='ocrx_word' id='word_1_708' title='bbox 456 2590 640 2626; x_wconf 85' lang='lat' dir='ltr'>temperantia.</span> <span class='ocrx_word' id='word_1_709' title='bbox 697 2589 795 2614; x_wconf 73' lang='lat' dir='ltr'>Laudat</span> <span class='ocrx_word' id='word_1_710' title='bbox 816 2587 939 2613; x_wconf 67' lang='lat' dir='ltr'>Gruterus</span> <span class='ocrx_word' id='word_1_711' title='bbox 957 2587 1082 2613; x_wconf 55' lang='lat' dir='ltr'>lurionem</span> <span class='ocrx_word' id='word_1_712' title='bbox 1095 2587 1157 2612; x_wconf 67' lang='lat' dir='ltr'>libri</span> <span class='ocrx_word' id='word_1_713' title='bbox 1170 2588 1226 2613; x_wconf 81' lang='lat' dir='ltr'>Pal.</span> <span class='ocrx_word' id='word_1_714' title='bbox 1244 2587 1274 2613; x_wconf 88' lang='lat' dir='ltr'>in</span> <span class='ocrx_word' id='word_1_715' title='bbox 1289 2595 1343 2621; x_wconf 90' lang='lat' dir='ltr'>quo</span> <span class='ocrx_word' id='word_1_716' title='bbox 1358 2590 1390 2620; x_wconf 76' lang='lat'>65</span> 
     </span>
     <span class='ocr_line' id='line_1_69' title="bbox 274 2622 1342 2659; baseline -0.01 -1"><span class='ocrx_word' id='word_1_717' title='bbox 274 2632 317 2659; x_wconf 86' lang='lat' dir='ltr'>vis</span> <span class='ocrx_word' id='word_1_718' title='bbox 330 2630 365 2656; x_wconf 84' lang='lat' dir='ltr'>est</span> <span class='ocrx_word' id='word_1_719' title='bbox 385 2628 528 2656; x_wconf 80' lang='lat' dir='ltr'>modestiae</span> <span class='ocrx_word' id='word_1_720' title='bbox 548 2634 574 2653; x_wconf 89' lang='lat' dir='ltr'>et</span> <span class='ocrx_word' id='word_1_721' title='bbox 592 2623 790 2659; x_wconf 83' lang='lat' dir='ltr'>temperantiae.</span> <span class='ocrx_word' id='word_1_722' title='bbox 861 2622 900 2649; x_wconf 92' lang='lat' dir='ltr'>Id.</span> <span class='ocrx_word' id='word_1_723' title='bbox 922 2622 980 2648; x_wconf 85' lang='lat' dir='ltr'>Cic.</span> <span class='ocrx_word' id='word_1_724' title='bbox 1002 2623 1056 2649; x_wconf 77' lang='lat' dir='ltr'>Off.</span> <span class='ocrx_word' id='word_1_725' title='bbox 1075 2632 1099 2653; x_wconf 91' lang='grc'>1,</span> <span class='ocrx_word' id='word_1_726' title='bbox 1122 2632 1164 2654; x_wconf 83' lang='grc'>142</span> <span class='ocrx_word' id='word_1_727' title='bbox 1183 2632 1204 2650; x_wconf 86' lang='lat' dir='ltr'>c.</span> <span class='ocrx_word' id='word_1_728' title='bbox 1222 2632 1255 2655; x_wconf 83' lang='lat'>40</span> <span class='ocrx_word' id='word_1_729' title='bbox 1290 2633 1342 2648; x_wconf 73' lang='lat' dir='ltr'>rum</span> 
     </span>
     <span class='ocr_line' id='line_1_70' title="bbox 274 2658 1344 2700; baseline -0.007 -7"><span class='ocrx_word' id='word_1_730' title='bbox 274 2667 385 2700; x_wconf 58' lang='grc' dir='ltr'>εὖταξιαυ</span> <span class='ocrx_word' id='word_1_731' title='bbox 399 2664 558 2700; x_wconf 64' lang='lat' dir='ltr'>nmnhzffz,</span> <span class='ocrx_word' id='word_1_732' title='bbox 575 2661 697 2697; x_wconf 68' lang='lat' dir='ltr'>subiicst,</span> <span class='ocrx_word' id='word_1_733' title='bbox 724 2659 789 2685; x_wconf 86' lang='lat' dir='ltr'>Non</span> <span class='ocrx_word' id='word_1_734' title='bbox 803 2658 886 2691; x_wconf 85' lang='lat' dir='ltr'>hanc,</span> <span class='ocrx_word' id='word_1_735' title='bbox 906 2667 984 2693; x_wconf 86' lang='lat' dir='ltr'>quam</span> <span class='ocrx_word' id='word_1_736' title='bbox 998 2658 1208 2694; x_wconf 76' lang='lat' dir='ltr'>interpretamur</span> <span class='ocrx_word' id='word_1_737' title='bbox 1220 2658 1344 2685; x_wconf 75' lang='lat' dir='ltr'>modesti.</span> 
     </span>
     <span class='ocr_line' id='line_1_71' title="bbox 274 2691 1344 2736; baseline -0.008 -6"><span class='ocrx_word' id='word_1_738' title='bbox 274 2712 318 2731; x_wconf 80' lang='lat' dir='ltr'>am</span> <span class='ocrx_word' id='word_1_739' title='bbox 360 2710 414 2736; x_wconf 89' lang='lat' dir='ltr'>quo</span> <span class='ocrx_word' id='word_1_740' title='bbox 435 2701 464 2727; x_wconf 87' lang='lat' dir='ltr'>in</span> <span class='ocrx_word' id='word_1_741' title='bbox 484 2698 570 2726; x_wconf 87' lang='lat' dir='ltr'>verbo</span> <span class='ocrx_word' id='word_1_742' title='bbox 590 2696 685 2724; x_wconf 88' lang='lat' dir='ltr'>modus</span> <span class='ocrx_word' id='word_1_743' title='bbox 707 2694 782 2722; x_wconf 82' lang='lat' dir='ltr'>inest.</span> <span class='ocrx_word' id='word_1_744' title='bbox 841 2695 891 2721; x_wconf 70' lang='lat' dir='ltr'>Seu</span> <span class='ocrx_word' id='word_1_745' title='bbox 910 2704 973 2721; x_wconf 67' lang='lat' dir='ltr'>mox.</span> <span class='ocrx_word' id='word_1_746' title='bbox 1031 2695 1072 2721; x_wconf 87' lang='lat' dir='ltr'>Sic</span> <span class='ocrx_word' id='word_1_747' title='bbox 1091 2694 1137 2727; x_wconf 87' lang='lat' dir='ltr'>sit,</span> <span class='ocrx_word' id='word_1_748' title='bbox 1164 2701 1194 2721; x_wconf 91' lang='lat' dir='ltr'>vt</span> <span class='ocrx_word' id='word_1_749' title='bbox 1215 2691 1344 2721; x_wconf 75' lang='lat' dir='ltr'>modestia</span> 
     </span>
     <span class='ocr_line' id='line_1_72' title="bbox 274 2726 1343 2772; baseline -0.009 -5"><span class='ocrx_word' id='word_1_750' title='bbox 274 2726 356 2771; x_wconf 72' lang='lat' dir='ltr'>hae’c,</span> <span class='ocrx_word' id='word_1_751' title='bbox 377 2747 456 2772; x_wconf 86' lang='lat' dir='ltr'>quam</span> <span class='ocrx_word' id='word_1_752' title='bbox 469 2737 506 2762; x_wconf 89' lang='lat' dir='ltr'>ita</span> <span class='ocrx_word' id='word_1_753' title='bbox 521 2735 746 2768; x_wconf 84' lang='lat' dir='ltr'>interpretamur,</span> <span class='ocrx_word' id='word_1_754' title='bbox 766 2736 795 2757; x_wconf 89' lang='lat' dir='ltr'>vt</span> <span class='ocrx_word' id='word_1_755' title='bbox 808 2730 880 2764; x_wconf 86' lang='lat' dir='ltr'>dixi,</span> <span class='ocrx_word' id='word_1_756' title='bbox 902 2730 1012 2757; x_wconf 83' lang='lat' dir='ltr'>scientia</span> <span class='ocrx_word' id='word_1_757' title='bbox 1020 2730 1048 2757; x_wconf 83' lang='lat' dir='ltr'>fit</span> <span class='ocrx_word' id='word_1_758' title='bbox 1063 2731 1272 2766; x_wconf 77' lang='lat' dir='ltr'>opportunitatis</span> <span class='ocrx_word' id='word_1_759' title='bbox 1286 2731 1343 2757; x_wconf 86' lang='lat' dir='ltr'>ido-</span> 
     </span>
     <span class='ocr_line' id='line_1_73' title="bbox 275 2766 1392 2806; baseline -0.008 -4"><span class='ocrx_word' id='word_1_760' title='bbox 275 2784 391 2802; x_wconf 86' lang='lat' dir='ltr'>neorum</span> <span class='ocrx_word' id='word_1_761' title='bbox 405 2773 435 2799; x_wconf 84' lang='lat' dir='ltr'>ad</span> <span class='ocrx_word' id='word_1_762' title='bbox 450 2770 551 2806; x_wconf 86' lang='lat' dir='ltr'>aliquid</span> <span class='ocrx_word' id='word_1_763' title='bbox 567 2769 699 2805; x_wconf 85' lang='lat' dir='ltr'>agendum</span> <span class='ocrx_word' id='word_1_764' title='bbox 711 2774 871 2802; x_wconf 83' lang='lat' dir='ltr'>temporum.</span> <span class='ocrx_word' id='word_1_765' title='bbox 946 2766 984 2794; x_wconf 87' lang='lat' dir='ltr'>Id.</span> <span class='ocrx_word' id='word_1_766' title='bbox 1001 2767 1084 2793; x_wconf 86' lang='lat' dir='ltr'>Tusc.</span> <span class='ocrx_word' id='word_1_767' title='bbox 1100 2777 1110 2799; x_wconf 84' lang='lat'>3</span> <span class='ocrx_word' id='word_1_768' title='bbox 1132 2772 1175 2797; x_wconf 91' lang='lat' dir='ltr'>c.8</span> <span class='ocrx_word' id='word_1_769' title='bbox 1208 2768 1271 2794; x_wconf 85' lang='lat' dir='ltr'>Eam</span> <span class='ocrx_word' id='word_1_770' title='bbox 1286 2768 1342 2793; x_wconf 78' lang='lat' dir='ltr'>vir·</span> <span class='ocrx_word' id='word_1_771' title='bbox 1356 2775 1392 2802; x_wconf 77' lang='lat'>70</span> 
     </span>
     <span class='ocr_line' id='line_1_74' title="bbox 275 2802 1343 2843; baseline -0.01 -4"><span class='ocrx_word' id='word_1_772' title='bbox 275 2818 361 2839; x_wconf 82' lang='lat' dir='ltr'>tutem</span> <span class='ocrx_word' id='word_1_773' title='bbox 374 2807 519 2843; x_wconf 57' lang='lat' dir='ltr'>aotqvqwxhuu</span> <span class='ocrx_word' id='word_1_774' title='bbox 534 2812 647 2833; x_wconf 86' lang='lat' dir='ltr'>vocant:</span> <span class='ocrx_word' id='word_1_775' title='bbox 686 2813 764 2839; x_wconf 86' lang='lat' dir='ltr'>quam</span> <span class='ocrx_word' id='word_1_776' title='bbox 778 2802 849 2829; x_wconf 91' lang='lat' dir='ltr'>soleo</span> <span class='ocrx_word' id='word_1_777' title='bbox 863 2802 987 2838; x_wconf 87' lang='lat' dir='ltr'>equidem</span> <span class='ocrx_word' id='word_1_778' title='bbox 1001 2808 1057 2829; x_wconf 89' lang='lat' dir='ltr'>tum</span> <span class='ocrx_word' id='word_1_779' title='bbox 1073 2803 1277 2837; x_wconf 86' lang='lat' dir='ltr'>temperantiam</span> <span class='ocrx_word' id='word_1_780' title='bbox 1286 2809 1343 2829; x_wconf 82' lang='grc'>111111</span> 
     </span>
     <span class='ocr_line' id='line_1_75' title="bbox 277 2837 1345 2878; baseline -0.008 -3"><span class='ocrx_word' id='word_1_781' title='bbox 277 2846 491 2875; x_wconf 83' lang='lat' dir='ltr'>moderationem</span> <span class='ocrx_word' id='word_1_782' title='bbox 511 2843 661 2878; x_wconf 80' lang='lat' dir='ltr'>appellare,</span> <span class='ocrx_word' id='word_1_783' title='bbox 689 2847 882 2873; x_wconf 85' lang='lat' dir='ltr'>nonnunquam</span> <span class='ocrx_word' id='word_1_784' title='bbox 901 2839 983 2865; x_wconf 84' lang='lat' dir='ltr'>etiam</span> <span class='ocrx_word' id='word_1_785' title='bbox 999 2838 1168 2866; x_wconf 83' lang='lat' dir='ltr'>Modestiam.</span> <span class='ocrx_word' id='word_1_786' title='bbox 1216 2841 1286 2865; x_wconf 77' lang='lat' dir='ltr'>Add.</span> <span class='ocrx_word' id='word_1_787' title='bbox 1306 2837 1345 2866; x_wconf 87' lang='lat' dir='ltr'>Id.</span> 
     </span>
     <span class='ocr_line' id='line_1_76' title="bbox 278 2875 1344 2911; baseline -0.01 0"><span class='ocrx_word' id='word_1_788' title='bbox 278 2883 333 2911; x_wconf 82' lang='lat' dir='ltr'>Off.</span> <span class='ocrx_word' id='word_1_789' title='bbox 349 2891 359 2909; x_wconf 86' lang='lat'>1</span> <span class='ocrx_word' id='word_1_790' title='bbox 378 2891 439 2908; x_wconf 73' lang='lat' dir='ltr'>c.1&lt;.</span> <span class='ocrx_word' id='word_1_791' title='bbox 476 2881 505 2906; x_wconf 84' lang='lat' dir='ltr'>it.</span> <span class='ocrx_word' id='word_1_792' title='bbox 520 2886 549 2905; x_wconf 55' lang='lat' dir='ltr'>ae</span> <span class='ocrx_word' id='word_1_793' title='bbox 556 2879 611 2905; x_wconf 73' lang='lat' dir='ltr'>Flu.</span> <span class='ocrx_word' id='word_1_794' title='bbox 627 2887 669 2904; x_wconf 85' lang='lat' dir='ltr'>2c.</span> <span class='ocrx_word' id='word_1_795' title='bbox 679 2886 714 2910; x_wconf 86' lang='grc'>19.</span> <span class='ocrx_word' id='word_1_796' title='bbox 751 2877 781 2902; x_wconf 82' lang='lat' dir='ltr'>it.</span> <span class='ocrx_word' id='word_1_797' title='bbox 795 2884 844 2910; x_wconf 89' lang='lat' dir='ltr'>pro</span> <span class='ocrx_word' id='word_1_798' title='bbox 858 2875 940 2902; x_wconf 84' lang='lat' dir='ltr'>Deiot</span> <span class='ocrx_word' id='word_1_799' title='bbox 942 2895 1062 2902; x_wconf 91' lang='grc'><strong><em>.....</em></strong></span> <span class='ocrx_word' id='word_1_800' title='bbox 1136 2875 1344 2907; x_wconf 73' lang='lat' dir='ltr'>Sententiarum,</span> 
     </span>
     <span class='ocr_line' id='line_1_77' title="bbox 277 2910 1345 2952; baseline -0.007 -8"><span class='ocrx_word' id='word_1_801' title='bbox 277 2926 304 2946; x_wconf 85' lang='lat' dir='ltr'>et</span> <span class='ocrx_word' id='word_1_802' title='bbox 320 2916 537 2952; x_wconf 73' lang='lat' dir='ltr'>compositionis,</span> <span class='ocrx_word' id='word_1_803' title='bbox 564 2921 590 2941; x_wconf 88' lang='lat' dir='ltr'>et</span> <span class='ocrx_word' id='word_1_804' title='bbox 611 2914 699 2947; x_wconf 86' lang='lat' dir='ltr'>vocis,</span> <span class='ocrx_word' id='word_1_805' title='bbox 723 2918 748 2939; x_wconf 88' lang='lat' dir='ltr'>et</span> <span class='ocrx_word' id='word_1_806' title='bbox 763 2912 852 2938; x_wconf 87' lang='lat' dir='ltr'>vultus</span> <span class='ocrx_word' id='word_1_807' title='bbox 866 2910 993 2938; x_wconf 89' lang='lat' dir='ltr'>modestia</span> <span class='ocrx_word' id='word_1_808' title='bbox 1018 2910 1152 2944; x_wconf 69' lang='lat' dir='ltr'>Qiine&#39;til.</span> <span class='ocrx_word' id='word_1_809' title='bbox 1167 2921 1229 2944; x_wconf 67' lang='grc'>,1,1.</span> <span class='ocrx_word' id='word_1_810' title='bbox 1286 2911 1345 2937; x_wconf 88' lang='lat' dir='ltr'>Mo-</span> 
     </span>
     <span class='ocr_line' id='line_1_78' title="bbox 278 2941 1391 2983; baseline -0.009 -1"><span class='ocrx_word' id='word_1_811' title='bbox 278 2955 359 2982; x_wconf 85' lang='lat' dir='ltr'>destia</span> <span class='ocrx_word' id='word_1_812' title='bbox 372 2953 407 2980; x_wconf 80' lang='lat' dir='ltr'>cst</span> <span class='ocrx_word' id='word_1_813' title='bbox 416 2951 524 2978; x_wconf 90' lang='lat' dir='ltr'>scientia</span> <span class='ocrx_word' id='word_1_814' title='bbox 537 2959 628 2977; x_wconf 84' lang='lat' dir='ltr'>earum</span> <span class='ocrx_word' id='word_1_815' title='bbox 637 2957 812 2983; x_wconf 84' lang='lat' dir='ltr'>rerum,quae</span> <span class='ocrx_word' id='word_1_816' title='bbox 825 2953 936 2982; x_wconf 79' lang='lat' dir='ltr'>agentur</span> <span class='ocrx_word' id='word_1_817' title='bbox 947 2952 992 2974; x_wconf 87' lang='lat' dir='ltr'>aut</span> <span class='ocrx_word' id='word_1_818' title='bbox 1004 2947 1142 2977; x_wconf 81' lang='lat' dir='ltr'>dicentur,</span> <span class='ocrx_word' id='word_1_819' title='bbox 1163 2947 1225 2973; x_wconf 87' lang='lat' dir='ltr'>loco</span> <span class='ocrx_word' id='word_1_820' title='bbox 1240 2947 1287 2973; x_wconf 93' lang='lat' dir='ltr'>suo</span> <span class='ocrx_word' id='word_1_821' title='bbox 1295 2941 1346 2972; x_wconf 82' lang='lat' dir='ltr'>col·</span> <span class='ocrx_word' id='word_1_822' title='bbox 1359 2952 1391 2979; x_wconf 74' lang='lat'>73</span> 
     </span>
     <span class='ocr_line' id='line_1_79' title="bbox 277 2981 1345 3019; baseline -0.008 -1"><span class='ocrx_word' id='word_1_823' title='bbox 277 2990 450 3018; x_wconf 81' lang='lat' dir='ltr'>locandarum</span> <span class='ocrx_word' id='word_1_824' title='bbox 478 2987 534 3014; x_wconf 91' lang='lat' dir='ltr'>Cic.</span> <span class='ocrx_word' id='word_1_825' title='bbox 550 2985 603 3013; x_wconf 82' lang='lat' dir='ltr'>Off.</span> <span class='ocrx_word' id='word_1_826' title='bbox 621 2995 646 3019; x_wconf 84' lang='lat'>1,</span> <span class='ocrx_word' id='word_1_827' title='bbox 666 2995 716 3019; x_wconf 79' lang='lat'>142.</span> <span class='ocrx_word' id='word_1_828' title='bbox 790 2984 947 3010; x_wconf 86' lang='lat' dir='ltr'>Humanitas</span> <span class='ocrx_word' id='word_1_829' title='bbox 968 2989 994 3010; x_wconf 88' lang='lat' dir='ltr'>et</span> <span class='ocrx_word' id='word_1_830' title='bbox 1012 2982 1140 3009; x_wconf 80' lang='lat' dir='ltr'>modestia</span> <span class='ocrx_word' id='word_1_831' title='bbox 1160 2983 1273 3009; x_wconf 86' lang='lat' dir='ltr'>alicuius</span> <span class='ocrx_word' id='word_1_832' title='bbox 1307 2981 1345 3009; x_wconf 87' lang='lat' dir='ltr'>Id.</span> 
     </span>
     <span class='ocr_line' id='line_1_80' title="bbox 276 3018 1347 3059; baseline -0.014 1"><span class='ocrx_word' id='word_1_833' title='bbox 276 3029 333 3055; x_wconf 62' lang='lat' dir='ltr'>Ast-</span> <span class='ocrx_word' id='word_1_834' title='bbox 349 3037 377 3059; x_wconf 79' lang='lat'>77</span> <span class='ocrx_word' id='word_1_835' title='bbox 400 3035 420 3055; x_wconf 81' lang='lat'>5.</span> <span class='ocrx_word' id='word_1_836' title='bbox 494 3022 606 3049; x_wconf 85' lang='lat' dir='ltr'>Pudoris</span> <span class='ocrx_word' id='word_1_837' title='bbox 619 3028 645 3048; x_wconf 82' lang='lat' dir='ltr'>et</span> <span class='ocrx_word' id='word_1_838' title='bbox 658 3020 801 3047; x_wconf 80' lang='lat' dir='ltr'>modestiae</span> <span class='ocrx_word' id='word_1_839' title='bbox 822 3019 945 3054; x_wconf 82' lang='lat' dir='ltr'>magistra</span> <span class='ocrx_word' id='word_1_840' title='bbox 957 3019 1083 3046; x_wconf 76' lang='lat' dir='ltr'>seueritas</span> <span class='ocrx_word' id='word_1_841' title='bbox 1096 3019 1225 3046; x_wconf 87' lang='lat' dir='ltr'>Censoria</span> <span class='ocrx_word' id='word_1_842' title='bbox 1257 3018 1296 3046; x_wconf 89' lang='lat' dir='ltr'>Id.</span> <span class='ocrx_word' id='word_1_843' title='bbox 1318 3018 1347 3045; x_wconf 84' lang='lat' dir='ltr'>in</span> 
     </span>
     <span class='ocr_line' id='line_1_81' title="bbox 278 3054 1347 3094; baseline -0.008 -4"><span class='ocrx_word' id='word_1_844' title='bbox 278 3064 366 3091; x_wconf 88' lang='lat' dir='ltr'>Pison.</span> <span class='ocrx_word' id='word_1_845' title='bbox 381 3072 405 3094; x_wconf 74' lang='lat'>9.</span> <span class='ocrx_word' id='word_1_846' title='bbox 479 3058 556 3086; x_wconf 73' lang='lat' dir='ltr'>Leffi</span> <span class='ocrx_word' id='word_1_847' title='bbox 571 3057 698 3084; x_wconf 88' lang='lat' dir='ltr'>modestia</span> <span class='ocrx_word' id='word_1_848' title='bbox 711 3056 787 3082; x_wconf 88' lang='lat' dir='ltr'>vacui</span> <span class='ocrx_word' id='word_1_849' title='bbox 815 3057 877 3082; x_wconf 85' lang='lat' dir='ltr'>Stat.</span> <span class='ocrx_word' id='word_1_850' title='bbox 892 3056 957 3083; x_wconf 85' lang='lat' dir='ltr'>Silu.</span> <span class='ocrx_word' id='word_1_851' title='bbox 973 3066 990 3090; x_wconf 84' lang='lat'>1,</span> <span class='ocrx_word' id='word_1_852' title='bbox 1004 3064 1026 3089; x_wconf 82' lang='lat'>2,</span> <span class='ocrx_word' id='word_1_853' title='bbox 1041 3058 1089 3082; x_wconf 80' lang='lat'>162.</span> <span class='ocrx_word' id='word_1_854' title='bbox 1163 3055 1242 3082; x_wconf 81' lang='lat' dir='ltr'>Vitae</span> <span class='ocrx_word' id='word_1_855' title='bbox 1256 3054 1347 3081; x_wconf 77' lang='lat' dir='ltr'>mode-</span> 
     </span>
     <span class='ocr_line' id='line_1_82' title="bbox 279 3091 1346 3132; baseline -0.008 -7"><span class='ocrx_word' id='word_1_856' title='bbox 279 3100 325 3126; x_wconf 76' lang='lat' dir='ltr'>stia</span> <span class='ocrx_word' id='word_1_857' title='bbox 341 3108 395 3124; x_wconf 90' lang='lat' dir='ltr'>non</span> <span class='ocrx_word' id='word_1_858' title='bbox 411 3105 504 3132; x_wconf 86' lang='lat' dir='ltr'>parum</span> <span class='ocrx_word' id='word_1_859' title='bbox 521 3094 590 3120; x_wconf 85' lang='lat' dir='ltr'>valet</span> <span class='ocrx_word' id='word_1_860' title='bbox 604 3099 696 3120; x_wconf 82' lang='lat' dir='ltr'>contra</span> <span class='ocrx_word' id='word_1_861' title='bbox 708 3092 785 3118; x_wconf 76' lang='lat' dir='ltr'>falsos</span> <span class='ocrx_word' id='word_1_862' title='bbox 801 3100 923 3118; x_wconf 86' lang='lat' dir='ltr'>rumores</span> <span class='ocrx_word' id='word_1_863' title='bbox 950 3093 1007 3120; x_wconf 83' lang='lat' dir='ltr'>Cic.</span> <span class='ocrx_word' id='word_1_864' title='bbox 1021 3092 1093 3119; x_wconf 84' lang='lat' dir='ltr'>Fam.</span> <span class='ocrx_word' id='word_1_865' title='bbox 1108 3101 1138 3127; x_wconf 87' lang='lat' dir='ltr'>n,</span> <span class='ocrx_word' id='word_1_866' title='bbox 1154 3098 1190 3122; x_wconf 78' lang='lat'>28.</span> <span class='ocrx_word' id='word_1_867' title='bbox 1246 3091 1346 3117; x_wconf 86' lang='lat' dir='ltr'>Diuina</span> 
     </span>
     <span class='ocr_line' id='line_1_83' title="bbox 280 3127 1393 3162; baseline -0.01 0"><span class='ocrx_word' id='word_1_868' title='bbox 280 3134 372 3162; x_wconf 88' lang='lat' dir='ltr'>Claud.</span> <span class='ocrx_word' id='word_1_869' title='bbox 389 3133 466 3160; x_wconf 84' lang='lat' dir='ltr'>Cous.</span> <span class='ocrx_word' id='word_1_870' title='bbox 484 3130 557 3158; x_wconf 87' lang='lat' dir='ltr'>Mall.</span> <span class='ocrx_word' id='word_1_871' title='bbox 573 3129 685 3157; x_wconf 87' lang='lat' dir='ltr'>Theod.</span> <span class='ocrx_word' id='word_1_872' title='bbox 699 3137 746 3160; x_wconf 77' lang='lat'>217.</span> <span class='ocrx_word' id='word_1_873' title='bbox 821 3129 935 3154; x_wconf 78' lang='lat' dir='ltr'>Praccox</span> <span class='ocrx_word' id='word_1_874' title='bbox 962 3129 1022 3155; x_wconf 77' lang='lat' dir='ltr'>Stat.</span> <span class='ocrx_word' id='word_1_875' title='bbox 1037 3129 1100 3155; x_wconf 85' lang='lat' dir='ltr'>Silu.</span> <span class='ocrx_word' id='word_1_876' title='bbox 1115 3138 1139 3162; x_wconf 79' lang='lat'>2,</span> <span class='ocrx_word' id='word_1_877' title='bbox 1153 3138 1177 3161; x_wconf 82' lang='lat'>1,</span> <span class='ocrx_word' id='word_1_878' title='bbox 1191 3137 1227 3161; x_wconf 82' lang='lat'>39.</span> <span class='ocrx_word' id='word_1_879' title='bbox 1285 3127 1346 3153; x_wconf 87' lang='lat' dir='ltr'>Vir·</span> <span class='ocrx_word' id='word_1_880' title='bbox 1362 3130 1393 3156; x_wconf 82' lang='lat'>80</span> 
     </span>
     <span class='ocr_line' id='line_1_84' title="bbox 280 3163 1348 3206; baseline -0.011 -9"><span class='ocrx_word' id='word_1_881' title='bbox 280 3171 376 3206; x_wconf 82' lang='lat' dir='ltr'>ginalis</span> <span class='ocrx_word' id='word_1_882' title='bbox 403 3169 458 3195; x_wconf 85' lang='lat' dir='ltr'>Cic.</span> <span class='ocrx_word' id='word_1_883' title='bbox 476 3167 507 3194; x_wconf 91' lang='lat' dir='ltr'>de</span> <span class='ocrx_word' id='word_1_884' title='bbox 523 3166 616 3193; x_wconf 88' lang='lat' dir='ltr'>Diuin.</span> <span class='ocrx_word' id='word_1_885' title='bbox 633 3176 651 3201; x_wconf 79' lang='lat'>1,</span> <span class='ocrx_word' id='word_1_886' title='bbox 666 3167 708 3192; x_wconf 82' lang='lat'>66.</span> <span class='ocrx_word' id='word_1_887' title='bbox 782 3163 925 3197; x_wconf 84' lang='lat' dir='ltr'>Comparat</span> <span class='ocrx_word' id='word_1_888' title='bbox 939 3173 985 3198; x_wconf 81' lang='lat' dir='ltr'>per</span> <span class='ocrx_word' id='word_1_889' title='bbox 998 3164 1154 3190; x_wconf 85' lang='lat' dir='ltr'>modestiam</span> <span class='ocrx_word' id='word_1_890' title='bbox 1164 3164 1251 3199; x_wconf 88' lang='lat' dir='ltr'>pudor</span> <span class='ocrx_word' id='word_1_891' title='bbox 1265 3163 1348 3190; x_wconf 82' lang='lat' dir='ltr'>hone.</span> 
     </span>
     <span class='ocr_line' id='line_1_85' title="bbox 280 3198 1368 3234; baseline -0.007 -1"><span class='ocrx_word' id='word_1_892' title='bbox 280 3208 333 3234; x_wconf 84' lang='lat' dir='ltr'>ssus</span> <span class='ocrx_word' id='word_1_893' title='bbox 347 3206 443 3232; x_wconf 85' lang='lat' dir='ltr'>claram</span> <span class='ocrx_word' id='word_1_894' title='bbox 457 3209 483 3229; x_wconf 86' lang='lat' dir='ltr'>et</span> <span class='ocrx_word' id='word_1_895' title='bbox 499 3203 618 3229; x_wconf 80' lang='lat' dir='ltr'>stabilem</span> <span class='ocrx_word' id='word_1_896' title='bbox 632 3200 820 3228; x_wconf 70' lang='lat' dir='ltr'>a11&amp;oritateiii</span> <span class='ocrx_word' id='word_1_897' title='bbox 853 3198 892 3226; x_wconf 87' lang='lat' dir='ltr'>Id.</span> <span class='ocrx_word' id='word_1_898' title='bbox 906 3199 938 3225; x_wconf 84' lang='lat' dir='ltr'>de</span> <span class='ocrx_word' id='word_1_899' title='bbox 951 3201 1056 3226; x_wconf 85' lang='lat' dir='ltr'>Inucnt.</span> <span class='ocrx_word' id='word_1_900' title='bbox 1069 3209 1090 3234; x_wconf 78' lang='lat'>2,</span> <span class='ocrx_word' id='word_1_901' title='bbox 1106 3203 1147 3232; x_wconf 74' lang='lat'>164</span> <span class='ocrx_word' id='word_1_902' title='bbox 1167 3211 1187 3226; x_wconf 83' lang='lat' dir='ltr'>c.</span> <span class='ocrx_word' id='word_1_903' title='bbox 1202 3209 1239 3233; x_wconf 73' lang='lat'>34.</span> <span class='ocrx_word' id='word_1_904' title='bbox 1296 3200 1348 3226; x_wconf 90' lang='lat' dir='ltr'>Mi-</span> <span class='ocrx_word' id='word_1_905' title='bbox 1365 3200 1368 3202; x_wconf 84' lang='lat'>&#39;</span> 
     </span>
     <span class='ocr_line' id='line_1_86' title="bbox 281 3235 1347 3277; baseline -0.007 -8"><span class='ocrx_word' id='word_1_906' title='bbox 281 3243 366 3277; x_wconf 84' lang='lat' dir='ltr'>tigare</span> <span class='ocrx_word' id='word_1_907' title='bbox 379 3241 497 3273; x_wconf 87' lang='lat' dir='ltr'>aliquem</span> <span class='ocrx_word' id='word_1_908' title='bbox 510 3238 638 3264; x_wconf 82' lang='lat' dir='ltr'>modestia</span> <span class='ocrx_word' id='word_1_909' title='bbox 664 3235 797 3270; x_wconf 63' lang='lat' dir='ltr'>Quinetil.</span> <span class='ocrx_word' id='word_1_910' title='bbox 809 3244 832 3266; x_wconf 81' lang='lat'>5,</span> <span class='ocrx_word' id='word_1_911' title='bbox 845 3245 866 3268; x_wconf 89' lang='lat'>7.</span> <span class='ocrx_word' id='word_1_912' title='bbox 938 3235 1080 3270; x_wconf 84' lang='lat' dir='ltr'>Ingenium</span> <span class='ocrx_word' id='word_1_913' title='bbox 1098 3236 1216 3271; x_wconf 65' lang='lat' dir='ltr'>probitas</span> <span class='ocrx_word' id='word_1_914' title='bbox 1225 3257 1233 3268; x_wconf 91' lang='lat'>,</span> <span class='ocrx_word' id='word_1_915' title='bbox 1253 3242 1347 3262; x_wconf 86' lang='lat' dir='ltr'>artem-</span> 
     </span>
     <span class='ocr_line' id='line_1_87' title="bbox 283 3268 1348 3312; baseline -0.004 -13"><span class='ocrx_word' id='word_1_916' title='bbox 283 3287 334 3312; x_wconf 71' lang='lat' dir='ltr'>que</span> <span class='ocrx_word' id='word_1_917' title='bbox 347 3276 474 3304; x_wconf 78' lang='lat' dir='ltr'>modestia</span> <span class='ocrx_word' id='word_1_918' title='bbox 488 3273 580 3300; x_wconf 81' lang='lat' dir='ltr'>Vincit</span> <span class='ocrx_word' id='word_1_919' title='bbox 608 3274 670 3300; x_wconf 87' lang='lat' dir='ltr'>Stat.</span> <span class='ocrx_word' id='word_1_920' title='bbox 685 3273 749 3300; x_wconf 83' lang='lat' dir='ltr'>Silu.</span> <span class='ocrx_word' id='word_1_921' title='bbox 765 3282 785 3306; x_wconf 81' lang='lat'>3,</span> <span class='ocrx_word' id='word_1_922' title='bbox 799 3281 822 3304; x_wconf 84' lang='lat'>5,</span> <span class='ocrx_word' id='word_1_923' title='bbox 837 3274 875 3304; x_wconf 84' lang='lat'>67.</span> <span class='ocrx_word' id='word_1_924' title='bbox 986 3306 991 3310; x_wconf 29' lang='grc' dir='ltr'><em>η</em></span> <span class='ocrx_word' id='word_1_925' title='bbox 1035 3268 1056 3308; x_wconf 59' lang='lat' dir='ltr'>q</span> <span class='ocrx_word' id='word_1_926' title='bbox 1076 3280 1088 3296; x_wconf 81' lang='lat'><strong>2</strong></span> <span class='ocrx_word' id='word_1_927' title='bbox 1126 3272 1272 3305; x_wconf 75' lang='lat' dir='ltr'>Modestia,</span> <span class='ocrx_word' id='word_1_928' title='bbox 1294 3273 1348 3298; x_wconf 81' lang='lat' dir='ltr'>Me-</span> 
     </span>
     <span class='ocr_line' id='line_1_88' title="bbox 283 3306 1396 3342; baseline -0.003 -4"><span class='ocrx_word' id='word_1_929' title='bbox 283 3314 413 3340; x_wconf 58' lang='lat' dir='ltr'>dicernat.</span> <span class='ocrx_word' id='word_1_930' title='bbox 486 3309 579 3337; x_wconf 87' lang='lat' dir='ltr'>Tacit.</span> <span class='ocrx_word' id='word_1_931' title='bbox 593 3310 662 3336; x_wconf 87' lang='lat' dir='ltr'>Ann.</span> <span class='ocrx_word' id='word_1_932' title='bbox 678 3319 702 3342; x_wconf 83' lang='lat'>1,</span> <span class='ocrx_word' id='word_1_933' title='bbox 718 3319 753 3341; x_wconf 89' lang='lat' dir='ltr'>n,</span> <span class='ocrx_word' id='word_1_934' title='bbox 769 3318 780 3340; x_wconf 82' lang='lat'>3</span> <span class='ocrx_word' id='word_1_935' title='bbox 810 3307 857 3334; x_wconf 88' lang='lat' dir='ltr'>llle</span> <span class='ocrx_word' id='word_1_936' title='bbox 879 3307 953 3334; x_wconf 79' lang='lat' dir='ltr'>varie</span> <span class='ocrx_word' id='word_1_937' title='bbox 966 3306 1104 3333; x_wconf 68' lang='lat' dir='ltr'>diss&#39;crcbat</span> <span class='ocrx_word' id='word_1_938' title='bbox 1119 3307 1151 3333; x_wconf 86' lang='lat' dir='ltr'>de</span> <span class='ocrx_word' id='word_1_939' title='bbox 1164 3307 1348 3342; x_wconf 79' lang='lat' dir='ltr'>magnitudine</span> <span class='ocrx_word' id='word_1_940' title='bbox 1368 3309 1396 3337; x_wconf 81' lang='lat'>85</span> 
     </span>
     <span class='ocr_line' id='line_1_89' title="bbox 282 3345 976 3384; baseline -0.009 -9"><span class='ocrx_word' id='word_1_941' title='bbox 282 3348 412 3384; x_wconf 86' lang='lat' dir='ltr'>Imperii,</span> <span class='ocrx_word' id='word_1_942' title='bbox 431 3349 475 3375; x_wconf 89' lang='lat' dir='ltr'>sua</span> <span class='ocrx_word' id='word_1_943' title='bbox 488 3345 625 3374; x_wconf 87' lang='lat' dir='ltr'>modestia.</span> <span class='ocrx_word' id='word_1_944' title='bbox 682 3345 755 3379; x_wconf 84' lang='lat' dir='ltr'>Conf.</span> <span class='ocrx_word' id='word_1_945' title='bbox 771 3346 839 3371; x_wconf 87' lang='lat' dir='ltr'>Ann.</span> <span class='ocrx_word' id='word_1_946' title='bbox 855 3352 888 3377; x_wconf 86' lang='lat'>12,</span> <span class='ocrx_word' id='word_1_947' title='bbox 901 3352 942 3377; x_wconf 77' lang='lat'>43,</span> <span class='ocrx_word' id='word_1_948' title='bbox 955 3351 976 3376; x_wconf 83' lang='lat'>3.</span> 
     </span>
    </p>
   </div>
   <div class='ocr_carea' id='block_1_7' title="bbox 1350 986 1384 1004">
    <p class='ocr_par' dir='ltr' id='par_1_15' title="bbox 1350 986 1384 1004">
     <span class='ocr_line' id='line_1_90' title="bbox 1350 986 1384 1004; baseline 0 0"><span class='ocrx_word' id='word_1_949' title='bbox 1350 986 1384 1004; x_wconf 79' lang='lat'>20</span> 
     </span>
    </p>
   </div>
   <div class='ocr_carea' id='block_1_8' title="bbox 837 1368 1337 1405">
    <p class='ocr_par' dir='ltr' id='par_1_16' title="bbox 837 1368 1337 1405">
     <span class='ocr_line' id='line_1_91' title="bbox 837 1368 1337 1405; baseline 0.006 -10"><span class='ocrx_word' id='word_1_950' title='bbox 837 1368 1042 1397; x_wconf 84' lang='lat' dir='ltr'>Moderamenta</span> <span class='ocrx_word' id='word_1_951' title='bbox 1065 1380 1164 1399; x_wconf 85' lang='lat' dir='ltr'>vocum</span> <span class='ocrx_word' id='word_1_952' title='bbox 1179 1371 1250 1398; x_wconf 86' lang='lat' dir='ltr'>Gell.</span> <span class='ocrx_word' id='word_1_953' title='bbox 1265 1381 1302 1405; x_wconf 84' lang='lat'>13,</span> <span class='ocrx_word' id='word_1_954' title='bbox 1320 1372 1337 1398; x_wconf 90' lang='lat'><strong>6</strong></span> 
     </span>
    </p>
   </div>
   <div class='ocr_carea' id='block_1_9' title="bbox 1143 1765 1342 1792">
    <p class='ocr_par' dir='ltr' id='par_1_17' title="bbox 1143 1765 1342 1792">
     <span class='ocr_line' id='line_1_92' title="bbox 1143 1765 1342 1792; baseline 0 0"><span class='ocrx_word' id='word_1_955' title='bbox 1143 1767 1236 1792; x_wconf 87' lang='lat' dir='ltr'>Homo</span> <span class='ocrx_word' id='word_1_956' title='bbox 1251 1765 1342 1792; x_wconf 83' lang='lat' dir='ltr'>mode-</span> 
     </span>
    </p>
   </div>
   <div class='ocr_carea' id='block_1_10' title="bbox 689 3403 972 3451">
    <p class='ocr_par' dir='ltr' id='par_1_18' title="bbox 689 3403 972 3451">
     <span class='ocr_line' id='line_1_93' title="bbox 689 3403 972 3451; baseline -0.011 0"><span class='ocrx_word' id='word_1_957' title='bbox 689 3403 972 3451; x_wconf 79' lang='lat' dir='ltr'>MOE&#39;</span> 
     </span>
    </p>
   </div>
   <div class='ocr_carea' id='block_1_11' title="bbox 287 3491 1397 4064">
    <p class='ocr_par' dir='ltr' id='par_1_19' title="bbox 321 3491 914 3525">
     <span class='ocr_line' id='line_1_94' title="bbox 321 3491 914 3525; baseline -0.01 -5"><span class='ocrx_word' id='word_1_958' title='bbox 321 3498 456 3520; x_wconf 64' lang='lat' dir='ltr'>noter:</span> <span class='ocrx_word' id='word_1_959' title='bbox 470 3497 549 3518; x_wconf 67' lang='lat' dir='ltr'>uns</span> <span class='ocrx_word' id='word_1_960' title='bbox 563 3512 572 3525; x_wconf 91' lang='lat'><em>‚</em></span> <span class='ocrx_word' id='word_1_961' title='bbox 609 3491 663 3517; x_wconf 79' lang='lat' dir='ltr'>vid.</span> <span class='ocrx_word' id='word_1_962' title='bbox 683 3495 814 3517; x_wconf 74' lang='lat' dir='ltr'>MArcr</span> <span class='ocrx_word' id='word_1_963' title='bbox 827 3494 914 3515; x_wconf 75' lang='lat' dir='ltr'>NAS.</span> 
     </span>
    </p>

    <p class='ocr_par' dir='ltr' id='par_1_20' title="bbox 287 3522 1397 3849">
     <span class='ocr_line' id='line_1_95' title="bbox 323 3522 1350 3561; baseline -0.009 -6"><span class='ocrx_word' id='word_1_964' title='bbox 323 3536 375 3556; x_wconf 83' lang='grc' dir='ltr'>ΜΟ</span> <span class='ocrx_word' id='word_1_965' title='bbox 386 3535 426 3555; x_wconf 83' lang='lat' dir='ltr'>EC</span> <span class='ocrx_word' id='word_1_966' title='bbox 438 3535 488 3554; x_wconf 82' lang='lat' dir='ltr'>HV</span> <span class='ocrx_word' id='word_1_967' title='bbox 499 3534 511 3553; x_wconf 88' lang='lat' dir='ltr'>S</span> <span class='ocrx_word' id='word_1_968' title='bbox 522 3547 530 3560; x_wconf 86' lang='lat'>,</span> <span class='ocrx_word' id='word_1_969' title='bbox 549 3527 567 3553; x_wconf 90' lang='lat' dir='ltr'>i.</span> <span class='ocrx_word' id='word_1_970' title='bbox 589 3536 624 3553; x_wconf 90' lang='lat' dir='ltr'>m.</span> <span class='ocrx_word' id='word_1_971' title='bbox 656 3527 775 3561; x_wconf 76' lang='grc' dir='ltr'>[μοιχὸς]</span> <span class='ocrx_word' id='word_1_972' title='bbox 813 3525 940 3551; x_wconf 79' lang='lat' dir='ltr'>Adulter:</span> <span class='ocrx_word' id='word_1_973' title='bbox 965 3524 1032 3549; x_wconf 77' lang='lat' dir='ltr'>cuius</span> <span class='ocrx_word' id='word_1_974' title='bbox 1040 3522 1193 3557; x_wconf 70' lang='lat' dir='ltr'>femininum</span> <span class='ocrx_word' id='word_1_975' title='bbox 1208 3523 1239 3559; x_wconf 63' lang='lat' dir='ltr'>(st</span> <span class='ocrx_word' id='word_1_976' title='bbox 1259 3530 1283 3550; x_wconf 78' lang='grc' dir='ltr'><strong>Μ</strong></span> <span class='ocrx_word' id='word_1_977' title='bbox 1293 3529 1312 3550; x_wconf 85' lang='grc'>0</span> <span class='ocrx_word' id='word_1_978' title='bbox 1322 3529 1350 3549; x_wconf 73' lang='grc' dir='ltr'>Ε.</span> 
     </span>
     <span class='ocr_line' id='line_1_96' title="bbox 289 3559 1351 3599; baseline -0.006 -8"><span class='ocrx_word' id='word_1_979' title='bbox 289 3571 308 3592; x_wconf 78' lang='lat' dir='ltr'>C</span> <span class='ocrx_word' id='word_1_980' title='bbox 319 3571 339 3590; x_wconf 80' lang='lat' dir='ltr'>H</span> <span class='ocrx_word' id='word_1_981' title='bbox 350 3570 369 3590; x_wconf 80' lang='grc' dir='ltr'>Α</span> <span class='ocrx_word' id='word_1_982' title='bbox 380 3587 388 3599; x_wconf 83' lang='grc'>,</span> <span class='ocrx_word' id='word_1_983' title='bbox 408 3573 446 3591; x_wconf 84' lang='lat' dir='ltr'>ac.</span> <span class='ocrx_word' id='word_1_984' title='bbox 501 3565 637 3590; x_wconf 73' lang='lat' dir='ltr'>Adultera.</span> <span class='ocrx_word' id='word_1_985' title='bbox 693 3563 761 3590; x_wconf 81' lang='lat' dir='ltr'>Ter.</span> <span class='ocrx_word' id='word_1_986' title='bbox 779 3562 843 3588; x_wconf 76' lang='lat' dir='ltr'>Eun.</span> <span class='ocrx_word' id='word_1_987' title='bbox 858 3570 880 3594; x_wconf 83' lang='lat'>5,</span> <span class='ocrx_word' id='word_1_988' title='bbox 894 3569 916 3595; x_wconf 76' lang='grc' dir='ltr'>ς,</span> <span class='ocrx_word' id='word_1_989' title='bbox 932 3569 955 3591; x_wconf 86' lang='grc' dir='ltr'>ις</span> <span class='ocrx_word' id='word_1_990' title='bbox 981 3560 1058 3585; x_wconf 86' lang='lat' dir='ltr'>Nunc</span> <span class='ocrx_word' id='word_1_991' title='bbox 1073 3559 1190 3585; x_wconf 79' lang='lat' dir='ltr'>minatur</span> <span class='ocrx_word' id='word_1_992' title='bbox 1204 3569 1287 3594; x_wconf 89' lang='lat' dir='ltr'>porro</span> <span class='ocrx_word' id='word_1_993' title='bbox 1301 3561 1351 3586; x_wconf 81' lang='lat' dir='ltr'>sese</span> 
     </span>
     <span class='ocr_line' id='line_1_97' title="bbox 287 3595 1350 3633; baseline -0.005 -7"><span class='ocrx_word' id='word_1_994' title='bbox 287 3600 314 3628; x_wconf 79' lang='lat' dir='ltr'>id</span> <span class='ocrx_word' id='word_1_995' title='bbox 332 3600 403 3633; x_wconf 82' lang='lat' dir='ltr'>quod</span> <span class='ocrx_word' id='word_1_996' title='bbox 418 3599 536 3626; x_wconf 87' lang='lat' dir='ltr'>moechis</span> <span class='ocrx_word' id='word_1_997' title='bbox 551 3599 624 3626; x_wconf 85' lang='lat' dir='ltr'>solet.</span> <span class='ocrx_word' id='word_1_998' title='bbox 699 3598 872 3630; x_wconf 58' lang='grc' dir='ltr'>Μαι-113110,</span> <span class='ocrx_word' id='word_1_999' title='bbox 893 3606 914 3629; x_wconf 79' lang='lat'>¹3</span> <span class='ocrx_word' id='word_1_1000' title='bbox 946 3595 985 3622; x_wconf 87' lang='lat' dir='ltr'>Ad</span> <span class='ocrx_word' id='word_1_1001' title='bbox 1005 3595 1136 3621; x_wconf 67' lang='grc'>11061111113</span> <span class='ocrx_word' id='word_1_1002' title='bbox 1156 3596 1223 3621; x_wconf 79' lang='lat' dir='ltr'>iaces</span> <span class='ocrx_word' id='word_1_1003' title='bbox 1243 3596 1350 3622; x_wconf 79' lang='lat' dir='ltr'>fastosae</span> 
     </span>
     <span class='ocr_line' id='line_1_98' title="bbox 288 3630 1349 3668; baseline -0.004 -6"><span class='ocrx_word' id='word_1_1004' title='bbox 288 3636 384 3662; x_wconf 90' lang='lat' dir='ltr'>limina</span> <span class='ocrx_word' id='word_1_1005' title='bbox 398 3635 532 3662; x_wconf 82' lang='lat' dir='ltr'>moechae.</span> <span class='ocrx_word' id='word_1_1006' title='bbox 604 3635 650 3662; x_wconf 90' lang='lat' dir='ltr'>Te</span> <span class='ocrx_word' id='word_1_1007' title='bbox 666 3634 713 3661; x_wconf 87' lang='lat' dir='ltr'>sibi</span> <span class='ocrx_word' id='word_1_1008' title='bbox 729 3641 849 3668; x_wconf 82' lang='lat' dir='ltr'>paratum</span> <span class='ocrx_word' id='word_1_1009' title='bbox 865 3631 1022 3661; x_wconf 89' lang='lat' dir='ltr'>moechum,</span> <span class='ocrx_word' id='word_1_1010' title='bbox 1042 3631 1059 3657; x_wconf 83' lang='lat' dir='ltr'>si</span> <span class='ocrx_word' id='word_1_1011' title='bbox 1072 3630 1145 3656; x_wconf 87' lang='lat' dir='ltr'>illam</span> <span class='ocrx_word' id='word_1_1012' title='bbox 1161 3631 1266 3658; x_wconf 79' lang='lat' dir='ltr'>duxeris</span> <span class='ocrx_word' id='word_1_1013' title='bbox 1279 3632 1349 3658; x_wconf 79' lang='lat' dir='ltr'>Ter.</span> 
     </span>
     <span class='ocr_line' id='line_1_99' title="bbox 288 3666 1397 3707; baseline -0.006 -9"><span class='ocrx_word' id='word_1_1014' title='bbox 288 3671 372 3698; x_wconf 87' lang='lat' dir='ltr'>Andr.</span> <span class='ocrx_word' id='word_1_1015' title='bbox 386 3680 413 3701; x_wconf 81' lang='lat'>2,</span> <span class='ocrx_word' id='word_1_1016' title='bbox 429 3681 452 3704; x_wconf 89' lang='grc'>1,</span> <span class='ocrx_word' id='word_1_1017' title='bbox 473 3674 506 3697; x_wconf 69' lang='grc'>16.</span> <span class='ocrx_word' id='word_1_1018' title='bbox 580 3671 728 3697; x_wconf 88' lang='lat' dir='ltr'>Mulierum</span> <span class='ocrx_word' id='word_1_1019' title='bbox 747 3679 855 3704; x_wconf 85' lang='lat' dir='ltr'>magnus</span> <span class='ocrx_word' id='word_1_1020' title='bbox 871 3667 996 3695; x_wconf 90' lang='lat' dir='ltr'>moechus</span> <span class='ocrx_word' id='word_1_1021' title='bbox 1028 3666 1110 3693; x_wconf 79' lang='lat' dir='ltr'>l&#39;laut.</span> <span class='ocrx_word' id='word_1_1022' title='bbox 1125 3667 1205 3693; x_wconf 85' lang='lat' dir='ltr'>Milit.</span> <span class='ocrx_word' id='word_1_1023' title='bbox 1220 3677 1241 3701; x_wconf 74' lang='lat'>3,</span> <span class='ocrx_word' id='word_1_1024' title='bbox 1258 3678 1282 3700; x_wconf 90' lang='grc'>1,</span> <span class='ocrx_word' id='word_1_1025' title='bbox 1302 3676 1350 3700; x_wconf 81' lang='lat'><strong>¹79-</strong></span> <span class='ocrx_word' id='word_1_1026' title='bbox 1365 3681 1397 3707; x_wconf 78' lang='lat'>93</span> 
     </span>
     <span class='ocr_line' id='line_1_100' title="bbox 289 3703 1350 3741; baseline -0.004 -8"><span class='ocrx_word' id='word_1_1027' title='bbox 289 3706 400 3735; x_wconf 85' lang='lat' dir='ltr'>Moechi</span> <span class='ocrx_word' id='word_1_1028' title='bbox 414 3706 553 3733; x_wconf 86' lang='lat' dir='ltr'>manifesto</span> <span class='ocrx_word' id='word_1_1029' title='bbox 567 3705 729 3741; x_wconf 77' lang='lat' dir='ltr'>Deprehensi</span> <span class='ocrx_word' id='word_1_1030' title='bbox 751 3706 831 3732; x_wconf 84' lang='lat' dir='ltr'>Plaut.</span> <span class='ocrx_word' id='word_1_1031' title='bbox 852 3706 931 3732; x_wconf 84' lang='lat' dir='ltr'>Poen.</span> <span class='ocrx_word' id='word_1_1032' title='bbox 943 3715 980 3737; x_wconf 67' lang='lat'>4,</span> <span class='ocrx_word' id='word_1_1033' title='bbox 998 3712 1026 3733; x_wconf 78' lang='lat'>2,</span> <span class='ocrx_word' id='word_1_1034' title='bbox 1047 3712 1086 3735; x_wconf 72' lang='lat'>40.</span> <span class='ocrx_word' id='word_1_1035' title='bbox 1162 3703 1264 3730; x_wconf 85' lang='lat' dir='ltr'>Notior</span> <span class='ocrx_word' id='word_1_1036' title='bbox 1278 3712 1350 3729; x_wconf 87' lang='lat' dir='ltr'>moe-</span> 
     </span>
     <span class='ocr_line' id='line_1_101' title="bbox 290 3739 1351 3775; baseline -0.004 -6"><span class='ocrx_word' id='word_1_1037' title='bbox 290 3743 354 3770; x_wconf 86' lang='lat' dir='ltr'>chus</span> <span class='ocrx_word' id='word_1_1038' title='bbox 383 3744 473 3769; x_wconf 86' lang='lat' dir='ltr'>quen.</span> <span class='ocrx_word' id='word_1_1039' title='bbox 488 3743 538 3768; x_wconf 85' lang='lat' dir='ltr'>Sat.</span> <span class='ocrx_word' id='word_1_1040' title='bbox 553 3751 567 3775; x_wconf 87' lang='lat'>9</span> <span class='ocrx_word' id='word_1_1041' title='bbox 578 3762 585 3774; x_wconf 90' lang='lat'>,</span> <span class='ocrx_word' id='word_1_1042' title='bbox 600 3752 635 3773; x_wconf 84' lang='lat'>25-</span> <span class='ocrx_word' id='word_1_1043' title='bbox 709 3741 817 3768; x_wconf 77' lang='lat' dir='ltr'>Pusillus</span> <span class='ocrx_word' id='word_1_1044' title='bbox 830 3747 856 3767; x_wconf 89' lang='lat' dir='ltr'>et</span> <span class='ocrx_word' id='word_1_1045' title='bbox 871 3739 1019 3767; x_wconf 84' lang='lat' dir='ltr'>semitarius</span> <span class='ocrx_word' id='word_1_1046' title='bbox 1045 3739 1131 3765; x_wconf 84' lang='lat' dir='ltr'>Catul.</span> <span class='ocrx_word' id='word_1_1047' title='bbox 1145 3741 1173 3770; x_wconf 72' lang='lat'>36</span> <span class='ocrx_word' id='word_1_1048' title='bbox 1186 3761 1194 3773; x_wconf 80' lang='lat'>,</span> <span class='ocrx_word' id='word_1_1049' title='bbox 1215 3742 1248 3766; x_wconf 63' lang='lat'>15.</span> <span class='ocrx_word' id='word_1_1050' title='bbox 1302 3739 1351 3765; x_wconf 84' lang='lat' dir='ltr'>Bu-</span> 
     </span>
     <span class='ocr_line' id='line_1_102' title="bbox 290 3775 1350 3811; baseline -0.004 -6"><span class='ocrx_word' id='word_1_1051' title='bbox 290 3778 386 3806; x_wconf 87' lang='lat' dir='ltr'>stuaria</span> <span class='ocrx_word' id='word_1_1052' title='bbox 396 3798 404 3811; x_wconf 94' lang='lat'>,</span> <span class='ocrx_word' id='word_1_1053' title='bbox 435 3778 488 3804; x_wconf 72' lang='lat' dir='ltr'>vicl.</span> <span class='ocrx_word' id='word_1_1054' title='bbox 514 3784 529 3803; x_wconf 83' lang='lat' dir='ltr'>B</span> <span class='ocrx_word' id='word_1_1055' title='bbox 540 3785 560 3801; x_wconf 83' lang='lat' dir='ltr'>v</span> <span class='ocrx_word' id='word_1_1056' title='bbox 571 3784 584 3803; x_wconf 79' lang='lat' dir='ltr'>s</span> <span class='ocrx_word' id='word_1_1057' title='bbox 593 3784 614 3804; x_wconf 79' lang='lat' dir='ltr'>&#39;r</span> <span class='ocrx_word' id='word_1_1058' title='bbox 624 3785 643 3804; x_wconf 91' lang='lat' dir='ltr'>v</span> <span class='ocrx_word' id='word_1_1059' title='bbox 654 3784 687 3804; x_wconf 71' lang='lat' dir='ltr'>tu.</span> <span class='ocrx_word' id='word_1_1060' title='bbox 763 3777 855 3804; x_wconf 88' lang='lat' dir='ltr'>Putida</span> <span class='ocrx_word' id='word_1_1061' title='bbox 879 3776 964 3803; x_wconf 83' lang='lat' dir='ltr'>Catul.</span> <span class='ocrx_word' id='word_1_1062' title='bbox 979 3785 1026 3810; x_wconf 77' lang='lat'>40,</span> <span class='ocrx_word' id='word_1_1063' title='bbox 1042 3785 1071 3802; x_wconf 91' lang='grc'>11.</span> <span class='ocrx_word' id='word_1_1064' title='bbox 1143 3775 1250 3810; x_wconf 82' lang='lat' dir='ltr'>Turpis</span> <span class='ocrx_word' id='word_1_1065' title='bbox 1277 3775 1350 3801; x_wconf 87' lang='lat' dir='ltr'>Idem</span> 
     </span>
     <span class='ocr_line' id='line_1_103' title="bbox 291 3813 954 3849; baseline 0 -11"><span class='ocrx_word' id='word_1_1066' title='bbox 291 3825 328 3849; x_wconf 81' lang='lat'>40</span> <span class='ocrx_word' id='word_1_1067' title='bbox 350 3814 422 3849; x_wconf 72' lang='lat'>(43)</span> <span class='ocrx_word' id='word_1_1068' title='bbox 444 3822 463 3844; x_wconf 83' lang='lat'>3.</span> <span class='ocrx_word' id='word_1_1069' title='bbox 535 3813 660 3848; x_wconf 82' lang='lat' dir='ltr'>Zelotypa</span> <span class='ocrx_word' id='word_1_1070' title='bbox 687 3815 778 3840; x_wconf 86' lang='lat' dir='ltr'>quen.</span> <span class='ocrx_word' id='word_1_1071' title='bbox 791 3814 841 3840; x_wconf 84' lang='lat' dir='ltr'>Sat.</span> <span class='ocrx_word' id='word_1_1072' title='bbox 855 3814 885 3843; x_wconf 83' lang='lat'>6,</span> <span class='ocrx_word' id='word_1_1073' title='bbox 899 3819 954 3847; x_wconf 76' lang='lat'>273.</span> 
     </span>
    </p>

    <p class='ocr_par' dir='ltr' id='par_1_21' title="bbox 293 3850 1353 3956">
     <span class='ocr_line' id='line_1_104' title="bbox 327 3850 1048 3883; baseline 0 -6"><span class='ocrx_word' id='word_1_1074' title='bbox 327 3850 659 3882; x_wconf 76' lang='lat' dir='ltr'>MOECH1L1.vs‚i.</span> <span class='ocrx_word' id='word_1_1075' title='bbox 687 3859 723 3876; x_wconf 86' lang='lat' dir='ltr'>m.</span> <span class='ocrx_word' id='word_1_1076' title='bbox 1044 3879 1048 3883; x_wconf 75' lang='grc'>,</span> 
     </span>
     <span class='ocr_line' id='line_1_105' title="bbox 293 3882 1353 3921; baseline -0.001 -10"><span class='ocrx_word' id='word_1_1077' title='bbox 293 3887 379 3921; x_wconf 58' lang='lat'><em>(110)</em></span> <span class='ocrx_word' id='word_1_1078' title='bbox 394 3892 436 3921; x_wconf 81' lang='lat' dir='ltr'>pr.</span> <span class='ocrx_word' id='word_1_1079' title='bbox 461 3884 577 3911; x_wconf 87' lang='lat' dir='ltr'>Consule</span> <span class='ocrx_word' id='word_1_1080' title='bbox 592 3885 719 3920; x_wconf 83' lang='lat' dir='ltr'>Pompeio</span> <span class='ocrx_word' id='word_1_1081' title='bbox 732 3885 849 3920; x_wconf 83' lang='lat' dir='ltr'>primum</span> <span class='ocrx_word' id='word_1_1082' title='bbox 864 3884 933 3917; x_wconf 82' lang='lat' dir='ltr'>duo,</span> <span class='ocrx_word' id='word_1_1083' title='bbox 953 3884 1056 3919; x_wconf 82' lang='lat' dir='ltr'>Cinna,</span> <span class='ocrx_word' id='word_1_1084' title='bbox 1074 3882 1190 3910; x_wconf 76' lang='lat' dir='ltr'>solebant</span> <span class='ocrx_word' id='word_1_1085' title='bbox 1204 3882 1353 3910; x_wconf 81' lang='lat' dir='ltr'>Moechilli.</span> 
     </span>
     <span class='ocr_line' id='line_1_106' title="bbox 293 3919 852 3956; baseline -0.005 -7"><span class='ocrx_word' id='word_1_1086' title='bbox 293 3925 343 3949; x_wconf 85' lang='lat' dir='ltr'>Sed</span> <span class='ocrx_word' id='word_1_1087' title='bbox 360 3921 423 3956; x_wconf 68' lang='lat' dir='ltr'>Vqffi</span> <span class='ocrx_word' id='word_1_1088' title='bbox 431 3919 482 3955; x_wconf 74' lang='lat' dir='ltr'>pcfi</span> <span class='ocrx_word' id='word_1_1089' title='bbox 498 3920 591 3954; x_wconf 71' lang='lat' dir='ltr'>Scalig.</span> <span class='ocrx_word' id='word_1_1090' title='bbox 606 3922 666 3955; x_wconf 69' lang='lat' dir='ltr'>legit</span> <span class='ocrx_word' id='word_1_1091' title='bbox 681 3921 787 3947; x_wconf 86' lang='lat' dir='ltr'>Moechi</span> <span class='ocrx_word' id='word_1_1092' title='bbox 803 3921 852 3946; x_wconf 88' lang='lat' dir='ltr'>illi.</span> 
     </span>
    </p>

    <p class='ocr_par' dir='ltr' id='par_1_22' title="bbox 294 3953 1353 4026">
     <span class='ocr_line' id='line_1_107' title="bbox 331 3953 1353 3991; baseline -0.001 -7"><span class='ocrx_word' id='word_1_1093' title='bbox 331 3965 358 3985; x_wconf 80' lang='lat' dir='ltr'>M</span> <span class='ocrx_word' id='word_1_1094' title='bbox 371 3964 391 3984; x_wconf 93' lang='lat'>0</span> <span class='ocrx_word' id='word_1_1095' title='bbox 405 3963 422 3983; x_wconf 86' lang='lat' dir='ltr'>E</span> <span class='ocrx_word' id='word_1_1096' title='bbox 436 3962 453 3983; x_wconf 88' lang='lat' dir='ltr'>C</span> <span class='ocrx_word' id='word_1_1097' title='bbox 464 3961 484 3981; x_wconf 88' lang='grc'>1-1</span> <span class='ocrx_word' id='word_1_1098' title='bbox 496 3961 506 3980; x_wconf 88' lang='grc'>1</span> <span class='ocrx_word' id='word_1_1099' title='bbox 518 3961 557 3987; x_wconf 83' lang='grc' dir='ltr'>Α,</span> <span class='ocrx_word' id='word_1_1100' title='bbox 577 3963 615 3981; x_wconf 87' lang='lat' dir='ltr'>ae.</span> <span class='ocrx_word' id='word_1_1101' title='bbox 635 3956 654 3982; x_wconf 90' lang='lat' dir='ltr'>f.</span> <span class='ocrx_word' id='word_1_1102' title='bbox 692 3955 822 3991; x_wconf 64' lang='grc' dir='ltr'><strong><em>[μοιχεία]</em></strong></span> <span class='ocrx_word' id='word_1_1103' title='bbox 859 3956 1029 3982; x_wconf 80' lang='lat' dir='ltr'>Adulterium.</span> <span class='ocrx_word' id='word_1_1104' title='bbox 1065 3953 1251 3982; x_wconf 79' lang='lat' dir='ltr'>Tertull.adu.</span> <span class='ocrx_word' id='word_1_1105' title='bbox 1261 3954 1353 3983; x_wconf 88' lang='lat' dir='ltr'>Gnost.</span> 
     </span>
     <span class='ocr_line' id='line_1_108' title="bbox 294 3989 889 4026; baseline -0.002 -6"><span class='ocrx_word' id='word_1_1106' title='bbox 294 4002 318 4020; x_wconf 80' lang='lat' dir='ltr'>e.</span> <span class='ocrx_word' id='word_1_1107' title='bbox 330 4003 341 4026; x_wconf 83' lang='lat'><em>3</em></span> <span class='ocrx_word' id='word_1_1108' title='bbox 366 4001 388 4019; x_wconf 77' lang='lat' dir='ltr'>et</span> <span class='ocrx_word' id='word_1_1109' title='bbox 407 3994 435 4018; x_wconf 81' lang='lat' dir='ltr'>de</span> <span class='ocrx_word' id='word_1_1110' title='bbox 449 3989 539 4018; x_wconf 82' lang='lat' dir='ltr'>Pudic.</span> <span class='ocrx_word' id='word_1_1111' title='bbox 553 4000 574 4017; x_wconf 90' lang='lat' dir='ltr'>c.</span> <span class='ocrx_word' id='word_1_1112' title='bbox 584 4000 600 4017; x_wconf 96' lang='grc'>1.</span> <span class='ocrx_word' id='word_1_1113' title='bbox 628 3999 650 4017; x_wconf 79' lang='lat' dir='ltr'>et</span> <span class='ocrx_word' id='word_1_1114' title='bbox 664 3991 695 4018; x_wconf 84' lang='lat' dir='ltr'>de</span> <span class='ocrx_word' id='word_1_1115' title='bbox 709 3993 818 4025; x_wconf 85' lang='lat' dir='ltr'>Monog.</span> <span class='ocrx_word' id='word_1_1116' title='bbox 832 4001 853 4018; x_wconf 91' lang='lat' dir='ltr'>c.</span> <span class='ocrx_word' id='word_1_1117' title='bbox 866 4003 889 4024; x_wconf 82' lang='grc'>4.</span> 
     </span>
    </p>

    <p class='ocr_par' dir='ltr' id='par_1_23' title="bbox 332 4027 1131 4064">
     <span class='ocr_line' id='line_1_109' title="bbox 332 4027 1131 4064; baseline -0.004 -8"><span class='ocrx_word' id='word_1_1118' title='bbox 332 4035 358 4056; x_wconf 83' lang='grc' dir='ltr'><strong><em>Μ</em></strong></span> <span class='ocrx_word' id='word_1_1119' title='bbox 368 4034 387 4056; x_wconf 88' lang='lat'><strong>0</strong></span> <span class='ocrx_word' id='word_1_1120' title='bbox 400 4034 417 4055; x_wconf 79' lang='grc' dir='ltr'>Ε</span> <span class='ocrx_word' id='word_1_1121' title='bbox 427 4034 444 4055; x_wconf 87' lang='lat' dir='ltr'>C</span> <span class='ocrx_word' id='word_1_1122' title='bbox 454 4035 474 4055; x_wconf 82' lang='lat' dir='ltr'>H</span> <span class='ocrx_word' id='word_1_1123' title='bbox 484 4035 507 4056; x_wconf 75' lang='lat' dir='ltr'>A</span> <span class='ocrx_word' id='word_1_1124' title='bbox 519 4032 542 4054; x_wconf 84' lang='grc' dir='ltr'><strong>Τ</strong></span> <span class='ocrx_word' id='word_1_1125' title='bbox 555 4033 596 4056; x_wconf 82' lang='lat'>10</span> <span class='ocrx_word' id='word_1_1126' title='bbox 606 4047 614 4059; x_wconf 84' lang='lat'>,</span> <span class='ocrx_word' id='word_1_1127' title='bbox 634 4027 703 4056; x_wconf 67' lang='lat' dir='ltr'>onis.</span> <span class='ocrx_word' id='word_1_1128' title='bbox 724 4027 743 4054; x_wconf 87' lang='lat' dir='ltr'>s.</span> <span class='ocrx_word' id='word_1_1129' title='bbox 782 4029 849 4055; x_wconf 80' lang='lat' dir='ltr'>Idem</span> <span class='ocrx_word' id='word_1_1130' title='bbox 865 4029 934 4064; x_wconf 78' lang='lat' dir='ltr'>apud</span> <span class='ocrx_word' id='word_1_1131' title='bbox 945 4027 1131 4062; x_wconf 73' lang='lat' dir='ltr'>augustinum</span> 
     </span>
    </p>
   </div>
   <div class='ocr_carea' id='block_1_12' title="bbox 1364 3501 1399 3526">
    <p class='ocr_par' dir='ltr' id='par_1_24' title="bbox 1364 3501 1399 3526">
     <span class='ocr_line' id='line_1_110' title="bbox 1364 3501 1399 3526; baseline 0 -7"><span class='ocrx_word' id='word_1_1132' title='bbox 1364 3501 1399 3526; x_wconf 80' lang='grc'>90</span> 
     </span>
    </p>
   </div>
   <div class='ocr_carea' id='block_1_13' title="bbox 1359 4033 1403 4060">
    <p class='ocr_par' dir='ltr' id='par_1_25' title="bbox 1359 4033 1403 4060">
     <span class='ocr_line' id='line_1_111' title="bbox 1359 4033 1403 4060; baseline 0 -7"><span class='ocrx_word' id='word_1_1133' title='bbox 1359 4033 1403 4060; x_wconf 68' lang='grc'>105</span> 
     </span>
    </p>
   </div>
   <div class='ocr_carea' id='block_1_14' title="bbox 1373 1159 1443 1186">
    <p class='ocr_par' dir='ltr' id='par_1_26' title="bbox 1373 1159 1443 1186">
     <span class='ocr_line' id='line_1_112' title="bbox 1373 1159 1443 1186; baseline 0 0"><span class='ocrx_word' id='word_1_1134' title='bbox 1373 1167 1383 1175; x_wconf 78' lang='grc'><em>”</em></span> <span class='ocrx_word' id='word_1_1135' title='bbox 1400 1159 1443 1186; x_wconf 87' lang='lat' dir='ltr'>tis.</span> 
     </span>
    </p>
   </div>
   <div class='ocr_carea' id='block_1_15' title="bbox 781 3845 1622 3887">
    <p class='ocr_par' dir='ltr' id='par_1_27' title="bbox 781 3845 1622 3887">
     <span class='ocr_line' id='line_1_113' title="bbox 781 3845 1622 3887; baseline -0.004 -12"><span class='ocrx_word' id='word_1_1136' title='bbox 781 3850 866 3875; x_wconf 78' lang='lat' dir='ltr'>Nouus</span> <span class='ocrx_word' id='word_1_1137' title='bbox 887 3850 1003 3880; x_wconf 61' lang='lat' dir='ltr'>multer,</span> <span class='ocrx_word' id='word_1_1138' title='bbox 1025 3846 1140 3881; x_wconf 60' lang='lat' dir='ltr'>‘affl’rtur</span> <span class='ocrx_word' id='word_1_1139' title='bbox 1158 3856 1188 3872; x_wconf 80' lang='lat' dir='ltr'>ex</span> <span class='ocrx_word' id='word_1_1140' title='bbox 1207 3845 1303 3873; x_wconf 86' lang='lat' dir='ltr'>Catuli.</span> <span class='ocrx_word' id='word_1_1141' title='bbox 1317 3848 1496 3882; x_wconf 68' lang='lat' dir='ltr'>112100Epist.</span> <span class='ocrx_word' id='word_1_1142' title='bbox 1517 3854 1622 3887; x_wconf 40' lang='grc'>1,»14,”7.</span> 
     </span>
    </p>
   </div>
   <div class='ocr_carea' id='block_1_16' title="bbox 1800 207 2033 249">
    <p class='ocr_par' dir='ltr' id='par_1_28' title="bbox 1800 207 2033 249">
     <span class='ocr_line' id='line_1_114' title="bbox 1800 207 2033 249; baseline 0.009 -2"><span class='ocrx_word' id='word_1_1143' title='bbox 1800 207 2033 249; x_wconf 93' lang='lat' dir='ltr'>MOE</span> 
     </span>
    </p>
   </div>
   <div class='ocr_carea' id='block_1_17' title="bbox 1393 297 2462 370">
    <p class='ocr_par' dir='ltr' id='par_1_29' title="bbox 1393 297 2462 370">
     <span class='ocr_line' id='line_1_115' title="bbox 1431 297 2462 333; baseline 0.002 -10"><span class='ocrx_word' id='word_1_1144' title='bbox 1431 300 1459 323; x_wconf 80' lang='lat' dir='ltr'>M</span> <span class='ocrx_word' id='word_1_1145' title='bbox 1469 302 1490 324; x_wconf 90' lang='lat'><strong>0</strong></span> <span class='ocrx_word' id='word_1_1146' title='bbox 1501 302 1542 326; x_wconf 86' lang='lat' dir='ltr'>EC</span> <span class='ocrx_word' id='word_1_1147' title='bbox 1550 304 1572 324; x_wconf 82' lang='lat' dir='ltr'><em>H</em></span> <span class='ocrx_word' id='word_1_1148' title='bbox 1580 304 1590 325; x_wconf 89' lang='lat'>1</span> <span class='ocrx_word' id='word_1_1149' title='bbox 1599 303 1612 325; x_wconf 86' lang='lat' dir='ltr'>S</span> <span class='ocrx_word' id='word_1_1150' title='bbox 1622 303 1635 325; x_wconf 88' lang='lat' dir='ltr'>S</span> <span class='ocrx_word' id='word_1_1151' title='bbox 1644 304 1663 326; x_wconf 94' lang='lat'><em>0</em></span> <span class='ocrx_word' id='word_1_1152' title='bbox 1672 318 1680 332; x_wconf 92' lang='lat'>,</span> <span class='ocrx_word' id='word_1_1153' title='bbox 1701 300 1755 325; x_wconf 73' lang='grc' dir='ltr'>ΞΥΕ.</span> <span class='ocrx_word' id='word_1_1154' title='bbox 1794 297 1943 333; x_wconf 72' lang='grc' dir='ltr'><strong><em>[μσιχάζω]</em></strong></span> <span class='ocrx_word' id='word_1_1155' title='bbox 1979 300 2142 333; x_wconf 79' lang='lat' dir='ltr'>Adulterare.</span> <span class='ocrx_word' id='word_1_1156' title='bbox 2186 298 2268 325; x_wconf 80' lang='lat' dir='ltr'>Plaut.</span> <span class='ocrx_word' id='word_1_1157' title='bbox 2284 298 2341 326; x_wconf 82' lang='lat' dir='ltr'>Cas.</span> <span class='ocrx_word' id='word_1_1158' title='bbox 2358 306 2379 332; x_wconf 74' lang='grc' dir='ltr'>ς,</span> <span class='ocrx_word' id='word_1_1159' title='bbox 2397 307 2426 332; x_wconf 82' lang='grc'>4,</span> <span class='ocrx_word' id='word_1_1160' title='bbox 2442 303 2462 333; x_wconf 80' lang='lat'>7</span> 
     </span>
     <span class='ocr_line' id='line_1_116' title="bbox 1393 331 2208 370; baseline 0.004 -13"><span class='ocrx_word' id='word_1_1161' title='bbox 1393 331 1426 358; x_wconf 93' lang='lat' dir='ltr'>In</span> <span class='ocrx_word' id='word_1_1162' title='bbox 1437 332 1569 361; x_wconf 86' lang='lat' dir='ltr'>adulterio</span> <span class='ocrx_word' id='word_1_1163' title='bbox 1583 334 1646 361; x_wconf 85' lang='lat' dir='ltr'>dum</span> <span class='ocrx_word' id='word_1_1164' title='bbox 1660 334 1812 361; x_wconf 81' lang='lat' dir='ltr'>moechissat</span> <span class='ocrx_word' id='word_1_1165' title='bbox 1825 334 1947 360; x_wconf 84' lang='lat' dir='ltr'>Casinam</span> <span class='ocrx_word' id='word_1_1166' title='bbox 1956 355 1965 367; x_wconf 95' lang='lat'>‚</span> <span class='ocrx_word' id='word_1_1167' title='bbox 1990 335 2070 361; x_wconf 82' lang='lat' dir='ltr'>credo</span> <span class='ocrx_word' id='word_1_1168' title='bbox 2084 334 2208 370; x_wconf 78' lang='lat' dir='ltr'>perdidit.</span> 
     </span>
    </p>
   </div>
   <div class='ocr_carea' id='block_1_18' title="bbox 1395 368 2461 436">
    <p class='ocr_par' dir='ltr' id='par_1_30' title="bbox 1395 368 2461 436">
     <span class='ocr_line' id='line_1_117' title="bbox 1409 368 2461 429; baseline 0.001 -35"><span class='ocrx_word' id='word_1_1169' title='bbox 1409 373 1596 429; x_wconf 50' lang='grc' dir='ltr'>ΙΙ1νῐ101ῑε110</span> <span class='ocrx_word' id='word_1_1170' title='bbox 1606 377 1644 404; x_wconf 75' lang='lat' dir='ltr'>R,</span> <span class='ocrx_word' id='word_1_1171' title='bbox 1666 370 1715 398; x_wconf 71' lang='lat' dir='ltr'>ari.</span> <span class='ocrx_word' id='word_1_1172' title='bbox 1755 368 1895 405; x_wconf 69' lang='grc' dir='ltr'>[μοιχεύω]</span> <span class='ocrx_word' id='word_1_1173' title='bbox 1932 372 2009 398; x_wconf 78' lang='lat' dir='ltr'>Idem.</span> <span class='ocrx_word' id='word_1_1174' title='bbox 2048 370 2144 398; x_wconf 85' lang='lat' dir='ltr'>Catull.</span> <span class='ocrx_word' id='word_1_1175' title='bbox 2158 380 2200 406; x_wconf 84' lang='lat'>95,</span> <span class='ocrx_word' id='word_1_1176' title='bbox 2217 380 2224 397; x_wconf 96' lang='grc'>1</span> <span class='ocrx_word' id='word_1_1177' title='bbox 2253 370 2374 397; x_wconf 83' lang='lat' dir='ltr'>Mentula</span> <span class='ocrx_word' id='word_1_1178' title='bbox 2387 378 2461 396; x_wconf 87' lang='lat' dir='ltr'>moe-</span> 
     </span>
     <span class='ocr_line' id='line_1_118' title="bbox 1395 411 1571 436; baseline 0.017 -8"><span class='ocrx_word' id='word_1_1179' title='bbox 1395 412 1410 428; x_wconf 66' lang='lat' dir='ltr'>c.</span> <span class='ocrx_word' id='word_1_1180' title='bbox 1429 411 1444 429; x_wconf 84' lang='lat' dir='ltr'>a</span> <span class='ocrx_word' id='word_1_1181' title='bbox 1456 412 1503 436; x_wconf 86' lang='lat' dir='ltr'>ur,</span> <span class='ocrx_word' id='word_1_1182' title='bbox 1525 412 1571 432; x_wconf 83' lang='lat' dir='ltr'>etc.</span> 
     </span>
    </p>
   </div>
   <div class='ocr_carea' id='block_1_19' title="bbox 1396 442 2480 2438">
    <p class='ocr_par' dir='ltr' id='par_1_31' title="bbox 1396 442 1793 549">
     <span class='ocr_line' id='line_1_119' title="bbox 1433 442 1769 474; baseline -0.006 -4"><span class='ocrx_word' id='word_1_1183' title='bbox 1433 443 1594 467; x_wconf 70' lang='lat' dir='ltr'>MOI-:cni</span> <span class='ocrx_word' id='word_1_1184' title='bbox 1607 449 1669 474; x_wconf 78' lang='lat' dir='ltr'>LE,</span> <span class='ocrx_word' id='word_1_1185' title='bbox 1689 442 1721 470; x_wconf 89' lang='lat' dir='ltr'>is.</span> <span class='ocrx_word' id='word_1_1186' title='bbox 1743 451 1769 468; x_wconf 86' lang='lat' dir='ltr'>n.</span> 
     </span>
     <span class='ocr_line' id='line_1_120' title="bbox 1396 474 1793 508; baseline 0.01 -8"><span class='ocrx_word' id='word_1_1187' title='bbox 1396 481 1452 501; x_wconf 85' lang='lat' dir='ltr'>erat</span> <span class='ocrx_word' id='word_1_1188' title='bbox 1466 474 1494 500; x_wconf 91' lang='lat' dir='ltr'>in</span> <span class='ocrx_word' id='word_1_1189' title='bbox 1513 475 1632 508; x_wconf 77' lang='lat' dir='ltr'>animum</span> <span class='ocrx_word' id='word_1_1190' title='bbox 1652 478 1793 506; x_wconf 84' lang='lat' dir='ltr'>moechile.</span> 
     </span>
     <span class='ocr_line' id='line_1_121' title="bbox 1401 511 1732 549; baseline 0 -13"><span class='ocrx_word' id='word_1_1191' title='bbox 1401 511 1457 536; x_wconf 57' lang='lat' dir='ltr'>sfid.</span> <span class='ocrx_word' id='word_1_1192' title='bbox 1472 512 1561 545; x_wconf 67' lang='lat' dir='ltr'>Clipel&#39;.</span> <span class='ocrx_word' id='word_1_1193' title='bbox 1576 512 1631 546; x_wconf 75' lang='lat' dir='ltr'>Obs.</span> <span class='ocrx_word' id='word_1_1194' title='bbox 1645 523 1675 547; x_wconf 73' lang='lat'>2,</span> <span class='ocrx_word' id='word_1_1195' title='bbox 1696 525 1732 549; x_wconf 67' lang='lat'>‘7‘</span> 
     </span>
    </p>

    <p class='ocr_par' dir='ltr' id='par_1_32' title="bbox 1434 549 2426 585">
     <span class='ocr_line' id='line_1_122' title="bbox 1434 549 2426 585; baseline 0.002 -13"><span class='ocrx_word' id='word_1_1196' title='bbox 1434 553 1459 572; x_wconf 79' lang='lat' dir='ltr'>M</span> <span class='ocrx_word' id='word_1_1197' title='bbox 1468 552 1488 572; x_wconf 90' lang='lat'><em>0</em></span> <span class='ocrx_word' id='word_1_1198' title='bbox 1500 552 1517 572; x_wconf 84' lang='lat' dir='ltr'>E</span> <span class='ocrx_word' id='word_1_1199' title='bbox 1528 552 1545 572; x_wconf 88' lang='lat' dir='ltr'>c</span> <span class='ocrx_word' id='word_1_1200' title='bbox 1554 555 1574 574; x_wconf 83' lang='grc'>11</span> <span class='ocrx_word' id='word_1_1201' title='bbox 1583 554 1593 573; x_wconf 87' lang='grc'>1</span> <span class='ocrx_word' id='word_1_1202' title='bbox 1602 553 1626 572; x_wconf 85' lang='grc' dir='ltr'>Μ</span> <span class='ocrx_word' id='word_1_1203' title='bbox 1635 554 1656 573; x_wconf 88' lang='grc'>0</span> <span class='ocrx_word' id='word_1_1204' title='bbox 1669 555 1693 575; x_wconf 80' lang='lat' dir='ltr'>N</span> <span class='ocrx_word' id='word_1_1205' title='bbox 1704 557 1745 577; x_wconf 81' lang='grc' dir='ltr'>ιν</span> <span class='ocrx_word' id='word_1_1206' title='bbox 1755 557 1782 578; x_wconf 70' lang='grc' dir='ltr'><strong><em>κ</em></strong></span> <span class='ocrx_word' id='word_1_1207' title='bbox 1791 571 1800 584; x_wconf 84' lang='grc'>,</span> <span class='ocrx_word' id='word_1_1208' title='bbox 1822 550 1840 576; x_wconf 82' lang='lat' dir='ltr'>i.</span> <span class='ocrx_word' id='word_1_1209' title='bbox 1864 559 1891 577; x_wconf 89' lang='lat' dir='ltr'>n.</span> <span class='ocrx_word' id='word_1_1210' title='bbox 1930 551 2004 577; x_wconf 81' lang='lat' dir='ltr'>Idem.</span> <span class='ocrx_word' id='word_1_1211' title='bbox 2042 549 2171 576; x_wconf 82' lang='lat' dir='ltr'>Laberius</span> <span class='ocrx_word' id='word_1_1212' title='bbox 2184 551 2252 585; x_wconf 82' lang='lat' dir='ltr'>apud</span> <span class='ocrx_word' id='word_1_1213' title='bbox 2261 549 2331 577; x_wconf 79' lang='lat' dir='ltr'>Geli.</span> <span class='ocrx_word' id='word_1_1214' title='bbox 2347 550 2388 583; x_wconf 84' lang='grc'>16,</span> <span class='ocrx_word' id='word_1_1215' title='bbox 2400 555 2426 582; x_wconf 89' lang='lat'>7.</span> 
     </span>
    </p>

    <p class='ocr_par' dir='ltr' id='par_1_33' title="bbox 1397 584 2466 690">
     <span class='ocr_line' id='line_1_123' title="bbox 1433 584 2465 621; baseline -0.002 -9"><span class='ocrx_word' id='word_1_1216' title='bbox 1433 588 1489 609; x_wconf 89' lang='grc' dir='ltr'>ΜΟ</span> <span class='ocrx_word' id='word_1_1217' title='bbox 1500 588 1543 609; x_wconf 83' lang='lat' dir='ltr'>EC</span> <span class='ocrx_word' id='word_1_1218' title='bbox 1552 589 1600 609; x_wconf 83' lang='grc' dir='ltr'>ΗΟ</span> <span class='ocrx_word' id='word_1_1219' title='bbox 1610 588 1628 609; x_wconf 90' lang='lat' dir='ltr'>C</span> <span class='ocrx_word' id='word_1_1220' title='bbox 1642 590 1652 609; x_wconf 92' lang='lat'>1</span> <span class='ocrx_word' id='word_1_1221' title='bbox 1665 589 1687 609; x_wconf 89' lang='grc' dir='ltr'>Ν</span> <span class='ocrx_word' id='word_1_1222' title='bbox 1697 592 1745 612; x_wconf 80' lang='grc' dir='ltr'>ΑΕ</span> <span class='ocrx_word' id='word_1_1223' title='bbox 1754 593 1803 613; x_wconf 85' lang='lat' dir='ltr'>Dv</span> <span class='ocrx_word' id='word_1_1224' title='bbox 1815 594 1828 614; x_wconf 90' lang='lat' dir='ltr'>s</span> <span class='ocrx_word' id='word_1_1225' title='bbox 1837 607 1846 620; x_wconf 88' lang='grc'>,</span> <span class='ocrx_word' id='word_1_1226' title='bbox 1864 586 1884 613; x_wconf 86' lang='lat' dir='ltr'>i.</span> <span class='ocrx_word' id='word_1_1227' title='bbox 1909 595 1959 613; x_wconf 44' lang='lat' dir='ltr'>m..</span> <span class='ocrx_word' id='word_1_1228' title='bbox 1987 585 2072 612; x_wconf 66' lang='lat' dir='ltr'>Dillio</span> <span class='ocrx_word' id='word_1_1229' title='bbox 2086 585 2231 621; x_wconf 73' lang='lat' dir='ltr'>compqfita,</span> <span class='ocrx_word' id='word_1_1230' title='bbox 2257 584 2425 620; x_wconf 82' lang='lat' dir='ltr'>contumelioso</span> <span class='ocrx_word' id='word_1_1231' title='bbox 2440 589 2465 609; x_wconf 80' lang='lat' dir='ltr'>et</span> 
     </span>
     <span class='ocr_line' id='line_1_124' title="bbox 1397 618 2466 658; baseline -0.003 -10"><span class='ocrx_word' id='word_1_1232' title='bbox 1397 618 1506 658; x_wconf 45' lang='lat' dir='ltr'>&amp;fando</span> <span class='ocrx_word' id='word_1_1233' title='bbox 1517 619 1614 644; x_wconf 63' lang='lat' dir='ltr'>nomine</span> <span class='ocrx_word' id='word_1_1234' title='bbox 1627 629 1665 644; x_wconf 81' lang='lat' dir='ltr'>eos</span> <span class='ocrx_word' id='word_1_1235' title='bbox 1672 620 1820 655; x_wconf 55' lang='lat' dir='ltr'>significans</span> <span class='ocrx_word' id='word_1_1236' title='bbox 1828 643 1837 656; x_wconf 89' lang='lat'>‚</span> <span class='ocrx_word' id='word_1_1237' title='bbox 1855 623 1900 657; x_wconf 82' lang='lat' dir='ltr'>qui</span> <span class='ocrx_word' id='word_1_1238' title='bbox 1911 630 1935 648; x_wconf 78' lang='lat' dir='ltr'>et</span> <span class='ocrx_word' id='word_1_1239' title='bbox 1948 621 2059 648; x_wconf 77' lang='lat' dir='ltr'>adulteri</span> <span class='ocrx_word' id='word_1_1240' title='bbox 2067 621 2145 657; x_wconf 74' lang='lat' dir='ltr'>sunt,</span> <span class='ocrx_word' id='word_1_1241' title='bbox 2164 629 2188 647; x_wconf 83' lang='lat' dir='ltr'>et</span> <span class='ocrx_word' id='word_1_1242' title='bbox 2200 622 2274 646; x_wconf 71' lang='lat' dir='ltr'>iidem</span> <span class='ocrx_word' id='word_1_1243' title='bbox 2288 620 2375 647; x_wconf 72' lang='lat' dir='ltr'>molles.</span> <span class='ocrx_word' id='word_1_1244' title='bbox 2413 619 2466 646; x_wconf 87' lang='lat' dir='ltr'>Lu-</span> 
     </span>
     <span class='ocr_line' id='line_1_125' title="bbox 1398 653 2234 690; baseline 0.002 -9"><span class='ocrx_word' id='word_1_1245' title='bbox 1398 655 1493 688; x_wconf 83' lang='lat' dir='ltr'>cilius,</span> <span class='ocrx_word' id='word_1_1246' title='bbox 1518 653 1654 688; x_wconf 83' lang='lat' dir='ltr'>Imberbi,</span> <span class='ocrx_word' id='word_1_1247' title='bbox 1674 655 1840 690; x_wconf 81' lang='lat' dir='ltr'>androgyni,</span> <span class='ocrx_word' id='word_1_1248' title='bbox 1856 658 1979 690; x_wconf 81' lang='lat' dir='ltr'>barbati,</span> <span class='ocrx_word' id='word_1_1249' title='bbox 2003 657 2234 684; x_wconf 80' lang='lat' dir='ltr'>moechocinaedi.</span> 
     </span>
    </p>

    <p class='ocr_par' dir='ltr' id='par_1_34' title="bbox 1397 692 2480 2339">
     <span class='ocr_line' id='line_1_126' title="bbox 1432 692 2467 729; baseline 0.001 -12"><span class='ocrx_word' id='word_1_1250' title='bbox 1432 698 1459 718; x_wconf 82' lang='lat' dir='ltr'><strong>M</strong></span> <span class='ocrx_word' id='word_1_1251' title='bbox 1470 697 1489 717; x_wconf 93' lang='grc' dir='ltr'>Ο</span> <span class='ocrx_word' id='word_1_1252' title='bbox 1500 697 1546 717; x_wconf 84' lang='lat' dir='ltr'>EN</span> <span class='ocrx_word' id='word_1_1253' title='bbox 1558 697 1585 718; x_wconf 74' lang='lat' dir='ltr'>E.</span> <span class='ocrx_word' id='word_1_1254' title='bbox 1623 692 1722 726; x_wconf 80' lang='lat' dir='ltr'>Singul.</span> <span class='ocrx_word' id='word_1_1255' title='bbox 1761 714 1763 716; x_wconf 74' lang='grc'>,</span> <span class='ocrx_word' id='word_1_1256' title='bbox 1780 692 1846 720; x_wconf 84' lang='grc' dir='ltr'>Ε1111.</span> <span class='ocrx_word' id='word_1_1257' title='bbox 1867 702 1907 729; x_wconf 84' lang='lat' dir='ltr'>ap.</span> <span class='ocrx_word' id='word_1_1258' title='bbox 1927 694 1993 721; x_wconf 71' lang='lat' dir='ltr'>fest.</span> <span class='ocrx_word' id='word_1_1259' title='bbox 2047 695 2096 719; x_wconf 85' lang='lat' dir='ltr'>Sed</span> <span class='ocrx_word' id='word_1_1260' title='bbox 2120 693 2241 726; x_wconf 73' lang='lat' dir='ltr'>cfitatum</span> <span class='ocrx_word' id='word_1_1261' title='bbox 2263 697 2318 719; x_wconf 83' lang='grc' dir='ltr'>ΜΟ</span> <span class='ocrx_word' id='word_1_1262' title='bbox 2332 697 2349 718; x_wconf 85' lang='lat' dir='ltr'><strong>E</strong></span> <span class='ocrx_word' id='word_1_1263' title='bbox 2362 698 2384 719; x_wconf 86' lang='lat' dir='ltr'>N</span> <span class='ocrx_word' id='word_1_1264' title='bbox 2399 698 2409 717; x_wconf 81' lang='lat'>1</span> <span class='ocrx_word' id='word_1_1265' title='bbox 2421 697 2443 718; x_wconf 85' lang='lat' dir='ltr'>A</span> <span class='ocrx_word' id='word_1_1266' title='bbox 2456 708 2467 722; x_wconf 82' lang='lat'>,</span> 
     </span>
     <span class='ocr_line' id='line_1_127' title="bbox 1397 726 2467 762; baseline -0.001 -9"><span class='ocrx_word' id='word_1_1267' title='bbox 1397 726 1473 757; x_wconf 85' lang='lat' dir='ltr'>ium,</span> <span class='ocrx_word' id='word_1_1268' title='bbox 1493 726 1563 754; x_wconf 81' lang='lat' dir='ltr'>ibus.</span> <span class='ocrx_word' id='word_1_1269' title='bbox 1588 737 1616 753; x_wconf 87' lang='lat' dir='ltr'>n.</span> <span class='ocrx_word' id='word_1_1270' title='bbox 1652 728 1779 762; x_wconf 67' lang='grc' dir='ltr'>[τεῖχος]</span> <span class='ocrx_word' id='word_1_1271' title='bbox 1834 730 1976 756; x_wconf 78' lang='lat' dir='ltr'>Pluralim·</span> <span class='ocrx_word' id='word_1_1272' title='bbox 1994 736 2092 756; x_wconf 79' lang='lat' dir='ltr'>tantum</span> <span class='ocrx_word' id='word_1_1273' title='bbox 2110 729 2271 761; x_wconf 75' lang='lat' dir='ltr'>declinatur,</span> <span class='ocrx_word' id='word_1_1274' title='bbox 2292 737 2354 757; x_wconf 74' lang='lat' dir='ltr'>vcum</span> <span class='ocrx_word' id='word_1_1275' title='bbox 2374 727 2467 754; x_wconf 89' lang='lat' dir='ltr'>Muni-</span> 
     </span>
     <span class='ocr_line' id='line_1_128' title="bbox 1398 763 2467 799; baseline -0.001 -10"><span class='ocrx_word' id='word_1_1276' title='bbox 1398 763 1469 790; x_wconf 86' lang='lat' dir='ltr'>endo</span> <span class='ocrx_word' id='word_1_1277' title='bbox 1482 763 1554 798; x_wconf 75' lang='lat' dir='ltr'>qmfi</span> <span class='ocrx_word' id='word_1_1278' title='bbox 1564 764 1730 798; x_wconf 77' lang='lat' dir='ltr'>cognationem</span> <span class='ocrx_word' id='word_1_1279' title='bbox 1742 764 1842 790; x_wconf 75' lang='lat' dir='ltr'>habent.</span> <span class='ocrx_word' id='word_1_1280' title='bbox 1894 767 1997 792; x_wconf 76' lang='lat' dir='ltr'>&#39;Veteres</span> <span class='ocrx_word' id='word_1_1281' title='bbox 2010 766 2074 791; x_wconf 76' lang='lat' dir='ltr'>enim</span> <span class='ocrx_word' id='word_1_1282' title='bbox 2085 774 2121 792; x_wconf 90' lang='lat' dir='ltr'>oe</span> <span class='ocrx_word' id='word_1_1283' title='bbox 2134 772 2158 790; x_wconf 80' lang='lat' dir='ltr'>et</span> <span class='ocrx_word' id='word_1_1284' title='bbox 2171 773 2188 790; x_wconf 90' lang='lat' dir='ltr'>u</span> <span class='ocrx_word' id='word_1_1285' title='bbox 2204 763 2382 799; x_wconf 52' lang='lat' dir='ltr'>indifferenter</span> <span class='ocrx_word' id='word_1_1286' title='bbox 2393 770 2467 797; x_wconf 80' lang='lat' dir='ltr'>pone-</span> 
     </span>
     <span class='ocr_line' id='line_1_129' title="bbox 1399 797 2467 833; baseline -0.001 -8"><span class='ocrx_word' id='word_1_1287' title='bbox 1399 800 1469 825; x_wconf 77' lang='lat' dir='ltr'>bant.</span> <span class='ocrx_word' id='word_1_1288' title='bbox 1526 799 1630 826; x_wconf 85' lang='lat' dir='ltr'>Festus:</span> <span class='ocrx_word' id='word_1_1289' title='bbox 1657 799 1782 831; x_wconf 85' lang='lat' dir='ltr'>Moenia,</span> <span class='ocrx_word' id='word_1_1290' title='bbox 1808 798 1899 832; x_wconf 85' lang='lat' dir='ltr'>Muri,</span> <span class='ocrx_word' id='word_1_1291' title='bbox 1924 806 1950 826; x_wconf 91' lang='lat' dir='ltr'>et</span> <span class='ocrx_word' id='word_1_1292' title='bbox 1964 801 2015 827; x_wconf 84' lang='lat' dir='ltr'>alia</span> <span class='ocrx_word' id='word_1_1293' title='bbox 2027 800 2187 828; x_wconf 83' lang='lat' dir='ltr'>muniendae</span> <span class='ocrx_word' id='word_1_1294' title='bbox 2201 797 2275 826; x_wconf 78' lang='lat' dir='ltr'>vrbis</span> <span class='ocrx_word' id='word_1_1295' title='bbox 2289 799 2374 833; x_wconf 81' lang='lat' dir='ltr'>gratia</span> <span class='ocrx_word' id='word_1_1296' title='bbox 2388 798 2467 825; x_wconf 58' lang='lat' dir='ltr'>faeta.</span> 
     </span>
     <span class='ocr_line' id='line_1_130' title="bbox 1400 833 2468 871; baseline -0.001 -9"><span class='ocrx_word' id='word_1_1297' title='bbox 1400 835 1478 869; x_wconf 85' lang='lat' dir='ltr'>Virg.</span> <span class='ocrx_word' id='word_1_1298' title='bbox 1513 836 1579 862; x_wconf 84' lang='lat' dir='ltr'>Aen.</span> <span class='ocrx_word' id='word_1_1299' title='bbox 1611 844 1639 870; x_wconf 87' lang='lat'>2,</span> <span class='ocrx_word' id='word_1_1300' title='bbox 1672 844 1713 868; x_wconf 75' lang='grc'>234</span> <span class='ocrx_word' id='word_1_1301' title='bbox 1761 834 1918 862; x_wconf 87' lang='lat' dir='ltr'>Diuidimus</span> <span class='ocrx_word' id='word_1_1302' title='bbox 1932 844 2039 870; x_wconf 88' lang='lat' dir='ltr'>muros,</span> <span class='ocrx_word' id='word_1_1303' title='bbox 2060 843 2085 864; x_wconf 89' lang='lat' dir='ltr'>et</span> <span class='ocrx_word' id='word_1_1304' title='bbox 2105 836 2213 863; x_wconf 87' lang='lat' dir='ltr'>moenia</span> <span class='ocrx_word' id='word_1_1305' title='bbox 2229 835 2368 871; x_wconf 87' lang='lat' dir='ltr'>pandimus</span> <span class='ocrx_word' id='word_1_1306' title='bbox 2382 833 2468 861; x_wconf 84' lang='lat' dir='ltr'>vrbis.</span> 
     </span>
     <span class='ocr_line' id='line_1_131' title="bbox 1399 870 2470 907; baseline 0.001 -11"><span class='ocrx_word' id='word_1_1307' title='bbox 1399 871 1473 904; x_wconf 72' lang='lat' dir='ltr'>Ccnf.</span> <span class='ocrx_word' id='word_1_1308' title='bbox 1490 872 1628 897; x_wconf 79' lang='lat' dir='ltr'>Germanus</span> <span class='ocrx_word' id='word_1_1309' title='bbox 1647 873 1734 897; x_wconf 72' lang='lat' dir='ltr'>Valens</span> <span class='ocrx_word' id='word_1_1310' title='bbox 1750 870 1857 897; x_wconf 77' lang='lat' dir='ltr'>Guellim</span> <span class='ocrx_word' id='word_1_1311' title='bbox 1877 871 2077 905; x_wconf 78' lang='lat' dir='ltr'>Pimpomius-in</span> <span class='ocrx_word' id='word_1_1312' title='bbox 2097 873 2276 899; x_wconf 83' lang='lat' dir='ltr'>Commentario</span> <span class='ocrx_word' id='word_1_1313' title='bbox 2290 871 2367 907; x_wconf 76' lang='lat' dir='ltr'>super</span> <span class='ocrx_word' id='word_1_1314' title='bbox 2392 870 2470 904; x_wconf 80' lang='lat' dir='ltr'>Virg-</span> 
     </span>
     <span class='ocr_line' id='line_1_132' title="bbox 1399 906 2470 944; baseline -0.001 -12"><span class='ocrx_word' id='word_1_1315' title='bbox 1399 907 1478 932; x_wconf 84' lang='lat' dir='ltr'>Varr.</span> <span class='ocrx_word' id='word_1_1316' title='bbox 1493 906 1561 932; x_wconf 88' lang='lat' dir='ltr'>L.L.</span> <span class='ocrx_word' id='word_1_1317' title='bbox 1575 917 1599 941; x_wconf 83' lang='grc'>4,</span> <span class='ocrx_word' id='word_1_1318' title='bbox 1613 916 1648 938; x_wconf 83' lang='lat'>32.</span> <span class='ocrx_word' id='word_1_1319' title='bbox 1723 908 1795 934; x_wconf 83' lang='lat' dir='ltr'>Caes.</span> <span class='ocrx_word' id='word_1_1320' title='bbox 1813 906 1877 934; x_wconf 86' lang='lat' dir='ltr'>Bell.</span> <span class='ocrx_word' id='word_1_1321' title='bbox 1891 906 1974 933; x_wconf 86' lang='lat' dir='ltr'>Ciuil.</span> <span class='ocrx_word' id='word_1_1322' title='bbox 1989 915 2018 942; x_wconf 87' lang='lat'>2,</span> <span class='ocrx_word' id='word_1_1323' title='bbox 2032 909 2060 934; x_wconf 84' lang='lat'>16</span> <span class='ocrx_word' id='word_1_1324' title='bbox 2090 909 2182 942; x_wconf 87' lang='lat' dir='ltr'>Qmm</span> <span class='ocrx_word' id='word_1_1325' title='bbox 2194 916 2276 944; x_wconf 89' lang='lat' dir='ltr'>paene</span> <span class='ocrx_word' id='word_1_1326' title='bbox 2290 906 2424 934; x_wconf 85' lang='lat' dir='ltr'>aedificata</span> <span class='ocrx_word' id='word_1_1327' title='bbox 2439 906 2470 931; x_wconf 85' lang='lat' dir='ltr'>in</span> 
     </span>
     <span class='ocr_line' id='line_1_133' title="bbox 1400 942 2470 978; baseline 0 -11"><span class='ocrx_word' id='word_1_1328' title='bbox 1400 942 1487 969; x_wconf 84' lang='lat' dir='ltr'>muris</span> <span class='ocrx_word' id='word_1_1329' title='bbox 1501 942 1533 968; x_wconf 90' lang='lat' dir='ltr'>ab</span> <span class='ocrx_word' id='word_1_1330' title='bbox 1548 943 1665 969; x_wconf 83' lang='lat' dir='ltr'>exercitu</span> <span class='ocrx_word' id='word_1_1331' title='bbox 1680 943 1772 970; x_wconf 84' lang='lat' dir='ltr'>nostro</span> <span class='ocrx_word' id='word_1_1332' title='bbox 1785 943 1893 970; x_wconf 90' lang='lat' dir='ltr'>moenia</span> <span class='ocrx_word' id='word_1_1333' title='bbox 1905 942 2079 978; x_wconf 84' lang='lat' dir='ltr'>viderentur,</span> <span class='ocrx_word' id='word_1_1334' title='bbox 2096 951 2141 971; x_wconf 83' lang='lat' dir='ltr'>etc.</span> <span class='ocrx_word' id='word_1_1335' title='bbox 2196 945 2290 971; x_wconf 87' lang='lat' dir='ltr'>Zamae</span> <span class='ocrx_word' id='word_1_1336' title='bbox 2304 942 2411 970; x_wconf 83' lang='lat' dir='ltr'>moenia</span> <span class='ocrx_word' id='word_1_1337' title='bbox 2421 948 2470 968; x_wconf 86' lang='lat' dir='ltr'>rex</span> 
     </span>
     <span class='ocr_line' id='line_1_134' title="bbox 1400 975 2473 1015; baseline 0.004 -12"><span class='ocrx_word' id='word_1_1338' title='bbox 1400 976 1469 1004; x_wconf 87' lang='lat' dir='ltr'>Iuba</span> <span class='ocrx_word' id='word_1_1339' title='bbox 1482 976 1582 1012; x_wconf 89' lang='lat' dir='ltr'>duplici</span> <span class='ocrx_word' id='word_1_1340' title='bbox 1596 987 1674 1005; x_wconf 89' lang='lat' dir='ltr'>muro</span> <span class='ocrx_word' id='word_1_1341' title='bbox 1689 979 1763 1014; x_wconf 84' lang='lat' dir='ltr'>sepsit</span> <span class='ocrx_word' id='word_1_1342' title='bbox 1782 979 1851 1006; x_wconf 88' lang='lat' dir='ltr'>Vitr.</span> <span class='ocrx_word' id='word_1_1343' title='bbox 1867 985 1891 1010; x_wconf 70' lang='lat'>8,</span> <span class='ocrx_word' id='word_1_1344' title='bbox 1905 990 1918 1010; x_wconf 81' lang='grc'>4</span> <span class='ocrx_word' id='word_1_1345' title='bbox 1929 985 1971 1014; x_wconf 88' lang='lat' dir='ltr'>pr.</span> <span class='ocrx_word' id='word_1_1346' title='bbox 2034 980 2111 1005; x_wconf 86' lang='lat' dir='ltr'>Varr.</span> <span class='ocrx_word' id='word_1_1347' title='bbox 2125 979 2157 1006; x_wconf 88' lang='lat' dir='ltr'>de</span> <span class='ocrx_word' id='word_1_1348' title='bbox 2168 981 2198 1007; x_wconf 90' lang='lat' dir='ltr'>L.</span> <span class='ocrx_word' id='word_1_1349' title='bbox 2206 981 2235 1006; x_wconf 92' lang='lat' dir='ltr'>L.</span> <span class='ocrx_word' id='word_1_1350' title='bbox 2252 992 2274 1015; x_wconf 85' lang='grc'>4,</span> <span class='ocrx_word' id='word_1_1351' title='bbox 2289 989 2313 1011; x_wconf 79' lang='lat'>32</span> <span class='ocrx_word' id='word_1_1352' title='bbox 2327 986 2367 1014; x_wconf 76' lang='lat' dir='ltr'>pr.</span> <span class='ocrx_word' id='word_1_1353' title='bbox 2388 975 2473 1011; x_wconf 78' lang='lat' dir='ltr'>Qod</span> 
     </span>
     <span class='ocr_line' id='line_1_135' title="bbox 1404 1013 2472 1050; baseline -0.001 -9"><span class='ocrx_word' id='word_1_1354' title='bbox 1404 1022 1486 1048; x_wconf 88' lang='lat' dir='ltr'>opere</span> <span class='ocrx_word' id='word_1_1355' title='bbox 1499 1013 1641 1040; x_wconf 86' lang='lat' dir='ltr'>munibant</span> <span class='ocrx_word' id='word_1_1356' title='bbox 1653 1015 1775 1042; x_wconf 86' lang='lat' dir='ltr'>moenia:</span> <span class='ocrx_word' id='word_1_1357' title='bbox 1814 1024 1869 1050; x_wconf 91' lang='lat' dir='ltr'>quo</span> <span class='ocrx_word' id='word_1_1358' title='bbox 1881 1014 2011 1041; x_wconf 85' lang='lat' dir='ltr'>munitius</span> <span class='ocrx_word' id='word_1_1359' title='bbox 2024 1015 2113 1042; x_wconf 87' lang='lat' dir='ltr'>essent.</span> <span class='ocrx_word' id='word_1_1360' title='bbox 2167 1016 2222 1043; x_wconf 90' lang='lat' dir='ltr'>Cic.</span> <span class='ocrx_word' id='word_1_1361' title='bbox 2237 1016 2270 1042; x_wconf 88' lang='lat' dir='ltr'>de</span> <span class='ocrx_word' id='word_1_1362' title='bbox 2283 1016 2344 1042; x_wconf 81' lang='lat' dir='ltr'>Nat.</span> <span class='ocrx_word' id='word_1_1363' title='bbox 2354 1015 2435 1041; x_wconf 87' lang='lat' dir='ltr'>Deor.</span> <span class='ocrx_word' id='word_1_1364' title='bbox 2449 1022 2472 1047; x_wconf 83' lang='lat'>3,</span> 
     </span>
     <span class='ocr_line' id='line_1_136' title="bbox 1401 1049 2473 1086; baseline 0 -10"><span class='ocrx_word' id='word_1_1365' title='bbox 1401 1053 1432 1081; x_wconf 79' lang='lat'>65</span> <span class='ocrx_word' id='word_1_1366' title='bbox 1455 1059 1478 1076; x_wconf 82' lang='lat' dir='ltr'>c.</span> <span class='ocrx_word' id='word_1_1367' title='bbox 1492 1060 1525 1082; x_wconf 73' lang='grc'>40</span> <span class='ocrx_word' id='word_1_1368' title='bbox 1560 1049 1602 1076; x_wconf 85' lang='lat' dir='ltr'>Est</span> <span class='ocrx_word' id='word_1_1369' title='bbox 1623 1050 1692 1076; x_wconf 89' lang='lat' dir='ltr'>mihi</span> <span class='ocrx_word' id='word_1_1370' title='bbox 1713 1056 1801 1077; x_wconf 84' lang='lat' dir='ltr'>tecum</span> <span class='ocrx_word' id='word_1_1371' title='bbox 1824 1060 1873 1086; x_wconf 88' lang='lat' dir='ltr'>pro</span> <span class='ocrx_word' id='word_1_1372' title='bbox 1894 1051 1946 1077; x_wconf 84' lang='lat' dir='ltr'>aris</span> <span class='ocrx_word' id='word_1_1373' title='bbox 1960 1056 1986 1077; x_wconf 87' lang='lat' dir='ltr'>et</span> <span class='ocrx_word' id='word_1_1374' title='bbox 1999 1050 2067 1077; x_wconf 82' lang='lat' dir='ltr'>focis</span> <span class='ocrx_word' id='word_1_1375' title='bbox 2081 1055 2232 1084; x_wconf 87' lang='lat' dir='ltr'>certamen,</span> <span class='ocrx_word' id='word_1_1376' title='bbox 2254 1058 2279 1077; x_wconf 88' lang='lat' dir='ltr'>et</span> <span class='ocrx_word' id='word_1_1377' title='bbox 2295 1060 2344 1085; x_wconf 88' lang='lat' dir='ltr'>pro</span> <span class='ocrx_word' id='word_1_1378' title='bbox 2357 1050 2473 1076; x_wconf 83' lang='lat' dir='ltr'>deorum</span> 
     </span>
     <span class='ocr_line' id='line_1_137' title="bbox 1401 1085 2472 1121; baseline -0.003 -8"><span class='ocrx_word' id='word_1_1379' title='bbox 1401 1086 1508 1121; x_wconf 74' lang='lat' dir='ltr'>templis</span> <span class='ocrx_word' id='word_1_1380' title='bbox 1523 1092 1602 1121; x_wconf 86' lang='lat' dir='ltr'>atque</span> <span class='ocrx_word' id='word_1_1381' title='bbox 1615 1086 1749 1119; x_wconf 82' lang='lat' dir='ltr'>delubris,</span> <span class='ocrx_word' id='word_1_1382' title='bbox 1769 1096 1873 1121; x_wconf 83' lang='lat' dir='ltr'>proque</span> <span class='ocrx_word' id='word_1_1383' title='bbox 1886 1086 1960 1113; x_wconf 88' lang='lat' dir='ltr'>vrbis</span> <span class='ocrx_word' id='word_1_1384' title='bbox 1973 1087 2058 1113; x_wconf 88' lang='lat' dir='ltr'>muris</span> <span class='ocrx_word' id='word_1_1385' title='bbox 2072 1095 2138 1121; x_wconf 82' lang='lat' dir='ltr'>quos</span> <span class='ocrx_word' id='word_1_1386' title='bbox 2153 1095 2201 1113; x_wconf 83' lang='lat' dir='ltr'>vos</span> <span class='ocrx_word' id='word_1_1387' title='bbox 2217 1087 2355 1121; x_wconf 81' lang='lat' dir='ltr'>pontifices</span> <span class='ocrx_word' id='word_1_1388' title='bbox 2368 1085 2472 1113; x_wconf 67' lang='grc'>[3116105</span> 
     </span>
     <span class='ocr_line' id='line_1_138' title="bbox 1400 1120 2473 1158; baseline -0.003 -9"><span class='ocrx_word' id='word_1_1389' title='bbox 1400 1123 1450 1149; x_wconf 75' lang='lat' dir='ltr'>ess&#39;e</span> <span class='ocrx_word' id='word_1_1390' title='bbox 1464 1122 1552 1148; x_wconf 82' lang='lat' dir='ltr'>dicitis</span> <span class='ocrx_word' id='word_1_1391' title='bbox 1561 1143 1569 1155; x_wconf 90' lang='lat'>,</span> <span class='ocrx_word' id='word_1_1392' title='bbox 1590 1121 1800 1157; x_wconf 86' lang='lat' dir='ltr'>diligentiusque</span> <span class='ocrx_word' id='word_1_1393' title='bbox 1813 1122 1909 1149; x_wconf 87' lang='lat' dir='ltr'>vrbem</span> <span class='ocrx_word' id='word_1_1394' title='bbox 1922 1123 2054 1157; x_wconf 86' lang='lat' dir='ltr'>religione</span> <span class='ocrx_word' id='word_1_1395' title='bbox 2067 1131 2146 1157; x_wconf 89' lang='lat' dir='ltr'>quam</span> <span class='ocrx_word' id='word_1_1396' title='bbox 2161 1123 2221 1158; x_wconf 85' lang='lat' dir='ltr'>ipsis</span> <span class='ocrx_word' id='word_1_1397' title='bbox 2234 1122 2374 1148; x_wconf 84' lang='lat' dir='ltr'>moenibus</span> <span class='ocrx_word' id='word_1_1398' title='bbox 2388 1120 2473 1156; x_wconf 80' lang='lat' dir='ltr'>cingi-</span> 
     </span>
     <span class='ocr_line' id='line_1_139' title="bbox 1495 1157 2472 1193; baseline -0.001 -9"><span class='ocrx_word' id='word_1_1399' title='bbox 1495 1158 1667 1193; x_wconf 87' lang='lat' dir='ltr'>Phrygioque</span> <span class='ocrx_word' id='word_1_1400' title='bbox 1687 1164 1800 1190; x_wconf 86' lang='lat' dir='ltr'>tyranno</span> <span class='ocrx_word' id='word_1_1401' title='bbox 1816 1158 1945 1185; x_wconf 80' lang='lat' dir='ltr'>Aedificas</span> <span class='ocrx_word' id='word_1_1402' title='bbox 1957 1167 2066 1192; x_wconf 80' lang='lat' dir='ltr'>muros,</span> <span class='ocrx_word' id='word_1_1403' title='bbox 2090 1158 2169 1193; x_wconf 64' lang='lat' dir='ltr'>padio</span> <span class='ocrx_word' id='word_1_1404' title='bbox 2183 1167 2232 1193; x_wconf 89' lang='lat' dir='ltr'>pro</span> <span class='ocrx_word' id='word_1_1405' title='bbox 2251 1157 2392 1184; x_wconf 71' lang='lat' dir='ltr'>moenibus</span> <span class='ocrx_word' id='word_1_1406' title='bbox 2407 1166 2472 1183; x_wconf 89' lang='lat' dir='ltr'>auro</span> 
     </span>
     <span class='ocr_line' id='line_1_140' title="bbox 1401 1192 2472 1229; baseline -0.003 -8"><span class='ocrx_word' id='word_1_1407' title='bbox 1401 1194 1484 1222; x_wconf 90' lang='lat' dir='ltr'>Ouid.</span> <span class='ocrx_word' id='word_1_1408' title='bbox 1500 1195 1564 1222; x_wconf 87' lang='lat' dir='ltr'>Met.</span> <span class='ocrx_word' id='word_1_1409' title='bbox 1574 1204 1603 1228; x_wconf 87' lang='grc'>11,</span> <span class='ocrx_word' id='word_1_1410' title='bbox 1618 1204 1673 1227; x_wconf 69' lang='grc'>204.</span> <span class='ocrx_word' id='word_1_1411' title='bbox 1748 1194 1861 1229; x_wconf 78' lang='lat' dir='ltr'>Augusta</span> <span class='ocrx_word' id='word_1_1412' title='bbox 1871 1215 1879 1228; x_wconf 88' lang='lat'><em>‚</em></span> <span class='ocrx_word' id='word_1_1413' title='bbox 1907 1193 1962 1220; x_wconf 79' lang='lat' dir='ltr'>vid.</span> <span class='ocrx_word' id='word_1_1414' title='bbox 1980 1201 2034 1221; x_wconf 88' lang='lat' dir='ltr'>Av</span> <span class='ocrx_word' id='word_1_1415' title='bbox 2044 1201 2065 1221; x_wconf 85' lang='lat' dir='ltr'>G</span> <span class='ocrx_word' id='word_1_1416' title='bbox 2075 1201 2094 1220; x_wconf 91' lang='lat' dir='ltr'>v</span> <span class='ocrx_word' id='word_1_1417' title='bbox 2107 1202 2119 1220; x_wconf 76' lang='lat' dir='ltr'>s</span> <span class='ocrx_word' id='word_1_1418' title='bbox 2129 1201 2151 1221; x_wconf 93' lang='lat' dir='ltr'><strong>T</strong></span> <span class='ocrx_word' id='word_1_1419' title='bbox 2162 1201 2182 1220; x_wconf 88' lang='lat' dir='ltr'>v</span> <span class='ocrx_word' id='word_1_1420' title='bbox 2195 1202 2221 1221; x_wconf 90' lang='lat' dir='ltr'>s..</span> <span class='ocrx_word' id='word_1_1421' title='bbox 2282 1193 2371 1220; x_wconf 77' lang='lat' dir='ltr'>Ardua</span> <span class='ocrx_word' id='word_1_1422' title='bbox 2390 1192 2472 1219; x_wconf 87' lang='lat' dir='ltr'>Ouid.</span> 
     </span>
     <span class='ocr_line' id='line_1_141' title="bbox 1401 1227 2475 1265; baseline -0.004 -7"><span class='ocrx_word' id='word_1_1423' title='bbox 1401 1232 1468 1258; x_wconf 90' lang='lat' dir='ltr'>Met.</span> <span class='ocrx_word' id='word_1_1424' title='bbox 1481 1240 1502 1263; x_wconf 86' lang='lat'>3,</span> <span class='ocrx_word' id='word_1_1425' title='bbox 1517 1232 1554 1259; x_wconf 83' lang='lat'>61.</span> <span class='ocrx_word' id='word_1_1426' title='bbox 1628 1230 1802 1258; x_wconf 81' lang='lat' dir='ltr'>Consternata</span> <span class='ocrx_word' id='word_1_1427' title='bbox 1819 1230 1875 1258; x_wconf 78' lang='lat' dir='ltr'>.Sil.</span> <span class='ocrx_word' id='word_1_1428' title='bbox 1890 1240 1922 1263; x_wconf 80' lang='lat'>13,</span> <span class='ocrx_word' id='word_1_1429' title='bbox 1938 1238 1990 1264; x_wconf 80' lang='lat'>134.</span> <span class='ocrx_word' id='word_1_1430' title='bbox 2048 1230 2158 1265; x_wconf 87' lang='lat' dir='ltr'>Direpta</span> <span class='ocrx_word' id='word_1_1431' title='bbox 2185 1231 2321 1262; x_wconf 44' lang='lat' dir='ltr'>Lucam&amp;</span> <span class='ocrx_word' id='word_1_1432' title='bbox 2337 1238 2372 1264; x_wconf 74' lang='lat'>33.</span> <span class='ocrx_word' id='word_1_1433' title='bbox 2431 1227 2475 1255; x_wconf 92' lang='lat' dir='ltr'>Li-</span> 
     </span>
     <span class='ocr_line' id='line_1_142' title="bbox 1402 1265 2473 1302; baseline -0.003 -9"><span class='ocrx_word' id='word_1_1434' title='bbox 1402 1276 1468 1302; x_wconf 84' lang='lat' dir='ltr'>gnea</span> <span class='ocrx_word' id='word_1_1435' title='bbox 1482 1267 1608 1300; x_wconf 85' lang='lat' dir='ltr'>moenia,</span> <span class='ocrx_word' id='word_1_1436' title='bbox 1629 1267 1647 1293; x_wconf 87' lang='lat' dir='ltr'>i.</span> <span class='ocrx_word' id='word_1_1437' title='bbox 1662 1269 1747 1293; x_wconf 81' lang='lat' dir='ltr'>Naues</span> <span class='ocrx_word' id='word_1_1438' title='bbox 1768 1267 1861 1301; x_wconf 81' lang='lat' dir='ltr'>Nepos</span> <span class='ocrx_word' id='word_1_1439' title='bbox 1876 1276 1898 1300; x_wconf 81' lang='lat'>2,</span> <span class='ocrx_word' id='word_1_1440' title='bbox 1915 1276 1937 1293; x_wconf 84' lang='grc'>2.</span> <span class='ocrx_word' id='word_1_1441' title='bbox 2009 1265 2126 1292; x_wconf 86' lang='lat' dir='ltr'>Turrita</span> <span class='ocrx_word' id='word_1_1442' title='bbox 2154 1266 2237 1294; x_wconf 78' lang='lat' dir='ltr'>Ouid,</span> <span class='ocrx_word' id='word_1_1443' title='bbox 2250 1268 2342 1293; x_wconf 85' lang='lat' dir='ltr'>Amor.</span> <span class='ocrx_word' id='word_1_1444' title='bbox 2358 1275 2379 1298; x_wconf 78' lang='lat'>3,</span> <span class='ocrx_word' id='word_1_1445' title='bbox 2394 1271 2418 1297; x_wconf 74' lang='lat'>8,</span> <span class='ocrx_word' id='word_1_1446' title='bbox 2431 1272 2473 1299; x_wconf 61' lang='lat'>47.</span> 
     </span>
     <span class='ocr_line' id='line_1_143' title="bbox 1402 1299 2473 1338; baseline -0.004 -9"><span class='ocrx_word' id='word_1_1447' title='bbox 1402 1303 1532 1330; x_wconf 83' lang='lat' dir='ltr'>Accedere</span> <span class='ocrx_word' id='word_1_1448' title='bbox 1546 1302 1690 1329; x_wconf 88' lang='lat' dir='ltr'>moenibus</span> <span class='ocrx_word' id='word_1_1449' title='bbox 1700 1325 1707 1338; x_wconf 87' lang='lat'><strong>‚</strong></span> <span class='ocrx_word' id='word_1_1450' title='bbox 1732 1303 1782 1329; x_wconf 77' lang='lat' dir='ltr'>vid.</span> <span class='ocrx_word' id='word_1_1451' title='bbox 1798 1310 1820 1330; x_wconf 80' lang='grc' dir='ltr'>Α</span> <span class='ocrx_word' id='word_1_1452' title='bbox 1830 1309 1846 1328; x_wconf 92' lang='lat' dir='ltr'>C</span> <span class='ocrx_word' id='word_1_1453' title='bbox 1859 1309 1876 1330; x_wconf 89' lang='lat' dir='ltr'>c</span> <span class='ocrx_word' id='word_1_1454' title='bbox 1892 1309 1909 1330; x_wconf 83' lang='grc' dir='ltr'><strong>Ε</strong></span> <span class='ocrx_word' id='word_1_1455' title='bbox 1921 1308 1976 1329; x_wconf 88' lang='lat' dir='ltr'>Do.</span> <span class='ocrx_word' id='word_1_1456' title='bbox 2035 1301 2130 1328; x_wconf 87' lang='lat' dir='ltr'>Affiliit</span> <span class='ocrx_word' id='word_1_1457' title='bbox 2142 1301 2219 1329; x_wconf 88' lang='lat' dir='ltr'>miles</span> <span class='ocrx_word' id='word_1_1458' title='bbox 2233 1302 2376 1328; x_wconf 83' lang='lat' dir='ltr'>moenibus</span> <span class='ocrx_word' id='word_1_1459' title='bbox 2391 1299 2473 1327; x_wconf 83' lang='lat' dir='ltr'>Ouid.</span> 
     </span>
     <span class='ocr_line' id='line_1_144' title="bbox 1402 1336 2474 1372; baseline -0.005 -6"><span class='ocrx_word' id='word_1_1460' title='bbox 1402 1340 1468 1366; x_wconf 86' lang='lat' dir='ltr'>Met.</span> <span class='ocrx_word' id='word_1_1461' title='bbox 1484 1348 1513 1372; x_wconf 87' lang='grc'>11,</span> <span class='ocrx_word' id='word_1_1462' title='bbox 1528 1341 1581 1371; x_wconf 78' lang='lat'>526.</span> <span class='ocrx_word' id='word_1_1463' title='bbox 1638 1339 1746 1366; x_wconf 77' lang='lat' dir='ltr'>Adstans</span> <span class='ocrx_word' id='word_1_1464' title='bbox 1761 1339 1858 1365; x_wconf 80' lang='lat' dir='ltr'>mediis</span> <span class='ocrx_word' id='word_1_1465' title='bbox 1873 1339 1901 1365; x_wconf 90' lang='lat' dir='ltr'>in</span> <span class='ocrx_word' id='word_1_1466' title='bbox 1915 1337 2057 1365; x_wconf 86' lang='lat' dir='ltr'>moenibus</span> <span class='ocrx_word' id='word_1_1467' title='bbox 2082 1338 2158 1372; x_wconf 84' lang='lat' dir='ltr'>Virg.</span> <span class='ocrx_word' id='word_1_1468' title='bbox 2173 1339 2240 1365; x_wconf 90' lang='lat' dir='ltr'>Aen.</span> <span class='ocrx_word' id='word_1_1469' title='bbox 2254 1347 2277 1368; x_wconf 76' lang='grc'>2,</span> <span class='ocrx_word' id='word_1_1470' title='bbox 2292 1343 2342 1370; x_wconf 78' lang='lat'>328.</span> <span class='ocrx_word' id='word_1_1471' title='bbox 2417 1336 2474 1363; x_wconf 87' lang='lat' dir='ltr'>Cic.</span> 
     </span>
     <span class='ocr_line' id='line_1_145' title="bbox 1402 1373 2476 1410; baseline -0.004 -8"><span class='ocrx_word' id='word_1_1472' title='bbox 1402 1384 1452 1410; x_wconf 86' lang='lat' dir='ltr'>pro</span> <span class='ocrx_word' id='word_1_1473' title='bbox 1471 1375 1540 1401; x_wconf 82' lang='lat' dir='ltr'>Sext.</span> <span class='ocrx_word' id='word_1_1474' title='bbox 1553 1384 1580 1408; x_wconf 91' lang='lat'>9¹</span> <span class='ocrx_word' id='word_1_1475' title='bbox 1607 1374 1684 1401; x_wconf 82' lang='lat' dir='ltr'>Tum</span> <span class='ocrx_word' id='word_1_1476' title='bbox 1700 1375 1838 1401; x_wconf 84' lang='lat' dir='ltr'>domicilia</span> <span class='ocrx_word' id='word_1_1477' title='bbox 1850 1373 2010 1405; x_wconf 69' lang='lat' dir='ltr'>coiiiiiii&amp;a‚</span> <span class='ocrx_word' id='word_1_1478' title='bbox 2030 1382 2095 1408; x_wconf 86' lang='lat' dir='ltr'>quas</span> <span class='ocrx_word' id='word_1_1479' title='bbox 2110 1374 2188 1401; x_wconf 86' lang='lat' dir='ltr'>vrbes</span> <span class='ocrx_word' id='word_1_1480' title='bbox 2211 1374 2324 1400; x_wconf 84' lang='lat' dir='ltr'>dicimus</span> <span class='ocrx_word' id='word_1_1481' title='bbox 2334 1394 2342 1406; x_wconf 84' lang='lat'>,</span> <span class='ocrx_word' id='word_1_1482' title='bbox 2355 1373 2476 1400; x_wconf 75' lang='lat' dir='ltr'>&#39;inuento</span> 
     </span>
     <span class='ocr_line' id='line_1_146' title="bbox 1401 1408 2476 1445; baseline -0.003 -7"><span class='ocrx_word' id='word_1_1483' title='bbox 1401 1418 1427 1438; x_wconf 87' lang='lat' dir='ltr'>et</span> <span class='ocrx_word' id='word_1_1484' title='bbox 1441 1411 1537 1437; x_wconf 88' lang='lat' dir='ltr'>diuino</span> <span class='ocrx_word' id='word_1_1485' title='bbox 1552 1411 1610 1437; x_wconf 86' lang='lat' dir='ltr'>iure</span> <span class='ocrx_word' id='word_1_1486' title='bbox 1619 1417 1644 1436; x_wconf 81' lang='lat' dir='ltr'>et</span> <span class='ocrx_word' id='word_1_1487' title='bbox 1655 1410 1775 1437; x_wconf 85' lang='lat' dir='ltr'>humano</span> <span class='ocrx_word' id='word_1_1488' title='bbox 1789 1410 1931 1437; x_wconf 82' lang='lat' dir='ltr'>moenibus</span> <span class='ocrx_word' id='word_1_1489' title='bbox 1945 1410 2103 1437; x_wconf 85' lang='lat' dir='ltr'>Cinxerunt.</span> <span class='ocrx_word' id='word_1_1490' title='bbox 2158 1412 2203 1436; x_wconf 82' lang='lat' dir='ltr'>Al.</span> <span class='ocrx_word' id='word_1_1491' title='bbox 2219 1411 2362 1445; x_wconf 81' lang='lat' dir='ltr'>sepserunt.</span> <span class='ocrx_word' id='word_1_1492' title='bbox 2434 1408 2476 1436; x_wconf 85' lang='lat' dir='ltr'>Id.</span> 
     </span>
     <span class='ocr_line' id='line_1_147' title="bbox 1403 1445 2477 1481; baseline -0.002 -8"><span class='ocrx_word' id='word_1_1493' title='bbox 1403 1448 1435 1473; x_wconf 89' lang='lat' dir='ltr'>de</span> <span class='ocrx_word' id='word_1_1494' title='bbox 1451 1447 1544 1481; x_wconf 78' lang='lat' dir='ltr'>Legib.</span> <span class='ocrx_word' id='word_1_1495' title='bbox 1561 1456 1587 1481; x_wconf 80' lang='lat'>3,</span> <span class='ocrx_word' id='word_1_1496' title='bbox 1602 1449 1628 1472; x_wconf 84' lang='lat'>61</span> <span class='ocrx_word' id='word_1_1497' title='bbox 1661 1447 1773 1480; x_wconf 86' lang='lat' dir='ltr'>Seseque</span> <span class='ocrx_word' id='word_1_1498' title='bbox 1794 1455 1849 1472; x_wconf 86' lang='lat' dir='ltr'>non</span> <span class='ocrx_word' id='word_1_1499' title='bbox 1863 1447 1923 1473; x_wconf 89' lang='lat' dir='ltr'>vnis</span> <span class='ocrx_word' id='word_1_1500' title='bbox 1938 1446 2140 1473; x_wconf 85' lang='lat' dir='ltr'>Circumdatum</span> <span class='ocrx_word' id='word_1_1501' title='bbox 2156 1445 2299 1473; x_wconf 83' lang='lat' dir='ltr'>moenibus</span> <span class='ocrx_word' id='word_1_1502' title='bbox 2320 1445 2477 1481; x_wconf 84' lang='lat' dir='ltr'>popularem</span> 
     </span>
     <span class='ocr_line' id='line_1_148' title="bbox 1403 1481 2476 1518; baseline -0.001 -10"><span class='ocrx_word' id='word_1_1503' title='bbox 1403 1483 1515 1509; x_wconf 84' lang='lat' dir='ltr'>alicuius</span> <span class='ocrx_word' id='word_1_1504' title='bbox 1529 1482 1632 1508; x_wconf 82' lang='lat' dir='ltr'>definiti</span> <span class='ocrx_word' id='word_1_1505' title='bbox 1648 1482 1717 1513; x_wconf 89' lang='lat' dir='ltr'>loci,</span> <span class='ocrx_word' id='word_1_1506' title='bbox 1749 1481 1791 1508; x_wconf 87' lang='lat' dir='ltr'>sed</span> <span class='ocrx_word' id='word_1_1507' title='bbox 1810 1482 1898 1508; x_wconf 87' lang='lat' dir='ltr'>ciuem</span> <span class='ocrx_word' id='word_1_1508' title='bbox 1917 1482 2000 1508; x_wconf 86' lang='lat' dir='ltr'>totius</span> <span class='ocrx_word' id='word_1_1509' title='bbox 2019 1482 2113 1508; x_wconf 89' lang='lat' dir='ltr'>mundi</span> <span class='ocrx_word' id='word_1_1510' title='bbox 2127 1482 2198 1518; x_wconf 82' lang='lat' dir='ltr'>quasi</span> <span class='ocrx_word' id='word_1_1511' title='bbox 2214 1482 2292 1509; x_wconf 88' lang='lat' dir='ltr'>vnius</span> <span class='ocrx_word' id='word_1_1512' title='bbox 2307 1481 2380 1508; x_wconf 87' lang='lat' dir='ltr'>vrbis</span> <span class='ocrx_word' id='word_1_1513' title='bbox 2395 1489 2476 1515; x_wconf 83' lang='lat' dir='ltr'>agno—</span> 
     </span>
     <span class='ocr_line' id='line_1_149' title="bbox 1403 1518 2475 1552; baseline -0.001 -7"><span class='ocrx_word' id='word_1_1514' title='bbox 1403 1519 1483 1545; x_wconf 82' lang='lat' dir='ltr'>verit.</span> <span class='ocrx_word' id='word_1_1515' title='bbox 1557 1518 1728 1552; x_wconf 85' lang='lat' dir='ltr'>Compellere</span> <span class='ocrx_word' id='word_1_1516' title='bbox 1748 1518 1817 1544; x_wconf 88' lang='lat' dir='ltr'>intra</span> <span class='ocrx_word' id='word_1_1517' title='bbox 1826 1539 1834 1550; x_wconf 93' lang='lat'>,</span> <span class='ocrx_word' id='word_1_1518' title='bbox 1861 1518 1916 1544; x_wconf 78' lang='lat' dir='ltr'>vicl.</span> <span class='ocrx_word' id='word_1_1519' title='bbox 1937 1523 1954 1544; x_wconf 92' lang='lat' dir='ltr'>C</span> <span class='ocrx_word' id='word_1_1520' title='bbox 1963 1524 1982 1544; x_wconf 92' lang='lat' dir='ltr'>O</span> <span class='ocrx_word' id='word_1_1521' title='bbox 1992 1524 2015 1543; x_wconf 83' lang='lat' dir='ltr'><strong>M</strong></span> <span class='ocrx_word' id='word_1_1522' title='bbox 2025 1524 2067 1545; x_wconf 78' lang='lat' dir='ltr'>PE</span> <span class='ocrx_word' id='word_1_1523' title='bbox 2080 1525 2097 1545; x_wconf 82' lang='grc' dir='ltr'>Ι..</span> <span class='ocrx_word' id='word_1_1524' title='bbox 2109 1525 2125 1545; x_wconf 90' lang='lat' dir='ltr'>L</span> <span class='ocrx_word' id='word_1_1525' title='bbox 2135 1524 2164 1545; x_wconf 93' lang='grc' dir='ltr'>Ο.</span> <span class='ocrx_word' id='word_1_1526' title='bbox 2238 1518 2381 1552; x_wconf 85' lang='lat' dir='ltr'>Complere</span> <span class='ocrx_word' id='word_1_1527' title='bbox 2402 1525 2475 1544; x_wconf 82' lang='lat' dir='ltr'>nioe-</span> 
     </span>
     <span class='ocr_line' id='line_1_150' title="bbox 1403 1553 2476 1589; baseline -0.003 -8"><span class='ocrx_word' id='word_1_1528' title='bbox 1403 1555 1449 1581; x_wconf 89' lang='lat' dir='ltr'>nia</span> <span class='ocrx_word' id='word_1_1529' title='bbox 1476 1554 1552 1588; x_wconf 84' lang='lat' dir='ltr'>Virg.</span> <span class='ocrx_word' id='word_1_1530' title='bbox 1568 1556 1634 1580; x_wconf 78' lang='lat' dir='ltr'>Aen.</span> <span class='ocrx_word' id='word_1_1531' title='bbox 1650 1564 1682 1589; x_wconf 86' lang='lat'>9,</span> <span class='ocrx_word' id='word_1_1532' title='bbox 1704 1563 1742 1588; x_wconf 80' lang='lat'>39.</span> <span class='ocrx_word' id='word_1_1533' title='bbox 1822 1553 1946 1581; x_wconf 84' lang='lat' dir='ltr'>Condere</span> <span class='ocrx_word' id='word_1_1534' title='bbox 1972 1554 2054 1581; x_wconf 88' lang='lat' dir='ltr'>Ouid.</span> <span class='ocrx_word' id='word_1_1535' title='bbox 2068 1555 2130 1581; x_wconf 88' lang='lat' dir='ltr'>Met.</span> <span class='ocrx_word' id='word_1_1536' title='bbox 2145 1564 2172 1587; x_wconf 85' lang='lat'>3,</span> <span class='ocrx_word' id='word_1_1537' title='bbox 2199 1563 2231 1586; x_wconf 81' lang='lat'>13.</span> <span class='ocrx_word' id='word_1_1538' title='bbox 2304 1553 2476 1580; x_wconf 81' lang='lat' dir='ltr'>Constituere</span> 
     </span>
     <span class='ocr_line' id='line_1_151' title="bbox 1402 1589 2478 1624; baseline -0.003 -7"><span class='ocrx_word' id='word_1_1539' title='bbox 1402 1591 1441 1619; x_wconf 91' lang='lat' dir='ltr'>Id.</span> <span class='ocrx_word' id='word_1_1540' title='bbox 1458 1589 1525 1617; x_wconf 89' lang='lat' dir='ltr'>Ibid.</span> <span class='ocrx_word' id='word_1_1541' title='bbox 1540 1600 1570 1623; x_wconf 83' lang='lat'>9,</span> <span class='ocrx_word' id='word_1_1542' title='bbox 1593 1596 1649 1623; x_wconf 71' lang='lat'>448.</span> <span class='ocrx_word' id='word_1_1543' title='bbox 1721 1591 1877 1617; x_wconf 84' lang='lat' dir='ltr'>Curuantur</span> <span class='ocrx_word' id='word_1_1544' title='bbox 1891 1589 2005 1624; x_wconf 87' lang='lat' dir='ltr'>obliquo</span> <span class='ocrx_word' id='word_1_1545' title='bbox 2018 1589 2075 1617; x_wconf 86' lang='lat' dir='ltr'>sinu</span> <span class='ocrx_word' id='word_1_1546' title='bbox 2089 1591 2197 1617; x_wconf 90' lang='lat' dir='ltr'>moenia</span> <span class='ocrx_word' id='word_1_1547' title='bbox 2209 1591 2238 1617; x_wconf 89' lang='lat' dir='ltr'>in</span> <span class='ocrx_word' id='word_1_1548' title='bbox 2254 1589 2348 1617; x_wconf 83' lang='lat' dir='ltr'>vrbem</span> <span class='ocrx_word' id='word_1_1549' title='bbox 2377 1589 2423 1616; x_wconf 88' lang='lat' dir='ltr'>Sil.</span> <span class='ocrx_word' id='word_1_1550' title='bbox 2436 1596 2478 1621; x_wconf 77' lang='lat'>13,</span> 
     </span>
     <span class='ocr_line' id='line_1_152' title="bbox 1406 1624 2476 1661; baseline -0.003 -7"><span class='ocrx_word' id='word_1_1551' title='bbox 1406 1637 1459 1659; x_wconf 81' lang='grc'>140.</span> <span class='ocrx_word' id='word_1_1552' title='bbox 1536 1626 1652 1653; x_wconf 85' lang='lat' dir='ltr'>Deiicite</span> <span class='ocrx_word' id='word_1_1553' title='bbox 1673 1626 1760 1660; x_wconf 72' lang='lat' dir='ltr'>passim</span> <span class='ocrx_word' id='word_1_1554' title='bbox 1786 1626 1909 1657; x_wconf 87' lang='lat' dir='ltr'>moenia,</span> <span class='ocrx_word' id='word_1_1555' title='bbox 1934 1626 1963 1652; x_wconf 92' lang='lat' dir='ltr'>in</span> <span class='ocrx_word' id='word_1_1556' title='bbox 1991 1626 2101 1661; x_wconf 83' lang='lat' dir='ltr'>planum</span> <span class='ocrx_word' id='word_1_1557' title='bbox 2135 1627 2194 1654; x_wconf 91' lang='lat' dir='ltr'>date</span> <span class='ocrx_word' id='word_1_1558' title='bbox 2238 1627 2328 1653; x_wconf 89' lang='lat' dir='ltr'>Senec.</span> <span class='ocrx_word' id='word_1_1559' title='bbox 2344 1624 2437 1653; x_wconf 91' lang='lat' dir='ltr'>Theb.</span> <span class='ocrx_word' id='word_1_1560' title='bbox 2453 1633 2476 1651; x_wconf 73' lang='lat'>2.</span> 
     </span>
     <span class='ocr_line' id='line_1_153' title="bbox 1407 1659 2478 1698; baseline -0.002 -9"><span class='ocrx_word' id='word_1_1561' title='bbox 1407 1663 1548 1689; x_wconf 86' lang='lat' dir='ltr'>Dcstruere</span> <span class='ocrx_word' id='word_1_1562' title='bbox 1572 1662 1649 1697; x_wconf 67' lang='lat' dir='ltr'>Vir-g.</span> <span class='ocrx_word' id='word_1_1563' title='bbox 1663 1663 1727 1689; x_wconf 80' lang='lat' dir='ltr'>Aen.</span> <span class='ocrx_word' id='word_1_1564' title='bbox 1740 1674 1769 1696; x_wconf 71' lang='grc'>4,</span> <span class='ocrx_word' id='word_1_1565' title='bbox 1782 1672 1831 1695; x_wconf 78' lang='lat'>325.</span> <span class='ocrx_word' id='word_1_1566' title='bbox 1888 1663 1947 1690; x_wconf 88' lang='lat' dir='ltr'>Nos</span> <span class='ocrx_word' id='word_1_1567' title='bbox 1960 1668 2047 1689; x_wconf 88' lang='lat' dir='ltr'>tamen</span> <span class='ocrx_word' id='word_1_1568' title='bbox 2060 1661 2194 1689; x_wconf 82' lang='lat' dir='ltr'>Efficimus</span> <span class='ocrx_word' id='word_1_1569' title='bbox 2209 1672 2258 1698; x_wconf 90' lang='lat' dir='ltr'>pro</span> <span class='ocrx_word' id='word_1_1570' title='bbox 2272 1662 2368 1697; x_wconf 82' lang='lat' dir='ltr'>opibus</span> <span class='ocrx_word' id='word_1_1571' title='bbox 2380 1659 2478 1688; x_wconf 76' lang='lat' dir='ltr'>nostris</span> 
     </span>
     <span class='ocr_line' id='line_1_154' title="bbox 1405 1697 2476 1734; baseline -0.002 -9"><span class='ocrx_word' id='word_1_1572' title='bbox 1405 1699 1513 1725; x_wconf 82' lang='lat' dir='ltr'>moenia</span> <span class='ocrx_word' id='word_1_1573' title='bbox 1533 1698 1613 1724; x_wconf 87' lang='lat' dir='ltr'>Plaut.</span> <span class='ocrx_word' id='word_1_1574' title='bbox 1628 1698 1708 1725; x_wconf 84' lang='lat' dir='ltr'>Stich.</span> <span class='ocrx_word' id='word_1_1575' title='bbox 1724 1708 1746 1729; x_wconf 86' lang='lat'>5,</span> <span class='ocrx_word' id='word_1_1576' title='bbox 1761 1708 1789 1731; x_wconf 78' lang='lat'>4,</span> <span class='ocrx_word' id='word_1_1577' title='bbox 1806 1709 1841 1732; x_wconf 77' lang='lat'>13.</span> <span class='ocrx_word' id='word_1_1578' title='bbox 1897 1699 2011 1725; x_wconf 86' lang='lat' dir='ltr'>Fumant</span> <span class='ocrx_word' id='word_1_1579' title='bbox 2024 1699 2184 1734; x_wconf 88' lang='lat' dir='ltr'>trepidantia</span> <span class='ocrx_word' id='word_1_1580' title='bbox 2212 1698 2257 1726; x_wconf 91' lang='lat' dir='ltr'>Sil.</span> <span class='ocrx_word' id='word_1_1581' title='bbox 2274 1709 2300 1732; x_wconf 86' lang='lat'>1,</span> <span class='ocrx_word' id='word_1_1582' title='bbox 2317 1707 2367 1730; x_wconf 79' lang='lat'><em>¹30-</em></span> <span class='ocrx_word' id='word_1_1583' title='bbox 2421 1697 2476 1723; x_wconf 87' lang='lat' dir='ltr'>Ha-</span> 
     </span>
     <span class='ocr_line' id='line_1_155' title="bbox 1403 1733 2477 1769; baseline -0.003 -8"><span class='ocrx_word' id='word_1_1584' title='bbox 1403 1735 1525 1762; x_wconf 86' lang='lat' dir='ltr'>bitantur</span> <span class='ocrx_word' id='word_1_1585' title='bbox 1538 1734 1631 1760; x_wconf 64' lang='lat' dir='ltr'>cuncia</span> <span class='ocrx_word' id='word_1_1586' title='bbox 1645 1734 1721 1760; x_wconf 82' lang='lat' dir='ltr'>malis</span> <span class='ocrx_word' id='word_1_1587' title='bbox 1739 1734 1848 1760; x_wconf 89' lang='lat' dir='ltr'>moenia</span> <span class='ocrx_word' id='word_1_1588' title='bbox 1862 1735 1952 1761; x_wconf 85' lang='lat' dir='ltr'>Graiis</span> <span class='ocrx_word' id='word_1_1589' title='bbox 1989 1735 2067 1769; x_wconf 84' lang='lat' dir='ltr'>Virg.</span> <span class='ocrx_word' id='word_1_1590' title='bbox 2081 1736 2145 1762; x_wconf 93' lang='lat' dir='ltr'>Aen.</span> <span class='ocrx_word' id='word_1_1591' title='bbox 2161 1745 2190 1769; x_wconf 80' lang='lat'>3,</span> <span class='ocrx_word' id='word_1_1592' title='bbox 2211 1741 2265 1769; x_wconf 82' lang='lat'>398.</span> <span class='ocrx_word' id='word_1_1593' title='bbox 2338 1733 2477 1768; x_wconf 85' lang='lat' dir='ltr'>Incingere</span> 
     </span>
     <span class='ocr_line' id='line_1_156' title="bbox 1404 1769 2478 1805; baseline -0.002 -8"><span class='ocrx_word' id='word_1_1594' title='bbox 1404 1771 1508 1797; x_wconf 88' lang='lat' dir='ltr'>turritis</span> <span class='ocrx_word' id='word_1_1595' title='bbox 1522 1769 1665 1796; x_wconf 82' lang='lat' dir='ltr'>moenibus</span> <span class='ocrx_word' id='word_1_1596' title='bbox 1681 1769 1759 1795; x_wconf 77' lang='lat' dir='ltr'>vrbes</span> <span class='ocrx_word' id='word_1_1597' title='bbox 1793 1769 1874 1796; x_wconf 87' lang='lat' dir='ltr'>Ouid.</span> <span class='ocrx_word' id='word_1_1598' title='bbox 1890 1771 1982 1796; x_wconf 84' lang='lat' dir='ltr'>Amor.</span> <span class='ocrx_word' id='word_1_1599' title='bbox 1995 1778 2024 1802; x_wconf 80' lang='lat'>3,</span> <span class='ocrx_word' id='word_1_1600' title='bbox 2039 1776 2069 1802; x_wconf 83' lang='lat'>8,</span> <span class='ocrx_word' id='word_1_1601' title='bbox 2085 1779 2126 1805; x_wconf 82' lang='lat'>47.</span> <span class='ocrx_word' id='word_1_1602' title='bbox 2199 1772 2352 1805; x_wconf 89' lang='lat' dir='ltr'>Irrumpere</span> <span class='ocrx_word' id='word_1_1603' title='bbox 2376 1770 2422 1796; x_wconf 81' lang='lat' dir='ltr'>Sil.</span> <span class='ocrx_word' id='word_1_1604' title='bbox 2437 1777 2478 1802; x_wconf 80' lang='lat'>13,</span> 
     </span>
     <span class='ocr_line' id='line_1_157' title="bbox 1405 1805 2478 1842; baseline 0.001 -11"><span class='ocrx_word' id='word_1_1605' title='bbox 1405 1815 1449 1842; x_wconf 77' lang='lat'>79.</span> <span class='ocrx_word' id='word_1_1606' title='bbox 1524 1806 1671 1833; x_wconf 85' lang='lat' dir='ltr'>Miscentur</span> <span class='ocrx_word' id='word_1_1607' title='bbox 1686 1805 1771 1842; x_wconf 49' lang='grc' dir='ltr'>1116111Ἰ</span> <span class='ocrx_word' id='word_1_1608' title='bbox 1791 1805 1867 1839; x_wconf 83' lang='lat' dir='ltr'>Virg.</span> <span class='ocrx_word' id='word_1_1609' title='bbox 1880 1805 1945 1831; x_wconf 87' lang='lat' dir='ltr'>Aen.</span> <span class='ocrx_word' id='word_1_1610' title='bbox 1960 1813 1991 1838; x_wconf 66' lang='grc' dir='ltr'>ε,</span> <span class='ocrx_word' id='word_1_1611' title='bbox 2009 1812 2065 1838; x_wconf 71' lang='lat'>298.</span> <span class='ocrx_word' id='word_1_1612' title='bbox 2137 1806 2240 1832; x_wconf 88' lang='lat' dir='ltr'>Ponere</span> <span class='ocrx_word' id='word_1_1613' title='bbox 2272 1805 2353 1832; x_wconf 87' lang='lat' dir='ltr'>Ouid.</span> <span class='ocrx_word' id='word_1_1614' title='bbox 2364 1807 2433 1832; x_wconf 83' lang='lat' dir='ltr'>Met.</span> <span class='ocrx_word' id='word_1_1615' title='bbox 2447 1815 2478 1841; x_wconf 82' lang='lat'>5,</span> 
     </span>
     <span class='ocr_line' id='line_1_158' title="bbox 1406 1840 2476 1876; baseline -0.002 -7"><span class='ocrx_word' id='word_1_1616' title='bbox 1406 1850 1464 1876; x_wconf 81' lang='grc'>403.</span> <span class='ocrx_word' id='word_1_1617' title='bbox 1537 1843 1622 1869; x_wconf 87' lang='lat' dir='ltr'>Ponet</span> <span class='ocrx_word' id='word_1_1618' title='bbox 1635 1850 1777 1875; x_wconf 85' lang='lat' dir='ltr'>moresque</span> <span class='ocrx_word' id='word_1_1619' title='bbox 1797 1842 1865 1868; x_wconf 87' lang='lat' dir='ltr'>viris</span> <span class='ocrx_word' id='word_1_1620' title='bbox 1879 1847 1905 1868; x_wconf 88' lang='lat' dir='ltr'>et</span> <span class='ocrx_word' id='word_1_1621' title='bbox 1918 1840 2026 1867; x_wconf 82' lang='lat' dir='ltr'>moenia</span> <span class='ocrx_word' id='word_1_1622' title='bbox 2060 1841 2138 1875; x_wconf 81' lang='lat' dir='ltr'>Virg.</span> <span class='ocrx_word' id='word_1_1623' title='bbox 2159 1842 2224 1868; x_wconf 85' lang='lat' dir='ltr'>Aen.</span> <span class='ocrx_word' id='word_1_1624' title='bbox 2239 1851 2265 1873; x_wconf 89' lang='lat'>1,</span> <span class='ocrx_word' id='word_1_1625' title='bbox 2285 1844 2340 1871; x_wconf 79' lang='lat'>268.</span> <span class='ocrx_word' id='word_1_1626' title='bbox 2413 1842 2476 1867; x_wconf 87' lang='lat' dir='ltr'>Pro-</span> 
     </span>
     <span class='ocr_line' id='line_1_159' title="bbox 1406 1876 2477 1910; baseline -0.003 -5"><span class='ocrx_word' id='word_1_1627' title='bbox 1406 1887 1517 1906; x_wconf 86' lang='lat' dir='ltr'>mouere</span> <span class='ocrx_word' id='word_1_1628' title='bbox 1539 1899 1545 1906; x_wconf 98' lang='lat'>.</span> <span class='ocrx_word' id='word_1_1629' title='bbox 1679 1878 1804 1904; x_wconf 82' lang='lat' dir='ltr'>Reserare</span> <span class='ocrx_word' id='word_1_1630' title='bbox 1817 1877 1899 1904; x_wconf 89' lang='lat' dir='ltr'>alicui</span> <span class='ocrx_word' id='word_1_1631' title='bbox 1922 1876 2005 1904; x_wconf 86' lang='lat' dir='ltr'>Ouid.</span> <span class='ocrx_word' id='word_1_1632' title='bbox 2020 1877 2084 1903; x_wconf 86' lang='lat' dir='ltr'>Met.</span> <span class='ocrx_word' id='word_1_1633' title='bbox 2099 1884 2123 1910; x_wconf 83' lang='lat'>8,</span> <span class='ocrx_word' id='word_1_1634' title='bbox 2138 1879 2174 1904; x_wconf 88' lang='grc'>61.</span> <span class='ocrx_word' id='word_1_1635' title='bbox 2247 1876 2394 1904; x_wconf 87' lang='lat' dir='ltr'>Domicilia</span> <span class='ocrx_word' id='word_1_1636' title='bbox 2415 1885 2477 1903; x_wconf 87' lang='lat' dir='ltr'>con-</span> 
     </span>
     <span class='ocr_line' id='line_1_160' title="bbox 1405 1912 2476 1948; baseline -0.004 -7"><span class='ocrx_word' id='word_1_1637' title='bbox 1405 1915 1494 1941; x_wconf 55' lang='grc'>1101613</span> <span class='ocrx_word' id='word_1_1638' title='bbox 1504 1935 1512 1947; x_wconf 85' lang='grc'>,</span> <span class='ocrx_word' id='word_1_1639' title='bbox 1530 1923 1593 1948; x_wconf 89' lang='lat' dir='ltr'>quas</span> <span class='ocrx_word' id='word_1_1640' title='bbox 1607 1912 1686 1940; x_wconf 78' lang='lat' dir='ltr'>vrbes</span> <span class='ocrx_word' id='word_1_1641' title='bbox 1702 1913 1832 1947; x_wconf 81' lang='lat' dir='ltr'>dicimus,</span> <span class='ocrx_word' id='word_1_1642' title='bbox 1852 1912 1992 1940; x_wconf 86' lang='lat' dir='ltr'>moenibus</span> <span class='ocrx_word' id='word_1_1643' title='bbox 2000 1913 2139 1947; x_wconf 83' lang='lat' dir='ltr'>Sepserunt</span> <span class='ocrx_word' id='word_1_1644' title='bbox 2164 1912 2221 1941; x_wconf 91' lang='lat' dir='ltr'>Cic.</span> <span class='ocrx_word' id='word_1_1645' title='bbox 2230 1922 2280 1948; x_wconf 86' lang='lat' dir='ltr'>pro</span> <span class='ocrx_word' id='word_1_1646' title='bbox 2289 1913 2356 1939; x_wconf 80' lang='lat' dir='ltr'>Sext.</span> <span class='ocrx_word' id='word_1_1647' title='bbox 2366 1920 2392 1943; x_wconf 81' lang='lat'>91</span> <span class='ocrx_word' id='word_1_1648' title='bbox 2406 1919 2476 1943; x_wconf 82' lang='lat' dir='ltr'>c.4z.</span> 
     </span>
     <span class='ocr_line' id='line_1_161' title="bbox 1406 1948 2477 1985; baseline -0.004 -8"><span class='ocrx_word' id='word_1_1649' title='bbox 1406 1951 1515 1985; x_wconf 83' lang='lat' dir='ltr'>Signare</span> <span class='ocrx_word' id='word_1_1650' title='bbox 1531 1951 1602 1977; x_wconf 88' lang='lat' dir='ltr'>sulco</span> <span class='ocrx_word' id='word_1_1651' title='bbox 1629 1949 1675 1976; x_wconf 84' lang='lat' dir='ltr'>Sil.</span> <span class='ocrx_word' id='word_1_1652' title='bbox 1689 1958 1722 1983; x_wconf 77' lang='grc'>13,</span> <span class='ocrx_word' id='word_1_1653' title='bbox 1739 1955 1781 1981; x_wconf 78' lang='grc'>118.</span> <span class='ocrx_word' id='word_1_1654' title='bbox 1855 1951 1970 1984; x_wconf 87' lang='lat' dir='ltr'>Surgunt</span> <span class='ocrx_word' id='word_1_1655' title='bbox 2003 1949 2079 1983; x_wconf 81' lang='lat' dir='ltr'>Virg.</span> <span class='ocrx_word' id='word_1_1656' title='bbox 2100 1949 2163 1976; x_wconf 87' lang='lat' dir='ltr'>Aen.</span> <span class='ocrx_word' id='word_1_1657' title='bbox 2179 1958 2205 1982; x_wconf 90' lang='grc'>1,</span> <span class='ocrx_word' id='word_1_1658' title='bbox 2224 1957 2278 1982; x_wconf 73' lang='lat'>44¹-</span> <span class='ocrx_word' id='word_1_1659' title='bbox 2351 1948 2477 1982; x_wconf 83' lang='lat' dir='ltr'>Tegere,</span> 
     </span>
     <span class='ocr_line' id='line_1_162' title="bbox 1406 1983 2478 2020; baseline -0.003 -7"><span class='ocrx_word' id='word_1_1660' title='bbox 1406 1987 1548 2020; x_wconf 58' lang='lat' dir='ltr'>Defendere</span> <span class='ocrx_word' id='word_1_1661' title='bbox 1576 1985 1615 2013; x_wconf 87' lang='lat' dir='ltr'>Id.</span> <span class='ocrx_word' id='word_1_1662' title='bbox 1632 1985 1700 2013; x_wconf 88' lang='lat' dir='ltr'>Ibid.</span> <span class='ocrx_word' id='word_1_1663' title='bbox 1715 1994 1747 2016; x_wconf 84' lang='grc'>12,</span> <span class='ocrx_word' id='word_1_1664' title='bbox 1762 1990 1812 2017; x_wconf 78' lang='grc'>148.</span> <span class='ocrx_word' id='word_1_1665' title='bbox 1887 1987 2025 2012; x_wconf 85' lang='lat' dir='ltr'>Vexantur</span> <span class='ocrx_word' id='word_1_1666' title='bbox 2052 1986 2139 2012; x_wconf 88' lang='lat' dir='ltr'>Catul.</span> <span class='ocrx_word' id='word_1_1667' title='bbox 2153 1987 2252 2019; x_wconf 78' lang='lat' dir='ltr'>Argon.</span> <span class='ocrx_word' id='word_1_1668' title='bbox 2268 1987 2313 2017; x_wconf 79' lang='lat'>62,</span> <span class='ocrx_word' id='word_1_1669' title='bbox 2328 1988 2370 2014; x_wconf 83' lang='lat'>80·</span> <span class='ocrx_word' id='word_1_1670' title='bbox 2425 1983 2478 2010; x_wconf 88' lang='lat' dir='ltr'>Lu-</span> 
     </span>
     <span class='ocr_line' id='line_1_163' title="bbox 1408 2020 2478 2056; baseline -0.001 -8"><span class='ocrx_word' id='word_1_1671' title='bbox 1408 2028 1472 2048; x_wconf 84' lang='lat' dir='ltr'>cret.</span> <span class='ocrx_word' id='word_1_1672' title='bbox 1487 2032 1509 2053; x_wconf 74' lang='lat'>5,</span> <span class='ocrx_word' id='word_1_1673' title='bbox 1523 2032 1566 2053; x_wconf 68' lang='lat'>455</span> <span class='ocrx_word' id='word_1_1674' title='bbox 1591 2022 1746 2055; x_wconf 83' lang='lat' dir='ltr'>Lunamque</span> <span class='ocrx_word' id='word_1_1675' title='bbox 1759 2020 1910 2055; x_wconf 84' lang='lat' dir='ltr'>efficerent,</span> <span class='ocrx_word' id='word_1_1676' title='bbox 1938 2028 1964 2048; x_wconf 90' lang='lat' dir='ltr'>et</span> <span class='ocrx_word' id='word_1_1677' title='bbox 1981 2021 2071 2056; x_wconf 85' lang='lat' dir='ltr'>magni</span> <span class='ocrx_word' id='word_1_1678' title='bbox 2085 2021 2192 2048; x_wconf 87' lang='lat' dir='ltr'>moenia</span> <span class='ocrx_word' id='word_1_1679' title='bbox 2208 2020 2310 2048; x_wconf 83' lang='lat' dir='ltr'>mundi.</span> <span class='ocrx_word' id='word_1_1680' title='bbox 2335 2021 2352 2046; x_wconf 81' lang='grc' dir='ltr'>ἱ.</span> <span class='ocrx_word' id='word_1_1681' title='bbox 2367 2020 2478 2047; x_wconf 74' lang='lat' dir='ltr'>Caelum.</span> 
     </span>
     <span class='ocr_line' id='line_1_164' title="bbox 1407 2053 2477 2095; baseline 0.004 -15"><span class='ocrx_word' id='word_1_1682' title='bbox 1407 2057 1527 2088; x_wconf 84' lang='lat' dir='ltr'>Ingentia</span> <span class='ocrx_word' id='word_1_1683' title='bbox 1542 2056 1650 2081; x_wconf 86' lang='lat' dir='ltr'>moenia</span> <span class='ocrx_word' id='word_1_1684' title='bbox 1664 2057 1728 2082; x_wconf 84' lang='lat' dir='ltr'>caeli</span> <span class='ocrx_word' id='word_1_1685' title='bbox 1753 2057 1835 2082; x_wconf 88' lang='lat' dir='ltr'>Ouid.</span> <span class='ocrx_word' id='word_1_1686' title='bbox 1849 2058 1913 2084; x_wconf 88' lang='lat' dir='ltr'>Met.</span> <span class='ocrx_word' id='word_1_1687' title='bbox 1928 2067 1950 2090; x_wconf 85' lang='lat'>2,</span> <span class='ocrx_word' id='word_1_1688' title='bbox 1963 2067 2018 2089; x_wconf 81' lang='grc'>401.</span> <span class='ocrx_word' id='word_1_1689' title='bbox 2095 2062 2097 2066; x_wconf 81' lang='lat'><em>&#39;</em></span> <span class='ocrx_word' id='word_1_1690' title='bbox 2198 2053 2219 2095; x_wconf 59' lang='lat' dir='ltr'>q</span> <span class='ocrx_word' id='word_1_1691' title='bbox 2242 2065 2254 2083; x_wconf 89' lang='lat'>2</span> <span class='ocrx_word' id='word_1_1692' title='bbox 2291 2057 2340 2081; x_wconf 72' lang='lat' dir='ltr'>Pro</span> <span class='ocrx_word' id='word_1_1693' title='bbox 2356 2055 2477 2090; x_wconf 49' lang='lat' dir='ltr'>aedificiis</span> 
     </span>
     <span class='ocr_line' id='line_1_165' title="bbox 1402 2089 2477 2124; baseline 0.006 -12"><span class='ocrx_word' id='word_1_1694' title='bbox 1402 2089 1544 2123; x_wconf 61' lang='lat' dir='ltr'>generatim</span> <span class='ocrx_word' id='word_1_1695' title='bbox 1558 2090 1618 2122; x_wconf 82' lang='lat' dir='ltr'>poni</span> <span class='ocrx_word' id='word_1_1696' title='bbox 1638 2091 1782 2122; x_wconf 72' lang='lat' dir='ltr'>quibusdam</span> <span class='ocrx_word' id='word_1_1697' title='bbox 1802 2092 1924 2117; x_wconf 81' lang='lat' dir='ltr'>videntur</span> <span class='ocrx_word' id='word_1_1698' title='bbox 1938 2092 2056 2118; x_wconf 84' lang='lat' dir='ltr'>Moenia.</span> <span class='ocrx_word' id='word_1_1699' title='bbox 2128 2094 2260 2119; x_wconf 73' lang='lat' dir='ltr'>Laudatur</span> <span class='ocrx_word' id='word_1_1700' title='bbox 2280 2091 2351 2118; x_wconf 79' lang='lat' dir='ltr'>Flor.</span> <span class='ocrx_word' id='word_1_1701' title='bbox 2366 2100 2392 2121; x_wconf 88' lang='lat'>1,</span> <span class='ocrx_word' id='word_1_1702' title='bbox 2411 2100 2445 2124; x_wconf 89' lang='lat'>4,</span> <span class='ocrx_word' id='word_1_1703' title='bbox 2463 2099 2477 2118; x_wconf 86' lang='lat'><em>2</em></span> 
     </span>
     <span class='ocr_line' id='line_1_166' title="bbox 1408 2123 2480 2160; baseline 0.001 -10"><span class='ocrx_word' id='word_1_1704' title='bbox 1408 2123 1517 2150; x_wconf 85' lang='lat' dir='ltr'>Moenia</span> <span class='ocrx_word' id='word_1_1705' title='bbox 1529 2132 1609 2150; x_wconf 89' lang='lat' dir='ltr'>muro</span> <span class='ocrx_word' id='word_1_1706' title='bbox 1624 2124 1779 2158; x_wconf 85' lang='lat' dir='ltr'>complexus</span> <span class='ocrx_word' id='word_1_1707' title='bbox 1794 2125 1838 2151; x_wconf 88' lang='lat' dir='ltr'>est.</span> <span class='ocrx_word' id='word_1_1708' title='bbox 1913 2128 1945 2152; x_wconf 72' lang='lat' dir='ltr'>Et</span> <span class='ocrx_word' id='word_1_1709' title='bbox 1959 2128 2034 2160; x_wconf 72' lang='lat' dir='ltr'>Virg.</span> <span class='ocrx_word' id='word_1_1710' title='bbox 2051 2128 2116 2153; x_wconf 86' lang='lat' dir='ltr'>Aen.</span> <span class='ocrx_word' id='word_1_1711' title='bbox 2131 2130 2157 2159; x_wconf 86' lang='lat'>6,</span> <span class='ocrx_word' id='word_1_1712' title='bbox 2171 2136 2217 2160; x_wconf 75' lang='lat'>549</span> <span class='ocrx_word' id='word_1_1713' title='bbox 2251 2127 2362 2153; x_wconf 89' lang='lat' dir='ltr'>Moenia</span> <span class='ocrx_word' id='word_1_1714' title='bbox 2375 2127 2426 2152; x_wconf 79' lang='lat' dir='ltr'>lata</span> <span class='ocrx_word' id='word_1_1715' title='bbox 2439 2126 2480 2153; x_wconf 89' lang='lat' dir='ltr'>vi-</span> 
     </span>
     <span class='ocr_line' id='line_1_167' title="bbox 1407 2159 2479 2197; baseline 0.003 -12"><span class='ocrx_word' id='word_1_1716' title='bbox 1407 2159 1450 2185; x_wconf 86' lang='lat' dir='ltr'>det</span> <span class='ocrx_word' id='word_1_1717' title='bbox 1464 2159 1565 2193; x_wconf 84' lang='lat' dir='ltr'>triplici</span> <span class='ocrx_word' id='word_1_1718' title='bbox 1581 2159 1743 2186; x_wconf 87' lang='lat' dir='ltr'>circumdata</span> <span class='ocrx_word' id='word_1_1719' title='bbox 1758 2169 1847 2186; x_wconf 84' lang='lat' dir='ltr'>muro.</span> <span class='ocrx_word' id='word_1_1720' title='bbox 1904 2163 1953 2187; x_wconf 62' lang='lat' dir='ltr'>Sed</span> <span class='ocrx_word' id='word_1_1721' title='bbox 1966 2162 2048 2197; x_wconf 69' lang='lat' dir='ltr'>potius</span> <span class='ocrx_word' id='word_1_1722' title='bbox 2067 2163 2105 2188; x_wconf 78' lang='lat' dir='ltr'>ita</span> <span class='ocrx_word' id='word_1_1723' title='bbox 2124 2163 2235 2197; x_wconf 65' lang='lat' dir='ltr'>acdpio,</span> <span class='ocrx_word' id='word_1_1724' title='bbox 2267 2169 2297 2188; x_wconf 77' lang='lat' dir='ltr'>vt</span> <span class='ocrx_word' id='word_1_1725' title='bbox 2317 2162 2427 2188; x_wconf 77' lang='lat' dir='ltr'>Moenia</span> <span class='ocrx_word' id='word_1_1726' title='bbox 2440 2161 2479 2195; x_wconf 72' lang='lat' dir='ltr'>fit</span> 
     </span>
     <span class='ocr_line' id='line_1_168' title="bbox 1403 2196 2479 2233; baseline 0.003 -13"><span class='ocrx_word' id='word_1_1727' title='bbox 1403 2205 1497 2230; x_wconf 76' lang='lat' dir='ltr'>genus,</span> <span class='ocrx_word' id='word_1_1728' title='bbox 1519 2196 1613 2230; x_wconf 76' lang='lat' dir='ltr'>Species</span> <span class='ocrx_word' id='word_1_1729' title='bbox 1626 2204 1728 2222; x_wconf 87' lang='lat' dir='ltr'>murus.</span> <span class='ocrx_word' id='word_1_1730' title='bbox 1786 2196 1913 2228; x_wconf 87' lang='lat' dir='ltr'>Moenia,</span> <span class='ocrx_word' id='word_1_1731' title='bbox 1934 2198 1963 2222; x_wconf 80' lang='lat' dir='ltr'>id</span> <span class='ocrx_word' id='word_1_1732' title='bbox 1981 2198 2012 2233; x_wconf 67' lang='lat' dir='ltr'>est</span> <span class='ocrx_word' id='word_1_1733' title='bbox 2024 2197 2171 2224; x_wconf 75' lang='lat' dir='ltr'>munitiones</span> <span class='ocrx_word' id='word_1_1734' title='bbox 2184 2208 2253 2225; x_wconf 76' lang='lat' dir='ltr'>muro</span> <span class='ocrx_word' id='word_1_1735' title='bbox 2266 2197 2401 2231; x_wconf 69' lang='lat' dir='ltr'>constantes</span> <span class='ocrx_word' id='word_1_1736' title='bbox 2410 2197 2479 2232; x_wconf 70' lang='lat' dir='ltr'>fe’cit</span> 
     </span>
     <span class='ocr_line' id='line_1_169' title="bbox 1409 2229 2480 2272; baseline 0.002 -16"><span class='ocrx_word' id='word_1_1737' title='bbox 1409 2238 1457 2257; x_wconf 86' lang='lat' dir='ltr'>etc.</span> <span class='ocrx_word' id='word_1_1738' title='bbox 1514 2233 1583 2257; x_wconf 59' lang='lat' dir='ltr'>Aud.</span> <span class='ocrx_word' id='word_1_1739' title='bbox 1597 2231 1763 2266; x_wconf 65' lang='lat' dir='ltr'>quemstatim</span> <span class='ocrx_word' id='word_1_1740' title='bbox 1777 2233 1932 2258; x_wconf 78' lang='lat' dir='ltr'>laudabimus</span> <span class='ocrx_word' id='word_1_1741' title='bbox 1945 2234 2039 2260; x_wconf 89' lang='lat' dir='ltr'>Manil.</span> <span class='ocrx_word' id='word_1_1742' title='bbox 2049 2243 2067 2266; x_wconf 82' lang='lat'>1,</span> <span class='ocrx_word' id='word_1_1743' title='bbox 2083 2242 2127 2265; x_wconf 85' lang='lat'>151.</span> <span class='ocrx_word' id='word_1_1744' title='bbox 2303 2229 2328 2272; x_wconf 54' lang='grc' dir='ltr'><strong><em>ἦ</em></strong></span> <span class='ocrx_word' id='word_1_1745' title='bbox 2345 2241 2358 2266; x_wconf 80' lang='lat'><em>3</em></span> <span class='ocrx_word' id='word_1_1746' title='bbox 2396 2229 2480 2260; x_wconf 64' lang='lat' dir='ltr'>litium</span> 
     </span>
     <span class='ocr_line' id='line_1_170' title="bbox 1408 2266 2476 2303; baseline 0.002 -11"><span class='ocrx_word' id='word_1_1747' title='bbox 1408 2268 1438 2292; x_wconf 80' lang='lat' dir='ltr'>a&#39;e</span> <span class='ocrx_word' id='word_1_1748' title='bbox 1452 2267 1510 2292; x_wconf 79' lang='lat' dir='ltr'>locis</span> <span class='ocrx_word' id='word_1_1749' title='bbox 1524 2273 1618 2291; x_wconf 65' lang='lat' dir='ltr'>natm-u</span> <span class='ocrx_word' id='word_1_1750' title='bbox 1632 2267 1735 2292; x_wconf 73' lang='lat' dir='ltr'>›nunitis</span> <span class='ocrx_word' id='word_1_1751' title='bbox 1750 2266 1859 2292; x_wconf 88' lang='lat' dir='ltr'>Moenia</span> <span class='ocrx_word' id='word_1_1752' title='bbox 1874 2268 1940 2302; x_wconf 67' lang='lat' dir='ltr'>dici,</span> <span class='ocrx_word' id='word_1_1753' title='bbox 1959 2275 2070 2303; x_wconf 66' lang='lat' dir='ltr'>apparet.</span> <span class='ocrx_word' id='word_1_1754' title='bbox 2129 2269 2203 2294; x_wconf 87' lang='lat' dir='ltr'>Grat.</span> <span class='ocrx_word' id='word_1_1755' title='bbox 2217 2277 2256 2301; x_wconf 80' lang='lat'>43¹</span> <span class='ocrx_word' id='word_1_1756' title='bbox 2279 2269 2389 2295; x_wconf 85' lang='lat' dir='ltr'>Circum</span> <span class='ocrx_word' id='word_1_1757' title='bbox 2402 2275 2476 2296; x_wconf 82' lang='lat' dir='ltr'>atrae</span> 
     </span>
     <span class='ocr_line' id='line_1_171' title="bbox 1408 2302 2440 2339; baseline 0 -10"><span class='ocrx_word' id='word_1_1758' title='bbox 1408 2302 1515 2330; x_wconf 87' lang='lat' dir='ltr'>moenia</span> <span class='ocrx_word' id='word_1_1759' title='bbox 1527 2302 1615 2329; x_wconf 89' lang='lat' dir='ltr'>siluae.</span> <span class='ocrx_word' id='word_1_1760' title='bbox 1658 2324 1661 2325; x_wconf 73' lang='lat'>.</span> <span class='ocrx_word' id='word_1_1761' title='bbox 1674 2302 1749 2335; x_wconf 78' lang='lat' dir='ltr'>Cunf.</span> <span class='ocrx_word' id='word_1_1762' title='bbox 1764 2304 1847 2328; x_wconf 71' lang='lat' dir='ltr'>h&#39;urm.</span> <span class='ocrx_word' id='word_1_1763' title='bbox 1862 2313 1892 2328; x_wconf 76' lang='lat' dir='ltr'>w:</span> <span class='ocrx_word' id='word_1_1764' title='bbox 1909 2303 1991 2330; x_wconf 84' lang='lat' dir='ltr'>Ouid.</span> <span class='ocrx_word' id='word_1_1765' title='bbox 2008 2305 2071 2330; x_wconf 85' lang='lat' dir='ltr'>Met.</span> <span class='ocrx_word' id='word_1_1766' title='bbox 2086 2313 2111 2339; x_wconf 78' lang='grc'>4,</span> <span class='ocrx_word' id='word_1_1767' title='bbox 2124 2306 2181 2335; x_wconf 69' lang='lat'>646.</span> <span class='ocrx_word' id='word_1_1768' title='bbox 2253 2304 2347 2331; x_wconf 88' lang='lat' dir='ltr'>Manil.</span> <span class='ocrx_word' id='word_1_1769' title='bbox 2363 2313 2384 2339; x_wconf 82' lang='lat'>1,</span> <span class='ocrx_word' id='word_1_1770' title='bbox 2404 2311 2440 2336; x_wconf 83' lang='lat'>151</span> 
     </span>
    </p>

    <p class='ocr_par' dir='ltr' id='par_1_35' title="bbox 1568 2338 2290 2438">
     <span class='ocr_line' id='line_1_172' title="bbox 1568 2338 2241 2372; baseline 0 -7"><span class='ocrx_word' id='word_1_1771' title='bbox 1568 2339 1640 2372; x_wconf 76' lang='lat' dir='ltr'>Ignis</span> <span class='ocrx_word' id='word_1_1772' title='bbox 1661 2338 1689 2364; x_wconf 90' lang='lat' dir='ltr'>in</span> <span class='ocrx_word' id='word_1_1773' title='bbox 1708 2338 1843 2365; x_wconf 84' lang='lat' dir='ltr'>aethereas</span> <span class='ocrx_word' id='word_1_1774' title='bbox 1865 2338 1976 2365; x_wconf 89' lang='lat' dir='ltr'>volucer</span> <span class='ocrx_word' id='word_1_1775' title='bbox 1995 2340 2020 2365; x_wconf 91' lang='lat' dir='ltr'>se</span> <span class='ocrx_word' id='word_1_1776' title='bbox 2040 2339 2143 2366; x_wconf 82' lang='lat' dir='ltr'>susiulit</span> <span class='ocrx_word' id='word_1_1777' title='bbox 2163 2348 2241 2372; x_wconf 91' lang='lat' dir='ltr'>oras,</span> 
     </span>
     <span class='ocr_line' id='line_1_173' title="bbox 1571 2374 2290 2409; baseline 0.003 -10"><span class='ocrx_word' id='word_1_1778' title='bbox 1571 2375 1732 2408; x_wconf 72' lang='lat' dir='ltr'>Summaque</span> <span class='ocrx_word' id='word_1_1779' title='bbox 1753 2375 1906 2408; x_wconf 83' lang='lat' dir='ltr'>complexus</span> <span class='ocrx_word' id='word_1_1780' title='bbox 1927 2374 2052 2402; x_wconf 86' lang='lat' dir='ltr'>stellantis</span> <span class='ocrx_word' id='word_1_1781' title='bbox 2074 2375 2190 2402; x_wconf 88' lang='lat' dir='ltr'>culmina</span> <span class='ocrx_word' id='word_1_1782' title='bbox 2210 2374 2290 2409; x_wconf 84' lang='lat' dir='ltr'>caeli,</span> 
     </span>
     <span class='ocr_line' id='line_1_174' title="bbox 1568 2409 2191 2438; baseline 0.003 -3"><span class='ocrx_word' id='word_1_1783' title='bbox 1568 2409 1748 2435; x_wconf 71' lang='lat' dir='ltr'>Flammarum</span> <span class='ocrx_word' id='word_1_1784' title='bbox 1770 2411 1840 2435; x_wconf 90' lang='lat' dir='ltr'>vallo</span> <span class='ocrx_word' id='word_1_1785' title='bbox 1861 2417 1970 2438; x_wconf 86' lang='lat' dir='ltr'>naturae</span> <span class='ocrx_word' id='word_1_1786' title='bbox 1990 2411 2099 2437; x_wconf 85' lang='lat' dir='ltr'>moenia</span> <span class='ocrx_word' id='word_1_1787' title='bbox 2118 2411 2191 2437; x_wconf 81' lang='lat' dir='ltr'>fecit.</span> 
     </span>
    </p>
   </div>
   <div class='ocr_carea' id='block_1_20' title="bbox 2393 222 2456 259">
    <p class='ocr_par' dir='ltr' id='par_1_36' title="bbox 2393 222 2456 259">
     <span class='ocr_line' id='line_1_175' title="bbox 2393 222 2456 259; baseline 0.032 -12"><span class='ocrx_word' id='word_1_1788' title='bbox 2393 222 2456 259; x_wconf 74' lang='lat'>312</span> 
     </span>
    </p>
   </div>
   <div class='ocr_carea' id='block_1_21' title="bbox 1805 439 2463 514">
    <p class='ocr_par' dir='ltr' id='par_1_37' title="bbox 1805 439 2463 514">
     <span class='ocr_line' id='line_1_176' title="bbox 1805 439 2462 474; baseline -0.003 -6"><span class='ocrx_word' id='word_1_1789' title='bbox 1805 441 1975 469; x_wconf 78' lang='lat' dir='ltr'>Adulterium.</span> <span class='ocrx_word' id='word_1_1790' title='bbox 2022 441 2155 468; x_wconf 78' lang='lat' dir='ltr'>Laudatur</span> <span class='ocrx_word' id='word_1_1791' title='bbox 2166 444 2272 470; x_wconf 87' lang='lat' dir='ltr'>Petron.</span> <span class='ocrx_word' id='word_1_1792' title='bbox 2287 452 2307 468; x_wconf 89' lang='lat' dir='ltr'>c.</span> <span class='ocrx_word' id='word_1_1793' title='bbox 2323 451 2356 474; x_wconf 83' lang='lat'>¹13</span> <span class='ocrx_word' id='word_1_1794' title='bbox 2382 439 2462 467; x_wconf 73' lang='lat' dir='ltr'>Redi·</span> 
     </span>
     <span class='ocr_line' id='line_1_177' title="bbox 1849 476 2463 514; baseline -0.002 -10"><span class='ocrx_word' id='word_1_1795' title='bbox 1849 479 1899 504; x_wconf 76' lang='lat' dir='ltr'>Sed</span> <span class='ocrx_word' id='word_1_1796' title='bbox 1915 476 2055 504; x_wconf 70' lang='lat' dir='ltr'>coniet‘lura</span> <span class='ocrx_word' id='word_1_1797' title='bbox 2074 487 2141 504; x_wconf 82' lang='lat' dir='ltr'>mera</span> <span class='ocrx_word' id='word_1_1798' title='bbox 2154 479 2195 514; x_wconf 70' lang='lat' dir='ltr'>qst.</span> <span class='ocrx_word' id='word_1_1799' title='bbox 2250 478 2366 505; x_wconf 65' lang='lat' dir='ltr'>Flmsluat</span> <span class='ocrx_word' id='word_1_1800' title='bbox 2384 477 2463 503; x_wconf 60' lang='grc' dir='ltr'>[σθω.</span> 
     </span>
    </p>
   </div>
   <div class='ocr_carea' id='block_1_22' title="bbox 1407 2445 2517 3601">
    <p class='ocr_par' dir='ltr' id='par_1_38' title="bbox 1408 2445 2513 2661">
     <span class='ocr_line' id='line_1_178' title="bbox 1408 2445 2481 2482; baseline 0.001 -10"><span class='ocrx_word' id='word_1_1801' title='bbox 1408 2446 1534 2482; x_wconf 66' lang='lat' dir='ltr'>Igitur-vt</span> <span class='ocrx_word' id='word_1_1802' title='bbox 1546 2447 1615 2480; x_wconf 83' lang='lat' dir='ltr'>apud</span> <span class='ocrx_word' id='word_1_1803' title='bbox 1627 2445 1738 2471; x_wconf 75' lang='lat' dir='ltr'>Florum</span> <span class='ocrx_word' id='word_1_1804' title='bbox 1757 2453 1781 2471; x_wconf 76' lang='lat' dir='ltr'>et</span> <span class='ocrx_word' id='word_1_1805' title='bbox 1797 2445 1846 2471; x_wconf 89' lang='lat' dir='ltr'>Vir</span> <span class='ocrx_word' id='word_1_1806' title='bbox 1865 2445 1944 2472; x_wconf 90' lang='lat' dir='ltr'>ilium</span> <span class='ocrx_word' id='word_1_1807' title='bbox 1967 2456 2062 2479; x_wconf 86' lang='lat' dir='ltr'>muro,</span> <span class='ocrx_word' id='word_1_1808' title='bbox 2089 2448 2126 2472; x_wconf 65' lang='lat' dir='ltr'>im</span> <span class='ocrx_word' id='word_1_1809' title='bbox 2145 2448 2214 2481; x_wconf 71' lang='lat' dir='ltr'>apud</span> <span class='ocrx_word' id='word_1_1810' title='bbox 2232 2446 2378 2473; x_wconf 88' lang='lat' dir='ltr'>Manilium</span> <span class='ocrx_word' id='word_1_1811' title='bbox 2398 2445 2481 2473; x_wconf 80' lang='lat' dir='ltr'>Vallo</span> 
     </span>
     <span class='ocr_line' id='line_1_179' title="bbox 1408 2454 2481 2518; baseline 0 -10"><span class='ocrx_word' id='word_1_1812' title='bbox 1408 2481 1519 2515; x_wconf 73' lang='lat' dir='ltr'>conflant</span> <span class='ocrx_word' id='word_1_1813' title='bbox 1534 2482 1650 2509; x_wconf 77' lang='lat' dir='ltr'>moenia.</span> <span class='ocrx_word' id='word_1_1814' title='bbox 1831 2454 1862 2518; x_wconf 55' lang='lat' dir='ltr'>fig</span> <span class='ocrx_word' id='word_1_1815' title='bbox 1876 2492 1889 2510; x_wconf 69' lang='grc'>4</span> <span class='ocrx_word' id='word_1_1816' title='bbox 1925 2483 2025 2508; x_wconf 87' lang='lat' dir='ltr'>Moene</span> <span class='ocrx_word' id='word_1_1817' title='bbox 2035 2502 2042 2515; x_wconf 90' lang='lat'><strong>‚</strong></span> <span class='ocrx_word' id='word_1_1818' title='bbox 2064 2482 2229 2516; x_wconf 76' lang='lat' dir='ltr'>singulariter</span> <span class='ocrx_word' id='word_1_1819' title='bbox 2242 2482 2355 2516; x_wconf 76' lang='lat' dir='ltr'>protulit</span> <span class='ocrx_word' id='word_1_1820' title='bbox 2367 2482 2481 2515; x_wconf 78' lang='lat' dir='ltr'>Ennius,</span> 
     </span>
     <span class='ocr_line' id='line_1_180' title="bbox 1408 2514 2505 2554; baseline -0.001 -10"><span class='ocrx_word' id='word_1_1821' title='bbox 1408 2514 1466 2554; x_wconf 81' lang='lat' dir='ltr'>teste</span> <span class='ocrx_word' id='word_1_1822' title='bbox 1480 2517 1573 2550; x_wconf 81' lang='lat' dir='ltr'>Festo,</span> <span class='ocrx_word' id='word_1_1823' title='bbox 1607 2516 1685 2553; x_wconf 85' lang='lat' dir='ltr'>Apud</span> <span class='ocrx_word' id='word_1_1824' title='bbox 1705 2517 1857 2551; x_wconf 85' lang='lat' dir='ltr'>emporium</span> <span class='ocrx_word' id='word_1_1825' title='bbox 1877 2517 1907 2543; x_wconf 82' lang='lat' dir='ltr'>in</span> <span class='ocrx_word' id='word_1_1826' title='bbox 1929 2526 2020 2552; x_wconf 81' lang='lat' dir='ltr'>campo</span> <span class='ocrx_word' id='word_1_1827' title='bbox 2043 2518 2161 2544; x_wconf 85' lang='lat' dir='ltr'>hostium</span> <span class='ocrx_word' id='word_1_1828' title='bbox 2182 2526 2229 2552; x_wconf 81' lang='lat' dir='ltr'>per</span> <span class='ocrx_word' id='word_1_1829' title='bbox 2249 2526 2355 2544; x_wconf 84' lang='lat' dir='ltr'>moene.</span> <span class='ocrx_word' id='word_1_1830' title='bbox 2428 2519 2505 2552; x_wconf 51' lang='lat' dir='ltr'>Pro¹¹</span> 
     </span>
     <span class='ocr_line' id='line_1_181' title="bbox 1409 2552 2513 2588; baseline 0 -8"><span class='ocrx_word' id='word_1_1831' title='bbox 1409 2554 1538 2580; x_wconf 67' lang='lat' dir='ltr'>Moenibus</span> <span class='ocrx_word' id='word_1_1832' title='bbox 1563 2555 1623 2581; x_wconf 85' lang='lat' dir='ltr'>Vet.</span> <span class='ocrx_word' id='word_1_1833' title='bbox 1650 2553 1771 2588; x_wconf 87' lang='lat' dir='ltr'>Inscript.</span> <span class='ocrx_word' id='word_1_1834' title='bbox 1791 2555 1859 2587; x_wconf 78' lang='lat' dir='ltr'>apud</span> <span class='ocrx_word' id='word_1_1835' title='bbox 1886 2553 1993 2580; x_wconf 78' lang='lat' dir='ltr'>Gruter.</span> <span class='ocrx_word' id='word_1_1836' title='bbox 2017 2560 2064 2585; x_wconf 74' lang='lat'>408</span> <span class='ocrx_word' id='word_1_1837' title='bbox 2106 2553 2223 2580; x_wconf 88' lang='lat' dir='ltr'>Moeniis</span> <span class='ocrx_word' id='word_1_1838' title='bbox 2244 2555 2314 2579; x_wconf 66' lang='lat' dir='ltr'>lvalact</span> <span class='ocrx_word' id='word_1_1839' title='bbox 2343 2553 2374 2580; x_wconf 82' lang='lat' dir='ltr'>R.</span> <span class='ocrx_word' id='word_1_1840' title='bbox 2396 2553 2422 2579; x_wconf 83' lang='lat' dir='ltr'>P.</span> <span class='ocrx_word' id='word_1_1841' title='bbox 2443 2552 2480 2580; x_wconf 86' lang='lat' dir='ltr'>N.</span> <span class='ocrx_word' id='word_1_1842' title='bbox 2504 2558 2513 2574; x_wconf 88' lang='grc'>-’</span> 
     </span>
     <span class='ocr_line' id='line_1_182' title="bbox 1408 2588 2479 2617; baseline 0 -1"><span class='ocrx_word' id='word_1_1843' title='bbox 1408 2590 1437 2616; x_wconf 89' lang='grc' dir='ltr'>Μ</span> <span class='ocrx_word' id='word_1_1844' title='bbox 1446 2590 1470 2616; x_wconf 93' lang='lat' dir='ltr'>O</span> <span class='ocrx_word' id='word_1_1845' title='bbox 1478 2590 1498 2616; x_wconf 88' lang='lat' dir='ltr'>E</span> <span class='ocrx_word' id='word_1_1846' title='bbox 1507 2590 1534 2617; x_wconf 90' lang='lat' dir='ltr'>N</span> <span class='ocrx_word' id='word_1_1847' title='bbox 1543 2589 1596 2616; x_wconf 84' lang='lat' dir='ltr'>IIS</span> <span class='ocrx_word' id='word_1_1848' title='bbox 1626 2590 1647 2616; x_wconf 89' lang='lat' dir='ltr'>A</span> <span class='ocrx_word' id='word_1_1849' title='bbox 1655 2590 1682 2615; x_wconf 91' lang='lat' dir='ltr'>M</span> <span class='ocrx_word' id='word_1_1850' title='bbox 1692 2590 1708 2615; x_wconf 87' lang='grc' dir='ltr'>Ρ</span> <span class='ocrx_word' id='word_1_1851' title='bbox 1718 2590 1737 2615; x_wconf 92' lang='lat' dir='ltr'>L</span> <span class='ocrx_word' id='word_1_1852' title='bbox 1746 2589 1784 2615; x_wconf 84' lang='lat' dir='ltr'>IA</span> <span class='ocrx_word' id='word_1_1853' title='bbox 1796 2590 1818 2615; x_wconf 92' lang='lat' dir='ltr'>V</span> <span class='ocrx_word' id='word_1_1854' title='bbox 1827 2590 1840 2615; x_wconf 92' lang='grc' dir='ltr'><strong>Ι</strong></span> <span class='ocrx_word' id='word_1_1855' title='bbox 1848 2588 1887 2617; x_wconf 86' lang='grc' dir='ltr'>Τ.</span> <span class='ocrx_word' id='word_1_1856' title='bbox 1946 2591 1987 2616; x_wconf 73' lang='lat' dir='ltr'>Sic</span> <span class='ocrx_word' id='word_1_1857' title='bbox 2009 2590 2187 2616; x_wconf 86' lang='lat' dir='ltr'>Moeniorum</span> <span class='ocrx_word' id='word_1_1858' title='bbox 2201 2588 2314 2616; x_wconf 87' lang='lat' dir='ltr'>Cledon.</span> <span class='ocrx_word' id='word_1_1859' title='bbox 2332 2590 2479 2617; x_wconf 78' lang='lat' dir='ltr'>Grammat-</span> 
     </span>
     <span class='ocr_line' id='line_1_183' title="bbox 1408 2625 1811 2661; baseline -0.002 -9"><span class='ocrx_word' id='word_1_1860' title='bbox 1408 2630 1499 2661; x_wconf 74' lang='lat' dir='ltr'>p.1898</span> <span class='ocrx_word' id='word_1_1861' title='bbox 1532 2625 1632 2653; x_wconf 82' lang='lat' dir='ltr'>Putsch.</span> <span class='ocrx_word' id='word_1_1862' title='bbox 1645 2635 1675 2651; x_wconf 75' lang='lat' dir='ltr'>ex</span> <span class='ocrx_word' id='word_1_1863' title='bbox 1690 2625 1811 2659; x_wconf 77' lang='lat' dir='ltr'>antiquis.</span> 
     </span>
    </p>

    <p class='ocr_par' dir='ltr' id='par_1_39' title="bbox 1407 2661 2034 2767">
     <span class='ocr_line' id='line_1_184' title="bbox 1443 2661 2034 2694; baseline 0.003 -7"><span class='ocrx_word' id='word_1_1864' title='bbox 1443 2668 1468 2688; x_wconf 88' lang='grc' dir='ltr'>Μ</span> <span class='ocrx_word' id='word_1_1865' title='bbox 1479 2668 1498 2688; x_wconf 90' lang='grc' dir='ltr'>Ο</span> <span class='ocrx_word' id='word_1_1866' title='bbox 1509 2668 1526 2689; x_wconf 87' lang='grc' dir='ltr'>Ε</span> <span class='ocrx_word' id='word_1_1867' title='bbox 1540 2667 1562 2688; x_wconf 90' lang='lat' dir='ltr'>N</span> <span class='ocrx_word' id='word_1_1868' title='bbox 1573 2669 1583 2688; x_wconf 82' lang='lat'>1</span> <span class='ocrx_word' id='word_1_1869' title='bbox 1592 2668 1611 2688; x_wconf 90' lang='lat' dir='ltr'>O</span> <span class='ocrx_word' id='word_1_1870' title='bbox 1621 2680 1629 2693; x_wconf 88' lang='lat'>,</span> <span class='ocrx_word' id='word_1_1871' title='bbox 1650 2665 1699 2688; x_wconf 77' lang='lat' dir='ltr'>ire.</span> <span class='ocrx_word' id='word_1_1872' title='bbox 1741 2661 1853 2694; x_wconf 79' lang='lat' dir='ltr'>Amique</span> <span class='ocrx_word' id='word_1_1873' title='bbox 1864 2667 1910 2694; x_wconf 85' lang='lat' dir='ltr'>pro</span> <span class='ocrx_word' id='word_1_1874' title='bbox 1921 2661 2034 2689; x_wconf 64' lang='grc' dir='ltr'>Μηηὶνσ.</span> 
     </span>
     <span class='ocr_line' id='line_1_185' title="bbox 1408 2696 1986 2733; baseline 0.002 -10"><span class='ocrx_word' id='word_1_1875' title='bbox 1408 2697 1577 2731; x_wconf 84' lang='lat' dir='ltr'>Tarentum,</span> <span class='ocrx_word' id='word_1_1876' title='bbox 1599 2697 1670 2733; x_wconf 91' lang='lat' dir='ltr'>quod</span> <span class='ocrx_word' id='word_1_1877' title='bbox 1685 2696 1842 2724; x_wconf 85' lang='lat' dir='ltr'>moeniuere</span> <span class='ocrx_word' id='word_1_1878' title='bbox 1862 2697 1986 2724; x_wconf 81' lang='lat' dir='ltr'>Lacones.</span> 
     </span>
     <span class='ocr_line' id='line_1_186' title="bbox 1407 2733 1592 2767; baseline -0.005 -7"><span class='ocrx_word' id='word_1_1879' title='bbox 1407 2733 1490 2760; x_wconf 86' lang='lat' dir='ltr'>Pallio</span> <span class='ocrx_word' id='word_1_1880' title='bbox 1505 2743 1529 2767; x_wconf 87' lang='lat' dir='ltr'>p.</span> <span class='ocrx_word' id='word_1_1881' title='bbox 1544 2742 1592 2767; x_wconf 90' lang='grc'>171.</span> 
     </span>
    </p>

    <p class='ocr_par' dir='ltr' id='par_1_40' title="bbox 1408 2769 2517 2913">
     <span class='ocr_line' id='line_1_187' title="bbox 1443 2769 2517 2805; baseline 0 -10"><span class='ocrx_word' id='word_1_1882' title='bbox 1443 2775 1524 2795; x_wconf 85' lang='lat' dir='ltr'>MOE</span> <span class='ocrx_word' id='word_1_1883' title='bbox 1537 2776 1557 2795; x_wconf 87' lang='lat' dir='ltr'>N</span> <span class='ocrx_word' id='word_1_1884' title='bbox 1574 2771 1587 2795; x_wconf 63' lang='lat'>1*</span> <span class='ocrx_word' id='word_1_1885' title='bbox 1597 2775 1620 2796; x_wconf 87' lang='grc' dir='ltr'><strong><em>Τ</em></strong></span> <span class='ocrx_word' id='word_1_1886' title='bbox 1631 2775 1651 2794; x_wconf 90' lang='lat' dir='ltr'>V</span> <span class='ocrx_word' id='word_1_1887' title='bbox 1665 2774 1678 2796; x_wconf 84' lang='lat' dir='ltr'>S</span> <span class='ocrx_word' id='word_1_1888' title='bbox 1690 2789 1699 2802; x_wconf 91' lang='lat'>,</span> <span class='ocrx_word' id='word_1_1889' title='bbox 1720 2777 1751 2805; x_wconf 81' lang='lat' dir='ltr'>a,</span> <span class='ocrx_word' id='word_1_1890' title='bbox 1771 2778 1825 2796; x_wconf 90' lang='lat' dir='ltr'>um.</span> <span class='ocrx_word' id='word_1_1891' title='bbox 1863 2770 1923 2797; x_wconf 88' lang='lat' dir='ltr'>Adi.</span> <span class='ocrx_word' id='word_1_1892' title='bbox 1961 2770 2166 2804; x_wconf 62' lang='grc' dir='ltr'>[τετειχισμένας]</span> <span class='ocrx_word' id='word_1_1893' title='bbox 2214 2769 2344 2794; x_wconf 76' lang='lat' dir='ltr'>Momt&#39;bus</span> <span class='ocrx_word' id='word_1_1894' title='bbox 2362 2769 2489 2797; x_wconf 40' lang='lat' dir='ltr'>findam..</span> <span class='ocrx_word' id='word_1_1895' title='bbox 2516 2776 2517 2785; x_wconf 67' lang='lat'>¹</span> 
     </span>
     <span class='ocr_line' id='line_1_188' title="bbox 1408 2804 2479 2841; baseline 0.002 -11"><span class='ocrx_word' id='word_1_1896' title='bbox 1408 2804 1490 2830; x_wconf 84' lang='lat' dir='ltr'>Plaut.</span> <span class='ocrx_word' id='word_1_1897' title='bbox 1503 2804 1595 2831; x_wconf 81' lang='lat' dir='ltr'>Bacch.</span> <span class='ocrx_word' id='word_1_1898' title='bbox 1611 2815 1634 2837; x_wconf 83' lang='grc'>4,</span> <span class='ocrx_word' id='word_1_1899' title='bbox 1650 2814 1676 2837; x_wconf 87' lang='lat'>9,</span> <span class='ocrx_word' id='word_1_1900' title='bbox 1691 2813 1706 2831; x_wconf 79' lang='lat'><em>2</em></span> <span class='ocrx_word' id='word_1_1901' title='bbox 1740 2806 1832 2838; x_wconf 80' lang='lat' dir='ltr'>Qum</span> <span class='ocrx_word' id='word_1_1902' title='bbox 1851 2806 1949 2833; x_wconf 85' lang='lat' dir='ltr'>Priami</span> <span class='ocrx_word' id='word_1_1903' title='bbox 1970 2806 2082 2841; x_wconf 83' lang='lat' dir='ltr'>patriam</span> <span class='ocrx_word' id='word_1_1904' title='bbox 2102 2806 2255 2839; x_wconf 80' lang='lat' dir='ltr'>Pergamum</span> <span class='ocrx_word' id='word_1_1905' title='bbox 2270 2804 2362 2831; x_wconf 88' lang='lat' dir='ltr'>diuina</span> <span class='ocrx_word' id='word_1_1906' title='bbox 2375 2805 2479 2832; x_wconf 85' lang='lat' dir='ltr'>moeni-</span> 
     </span>
     <span class='ocr_line' id='line_1_189' title="bbox 1408 2840 2478 2877; baseline 0 -10"><span class='ocrx_word' id='word_1_1907' title='bbox 1408 2846 1464 2867; x_wconf 87' lang='lat' dir='ltr'>tum</span> <span class='ocrx_word' id='word_1_1908' title='bbox 1478 2849 1574 2872; x_wconf 86' lang='lat' dir='ltr'>mauu,</span> <span class='ocrx_word' id='word_1_1909' title='bbox 1595 2841 1691 2873; x_wconf 83' lang='lat' dir='ltr'>arinis,</span> <span class='ocrx_word' id='word_1_1910' title='bbox 1714 2842 1805 2875; x_wconf 75' lang='lat' dir='ltr'>equiS,</span> <span class='ocrx_word' id='word_1_1911' title='bbox 1824 2843 1960 2874; x_wconf 87' lang='lat' dir='ltr'>exercitu,</span> <span class='ocrx_word' id='word_1_1912' title='bbox 1979 2849 2058 2877; x_wconf 84' lang='lat' dir='ltr'>atque</span> <span class='ocrx_word' id='word_1_1913' title='bbox 2072 2841 2177 2868; x_wconf 83' lang='lat' dir='ltr'>eximiis</span> <span class='ocrx_word' id='word_1_1914' title='bbox 2198 2840 2380 2869; x_wconf 84' lang='lat' dir='ltr'>bellatoribus.</span> <span class='ocrx_word' id='word_1_1915' title='bbox 2421 2844 2478 2870; x_wconf 80' lang='lat' dir='ltr'>An-</span> 
     </span>
     <span class='ocr_line' id='line_1_190' title="bbox 1409 2877 1916 2913; baseline 0.01 -13"><span class='ocrx_word' id='word_1_1916' title='bbox 1409 2877 1512 2911; x_wconf 76' lang='lat' dir='ltr'>tiquum.</span> <span class='ocrx_word' id='word_1_1917' title='bbox 1550 2877 1623 2910; x_wconf 70' lang='lat' dir='ltr'>Confi</span> <span class='ocrx_word' id='word_1_1918' title='bbox 1638 2877 1676 2904; x_wconf 86' lang='lat' dir='ltr'>Id.</span> <span class='ocrx_word' id='word_1_1919' title='bbox 1690 2877 1776 2904; x_wconf 73' lang='lat' dir='ltr'>Trite.</span> <span class='ocrx_word' id='word_1_1920' title='bbox 1792 2886 1817 2913; x_wconf 80' lang='lat'>2,</span> <span class='ocrx_word' id='word_1_1921' title='bbox 1831 2887 1862 2912; x_wconf 86' lang='lat'>2,</span> <span class='ocrx_word' id='word_1_1922' title='bbox 1879 2888 1916 2910; x_wconf 82' lang='lat'>55.</span> 
     </span>
    </p>

    <p class='ocr_par' dir='ltr' id='par_1_41' title="bbox 1444 2915 2009 2946">
     <span class='ocr_line' id='line_1_191' title="bbox 1444 2915 2009 2946; baseline 0.005 -8"><span class='ocrx_word' id='word_1_1923' title='bbox 1444 2918 1699 2946; x_wconf 81' lang='lat' dir='ltr'>MOENIANA,</span> <span class='ocrx_word' id='word_1_1924' title='bbox 1733 2915 1786 2940; x_wconf 74' lang='lat' dir='ltr'>vid.</span> <span class='ocrx_word' id='word_1_1925' title='bbox 1807 2920 2009 2941; x_wconf 75' lang='lat' dir='ltr'>MAENivs.</span> 
     </span>
    </p>

    <p class='ocr_par' dir='ltr' id='par_1_42' title="bbox 1408 2950 2315 3019">
     <span class='ocr_line' id='line_1_192' title="bbox 1444 2950 2315 2987; baseline 0.001 -13"><span class='ocrx_word' id='word_1_1926' title='bbox 1444 2954 1469 2974; x_wconf 80' lang='lat' dir='ltr'><strong>M</strong></span> <span class='ocrx_word' id='word_1_1927' title='bbox 1478 2954 1497 2974; x_wconf 95' lang='lat'>0</span> <span class='ocrx_word' id='word_1_1928' title='bbox 1506 2955 1522 2975; x_wconf 79' lang='grc' dir='ltr'><strong>Ε</strong></span> <span class='ocrx_word' id='word_1_1929' title='bbox 1536 2955 1557 2974; x_wconf 87' lang='lat' dir='ltr'>N</span> <span class='ocrx_word' id='word_1_1930' title='bbox 1570 2955 1590 2973; x_wconf 80' lang='lat' dir='ltr'>v</span> <span class='ocrx_word' id='word_1_1931' title='bbox 1602 2955 1614 2974; x_wconf 86' lang='lat' dir='ltr'>s</span> <span class='ocrx_word' id='word_1_1932' title='bbox 1624 2970 1632 2981; x_wconf 92' lang='lat'>‚</span> <span class='ocrx_word' id='word_1_1933' title='bbox 1653 2950 1715 2976; x_wconf 65' lang='lat' dir='ltr'>eris.</span> <span class='ocrx_word' id='word_1_1934' title='bbox 1737 2959 1762 2977; x_wconf 89' lang='lat' dir='ltr'>n.</span> <span class='ocrx_word' id='word_1_1935' title='bbox 1800 2951 1914 2986; x_wconf 69' lang='lat' dir='ltr'>Antique</span> <span class='ocrx_word' id='word_1_1936' title='bbox 1924 2958 1971 2987; x_wconf 85' lang='lat' dir='ltr'>pro</span> <span class='ocrx_word' id='word_1_1937' title='bbox 1983 2951 2085 2978; x_wconf 83' lang='lat' dir='ltr'>Munus.</span> <span class='ocrx_word' id='word_1_1938' title='bbox 2120 2950 2227 2977; x_wconf 87' lang='lat' dir='ltr'>Lucret.</span> <span class='ocrx_word' id='word_1_1939' title='bbox 2244 2958 2263 2982; x_wconf 87' lang='lat'>1,</span> <span class='ocrx_word' id='word_1_1940' title='bbox 2277 2958 2315 2983; x_wconf 74' lang='lat'>29.</span> 
     </span>
     <span class='ocr_line' id='line_1_193' title="bbox 1408 2984 1814 3019; baseline 0.007 -9"><span class='ocrx_word' id='word_1_1941' title='bbox 1408 2991 1534 3011; x_wconf 88' lang='lat' dir='ltr'>moenera</span> <span class='ocrx_word' id='word_1_1942' title='bbox 1549 2984 1661 3013; x_wconf 71' lang='lat' dir='ltr'>militiai¹</span> <span class='ocrx_word' id='word_1_1943' title='bbox 1692 2985 1759 3012; x_wconf 88' lang='lat' dir='ltr'>Ibid.</span> <span class='ocrx_word' id='word_1_1944' title='bbox 1775 2995 1814 3019; x_wconf 78' lang='lat'>32.</span> 
     </span>
    </p>

    <p class='ocr_par' dir='ltr' id='par_1_43' title="bbox 1410 3021 2515 3601">
     <span class='ocr_line' id='line_1_194' title="bbox 1447 3021 2478 3056; baseline 0.001 -9"><span class='ocrx_word' id='word_1_1945' title='bbox 1447 3027 1472 3047; x_wconf 84' lang='lat' dir='ltr'>M</span> <span class='ocrx_word' id='word_1_1946' title='bbox 1481 3026 1500 3047; x_wconf 90' lang='grc' dir='ltr'>Ο</span> <span class='ocrx_word' id='word_1_1947' title='bbox 1510 3027 1526 3047; x_wconf 82' lang='lat' dir='ltr'><em>E</em></span> <span class='ocrx_word' id='word_1_1948' title='bbox 1536 3027 1553 3046; x_wconf 80' lang='lat' dir='ltr'>R</span> <span class='ocrx_word' id='word_1_1949' title='bbox 1563 3028 1580 3048; x_wconf 78' lang='lat' dir='ltr'>E</span> <span class='ocrx_word' id='word_1_1950' title='bbox 1590 3028 1608 3048; x_wconf 92' lang='lat' dir='ltr'>O</span> <span class='ocrx_word' id='word_1_1951' title='bbox 1618 3042 1625 3054; x_wconf 93' lang='lat'>,</span> <span class='ocrx_word' id='word_1_1952' title='bbox 1646 3021 1762 3048; x_wconf 86' lang='lat' dir='ltr'>moestus</span> <span class='ocrx_word' id='word_1_1953' title='bbox 1778 3023 1832 3049; x_wconf 89' lang='lat' dir='ltr'>sum</span> <span class='ocrx_word' id='word_1_1954' title='bbox 1841 3043 1850 3056; x_wconf 84' lang='lat'>‚</span> <span class='ocrx_word' id='word_1_1955' title='bbox 1871 3029 1896 3049; x_wconf 84' lang='lat' dir='ltr'>et</span> <span class='ocrx_word' id='word_1_1956' title='bbox 1909 3023 1967 3049; x_wconf 84' lang='lat' dir='ltr'>olim</span> <span class='ocrx_word' id='word_1_1957' title='bbox 1980 3022 2084 3050; x_wconf 87' lang='lat' dir='ltr'>moerui</span> <span class='ocrx_word' id='word_1_1958' title='bbox 2096 3043 2103 3054; x_wconf 89' lang='lat'>‚</span> <span class='ocrx_word' id='word_1_1959' title='bbox 2124 3025 2178 3048; x_wconf 78' lang='lat' dir='ltr'>t&#39;re.</span> <span class='ocrx_word' id='word_1_1960' title='bbox 2216 3021 2350 3056; x_wconf 57' lang='lat' dir='ltr'>(famiam,</span> <span class='ocrx_word' id='word_1_1961' title='bbox 2372 3025 2478 3050; x_wconf 55' lang='lat' dir='ltr'>onetata-</span> 
     </span>
     <span class='ocr_line' id='line_1_195' title="bbox 1410 3057 2478 3094; baseline 0 -12"><span class='ocrx_word' id='word_1_1962' title='bbox 1410 3068 1466 3089; x_wconf 66' lang='grc' dir='ltr'>μαι,</span> <span class='ocrx_word' id='word_1_1963' title='bbox 1492 3059 1704 3092; x_wconf 59' lang='grc' dir='ltr'>σκυθρωπάζυμκι]</span> <span class='ocrx_word' id='word_1_1964' title='bbox 1750 3059 1837 3085; x_wconf 87' lang='lat' dir='ltr'>Varro</span> <span class='ocrx_word' id='word_1_1965' title='bbox 1860 3058 1891 3085; x_wconf 89' lang='lat' dir='ltr'>de</span> <span class='ocrx_word' id='word_1_1966' title='bbox 1905 3058 1934 3085; x_wconf 93' lang='lat' dir='ltr'>L.</span> <span class='ocrx_word' id='word_1_1967' title='bbox 1948 3059 1978 3086; x_wconf 92' lang='lat' dir='ltr'>L.</span> <span class='ocrx_word' id='word_1_1968' title='bbox 1992 3069 2021 3092; x_wconf 88' lang='grc' dir='ltr'>ς,</span> <span class='ocrx_word' id='word_1_1969' title='bbox 2041 3063 2057 3086; x_wconf 87' lang='lat'><strong>6</strong></span> <span class='ocrx_word' id='word_1_1970' title='bbox 2088 3066 2133 3094; x_wconf 76' lang='lat' dir='ltr'>per</span> <span class='ocrx_word' id='word_1_1971' title='bbox 2152 3067 2182 3084; x_wconf 86' lang='lat' dir='ltr'>ae</span> <span class='ocrx_word' id='word_1_1972' title='bbox 2195 3060 2225 3083; x_wconf 79' lang='lat' dir='ltr'>ab</span> <span class='ocrx_word' id='word_1_1973' title='bbox 2238 3057 2345 3083; x_wconf 89' lang='lat' dir='ltr'>Marceo</span> <span class='ocrx_word' id='word_1_1974' title='bbox 2363 3057 2478 3089; x_wconf 57' lang='lat' dir='ltr'>arducitg</span> 
     </span>
     <span class='ocr_line' id='line_1_196' title="bbox 1411 3092 2480 3129; baseline 0 -11"><span class='ocrx_word' id='word_1_1975' title='bbox 1411 3092 1499 3127; x_wconf 90' lang='lat' dir='ltr'>quod,</span> <span class='ocrx_word' id='word_1_1976' title='bbox 1526 3093 1626 3128; x_wconf 75' lang='lat' dir='ltr'>inquit,</span> <span class='ocrx_word' id='word_1_1977' title='bbox 1651 3103 1746 3129; x_wconf 80' lang='lat' dir='ltr'>corpus</span> <span class='ocrx_word' id='word_1_1978' title='bbox 1762 3095 1920 3121; x_wconf 84' lang='lat' dir='ltr'>marcescere</span> <span class='ocrx_word' id='word_1_1979' title='bbox 1934 3095 1997 3121; x_wconf 81' lang='lat' dir='ltr'>facit</span> <span class='ocrx_word' id='word_1_1980' title='bbox 2009 3103 2128 3122; x_wconf 84' lang='lat' dir='ltr'>moeror.</span> <span class='ocrx_word' id='word_1_1981' title='bbox 2187 3092 2227 3129; x_wconf 79' lang='lat' dir='ltr'>1-st</span> <span class='ocrx_word' id='word_1_1982' title='bbox 2245 3099 2325 3125; x_wconf 67' lang='lat' dir='ltr'>autem</span> <span class='ocrx_word' id='word_1_1983' title='bbox 2346 3101 2480 3120; x_wconf 82' lang='lat' dir='ltr'>moerere.</span> 
     </span>
     <span class='ocr_line' id='line_1_197' title="bbox 1414 3127 2479 3165; baseline 0 -10"><span class='ocrx_word' id='word_1_1984' title='bbox 1414 3127 1538 3164; x_wconf 70' lang='grc' dir='ltr'>Τνξβιινῐ,</span> <span class='ocrx_word' id='word_1_1985' title='bbox 1560 3136 1583 3154; x_wconf 73' lang='lat' dir='ltr'>et</span> <span class='ocrx_word' id='word_1_1986' title='bbox 1597 3130 1679 3156; x_wconf 51' lang='lat' dir='ltr'>dolore</span> <span class='ocrx_word' id='word_1_1987' title='bbox 1692 3130 1773 3164; x_wconf 73' lang='lat' dir='ltr'>affici,</span> <span class='ocrx_word' id='word_1_1988' title='bbox 1794 3131 1886 3165; x_wconf 66' lang='lat' dir='ltr'>lugere.</span> <span class='ocrx_word' id='word_1_1989' title='bbox 1961 3131 2017 3158; x_wconf 83' lang='lat' dir='ltr'>Cic.</span> <span class='ocrx_word' id='word_1_1990' title='bbox 2031 3131 2063 3157; x_wconf 87' lang='lat' dir='ltr'>de</span> <span class='ocrx_word' id='word_1_1991' title='bbox 2075 3130 2182 3156; x_wconf 87' lang='lat' dir='ltr'>Amicit.</span> <span class='ocrx_word' id='word_1_1992' title='bbox 2198 3137 2225 3162; x_wconf 80' lang='lat'>¹4</span> <span class='ocrx_word' id='word_1_1993' title='bbox 2257 3128 2391 3160; x_wconf 79' lang='lat' dir='ltr'>Qiocirca</span> <span class='ocrx_word' id='word_1_1994' title='bbox 2405 3137 2479 3155; x_wconf 83' lang='lat' dir='ltr'>moe-</span> 
     </span>
     <span class='ocr_line' id='line_1_198' title="bbox 1412 3163 2479 3200; baseline 0.001 -10"><span class='ocrx_word' id='word_1_1995' title='bbox 1412 3173 1470 3191; x_wconf 85' lang='lat' dir='ltr'>rere</span> <span class='ocrx_word' id='word_1_1996' title='bbox 1484 3164 1534 3191; x_wconf 88' lang='lat' dir='ltr'>hoc</span> <span class='ocrx_word' id='word_1_1997' title='bbox 1553 3165 1609 3191; x_wconf 91' lang='lat' dir='ltr'>eius</span> <span class='ocrx_word' id='word_1_1998' title='bbox 1624 3170 1738 3199; x_wconf 86' lang='lat' dir='ltr'>euentu,</span> <span class='ocrx_word' id='word_1_1999' title='bbox 1757 3175 1854 3192; x_wconf 84' lang='lat' dir='ltr'>vereor</span> <span class='ocrx_word' id='word_1_2000' title='bbox 1866 3175 1900 3193; x_wconf 88' lang='lat' dir='ltr'>ne</span> <span class='ocrx_word' id='word_1_2001' title='bbox 1914 3167 2000 3193; x_wconf 87' lang='lat' dir='ltr'>inuidi</span> <span class='ocrx_word' id='word_1_2002' title='bbox 2016 3166 2114 3200; x_wconf 77' lang='lat' dir='ltr'>magis,</span> <span class='ocrx_word' id='word_1_2003' title='bbox 2140 3173 2218 3199; x_wconf 84' lang='lat' dir='ltr'>quam</span> <span class='ocrx_word' id='word_1_2004' title='bbox 2232 3164 2311 3190; x_wconf 83' lang='lat' dir='ltr'>amici</span> <span class='ocrx_word' id='word_1_2005' title='bbox 2332 3163 2370 3190; x_wconf 84' lang='lat' dir='ltr'>sit.</span> <span class='ocrx_word' id='word_1_2006' title='bbox 2426 3164 2479 3192; x_wconf 89' lang='lat' dir='ltr'>Lu-</span> 
     </span>
     <span class='ocr_line' id='line_1_199' title="bbox 1411 3199 2478 3236; baseline 0.001 -10"><span class='ocrx_word' id='word_1_2007' title='bbox 1411 3209 1473 3235; x_wconf 86' lang='lat' dir='ltr'>gere</span> <span class='ocrx_word' id='word_1_2008' title='bbox 1487 3207 1512 3226; x_wconf 91' lang='lat' dir='ltr'>et</span> <span class='ocrx_word' id='word_1_2009' title='bbox 1526 3210 1647 3228; x_wconf 87' lang='lat' dir='ltr'>moerere</span> <span class='ocrx_word' id='word_1_2010' title='bbox 1668 3202 1706 3228; x_wconf 91' lang='lat' dir='ltr'>Id.</span> <span class='ocrx_word' id='word_1_2011' title='bbox 1720 3211 1769 3236; x_wconf 88' lang='lat' dir='ltr'>pro</span> <span class='ocrx_word' id='word_1_2012' title='bbox 1784 3203 1874 3229; x_wconf 83' lang='lat' dir='ltr'>Domo</span> <span class='ocrx_word' id='word_1_2013' title='bbox 1888 3204 1928 3229; x_wconf 84' lang='lat'>26.</span> <span class='ocrx_word' id='word_1_2014' title='bbox 1985 3202 2066 3228; x_wconf 88' lang='lat' dir='ltr'>Bonis</span> <span class='ocrx_word' id='word_1_2015' title='bbox 2079 3201 2172 3227; x_wconf 88' lang='lat' dir='ltr'>alienis</span> <span class='ocrx_word' id='word_1_2016' title='bbox 2197 3199 2235 3226; x_wconf 91' lang='lat' dir='ltr'>Id.</span> <span class='ocrx_word' id='word_1_2017' title='bbox 2251 3208 2300 3233; x_wconf 87' lang='lat' dir='ltr'>pro</span> <span class='ocrx_word' id='word_1_2018' title='bbox 2315 3200 2478 3228; x_wconf 76' lang='lat' dir='ltr'>Corn.Balb.</span> 
     </span>
     <span class='ocr_line' id='line_1_200' title="bbox 1413 3235 2477 3271; baseline 0 -9"><span class='ocrx_word' id='word_1_2019' title='bbox 1413 3239 1444 3269; x_wconf 79' lang='lat'>56</span> <span class='ocrx_word' id='word_1_2020' title='bbox 1464 3245 1485 3262; x_wconf 91' lang='lat' dir='ltr'>c.</span> <span class='ocrx_word' id='word_1_2021' title='bbox 1499 3244 1537 3270; x_wconf 76' lang='lat'>25.</span> <span class='ocrx_word' id='word_1_2022' title='bbox 1610 3238 1731 3264; x_wconf 86' lang='lat' dir='ltr'>Moereat</span> <span class='ocrx_word' id='word_1_2023' title='bbox 1745 3237 1807 3264; x_wconf 87' lang='lat' dir='ltr'>haee</span> <span class='ocrx_word' id='word_1_2024' title='bbox 1822 3239 1928 3264; x_wconf 84' lang='lat' dir='ltr'>Genero</span> <span class='ocrx_word' id='word_1_2025' title='bbox 1938 3258 1946 3271; x_wconf 90' lang='lat'>,</span> <span class='ocrx_word' id='word_1_2026' title='bbox 1966 3242 2084 3264; x_wconf 86' lang='lat' dir='ltr'>moereat</span> <span class='ocrx_word' id='word_1_2027' title='bbox 2097 3237 2142 3263; x_wconf 91' lang='lat' dir='ltr'>illa</span> <span class='ocrx_word' id='word_1_2028' title='bbox 2155 3235 2224 3262; x_wconf 83' lang='lat' dir='ltr'>Viro</span> <span class='ocrx_word' id='word_1_2029' title='bbox 2245 3235 2382 3269; x_wconf 78' lang='lat' dir='ltr'>Tibull.3,</span> <span class='ocrx_word' id='word_1_2030' title='bbox 2397 3245 2423 3268; x_wconf 84' lang='lat' dir='ltr'>z,</span> <span class='ocrx_word' id='word_1_2031' title='bbox 2439 3245 2477 3268; x_wconf 83' lang='lat'>¹4·</span> 
     </span>
     <span class='ocr_line' id='line_1_201' title="bbox 1414 3271 2476 3306; baseline -0.001 -7"><span class='ocrx_word' id='word_1_2032' title='bbox 1414 3272 1514 3299; x_wconf 88' lang='lat' dir='ltr'>Dolore</span> <span class='ocrx_word' id='word_1_2033' title='bbox 1529 3272 1637 3299; x_wconf 86' lang='lat' dir='ltr'>alterius</span> <span class='ocrx_word' id='word_1_2034' title='bbox 1651 3283 1773 3301; x_wconf 82' lang='lat' dir='ltr'>moerere</span> <span class='ocrx_word' id='word_1_2035' title='bbox 1799 3274 1856 3301; x_wconf 89' lang='lat' dir='ltr'>Cic.</span> <span class='ocrx_word' id='word_1_2036' title='bbox 1871 3274 1980 3306; x_wconf 88' lang='lat' dir='ltr'>Fam.4,</span> <span class='ocrx_word' id='word_1_2037' title='bbox 1995 3281 2015 3305; x_wconf 74' lang='grc' dir='ltr'>ς.</span> <span class='ocrx_word' id='word_1_2038' title='bbox 2089 3271 2264 3298; x_wconf 78' lang='lat' dir='ltr'>incommodo</span> <span class='ocrx_word' id='word_1_2039' title='bbox 2278 3273 2324 3299; x_wconf 91' lang='lat' dir='ltr'>suo</span> <span class='ocrx_word' id='word_1_2040' title='bbox 2346 3272 2476 3300; x_wconf 67' lang='lat' dir='ltr'>1d.‘1‘usc.</span> 
     </span>
     <span class='ocr_line' id='line_1_202' title="bbox 1413 3307 2477 3344; baseline -0.001 -9"><span class='ocrx_word' id='word_1_2041' title='bbox 1413 3317 1432 3342; x_wconf 88' lang='grc'>1,</span> <span class='ocrx_word' id='word_1_2042' title='bbox 1445 3318 1475 3341; x_wconf 86' lang='lat'>30</span> <span class='ocrx_word' id='word_1_2043' title='bbox 1497 3317 1518 3334; x_wconf 90' lang='lat' dir='ltr'>c.</span> <span class='ocrx_word' id='word_1_2044' title='bbox 1533 3317 1564 3339; x_wconf 85' lang='lat'>13.</span> <span class='ocrx_word' id='word_1_2045' title='bbox 1639 3313 1698 3335; x_wconf 73' lang='lat' dir='ltr'>Cum</span> <span class='ocrx_word' id='word_1_2046' title='bbox 1711 3309 1876 3344; x_wconf 63' lang='lat' dir='ltr'>.-lc.·.¹4satiuo,</span> <span class='ocrx_word' id='word_1_2047' title='bbox 1898 3309 1991 3335; x_wconf 84' lang='lat' dir='ltr'>Moere</span> <span class='ocrx_word' id='word_1_2048' title='bbox 2005 3309 2178 3334; x_wconf 81' lang='lat' dir='ltr'>calamitatem</span> <span class='ocrx_word' id='word_1_2049' title='bbox 2195 3308 2260 3342; x_wconf 59' lang='lat' dir='ltr'>reip.</span> <span class='ocrx_word' id='word_1_2050' title='bbox 2273 3308 2331 3335; x_wconf 87' lang='lat' dir='ltr'>Cic.</span> <span class='ocrx_word' id='word_1_2051' title='bbox 2345 3317 2394 3343; x_wconf 88' lang='lat' dir='ltr'>pro</span> <span class='ocrx_word' id='word_1_2052' title='bbox 2407 3307 2477 3334; x_wconf 79' lang='lat' dir='ltr'>Sext.</span> 
     </span>
     <span class='ocr_line' id='line_1_203' title="bbox 1412 3342 2476 3379; baseline -0.004 -8"><span class='ocrx_word' id='word_1_2053' title='bbox 1412 3353 1432 3373; x_wconf 80' lang='lat' dir='ltr'>c.</span> <span class='ocrx_word' id='word_1_2054' title='bbox 1442 3353 1475 3377; x_wconf 87' lang='grc'>14.</span> <span class='ocrx_word' id='word_1_2055' title='bbox 1547 3344 1585 3371; x_wconf 90' lang='lat' dir='ltr'>Id.</span> <span class='ocrx_word' id='word_1_2056' title='bbox 1599 3345 1670 3372; x_wconf 85' lang='lat' dir='ltr'>Fam.</span> <span class='ocrx_word' id='word_1_2057' title='bbox 1686 3355 1722 3378; x_wconf 88' lang='grc'>14,</span> <span class='ocrx_word' id='word_1_2058' title='bbox 1737 3354 1749 3371; x_wconf 82' lang='grc'>2</span> <span class='ocrx_word' id='word_1_2059' title='bbox 1776 3346 1797 3370; x_wconf 84' lang='lat' dir='ltr'>A</span> <span class='ocrx_word' id='word_1_2060' title='bbox 1812 3351 1837 3370; x_wconf 84' lang='lat' dir='ltr'>te</span> <span class='ocrx_word' id='word_1_2061' title='bbox 1852 3343 1960 3379; x_wconf 88' lang='lat' dir='ltr'>quidem</span> <span class='ocrx_word' id='word_1_2062' title='bbox 1973 3345 2063 3371; x_wconf 89' lang='lat' dir='ltr'>onmia</span> <span class='ocrx_word' id='word_1_2063' title='bbox 2078 3344 2135 3370; x_wconf 80' lang='lat' dir='ltr'>sieri</span> <span class='ocrx_word' id='word_1_2064' title='bbox 2150 3344 2286 3370; x_wconf 79' lang='lat' dir='ltr'>sortiffime</span> <span class='ocrx_word' id='word_1_2065' title='bbox 2302 3352 2327 3370; x_wconf 86' lang='lat' dir='ltr'>et</span> <span class='ocrx_word' id='word_1_2066' title='bbox 2341 3342 2476 3370; x_wconf 68' lang='lat' dir='ltr'>amantissi-</span> 
     </span>
     <span class='ocr_line' id='line_1_204' title="bbox 1413 3379 2475 3413; baseline -0.002 -6"><span class='ocrx_word' id='word_1_2067' title='bbox 1413 3390 1454 3407; x_wconf 89' lang='lat' dir='ltr'>me</span> <span class='ocrx_word' id='word_1_2068' title='bbox 1466 3379 1545 3406; x_wconf 80' lang='lat' dir='ltr'>video</span> <span class='ocrx_word' id='word_1_2069' title='bbox 1562 3390 1567 3405; x_wconf 89' lang='lat'>:</span> <span class='ocrx_word' id='word_1_2070' title='bbox 1606 3390 1652 3407; x_wconf 84' lang='lat' dir='ltr'>nec</span> <span class='ocrx_word' id='word_1_2071' title='bbox 1674 3382 1777 3413; x_wconf 86' lang='lat' dir='ltr'>miror,</span> <span class='ocrx_word' id='word_1_2072' title='bbox 1809 3379 1851 3406; x_wconf 90' lang='lat' dir='ltr'>sed</span> <span class='ocrx_word' id='word_1_2073' title='bbox 1871 3388 1981 3407; x_wconf 85' lang='lat' dir='ltr'>moereo</span> <span class='ocrx_word' id='word_1_2074' title='bbox 1998 3381 2084 3406; x_wconf 85' lang='lat' dir='ltr'>casum</span> <span class='ocrx_word' id='word_1_2075' title='bbox 2104 3380 2253 3410; x_wconf 82' lang='lat' dir='ltr'>eiusmodi.</span> <span class='ocrx_word' id='word_1_2076' title='bbox 2280 3386 2308 3405; x_wconf 89' lang='lat' dir='ltr'>vt</span> <span class='ocrx_word' id='word_1_2077' title='bbox 2325 3379 2402 3404; x_wconf 83' lang='lat' dir='ltr'>tantis</span> <span class='ocrx_word' id='word_1_2078' title='bbox 2422 3379 2475 3405; x_wconf 88' lang='lat' dir='ltr'>tuis</span> 
     </span>
     <span class='ocr_line' id='line_1_205' title="bbox 1414 3413 2474 3447; baseline -0.001 -4"><span class='ocrx_word' id='word_1_2079' title='bbox 1414 3416 1525 3443; x_wconf 86' lang='lat' dir='ltr'>miseriis</span> <span class='ocrx_word' id='word_1_2080' title='bbox 1538 3425 1610 3442; x_wconf 86' lang='lat' dir='ltr'>meae</span> <span class='ocrx_word' id='word_1_2081' title='bbox 1629 3417 1749 3444; x_wconf 80' lang='lat' dir='ltr'>miseriae</span> <span class='ocrx_word' id='word_1_2082' title='bbox 1769 3415 1948 3442; x_wconf 88' lang='lat' dir='ltr'>subleueutur.</span> <span class='ocrx_word' id='word_1_2083' title='bbox 2028 3417 2145 3442; x_wconf 90' lang='lat' dir='ltr'>Mortem</span> <span class='ocrx_word' id='word_1_2084' title='bbox 2180 3416 2270 3442; x_wconf 70' lang='lat' dir='ltr'>Tacit.</span> <span class='ocrx_word' id='word_1_2085' title='bbox 2291 3413 2358 3441; x_wconf 77' lang='lat' dir='ltr'>Hist.</span> <span class='ocrx_word' id='word_1_2086' title='bbox 2381 3423 2408 3446; x_wconf 68' lang='grc' dir='ltr'>ε,</span> <span class='ocrx_word' id='word_1_2087' title='bbox 2437 3423 2474 3447; x_wconf 71' lang='grc'>45.</span> 
     </span>
     <span class='ocr_line' id='line_1_206' title="bbox 1412 3450 2475 3488; baseline -0.001 -10"><span class='ocrx_word' id='word_1_2088' title='bbox 1412 3454 1482 3479; x_wconf 81' lang='lat' dir='ltr'>Add.</span> <span class='ocrx_word' id='word_1_2089' title='bbox 1496 3451 1549 3478; x_wconf 85' lang='lat' dir='ltr'>Cic.</span> <span class='ocrx_word' id='word_1_2090' title='bbox 1564 3451 1630 3479; x_wconf 86' lang='lat' dir='ltr'>Phil.</span> <span class='ocrx_word' id='word_1_2091' title='bbox 1644 3462 1660 3485; x_wconf 92' lang='lat'>9</span> <span class='ocrx_word' id='word_1_2092' title='bbox 1674 3462 1694 3479; x_wconf 91' lang='lat' dir='ltr'>c.</span> <span class='ocrx_word' id='word_1_2093' title='bbox 1706 3462 1726 3483; x_wconf 89' lang='grc' dir='ltr'>ς.</span> <span class='ocrx_word' id='word_1_2094' title='bbox 1747 3459 1770 3478; x_wconf 74' lang='lat' dir='ltr'>ee</span> <span class='ocrx_word' id='word_1_2095' title='bbox 1785 3460 1833 3486; x_wconf 87' lang='lat' dir='ltr'>pro</span> <span class='ocrx_word' id='word_1_2096' title='bbox 1846 3452 1913 3479; x_wconf 84' lang='lat' dir='ltr'>Sext.</span> <span class='ocrx_word' id='word_1_2097' title='bbox 1928 3461 1995 3488; x_wconf 86' lang='lat' dir='ltr'>c.17.</span> <span class='ocrx_word' id='word_1_2098' title='bbox 2070 3452 2107 3479; x_wconf 79' lang='lat' dir='ltr'>Id.</span> <span class='ocrx_word' id='word_1_2099' title='bbox 2122 3453 2234 3484; x_wconf 72' lang='lat' dir='ltr'>&#39;1&#39;usc.1,</span> <span class='ocrx_word' id='word_1_2100' title='bbox 2249 3459 2289 3482; x_wconf 81' lang='lat'>103</span> <span class='ocrx_word' id='word_1_2101' title='bbox 2309 3452 2340 3476; x_wconf 78' lang='lat' dir='ltr'>At</span> <span class='ocrx_word' id='word_1_2102' title='bbox 2355 3451 2399 3476; x_wconf 78' lang='lat' dir='ltr'>illa</span> <span class='ocrx_word' id='word_1_2103' title='bbox 2412 3450 2475 3477; x_wconf 78' lang='lat' dir='ltr'>sicut</span> 
     </span>
     <span class='ocr_line' id='line_1_207' title="bbox 1413 3484 2515 3522; baseline -0.001 -7"><span class='ocrx_word' id='word_1_2104' title='bbox 1413 3487 1598 3515; x_wconf 76' lang='lat' dir='ltr'>acerbissimam</span> <span class='ocrx_word' id='word_1_2105' title='bbox 1613 3497 1668 3514; x_wconf 82' lang='lat' dir='ltr'>rem</span> <span class='ocrx_word' id='word_1_2106' title='bbox 1688 3494 1799 3515; x_wconf 85' lang='lat' dir='ltr'>moeret.</span> <span class='ocrx_word' id='word_1_2107' title='bbox 1860 3489 1891 3514; x_wconf 79' lang='lat' dir='ltr'>Et</span> <span class='ocrx_word' id='word_1_2108' title='bbox 1906 3489 2011 3522; x_wconf 59' lang='lat' dir='ltr'>iterum,</span> <span class='ocrx_word' id='word_1_2109' title='bbox 2039 3489 2130 3522; x_wconf 86' lang='lat' dir='ltr'>Quun</span> <span class='ocrx_word' id='word_1_2110' title='bbox 2149 3488 2268 3522; x_wconf 81' lang='lat' dir='ltr'>grauiter</span> <span class='ocrx_word' id='word_1_2111' title='bbox 2287 3484 2335 3512; x_wconf 78' lang='lat' dir='ltr'>filii</span> <span class='ocrx_word' id='word_1_2112' title='bbox 2358 3493 2475 3514; x_wconf 85' lang='lat' dir='ltr'>mortem</span> <span class='ocrx_word' id='word_1_2113' title='bbox 2514 3518 2515 3521; x_wconf 14' lang='grc' dir='ltr'><strong>Ἴ</strong></span> 
     </span>
     <span class='ocr_line' id='line_1_208' title="bbox 1414 3521 2476 3558; baseline -0.001 -7"><span class='ocrx_word' id='word_1_2114' title='bbox 1414 3529 1554 3551; x_wconf 86' lang='lat' dir='ltr'>moereret.</span> <span class='ocrx_word' id='word_1_2115' title='bbox 1614 3525 1770 3557; x_wconf 77' lang='lat' dir='ltr'>Moeremr,</span> <span class='ocrx_word' id='word_1_2116' title='bbox 1790 3524 1884 3556; x_wconf 86' lang='lat' dir='ltr'>fletur,</span> <span class='ocrx_word' id='word_1_2117' title='bbox 1907 3524 2065 3551; x_wconf 86' lang='lat' dir='ltr'>lamentatur</span> <span class='ocrx_word' id='word_1_2118' title='bbox 2078 3524 2171 3550; x_wconf 72' lang='lat' dir='ltr'>dic-bus</span> <span class='ocrx_word' id='word_1_2119' title='bbox 2184 3521 2303 3558; x_wconf 79' lang='lat' dir='ltr'>plusculis</span> <span class='ocrx_word' id='word_1_2120' title='bbox 2324 3522 2476 3557; x_wconf 73' lang='lat' dir='ltr'>ApuLMet.</span> 
     </span>
     <span class='ocr_line' id='line_1_209' title="bbox 1415 3557 2474 3601; baseline -0.004 -13"><span class='ocrx_word' id='word_1_2121' title='bbox 1415 3562 1431 3588; x_wconf 92' lang='lat' dir='ltr'>l.</span> <span class='ocrx_word' id='word_1_2122' title='bbox 1445 3559 1591 3601; x_wconf 48' lang='lat' dir='ltr'><em>4·.s¹⁴bfi⁷⁷·</em></span> <span class='ocrx_word' id='word_1_2123' title='bbox 1772 3557 1793 3596; x_wconf 56' lang='grc' dir='ltr'>Ἰ</span> <span class='ocrx_word' id='word_1_2124' title='bbox 1814 3569 1826 3586; x_wconf 80' lang='lat'><em>2</em></span> <span class='ocrx_word' id='word_1_2125' title='bbox 1865 3563 1959 3596; x_wconf 75' lang='lat' dir='ltr'>Depon.</span> <span class='ocrx_word' id='word_1_2126' title='bbox 2005 3561 2062 3587; x_wconf 91' lang='lat' dir='ltr'>Cic.</span> <span class='ocrx_word' id='word_1_2127' title='bbox 2082 3569 2132 3595; x_wconf 89' lang='lat' dir='ltr'>pro</span> <span class='ocrx_word' id='word_1_2128' title='bbox 2151 3558 2237 3586; x_wconf 83' lang='lat' dir='ltr'>Sextio</span> <span class='ocrx_word' id='word_1_2129' title='bbox 2252 3564 2284 3591; x_wconf 56' lang='lat'>34</span> <span class='ocrx_word' id='word_1_2130' title='bbox 2311 3567 2333 3584; x_wconf 81' lang='lat' dir='ltr'>c.</span> <span class='ocrx_word' id='word_1_2131' title='bbox 2346 3567 2378 3592; x_wconf 76' lang='lat'>39</span> <span class='ocrx_word' id='word_1_2132' title='bbox 2418 3560 2474 3585; x_wconf 77' lang='lat' dir='ltr'>Vos</span> 
     </span>
    </p>
   </div>
   <div class='ocr_carea' id='block_1_23' title="bbox 2047 2660 2478 2732">
    <p class='ocr_par' dir='ltr' id='par_1_44' title="bbox 2047 2660 2478 2732">
     <span class='ocr_line' id='line_1_210' title="bbox 2088 2660 2478 2696; baseline 0 -8"><span class='ocrx_word' id='word_1_2133' title='bbox 2088 2660 2212 2688; x_wconf 80' lang='lat' dir='ltr'>Priscian.</span> <span class='ocrx_word' id='word_1_2134' title='bbox 2231 2661 2261 2687; x_wconf 91' lang='lat' dir='ltr'>in</span> <span class='ocrx_word' id='word_1_2135' title='bbox 2286 2661 2478 2696; x_wconf 77' lang='lat' dir='ltr'>l&#39;e1·ieges.;69</span> 
     </span>
     <span class='ocr_line' id='line_1_211' title="bbox 2047 2697 2478 2732; baseline 0.002 -9"><span class='ocrx_word' id='word_1_2136' title='bbox 2047 2697 2104 2724; x_wconf 60' lang='lat' dir='ltr'>Viael.</span> <span class='ocrx_word' id='word_1_2137' title='bbox 2131 2697 2233 2732; x_wconf 71' lang='lat' dir='ltr'>Salmas.</span> <span class='ocrx_word' id='word_1_2138' title='bbox 2253 2700 2288 2724; x_wconf 76' lang='lat' dir='ltr'>(ld</span> <span class='ocrx_word' id='word_1_2139' title='bbox 2304 2698 2424 2725; x_wconf 84' lang='lat' dir='ltr'>Tertull.</span> <span class='ocrx_word' id='word_1_2140' title='bbox 2445 2697 2478 2724; x_wconf 81' lang='lat' dir='ltr'>de</span> 
     </span>
    </p>
   </div>
   <div class='ocr_carea' id='block_1_24' title="bbox 2374 2949 2478 2976">
    <p class='ocr_par' dir='ltr' id='par_1_45' title="bbox 2374 2949 2478 2976">
     <span class='ocr_line' id='line_1_212' title="bbox 2374 2949 2478 2976; baseline 0 -1"><span class='ocrx_word' id='word_1_2141' title='bbox 2374 2949 2407 2975; x_wconf 76' lang='lat' dir='ltr'>Et</span> <span class='ocrx_word' id='word_1_2142' title='bbox 2420 2949 2478 2976; x_wconf 77' lang='lat' dir='ltr'>fera</span> 
     </span>
    </p>
   </div>
   <div class='ocr_carea' id='block_1_25' title="bbox 1413 3591 2507 3702">
    <p class='ocr_par' dir='ltr' id='par_1_46' title="bbox 1413 3591 2507 3702">
     <span class='ocr_line' id='line_1_213' title="bbox 1413 3591 2474 3625; baseline -0.003 -2"><span class='ocrx_word' id='word_1_2143' title='bbox 1413 3598 1487 3623; x_wconf 86' lang='lat' dir='ltr'>taciti</span> <span class='ocrx_word' id='word_1_2144' title='bbox 1501 3595 1701 3623; x_wconf 85' lang='lat' dir='ltr'>moerebamini.</span> <span class='ocrx_word' id='word_1_2145' title='bbox 1759 3598 1800 3622; x_wconf 75' lang='lat' dir='ltr'>Sic</span> <span class='ocrx_word' id='word_1_2146' title='bbox 1817 3597 1892 3623; x_wconf 75' lang='lat' dir='ltr'>Grut.</span> <span class='ocrx_word' id='word_1_2147' title='bbox 1912 3604 1935 3623; x_wconf 78' lang='lat' dir='ltr'>et</span> <span class='ocrx_word' id='word_1_2148' title='bbox 1958 3597 2036 3625; x_wconf 79' lang='lat' dir='ltr'>Gron.</span> <span class='ocrx_word' id='word_1_2149' title='bbox 2091 3597 2136 3622; x_wconf 86' lang='lat' dir='ltr'>Al.</span> <span class='ocrx_word' id='word_1_2150' title='bbox 2154 3591 2322 3621; x_wconf 79' lang='lat' dir='ltr'>tnoercbatis.</span> <span class='ocrx_word' id='word_1_2151' title='bbox 2395 3595 2474 3621; x_wconf 77' lang='lat' dir='ltr'>fauet</span> 
     </span>
     <span class='ocr_line' id='line_1_214' title="bbox 1413 3631 2202 3668; baseline 0 -10"><span class='ocrx_word' id='word_1_2152' title='bbox 1413 3631 1770 3668; x_wconf 38' lang='lat' dir='ltr'>deponentialisthnlfimtioni</span> <span class='ocrx_word' id='word_1_2153' title='bbox 1782 3632 1907 3659; x_wconf 81' lang='lat' dir='ltr'>Moestus.</span> <span class='ocrx_word' id='word_1_2154' title='bbox 2196 3664 2202 3668; x_wconf 82' lang='lat'>.</span> 
     </span>
     <span class='ocr_line' id='line_1_215' title="bbox 1452 3665 2507 3702; baseline -0.003 -7"><span class='ocrx_word' id='word_1_2155' title='bbox 1452 3675 1477 3695; x_wconf 88' lang='grc' dir='ltr'><strong><em>Μ</em></strong></span> <span class='ocrx_word' id='word_1_2156' title='bbox 1489 3675 1508 3695; x_wconf 91' lang='lat' dir='ltr'>O</span> <span class='ocrx_word' id='word_1_2157' title='bbox 1517 3675 1534 3695; x_wconf 81' lang='lat' dir='ltr'>E</span> <span class='ocrx_word' id='word_1_2158' title='bbox 1542 3674 1561 3694; x_wconf 87' lang='lat' dir='ltr'>R</span> <span class='ocrx_word' id='word_1_2159' title='bbox 1569 3673 1588 3694; x_wconf 94' lang='lat'>0</span> <span class='ocrx_word' id='word_1_2160' title='bbox 1597 3688 1605 3700; x_wconf 97' lang='lat'>,</span> <span class='ocrx_word' id='word_1_2161' title='bbox 1627 3672 1679 3694; x_wconf 65' lang='lat' dir='ltr'>Tire.</span> <span class='ocrx_word' id='word_1_2162' title='bbox 1718 3673 1856 3702; x_wconf 76' lang='lat' dir='ltr'>Anttquum</span> <span class='ocrx_word' id='word_1_2163' title='bbox 1872 3669 1989 3701; x_wconf 74' lang='lat' dir='ltr'>verbum,</span> <span class='ocrx_word' id='word_1_2164' title='bbox 2010 3668 2174 3695; x_wconf 84' lang='lat' dir='ltr'>Moerentem</span> <span class='ocrx_word' id='word_1_2165' title='bbox 2188 3666 2282 3692; x_wconf 73' lang='lat' dir='ltr'>tacere.</span> <span class='ocrx_word' id='word_1_2166' title='bbox 2328 3665 2457 3692; x_wconf 83' lang='lat' dir='ltr'>Pacuuius</span> <span class='ocrx_word' id='word_1_2167' title='bbox 2465 3686 2475 3699; x_wconf 89' lang='lat'>,</span> <span class='ocrx_word' id='word_1_2168' title='bbox 2504 3676 2507 3677; x_wconf 47' lang='lat'><em>⁷</em></span> 
     </span>
    </p>
   </div>
   <div class='ocr_carea' id='block_1_26' title="bbox 1414 3700 2475 4088">
    <p class='ocr_par' dir='ltr' id='par_1_47' title="bbox 1414 3700 2475 4088">
     <span class='ocr_line' id='line_1_216' title="bbox 1414 3700 2453 3739; baseline -0.003 -9"><span class='ocrx_word' id='word_1_2169' title='bbox 1414 3705 1469 3737; x_wconf 71' lang='lat' dir='ltr'>Qui</span> <span class='ocrx_word' id='word_1_2170' title='bbox 1485 3703 1573 3731; x_wconf 86' lang='lat' dir='ltr'>multis</span> <span class='ocrx_word' id='word_1_2171' title='bbox 1593 3704 1725 3730; x_wconf 83' lang='lat' dir='ltr'>mocrauit</span> <span class='ocrx_word' id='word_1_2172' title='bbox 1736 3704 1832 3731; x_wconf 73' lang='lat' dir='ltr'>modis.</span> <span class='ocrx_word' id='word_1_2173' title='bbox 1870 3711 1908 3739; x_wconf 78' lang='lat' dir='ltr'>ap.</span> <span class='ocrx_word' id='word_1_2174' title='bbox 1925 3704 1998 3730; x_wconf 91' lang='lat' dir='ltr'>Non.</span> <span class='ocrx_word' id='word_1_2175' title='bbox 2019 3704 2064 3738; x_wconf 71' lang='lat' dir='ltr'>eff}</span> <span class='ocrx_word' id='word_1_2176' title='bbox 2074 3700 2177 3726; x_wconf 70' lang='lat' dir='ltr'>dicitur.</span> <span class='ocrx_word' id='word_1_2177' title='bbox 2451 3728 2453 3731; x_wconf 71' lang='grc'>,</span> 
     </span>
     <span class='ocr_line' id='line_1_217' title="bbox 1451 3734 2475 3774; baseline -0.003 -7"><span class='ocrx_word' id='word_1_2178' title='bbox 1451 3746 1558 3768; x_wconf 81' lang='lat' dir='ltr'>MoER</span> <span class='ocrx_word' id='word_1_2179' title='bbox 1571 3745 1588 3766; x_wconf 82' lang='lat' dir='ltr'>E</span> <span class='ocrx_word' id='word_1_2180' title='bbox 1601 3746 1622 3764; x_wconf 84' lang='lat' dir='ltr'>N</span> <span class='ocrx_word' id='word_1_2181' title='bbox 1634 3746 1645 3764; x_wconf 90' lang='lat' dir='ltr'>s</span> <span class='ocrx_word' id='word_1_2182' title='bbox 1663 3761 1670 3772; x_wconf 85' lang='lat'>,</span> <span class='ocrx_word' id='word_1_2183' title='bbox 1695 3740 1772 3767; x_wconf 83' lang='lat' dir='ltr'>entis.</span> <span class='ocrx_word' id='word_1_2184' title='bbox 1816 3740 1910 3767; x_wconf 86' lang='lat' dir='ltr'>Partic.</span> <span class='ocrx_word' id='word_1_2185' title='bbox 1963 3739 2123 3774; x_wconf 52' lang='lat' dir='ltr'>[nundus-mc.</span> <span class='ocrx_word' id='word_1_2186' title='bbox 2145 3734 2292 3771; x_wconf 53' lang='grc' dir='ltr'>περκαὶ-γὼ]</span> <span class='ocrx_word' id='word_1_2187' title='bbox 2348 3737 2475 3765; x_wconf 76' lang='lat' dir='ltr'>Moerens</span> 
     </span>
     <span class='ocr_line' id='line_1_218' title="bbox 1415 3772 2474 3807; baseline -0.002 -5"><span class='ocrx_word' id='word_1_2188' title='bbox 1415 3776 1490 3802; x_wconf 81' lang='lat' dir='ltr'>fletus</span> <span class='ocrx_word' id='word_1_2189' title='bbox 1510 3776 1565 3802; x_wconf 91' lang='lat' dir='ltr'>Cic.</span> <span class='ocrx_word' id='word_1_2190' title='bbox 1580 3775 1661 3802; x_wconf 77' lang='lat' dir='ltr'>Tusc.</span> <span class='ocrx_word' id='word_1_2191' title='bbox 1678 3787 1698 3805; x_wconf 82' lang='grc'>1.</span> <span class='ocrx_word' id='word_1_2192' title='bbox 1713 3785 1743 3807; x_wconf 76' lang='lat'>30</span> <span class='ocrx_word' id='word_1_2193' title='bbox 1754 3785 1813 3807; x_wconf 77' lang='lat' dir='ltr'>c.13.</span> <span class='ocrx_word' id='word_1_2194' title='bbox 1887 3777 1948 3802; x_wconf 84' lang='lat' dir='ltr'>Stat.</span> <span class='ocrx_word' id='word_1_2195' title='bbox 1961 3773 2051 3802; x_wconf 81' lang='lat' dir='ltr'>Theb·</span> <span class='ocrx_word' id='word_1_2196' title='bbox 2066 3773 2082 3796; x_wconf 85' lang='lat'><strong>6</strong></span> <span class='ocrx_word' id='word_1_2197' title='bbox 2092 3791 2100 3803; x_wconf 89' lang='lat'>,</span> <span class='ocrx_word' id='word_1_2198' title='bbox 2115 3776 2166 3804; x_wconf 74' lang='lat'>624</span> <span class='ocrx_word' id='word_1_2199' title='bbox 2196 3772 2305 3798; x_wconf 70' lang='lat' dir='ltr'>Pcc&#39;toia</span> <span class='ocrx_word' id='word_1_2200' title='bbox 2318 3782 2387 3799; x_wconf 85' lang='lat' dir='ltr'>nunc</span> <span class='ocrx_word' id='word_1_2201' title='bbox 2403 3783 2474 3800; x_wconf 87' lang='lat' dir='ltr'>moe-</span> 
     </span>
     <span class='ocr_line' id='line_1_219' title="bbox 1415 3807 2474 3846; baseline -0.001 -9"><span class='ocrx_word' id='word_1_2202' title='bbox 1415 3820 1491 3844; x_wconf 84' lang='lat' dir='ltr'>rens,</span> <span class='ocrx_word' id='word_1_2203' title='bbox 1511 3820 1578 3838; x_wconf 70' lang='lat' dir='ltr'>niune</span> <span class='ocrx_word' id='word_1_2204' title='bbox 1590 3820 1638 3837; x_wconf 86' lang='lat' dir='ltr'>ora</span> <span class='ocrx_word' id='word_1_2205' title='bbox 1652 3811 1757 3846; x_wconf 75' lang='lat' dir='ltr'>indigna</span> <span class='ocrx_word' id='word_1_2206' title='bbox 1772 3818 1883 3838; x_wconf 84' lang='lat' dir='ltr'>cruento</span> <span class='ocrx_word' id='word_1_2207' title='bbox 1897 3813 1990 3844; x_wconf 82' lang='lat' dir='ltr'>Vngue</span> <span class='ocrx_word' id='word_1_2208' title='bbox 2001 3809 2073 3834; x_wconf 77' lang='lat' dir='ltr'>secat.</span> <span class='ocrx_word' id='word_1_2209' title='bbox 2135 3807 2260 3834; x_wconf 83' lang='lat' dir='ltr'>Moerens</span> <span class='ocrx_word' id='word_1_2210' title='bbox 2274 3809 2384 3835; x_wconf 81' lang='lat' dir='ltr'>fra-trem</span> <span class='ocrx_word' id='word_1_2211' title='bbox 2405 3810 2474 3836; x_wconf 81' lang='lat' dir='ltr'>Hor.</span> 
     </span>
     <span class='ocr_line' id='line_1_220' title="bbox 1695 3843 2475 3883; baseline -0.004 -9"><span class='ocrx_word' id='word_1_2212' title='bbox 1695 3848 1830 3881; x_wconf 64' lang='lat' dir='ltr'>Anneius,</span> <span class='ocrx_word' id='word_1_2213' title='bbox 1852 3846 2017 3876; x_wconf 75' lang='lat' dir='ltr'>debilitatus,</span> <span class='ocrx_word' id='word_1_2214' title='bbox 2037 3852 2159 3883; x_wconf 64' lang='lat' dir='ltr'>moerens</span> <span class='ocrx_word' id='word_1_2215' title='bbox 2187 3845 2241 3871; x_wconf 86' lang='lat' dir='ltr'>Cic.</span> <span class='ocrx_word' id='word_1_2216' title='bbox 2251 3844 2284 3870; x_wconf 88' lang='lat' dir='ltr'>de</span> <span class='ocrx_word' id='word_1_2217' title='bbox 2293 3843 2367 3871; x_wconf 87' lang='lat' dir='ltr'>Orat.</span> <span class='ocrx_word' id='word_1_2218' title='bbox 2384 3853 2408 3877; x_wconf 84' lang='lat'>2,</span> <span class='ocrx_word' id='word_1_2219' title='bbox 2423 3854 2475 3877; x_wconf 77' lang='lat'>¹95-</span> 
     </span>
     <span class='ocr_line' id='line_1_221' title="bbox 1416 3878 2474 3916; baseline -0.003 -6"><span class='ocrx_word' id='word_1_2220' title='bbox 1416 3883 1568 3916; x_wconf 80' lang='lat' dir='ltr'>Horridus,</span> <span class='ocrx_word' id='word_1_2221' title='bbox 1589 3883 1718 3916; x_wconf 75' lang='lat' dir='ltr'>incultus,</span> <span class='ocrx_word' id='word_1_2222' title='bbox 1738 3893 1860 3910; x_wconf 84' lang='lat' dir='ltr'>moerens</span> <span class='ocrx_word' id='word_1_2223' title='bbox 1891 3881 1928 3910; x_wconf 84' lang='lat' dir='ltr'>ld·</span> <span class='ocrx_word' id='word_1_2224' title='bbox 1949 3878 2006 3913; x_wconf 80' lang='lat' dir='ltr'>Post</span> <span class='ocrx_word' id='word_1_2225' title='bbox 2027 3879 2082 3905; x_wconf 65' lang='lat' dir='ltr'>red·</span> <span class='ocrx_word' id='word_1_2226' title='bbox 2104 3888 2131 3905; x_wconf 85' lang='lat' dir='ltr'>m</span> <span class='ocrx_word' id='word_1_2227' title='bbox 2154 3880 2237 3906; x_wconf 82' lang='lat' dir='ltr'>Senat.</span> <span class='ocrx_word' id='word_1_2228' title='bbox 2260 3889 2291 3906; x_wconf 74' lang='grc'>12.</span> <span class='ocrx_word' id='word_1_2229' title='bbox 2364 3881 2474 3908; x_wconf 57' lang='lat' dir='ltr'>reuera</span> 
     </span>
     <span class='ocr_line' id='line_1_222' title="bbox 1417 3915 2419 3954; baseline -0.003 -8"><span class='ocrx_word' id='word_1_2230' title='bbox 1417 3919 1565 3946; x_wconf 84' lang='lat' dir='ltr'>moerentia</span> <span class='ocrx_word' id='word_1_2231' title='bbox 1579 3919 1674 3946; x_wconf 79' lang='lat' dir='ltr'>mulcet</span> <span class='ocrx_word' id='word_1_2232' title='bbox 1700 3920 1776 3954; x_wconf 80' lang='lat' dir='ltr'>Virg.</span> <span class='ocrx_word' id='word_1_2233' title='bbox 1791 3921 1855 3946; x_wconf 86' lang='lat' dir='ltr'>Aen.</span> <span class='ocrx_word' id='word_1_2234' title='bbox 1868 3926 1888 3949; x_wconf 88' lang='grc'>1,</span> <span class='ocrx_word' id='word_1_2235' title='bbox 1901 3923 1956 3942; x_wconf 81' lang='lat'>20¹.</span> <span class='ocrx_word' id='word_1_2236' title='bbox 2029 3915 2124 3941; x_wconf 82' lang='lat' dir='ltr'>Vultus</span> <span class='ocrx_word' id='word_1_2237' title='bbox 2146 3915 2228 3942; x_wconf 84' lang='lat' dir='ltr'>Ouid.</span> <span class='ocrx_word' id='word_1_2238' title='bbox 2243 3916 2321 3951; x_wconf 79' lang='lat' dir='ltr'>Epist.</span> <span class='ocrx_word' id='word_1_2239' title='bbox 2337 3925 2368 3950; x_wconf 87' lang='grc'>11,</span> <span class='ocrx_word' id='word_1_2240' title='bbox 2380 3925 2419 3950; x_wconf 77' lang='lat'>93.</span> 
     </span>
     <span class='ocr_line' id='line_1_223' title="bbox 1452 3950 2474 3988; baseline -0.003 -6"><span class='ocrx_word' id='word_1_2241' title='bbox 1452 3959 1623 3987; x_wconf 79' lang='lat' dir='ltr'>MOEROR,</span> <span class='ocrx_word' id='word_1_2242' title='bbox 1644 3956 1708 3982; x_wconf 71' lang='lat' dir='ltr'>oris.</span> <span class='ocrx_word' id='word_1_2243' title='bbox 1729 3965 1764 3982; x_wconf 90' lang='grc'>111.</span> <span class='ocrx_word' id='word_1_2244' title='bbox 1801 3952 1895 3988; x_wconf 48' lang='lat' dir='ltr'>[nu‘orm</span> <span class='ocrx_word' id='word_1_2245' title='bbox 1915 3950 1984 3984; x_wconf 72' lang='grc' dir='ltr'>ἁνία]</span> <span class='ocrx_word' id='word_1_2246' title='bbox 2026 3951 2157 3987; x_wconf 57' lang='lat' dir='ltr'>Uistilia,</span> <span class='ocrx_word' id='word_1_2247' title='bbox 2180 3952 2273 3985; x_wconf 58' lang='lat' dir='ltr'>ludius,</span> <span class='ocrx_word' id='word_1_2248' title='bbox 2288 3952 2408 3987; x_wconf 59' lang='lat' dir='ltr'>status‘ct</span> <span class='ocrx_word' id='word_1_2249' title='bbox 2419 3962 2474 3979; x_wconf 78' lang='lat' dir='ltr'>con-</span> 
     </span>
     <span class='ocr_line' id='line_1_224' title="bbox 1416 3986 2474 4020; baseline -0.003 -3"><span class='ocrx_word' id='word_1_2250' title='bbox 1416 3991 1479 4017; x_wconf 73' lang='lat' dir='ltr'>ditio</span> <span class='ocrx_word' id='word_1_2251' title='bbox 1509 3991 1674 4018; x_wconf 71' lang='lat' dir='ltr'>moerentium.</span> <span class='ocrx_word' id='word_1_2252' title='bbox 1747 3991 1803 4017; x_wconf 87' lang='lat' dir='ltr'>Cic.</span> <span class='ocrx_word' id='word_1_2253' title='bbox 1822 3989 1854 4014; x_wconf 86' lang='lat' dir='ltr'>de</span> <span class='ocrx_word' id='word_1_2254' title='bbox 1875 3986 1980 4013; x_wconf 67' lang='lat' dir='ltr'>Amicifl-</span> <span class='ocrx_word' id='word_1_2255' title='bbox 1996 3994 2017 4012; x_wconf 80' lang='grc' dir='ltr'><strong>Η</strong></span> <span class='ocrx_word' id='word_1_2256' title='bbox 2059 3988 2146 4020; x_wconf 69' lang='lat' dir='ltr'>Quam</span> <span class='ocrx_word' id='word_1_2257' title='bbox 2165 3994 2253 4014; x_wconf 85' lang='lat' dir='ltr'>autem</span> <span class='ocrx_word' id='word_1_2258' title='bbox 2272 3988 2374 4015; x_wconf 84' lang='lat' dir='ltr'>ciuitati</span> <span class='ocrx_word' id='word_1_2259' title='bbox 2400 3997 2474 4015; x_wconf 82' lang='lat' dir='ltr'>carus</span> 
     </span>
     <span class='ocr_line' id='line_1_225' title="bbox 1415 4021 2473 4060; baseline -0.005 -5"><span class='ocrx_word' id='word_1_2260' title='bbox 1415 4027 1513 4060; x_wconf 80' lang='lat' dir='ltr'>fuerit,</span> <span class='ocrx_word' id='word_1_2261' title='bbox 1531 4035 1655 4056; x_wconf 80' lang='lat' dir='ltr'>moerore</span> <span class='ocrx_word' id='word_1_2262' title='bbox 1669 4026 1770 4055; x_wconf 81' lang='lat' dir='ltr'>funeris</span> <span class='ocrx_word' id='word_1_2263' title='bbox 1783 4023 1928 4054; x_wconf 73' lang='lat' dir='ltr'>indicatum</span> <span class='ocrx_word' id='word_1_2264' title='bbox 1940 4021 1984 4049; x_wconf 71' lang='lat' dir='ltr'>est·</span> <span class='ocrx_word' id='word_1_2265' title='bbox 2057 4023 2131 4052; x_wconf 75' lang='lat' dir='ltr'>Idem</span> <span class='ocrx_word' id='word_1_2266' title='bbox 2143 4023 2228 4053; x_wconf 70' lang='lat' dir='ltr'>Tute.</span> <span class='ocrx_word' id='word_1_2267' title='bbox 2242 4034 2271 4058; x_wconf 86' lang='lat'>4,</span> <span class='ocrx_word' id='word_1_2268' title='bbox 2285 4029 2310 4055; x_wconf 79' lang='lat' dir='ltr'>is</span> <span class='ocrx_word' id='word_1_2269' title='bbox 2323 4033 2344 4051; x_wconf 89' lang='lat' dir='ltr'>c.</span> <span class='ocrx_word' id='word_1_2270' title='bbox 2360 4029 2373 4055; x_wconf 80' lang='lat'>8</span> <span class='ocrx_word' id='word_1_2271' title='bbox 2400 4026 2473 4052; x_wconf 83' lang='lat' dir='ltr'>Moe-</span> 
     </span>
     <span class='ocr_line' id='line_1_226' title="bbox 2411 4069 2474 4088; baseline 0.016 -1"><span class='ocrx_word' id='word_1_2272' title='bbox 2411 4069 2474 4088; x_wconf 82' lang='lat' dir='ltr'>ror.</span> 
     </span>
    </p>
   </div>
  </div>
 </body>
</html>
