2517 4231
253 245 329 287 487
669 228 716 269 Ν
773 225 811 266 V
851 204 922 265 'M

256 333 370 354 numero
403 322 457 348 vid.
477 327 498 347 A
509 326 526 348 c
537 326 553 347 c
563 328 572 347 1
582 326 597 346 P
607 327 615 346 1
626 325 656 346 o.
731 314 880 343 Patet-culus
894 321 916 344 2,
929 320 959 343 3ο
972 317 1040 336 extr.
1071 309 1320 349 Gladiatorium-nu-

255 370 345 389 merus
360 344 388 386 iii
401 364 501 385 tantum
519 355 654 386 Adoleuh,
671 358 698 380 vt
711 361 761 386 qua
777 350 873 376 vltimo
887 347 1049 386 dimicauere
1063 354 1130 387 acie,
1144 345 1319 380 quadraginta

256 397 341 425 millia
356 395 498 422 hominum
514 393 539 419 se
554 393 674 418 Romano
689 385 817 424 exercitui
832 384 1014 423 opposuerint.
1059 417 1063 422 ι
1087 382 1145 408 Cic.
1190 402 1196 407 .
1211 382 1287 421 Furat-⁶
1301 390 1319 413 i,

256 445 263 461 1
290 443 312 460 12
336 433 398 465 Quo
412 439 443 457 ex
458 437 553 456 venere
567 427 583 453 si
597 434 675 460 quem
691 423 761 449 sorte
777 427 816 447 tui
833 418 951 453 cognosti
968 423 1144 444 amantiorem
1157 420 1232 450 (sieri
1246 424 1319 455 enim

267 455 362 500 'otuit)
384 451 620 502 quaixi’temporis,
640 461 708 486 hunc
722 465 787 484 vero
799 455 830 482 ad
845 461 920 482 tuum
933 462 1075 480 numerum
1090 454 1205 481 libenter
1219 452 1319 493 Adscri-

255 480 315 534 gito
401 501 556 529 Adscribe-rc
576 498 603 523 in
624 502 781 524 numerum,
800 491 855 517 vid.
881 496 1066 517 ADSCRiBo.
1140 492 1254 524 Aequam
1271 497 1319 513 1111-

256 524 333 569 mero
364 540 418 564 vid.
440 544 486 564 ixi-1
499 543 519 561 o
530 541 548 559 v
561 540 595 564 0,
615 539 666 557 are.
722 530 827 562 Augei-e
842 535 982 552 numerum
1005 527 1110 553 Lucret.
1125 536 1144 559 1,
1156 534 1220 559 437..
1267 524 1319 550 Co-

257 579 311 605 lere
324 561 351 602 a’c
365 573 487 601 venerari
502 561 529 596 in
542 576 655 594 nurnero
675 565 787 591 deorum
808 563 1004 589 immortalium
1036 563 1093 589 Cic.
1107 568 1200 589 contra
1212 559 1282 587 Rull.
1297 569 1319 593 2,

276 623 287 643 ς
307 623 319 639 c
343 622 377 644 35.
432 607 569 635 Collocare
585 604 612 629 in
627 602 740 628 deorum
753 608 876 632 numero,
894 599 949 625 vid.
969 604 987 624 C
1001 604 1020 625 O
1033 605 1049 624 L
1061 606 1078 625 i..
1091 604 1110 624 o
1123 604 1140 625 c
1153 604 1182 624 O.
1239 597 1319 622 Com-

256 624 357 676 9onc're:
379 652 489 672 numero
510 641 538 666 in
551 646 650 666 turmas
683 637 759 670 Vix-g.
774 637 838 662 Aen.
855 644 891 668 ii,
905 643 962 668 599.
1035 634 1158 666 Seruius,
1184 633 1319 663 Numero,

255 660 272 712 i)
295 679 510 712 Rationaliiliter.
585 673 661 701 Vnde
682 679 707 699 ct
721 673 800 706 Saepe
814 679 928 698 numero
945 669 1067 697 dicimus.
1092 670 1142 696 i.e.
1157 669 1321 708 Frequenter

256 706 282 749 e.t
298 715 502 747 rationabiliter.
540 712 589 736 Set!
601 710 667 735 nihil
682 708 730 745 ista
741 707 882 742 subtilitate
897 714 963 741 opus.
1001 708 1126 732 Numerus
1133 704 1193 740 suus
1206 704 1320 738 aequalis

255 760 387 788 vnicmque
400 757 495 776 tui-mae
508 744 650 780 affignatiss.
726 742 962 778 Comprehendere
978 750 1091 768 numero
1126 741 1202 775 Virg.
1218 741 1319 774 Georg-

258 803 269 811 η
293 799 347 822 ¹04·
421 783 562 811 Conficere
578 790 721 808 numerum
748 780 804 806 Cic.
821 788 871 814 pro
885 779 990 805 Cluent.
1062 777 1101 803 Id.
1115 776 1148 803 de
1162 778 1237 803 Orat.
1253 785 1276 808 2,
1288 777 1319 808 56

255 812 430 856 '‘I'‘hucydides
443 820 478 847 ita
493 818 585 846 creber
598 817 634 844 est
648 826 738 843 rerum
750 815 910 849 frequentia,
931 820 959 840 vt
973 812 1120 840 verborum
1135 822 1218 848 prope
1230 820 1322 839 nume-

255 871 314 889 rum
333 857 524 886 sententiarum
543 862 657 881 numero
672 853 862 886 consequatur,
889 850 907 877 i.
928 856 964 875 tot
980 856 1058 885 paene
1070 849 1210 888 senteritias
1223 849 1321 880 babeat,

254 904 311 933 quot
331 896 415 921 verba.
489 890 637 918 Continere
670 889 707 915 Id.
727 888 758 914 de
774 886 861 913 Finib.
882 896 903 918 3,
920 894 960 918 24.
1033 885 1169 924 Conuenit
1185 892 1321 914 numerus,

253 934 307 959 vid.
327 939 344 959 c
356 937 376 957 o
389 936 411 957 N
427 935 446 954 v
459 934 474 955 F.
488 934 510 954 N
523 934 532 953 1
546 933 577 953 ο.
651 925 702 951 Hic
721 930 823 950 tantum
844 922 942 948 boreae
955 921 1086 948 Curamus
1100 920 1219 960 frigora,
1240 928 1322 953 quan-

254 976 311 995 tum
325 973 370 994 aut
389 972 531 993 numerum
551 963 626 997 lupus
645 967 689 987 aut
709 959 840 986 torrentia
858 957 969 984 flumina
988 957 1059 991 ripas
1089 957 1166 996 ¹Virg.
1180 955 1232 982 Ecl.
1245 962 1273 989 7,
1289 963 1322 985 5¹.

254 1004 339 1032 Dcfici
351 1003 468 1037 aliquem
482 1007 597 1026 numero
624 996 793 1030 Qiinc’til.5‚
808 1004 829 1027 7.
903 993 1033 1033 Digerere
1045 992 1112 1019 folia
1127 1001 1155 1018 in
1168 999 1321 1023 numerum,

253 1042 272 1067 i.
294 1040 402 1066 ordinem
430 1037 507 1071 Virg.
522 1035 586 1061 Aen.
603 1043 625 1066 3,
641 1035 700 1065 446.
774 1033 814 1056 Sic
829 1028 995 1056 Distribuere
1011 1038 1038 1055 in
1053 1036 1191 1061 numeros,
1209 1029 1233 1054 h.
1249 1036 1268 1053 e.
1289 1028 1320 1052 ln

252 1076 353 1103 ordines
390 1075 433 1099 vol
444 1075 538 1106 imper
557 1079 666 1096 numeros
680 1067 823 1102 disponere,
844 1073 873 1091 vt
884 1065 965 1102 postea
978 1065 1005 1090 in
1020 1066 1119 1090 ordines
1134 1065 1220 1089 reduci
1232 1060 1321 1098 poffint

253 1112 320 1140 Plin.
335 1095 413 1146 Epist.
428 1118 472 1143 10,
486 1116 525 1141 29.
598 1105 666 1132 Duci
688 1105 842 1130 innumero
860 1107 886 1128 et
902 1102 962 1128 loco
981 1100 1100 1127 hostium
1130 1100 1188 1126 Cic.
1203 1100 1281 1126 Verr.
1298 1107 1321 1133 ς,

254 1157 305 1179 124.
377 1143 487 1173 Efficere
507 1150 648 1169 numerum
675 1140 713 1167 Id.
729 1139 799 1165 Fam.
814 1145 827 1167 8
837 1158 844 1170 ,
859 1143 882 1168 8.
954 1137 1057 1164 Eiicere
1071 1145 1086 1163 e
1099 1144 1213 1163 numero
1246 1134 1322 1162 Idem

251 1183 367 1219 Philipp.
382 1191 420 1215 13,
435 1191 452 1206 1.
524 1178 584 1205 Liu.
601 1186 626 1210 3,
642 1184 654 1209 3
687 1174 801 1202 Difficile
821 1173 853 1200 ad
868 1173 947 1200 fidem
962 1173 1014 1207 est,
1035 1173 1063 1199 in
1085 1178 1139 1199 tam
1157 1171 1267 1206 antiqua
1281 1179 1320 1202 re,

252 1226 320 1256 quot
333 1216 512 1254 pugnauerint
525 1213 718 1244 ceciderintue,
738 1210 831 1237 exacto
846 1209 980 1236 affirmare
993 1217 1122 1239 numero3
1142 1207 1219 1235 audet
1231 1214 1320 1248 tamen

251 1256 343 1284 Antias
356 1253 480 1281 Valerius
501 1250 641 1284 concipere
660 1249 781 1275 summas.
854 1247 990 1273 Romanos
1010 1245 1128 1272 cecidisse
1150 1245 1178 1271 in
1200 1244 1320 1270 Hermco

252 1301 319 1327 agro
333 1292 356 1317 V
372 1289 429 1316 mil.
449 1297 478 1314 ac
497 1287 588 1313 CCC.
611 1294 642 1312 ex
663 1282 864 1319 praedatoribus
882 1284 1056 1317 Aequorum,
1081 1280 1115 1308 ab
1133 1281 1164 1307 A.
1184 1279 1320 1307 Postumio

250 1327 368 1356 Consule
389 1325 442 1352 duo
462 1323 547 1350 millia
566 1327 592 1348 et
612 1320 723 1347 CCCC
750 1319 847 1344 caesos.
886 1317 970 1344 Paullo
986 1317 1054 1353 pist:
1090 1316 1233 1343 11110τῖ0613
1257 1315 1320 1342 inde

1343 461 1357 486 υἱ

1336 639 1365 658 10

1336 995 1370 1014 20
1384 992 1443 1018 suos
1470 990 1553 1018 Ouid.
1567 992 1598 1017 A.
1612 992 1642 1017 A.
1658 1001 1676 1023 1,
1690 997 1746 1022 487..

1335 1175 1366 1202 25
1383 1181 1424 1207 ep.
1439 1180 1559 1205 4,ii,9.

251 1370 368 1399 quatuor
380 1361 482 1392 millia,
502 1366 528 1385 et
542 1355 715 1391 Exsequendo
734 1353 867 1380 subtiliter
881 1362 1038 1386 numerum,
1057 1353 1109 1380 CC
1127 1353 1165 1380 ait
1183 1358 1210 1379 et
1229 1352 1319 1379 XXX.
1334 1355 1366 1380 30

250 1400 375 1428 Eximere
390 1398 508 1432 aliquem
521 1402 634 1421 numero
649 1391 788 1418 beatorum
810 1389 876 1415 Hor.
884 1389 973 1415 Carni.
981 1398 1003 1422 2,
1012 1397 1038 1422 2,
1048 1395 1081 1418 ¹8.
1139 1389 1263 1416 Eximere
1274 1396 1321 1413 nu-

251 1444 339 1468 mero,
358 1433 390 1470 est
402 1432 536 1463 Eximium,
557 1436 580 1456 et
594 1430 729 1464 egregium,
749 1432 772 1450 et
779 1425 939 1458 singularem
951 1425 1059 1464 aliquem
1072 1424 1215 1460 constituere
1235 1424 1321 1463 Qiiii-

250 1472 307 1499 &ih
327 1480 352 1505 i,
372 1480 395 1503 4.
468 1467 595 1501 Explere,
623 1465 678 1491 viel.
700 1466 863 1489 EXPLEO.
942 1460 1061 1486 Gliscere
1081 1468 1195 1485 numero
1226 1460 1320 1485 Tacit.

250 1508 320 1535 Anu.
333 1516 364 1538 4,
381 1515 403 1536 5.
475 1503 559 1529 Plaut.
580 1499 669 1527 Pseud.
685 1510 715 1531 4,
729 1507 757 1531 2,
771 1506 784 1528 5
811 1495 902 1523 Habui
922 1504 1066 1522 numerum
1085 1495 1193 1528 sedulo,
1212 1494 1264 1521 hoc
1284 1494 1322 1520 est

249 1544 351 1570 sextum
371 1550 384 1567 a
406 1543 498 1574 porta,
519 1537 674 1572 proximum
692 1535 881 1569 angiportum,
906 1532 925 1558 i.
945 1532 1126 1567 Attentlebam,
1147 1537 1236 1565 quotus
1255 1529 1321 1565 effit.

248 1578 357 1606 Habere
370 1575 504 1604 rationein
523 1579 718 1604 numerumque
750 1569 806 1595 Cic.
822 1570 900 1595 Verr.
915 1577 945 1600 5,
964 1577 1004 1600 70.
1079 1567 1118 1594 Id.
1133 1567 1206 1593 Fam.
1220 1575 1242 1598 13
1251 1588 1266 1607 ,¹
1280 1574 1320 1607 22.

248 1615 338 1650 Ipsum
351 1614 398 1640 suo
414 1610 525 1637 nomine
540 1608 649 1642 diligas,
671 1605 828 1639 Habeasque
842 1605 871 1631 in
884 1612 998 1630 numero
1013 1608 1133 1630 tuorum.
1169 1604 1240 1629 Add.
1255 1603 1319 1628 ilud.

249 1660 292 1685 ep.
305 1652 331 1676 6.
404 1647 528 1675 Id.Verr.
537 1653 563 1678 2,
580 1652 621 1677 ¹34
642 1642 690 1669 Sed
705 1651 737 1668 ne
750 1640 899 1673 miremini,
912 1649 963 1675 qua
977 1640 1083 1666 ratione
1097 1639 1119 1665 is
1134 1644 1235 1665 tantum
1250 1637 1320 1672 apud

249 1687 328 1714 istum
343 1684 455 1711 libertus
470 1680 605 1716 potuerit,
626 1686 759 1713 exponam
781 1676 859 1704 vobis
879 1677 999 1704 breuiter
1014 1675 1080 1710 quid
1094 1674 1213 1702 hominis
1227 1673 1270 1700 sit:
1292 1681 1322 1700 vt

1338 1532 1365 1558 35

251 1729 277 1750 et
291 1721 364 1748 istius
376 1718 539 1754 nequitiam,
556 1716 604 1750 qui
617 1714 694 1741 illuni
713 1714 799 1739 secum
821 1711 970 1745 Habuerit‚
991 1721 1024 1738 eo
1037 1711 1192 1747 praesertim
1206 1719 1320 1736 numero
1328 1717 1364 1742 40

251 1767 280 1785 ac
306 1758 383 1789 loco,
410 1761 435 1782 et
456 1753 630 1780 calamitatem
657 1749 813 1784 prouinciae
838 1748 1011 1782 cognoscatis.
1132 1746 1252 1778 Haberi,
1277 1746 1322 1771 vel

251 1794 302 1821 esse
322 1799 435 1818 numero
451 1790 495 1814 vel
511 1789 540 1813 in
560 1795 674 1813 numero
695 1785 799 1819 aliquo:
821 1784 861 1810 cui
881 1783 987 1818 Despici
1006 1783 1144 1818 opponitur.
1217 1781 1319 1808 Eodem

252 1837 367 1857 nurnero
381 1825 482 1853 Haberi
503 1823 623 1851 Scribon.
656 1822 702 1856 Ep.
721 1830 758 1846 in.
785 1820 803 1846 i.
820 1819 883 1854 pari
894 1819 975 1854 locos.
987 1820 1074 1854 pretio.
1184 1818 1273 1844 Varro
1287 1817 1319 1843 de

250 1867 282 1894 R.
296 1866 328 1891 R.
342 1873 366 1898 i,
384 1871 412 1897 i7
445 1860 526 1894 Qiod
541 1860 577 1885 ita
592 1866 674 1892 quum
689 1856 734 1889 fit,
755 1855 843 1881 minus
856 1856 881 1881 se
896 1860 988 1889 putant
1002 1853 1116 1888 despici,
1134 1859 1214 1888 atque
1227 1853 1319 1887 aliquo

251 1909 365 1929 numero
381 1898 480 1926 Haberi
499 1905 514 1922 a
526 1894 647 1922 domino.
1220 1926 1224 1930 Ι
1303 1925 1307 1929 -

251 1947 317 1964 num
330 1935 363 1963 ab
377 1933 499 1961 humanis
514 1931 627 1958 sensibus
640 1928 686 1961 est,
708 1936 788 1961 quain
803 1937 864 1954 eum
878 1924 959 1962 patr'is
973 1926 1078 1952 Habere
1091 1926 1163 1959 loco,
1180 1934 1227 1959 qui
1242 1934 1275 1951 ne
1290 1925 1321 1951 li-

252 1973 312 2001 beri
326 1971 434 2007 quidem
449 1968 568 1995 hominis
583 1974 697 1992 numero
711 1964 757 1991 fit?
831 1963 925 1990 Metiri
939 1971 1083 1989 numerum
1109 1963 1170 1989 Stat.
1186 1961 1280 1989 Theb.
1295 1963 1321 1993 6,

253 2011 296 2036 260
378 2007 484 2033 Mutare
509 2001 641 2035 Qiineiii.
656 2010 661 2025 ι
683 2010 704 2025 c.
720 2002 744 2026 6.
817 1999 919 2026 Notare
932 1998 1053 2024 numeris
1068 1998 1189 2025 Scribon.
1210 1999 1257 2031 Ep.
1272 1997 1319 2024 fin.

253 2028 311 2072 0130..
323 2042 356 2069 de
372 2041 444 2068 Clar.
459 2040 534 2065 Orat.
551 2045 588 2068 ¹75
622 2034 732 2061 Dicebat
745 2034 825 2059 etiam
838 2034 868 2060 L.
882 2034 972 2067 Scipio
987 2042 1044 2058 nou
1057 2033 1198 2067 imperite,
1219 2034 1319 2058 cneus.

253 2089 305 2115 que
320 2076 459 2112 Pompeius
473 2075 500 2100 F.
515 2072 632 2106 aliquem
646 2077 788 2095 numerum
803 2067 958 2093 Obtinebat.
1156 2101 1160 2104 -

251 2116 300 2142 vid
329 2119 403 2141 013'1*
416 2119 426 2138 1
438 2119 460 2138 N
471 2116 487 2136 E
498 2115 530 2136 O.
604 2105 660 2133 Cic.
670 2105 702 2131 de
716 2105 779 2131 Nat.
790 2103 871 2129 Deor.
881 2112 900 2136 1,
915 2104 963 2128 106
994 2102 1036 2128 Sic
1049 2101 1121 2127 enim
1135 2099 1251 2139 dicebas,
1267 2100 1320 2139 spe-

252 2136 321 2179 eiem
337 2149 381 2176 dei
395 2146 497 2183 percipi
511 2142 690 2179 cogitatione,
711 2149 767 2166 non
781 2139 870 2172 sensu,
891 2147 940 2165 nec
958 2138 1007 2164 effe
1022 2136 1049 2162 in
1062 2145 1092 2162 ea
1106 2136 1189 2177 ullam
1204 2134 1321 2176 solidita-

252 2194 307 2216 tem
344 2193 430 2220 neque
442 2181 553 2210 eandem
566 2179 597 2206 ad
613 2185 756 2204 numerum
769 2177 936 2202 Permanere.
1007 2174 1153 2200 Peruenire
1167 2181 1196 2198 in
1222 2172 1278 2198 Cic.
1293 2180 1321 2196 111

253 2208 328 2252 Brut’.
400 2218 488 2247 Putari
502 2219 530 2243 in
558 2215 597 2243 Id.
612 2214 640 2240 in
654 2213 740 2240 Pison.
752 2221 786 2243 35.
857 2211 987 2246 Recipere
1001 2209 1120 2244 aliquem
1135 2209 1163 2235 in
1178 2216 1322 2234 numerum

254 2258 387 2286 exercitus
415 2254 484 2281 Vell.
499 2263 526 2285 2,
544 2261 586 2285 73,
605 2260 626 2283 3.
719 2246 815 2280 Redigi
833 2246 866 2272 ad
891 2246 1010 2273 duorum
1039 2245 1121 2272 Ouid.
1136 2246 1200 2272 Met.
1213 2246 1246 2277 6,
1267 2252 1321 2276 ¹99·

254 2295 368 2322 Referre
381 2292 497 2325 aliquem
512 2290 541 2315 in
565 2286 623 2313 Cic.
636 2285 668 2311 de
681 2283 773 2311 Diuin.
787 2292 810 2314 2,
819 2293 832 2313 4
846 2292 869 2308 c.
879 2291 897 2309 1.
971 2281 1084 2315 Replere
1115 2282 1220 2307 Lucret.
1233 2289 1256 2314 2,
1272 2286 1322 2311 535.

256 2331 399 2365 Reponere
418 2328 447 2353 in
472 2325 529 2352 Cic.
546 2324 625 2349 Verr.
641 2331 662 2353 3,
679 2329 731 2346 cio.
806 2317 950 2352 Seiungere
964 2325 996 2343 ex
1017 2317 1056 2343 Id.
1071 2316 1199 2349 ibid.4,2.
1258 2314 1323 2341 Sub-

256 2367 353 2394 ducere
383 2363 470 2390 Catul.
491 2362 521 2389 in
539 2357 652 2392 Epithal.
667 2356 760 2388 Iuliae,
778 2355 798 2380 s.
812 2362 856 2387 59,
874 2358 932 2383 208.
1004 2353 1082 2392 Snum:
1120 2352 1158 2392 Ad
1178 2359 1322 2377 numerum

255 2403 322 2435 Esse,
343 2401 398 2427 vid.
417 2406 437 2425 Α
447 2405 476 2425 1).
547 2395 604 2422 Cic.
618 2394 689 2420 Fam.
702 2401 732 2424 13,
745 2400 772 2422 24
797 2391 827 2417 In
840 2389 989 2424 primisque
1005 2387 1117 2414 libertus
1132 2396 1200 2417 eius,
1220 2387 1323 2416 L.Cos.

256 2438 336 2466 finius
351 2435 494 2463 Anchialus
504 2453 511 2465 ,
531 2431 614 2457 homo
628 2435 653 2455 et
666 2434 780 2463 patrono
790 2447 798 2458 ‚
813 2431 839 2452 et
854 2425 960 2459 patroni
974 2424 1141 2456 necessariis,
1162 2432 1216 2457 quo
1229 2422 1257 2448 in
1272 2431 1320 2448 nu-
1335 2424 1370 2447 60
1383 2427 1471 2455 portat
1490 2428 1539 2461 5⁹²⁶:

1377 2464 1551 2492 generationis
1568 2458 1767 2490 transferebant.

255 2483 332 2502 mero
347 2481 396 2506 ego
410 2472 481 2502 sum,
502 2465 703 2503 probatissimus.
778 2463 807 2489 In
827 2461 919 2495 aliquo
935 2469 1050 2487 numero
1065 2460 1119 2486 Effe
1149 2459 1189 2486 Id.
1204 2459 1233 2484 in
1247 2459 1323 2485 Orat.

255 2521 278 2537 c.
293 2512 329 2536 61.
366 2509 385 2534 ι’.
405 2504 594 2541 existimatione.
666 2500 765 2533 Aliquo
778 2506 890 2524 numero
905 2497 959 2523 Esse
986 2495 1024 2523 Id.
1038 2497 1110 2537 Fam.
1123 2505 1147 2529 1,
1163 2503 1199 2521 10,
1261 2495 1321 2520 Ηο0

257 2545 315 2573 Erit
331 2544 359 2570 in
374 2551 470 2575 magno
483 2547 597 2566 numero
611 2537 764 2564 nostrorum
783 2533 931 2565 malorum,
968 2533 986 2560 i.
1006 2533 1117 2567 Augebit
1135 2540 1261 2556 numerum
1281 2539 1324 2555 no-

257 2581 361 2616 (Irorum
375 2571 496 2605 maim-nm
522 2575 559 2602 Id.
575 2578 627 2600 Ati.
643 2583 668 2606 3,
684 2582 701 2598 1.
774 2571 827 2596 Effe
841 2569 868 2595 in
884 2577 999 2595 numero
1016 2568 1118 2594 ciuium
1150 2566 1189 2593 Id.
1204 2575 1253 2601 pro
1266 2566 1322 2592 Do-

249 2613 304 2644 'mo
325 2621 361 2646 82·
435 2613 493 2639 Cic.
505 2611 538 2638 de
554 2611 627 2637 Orat.
642 2619 662 2641 3,
677 2617 713 2639 213
735 2617 756 2634 0.
771 2609 800 2638 56
874 2642 879 2646 -
1259 2639 1264 2644 ι

258 2652 426 2680 dominatur:
447 2648 500 2676 fine
513 2647 560 2674 hac
575 2646 690 2672 summus
705 2649 797 2670 orator
805 2643 859 2668 Effe
872 2650 901 2667 in
916 2650 1031 2668 numero
1044 2640 1120 2666 nullo
1134 2638 1227 2679 potest.
1253 2649 1272 2664 ι.
1291 2639 1321 2663 ln

257 2688 321 2715 nullo
335 2687 423 2723 pretio.
497 2684 558 2711 Liu.
570 2692 593 2714 7,
609 2691 638 2714 30
666 2680 864 2709 Conexum-um,
881 2683 1038 2712 parentum,
1057 2676 1170 2717 deorum
1184 2680 1323 2701 immorta-

259 2725 325 2751 lium
340 2730 453 2749 numero
467 2719 546 2747 nobis
561 2719 650 2745 Eritis.
685 2717 752 2749 conf.
772 2715 828 2741 Cic.
841 2713 904 2740 Diu.
919 2712 1097 2752 inQCaecih
1116 2721 1138 2739 c.
1154 2720 1189 2752 [9-
1263 2711 1322 2750 Nu-

258 2770 334 2787 mero
365 2759 383 2786 1'.
405 2759 461 2784 Loca
472 2768 478 2781 :
496 2755 576 2792 paullo
589 2755 653 2780 enim
666 2760 723 2778 ante
736 2751 839 2777 dixerat
853 2752 936 2775 eadem
950 2753 981 2776 de
994 2759 1035 2775 re:
1073 2749 1114 2775 Sic
1127 2756 1199 2774 enim
1210 2755 1225 2773 a
1237 2755 1322 2787 maio-

258 2782 445 2824 ribus'nostris
463 2792 620 2826 accepimus,
642 2791 802 2819 Praetorem,
822 2785 963 2820 Qiaestori
979 2786 1042 2817 suo,
1063 2783 1179 2819 parentis
1194 2783 1253 2809 loco
1268 2784 1321 2809 Esse

258 2838 393 2867 oportere.
454 2827 584 2855 Venerari
600 2827 627 2852 in
642 2832 755 2852 numero
770 2822 883 2849 deorum
895 2822 998 2856 aliquos
1018 2821 1075 2847 Cic.
1089 2829 1139 2855 pro
1153 2820 1223 2854 Lege
1232 2819 1323 2853 Agrar.

258 2878 271 2896 2
296 2875 336 2901 93.
393 2865 494 2893 Venire
509 2865 536 2891 111
549 2871 690 2889 numerum
705 2866 845 2887 oratorum
870 2857 908 2885 Id.
920 2857 952 2884 de
966 2858 1040 2884 Orat.
1056 2865 1076 2896 i,
1092 2865 1135 2887 ¹15·
1196 2855 1250 2896 'Ad
1265 2863 1323 2880 cen-

258 2890 318 2932 16113
331 2911 455 2934 numero,
475 2902 529 2926 vid.
545 2906 588 2926 AD
611 2896 824 2933 Praqulitionem.
883 2894 1007 2920 Numero
1020 2901 1140 2927 quinque
1148 2891 1322 2930 Scribon.7o.

258 2955 305 2961 —
341 2939 387 2966 XX
409 2945 459 2972 177.
577 2934 649 2961 XXX
671 2939 718 2965 148.
792 2930 857 2957 Rari
871 2930 970 2965 quippe
984 2929 1060 2961 boni,
1077 2936 1190 2955 numero
1204 2927 1261 2953 sunt
1276 2932 1322 2952 vix

259 2975 381 3006 totidem,
397 2979 462 3008 quot
476 2970 637 2998 Thebarum
658 2976 749 3004 portae
764 2967 807 2994 vel
822 2966 916 2993 diuitis
931 2966 998 2993 ostia
1011 2964 1072 2992 Nili
1098 2963 1218 2991 quenal.
1235 2971 1271 3002 13,

259 3013 445 3040 Numerorum
468 3007 618 3038 arenarius,
637 3007 691 3031 viil.
704 3004 727 3039 s.
746 3005 763 3030 l.
784 3013 809 3030 n.
825 3012 845 3035 3.
1046 2999 1067 3039 fl
1087 3003 1103 3027 6
1145 3001 1176 3026 Vt
1189 3000 1269 3026 Ratio
1288 2998 1324 3024 ad

259 3048 417 3083 computandi
430 3044 589 3080 disciplinam
605 3042 703 3076 proprie
713 3041 839 3074 pertinet,
859 3039 949 3064 deinde
965 3046 1024 3063 vero
1036 3040 1073 3063 ad
1088 3045 1156 3062 omne
1169 3045 1249 3071 genus
1267 3043 1324 3060 cou-

254 3085 341 3120 sarum
371 3080 541 3112 consiliorum,
561 3078 644 3111 (inium
659 3076 786 3109 refertur,
801 3075 838 3107 sic
851 3073 967 3101 Numeri
985 3073 1106 3098 videntur
1117 3072 1178 3098 difti
1189 3079 1235 3107 pro
1247 3071 1325 3096 ratio.

259 3120 331 3145 nibus
343 3104 366 3144 it
383 3110 460 3149 cdufis
476 3110 649 3151 persuddendi.
687 3111 825 3144 Compulit
838 3120 881 3136 me
894 3110 926 3136 ad
941 3111 991 3136 hoe
1005 3108 1145 3135 consilium
1165 3117 1219 3134 non
1238 3106 1324 3133 soluiri

260 3155 398 3182 consensus
412 3153 522 3183 senatus,
543 3151 721 3184 (quamquam
737 3146 778 3172 liic
794 3147 929 3180 maxime)
945 3155 1040 3172 verum
1055 3147 1134 3172 etiam
1153 3144 1199 3171 alii
1214 3142 1323 3177 quidam
1338 3142 1370 3169 80
1383 3149 1447 3167 non.

259 3192 389 3223 minores,
410 3187 452 3215 scd
467 3194 554 3214 tamen
569 3184 675 3212 numeri
699 3183 817 3224 Plin.ep.
832 3191 852 3215 3,
866 3192 889 3214 4,
902 3191 923 3212 5.
1124 3177 1146 3219 ff
1167 3188 1184 3215 7
1221 3180 1324 3207 Nume.

261 3236 323 3259 rus,
343 3233 386 3262 pro
408 3224 510 3250 Ratione
530 3221 674 3248 hawmonica
693 3225 810 3254 panitur,
835 3227 908 3258 quom
928 3218 1021 3243 Graeco
1042 3217 1158 3242 vocabulo
1179 3217 1325 3250 Rhythmum

261 3262 421 3297 appellamus.
441 3260 506 3294 quod
530 3258 608 3284 omnis
626 3255 755 3281 harmonia
772 3261 796 3280 et
817 3262 894 3278 omnis
917 3260 1043 3278 concentus
1067 3255 1176 3278 numeris
1193 3260 1324 3286 eorumque

258 3296 471 3333 proportionibus,
492 3295 535 3320 vel
554 3291 655 3327 constet,
672 3289 826 3324 velstgrnari
845 3295 910 3314 certe
929 3288 1089 3327 cxprimique.
1101 3287 1181 3323 poffit.
1238 3289 1325 3322 Itaque

263 3342 389 3359 numeror
403 3330 537 3366 appellant,
557 3328 682 3369 quiilqiiid
694 3327 799 3361 ordine,
816 3324 947 3354 mensura,
967 3331 1145 3358 proportione
1158 3325 1264 3358 quadam
1277 3332 1324 3348 mu·
1343 3325 1371 3353 85¹

263 3368 321 3394 veri
340 3378 368 3392 ac
379 3368 497 3402 progredi
518 3367 611 3392 volunt
630 3362 750 3397 intelligi:
770 3360 896 3397 quidquid
911 3361 938 3386 in
957 3360 1054 3385 artibus
1073 3360 1160 3384 ordine
1179 3361 1282 3393 quodum
1301 3365 1325 3383 et

263 3404 445 3434 alternatione,
463 3410 486 3427 et
507 3399 672 3426 dinumeratis
695 3398 768 3433 quast
777 3396 922 3432 temporibus
934 3394 1084 3430 peragitur,
1105 3403 1134 3420 m
1155 3395 1182 3419 in
1205 3394 1325 3425 oratione,

264 3438 355 3474 versu,
382 3445 471 3469 cantu,
489 3437 641 3472 saltatione,
664 3443 789 3460 armorum
808 3439 887 3464 motu,
902 3431 1037 3466 fiibrorum
1055 3430 1161 3465 pulsibus
1180 3429 1244 3455 illud
1259 3438 1327 3455 omne

265 3474 402 3501 Numerus
416 3472 456 3504 cll.
528 3473 602 3506 Vin-g.
616 3470 660 3497 Ecl
682 3480 712 3504 9,
727 3479 756 3502 45
792 3484 838 3488 —
875 3468 1011 3494 Numeros
1031 3466 1142 3493 memini
1160 3465 1176 3492 si
1192 3464 1273 3491 verba
1291 3471 1326 3490 10-

995 2068 1107 2092 Submitti
1118 2068 1188 2091 inter
1201 2074 1319 2097 oratores,
1334 2072 1365 2096 50

1338 2248 1366 2274 55

1334 2784 1370 2812 70
1384 2781 1463 2806 Verr.
1476 2788 1490 2809 5
1510 2788 1532 2804 c.
1547 2787 1579 2808 51.

1283 2964 1324 2988 26.
1339 2963 1370 2992 75
1385 2960 1421 2987 est
1434 2960 1507 2985 enini
1521 2958 1615 2991 miles,
1635 2967 1758 2992 quamuis
1776 2967 1803 2984 ni
1823 2958 1943 2984 numeris
1960 2968 2014 2985 non
2030 2958 2068 2985 sit.

265 3518 366 3536 nerem.
403 3510 477 3540 nim,
494 3508 599 3537 Oratio,
613 3516 673 3541 quae
686 3505 804 3532 numeris
817 3512 892 3534 caret,
907 3503 992 3530 soluta
1004 3502 1111 3528 dicitur:
1129 3512 1192 3537 quae
1204 3510 1324 3540 vero-nu-
1334 3510 1368 3535 90

702 3539 844 3568 Cic.Acad.
855 3548 873 3571 i,
888 3548 904 3572 9
919 3549 940 3565 c.
955 3544 1017 3573 3pi'.
1052 3539 1137 3572 Atque
1151 3538 1204 3573 ipse
1218 3546 1325 3563 varium

265 3545 346 3572 meris
360 3544 460 3578 constat,
481 3543 629 3568 numerosa.
1032 3573 1037 3578 ⁸
1240 3573 1244 3577 ῃ

984 3573 1021 3601 Id.
1031 3582 1058 3599 in
1068 3576 1141 3600 Orat.
1152 3583 1179 3607 77
1204 3574 1324 3599 Primum

264 3589 291 3607 ct
304 3581 406 3614 elegans
421 3579 495 3605 omni
509 3579 566 3604 fere
581 3587 693 3603 numero
708 3580 801 3612 poema
816 3575 910 3604 fecisti,
957 3610 962 3614 -
1216 3609 1220 3614 .
1305 3609 1310 3613 .

266 3616 350 3651 igitur
364 3624 424 3641 eum
439 3621 562 3647 tanquam
577 3623 590 3639 0
605 3614 719 3640 vinculis
733 3620 906 3640 numerorum
922 3619 1082 3636 eximamus:
1102 3611 1160 3636 sunt
1179 3619 1251 3636 enini
1263 3618 1324 3649 qui-

265 3652 336 3683 dam,
356 3657 383 3676 vt
398 3650 458 3684 scis,
478 3649 579 3676 oratori
595 3650 715 3681 numeri,
736 3650 766 3676 dc
782 3648 878 3683 quibus
891 3655 954 3673 mox
967 3655 1089 3680 agemus,
1111 3646 1269 3672 obseruandi
1285 3653 1324 3670 ra-

1790 218 1835 262 N
1893 217 2035 260 VM
2365 225 2444 271 488

1380 314 1457 335 cantu
1470 318 1613 343 mimerOS,
1631 309 1686 336 vid.
1706 314 1724 336 c
1738 314 1759 335 Α
1769 315 1792 335 N
1804 313 1835 335 o.
1909 308 2039 335 claudere
2053 308 2192 336 sententias
2205 309 2323 337 numeris
2345 310 2400 337 Cic.
2414 309 2444 337 in

1381 345 1456 371 Orat.
1471 354 1527 379 229.
1600 345 1762 373 Commetiri
1783 351 1913 377 numero,
1941 345 1996 371 vid.
2021 351 2038 371 c
2049 351 2069 371 0
2082 353 2107 372 M
2119 352 2144 372 M
2155 352 2171 372 E
2183 351 2205 371 T
2219 352 2228 371 1
2240 351 2259 372 ο
2269 352 2298 372 R.
2371 346 2443 372 Con-

1380 386 1466 406 tentae
1484 382 1602 408 numeris
1616 381 1681 408 fides
1708 381 1764 408 Cic.
1781 380 1812 406 de
1825 379 1883 408 Fin.
1896 389 1925 413 4,
1938 387 1974 413 73·-
2046 381 2123 408 Deest
2138 381 2256 408 numeris
2271 381 2322 407 suis
2335 381 2443 408 iuuenta

1381 415 1463 442 Ouid.
1478 417 1535 443 Am.
1550 426 1578 452 3,
1592 426 1625 452 7,
1641 423 1672 447 18.
1782 416 1865 444 Edere
1877 424 1949 442 arma
1963 416 2038 450 graui
2052 426 2164 444 numero
2198 417 2236 444 id.
2251 417 2317 444 ibid.
2338 427 2364 450 i,
2378 427 2404 450 i,
2423 427 2441 445 i.

1380 451 1491 486 Explere
1506 461 1631 480 numeros
1645 460 1671 481 et
1686 452 1816 480 conficere
1830 452 1935 487 versuS‚
1955 453 2013 478 eius
2027 452 2072 487 est,
2092 454 2140 487 qui
2160 453 2256 480 fidibus
2271 454 2356 479 vtitur
2387 453 2444 480 Cic.

1381 487 1459 513 Acad.
1475 495 1509 520 4,
1520 495 1559 514 22.
1649 490 1747 524 Sponte
1759 489 1803 515 sua
1816 497 1922 515 carmen
1935 496 2061 514 numeros
2076 489 2200 516 veniebat
2213 489 2244 516 ad
2257 495 2330 524 aptos
2362 489 2444 516 Ouid.

1381 523 1468 549 Trist-
1482 532 1511 555 4,
1525 531 1564 555 10.
1578 531 1617 558 232
1668 526 1746 552 Molli
1762 533 1875 551 numero
1888 524 1973 550 fluunt
1987 523 2105 550 carmina
2130 526 2197 552 Pers.
2213 535 2232 559 i,
2245 528 2287 556 64.
2344 525 2445 552 Nume-

1381 560 1418 587 ris
1434 565 1459 585 et
1472 558 1560 585 modis
1575 558 1644 585 Inest
1655 561 1783 593 quaedam
1798 560 1873 588 tacita
1888 560 1927 587 vis
1955 559 2121 594 Qiin&i1.9‚
2131 569 2198 593 4‚i3.
2259 561 2336 596 Virg.
2346 561 2446 596 Georg.

1382 605 1417 629 4,
1434 602 1480 629 174
1514 594 1557 621 llli
1578 594 1648 620 inter
1661 595 1712 622 sese
1724 606 1818 632 magna
1831 597 1858 623 vi
1872 596 1979 623 brachia
1992 595 2089 622 tollunt
2126 597 2156 623 In
2172 606 2324 624 numerum.
2397 598 2446 624 Ar-

1381 631 1445 658 mati
1466 633 1496 657 In
1511 638 1653 656 numerum
1668 631 1797 665 pulsarent
1811 632 1916 659 aeribus
1929 641 1989 659 aera
2021 633 2126 659 Lucret.
2141 641 2172 666 2,
2188 634 2244 665 636.
2317 632 2356 660 Id.
2370 642 2392 666 2,
2405 636 2446 665 631

1382 667 1499 702 Ludunt,
1517 667 1546 693 in
1561 674 1756 700 numerumque
1768 669 1896 695 exsultant
1909 668 2035 703 sanguine
2048 668 2120 695 laeti.
2180 668 2260 695 Extra
2272 678 2415 696 numerum
2428 669 2447 696 si

1381 705 1407 730 se
1429 710 1537 730 moueat
1554 701 1651 728 histrio
1661 722 1669 734 ,
1690 702 1839 731 exsibilatur
1851 712 1876 732 et
1889 705 2043 739 exploditur
2077 704 2135 731 Cic.
2147 704 2176 731 in
2191 704 2281 731 Parad.
2295 714 2318 738 3.
2391 706 2446 732 Nc-

1383 740 1455 767 &ere
1468 739 1549 766 verba
1565 738 1695 770 numeris,
1716 740 1837 765 Carmina
1851 747 1990 775 componere
2007 739 2089 767 Ouid.
2098 749 2130 767 ex
2144 741 2221 767 Pont.
2231 751 2254 773 11,
2264 750 2285 773 2,
2293 749 2335 773 30.
2390 741 2447 768 Ob-

1382 776 1503 811 loquitur
1517 774 1635 801 numeris
1647 774 1746 809 septem
1761 773 1913 802 discrimina
1926 785 2022 803 vocum
2052 776 2129 811 Virg.
2143 777 2208 803 Aen.
2223 779 2248 809 6,
2261 779 2324 810 646.
2398 777 2448 803 Re-

1382 813 1474 846 digere
1487 813 1515 838 in
1530 810 1661 846 quadrum
1677 818 1818 836 numerum
1830 811 1970 839 sententias
2002 813 2059 839 Cic.
2075 812 2104 838 in
2119 813 2196 839 Orat.
2211 819 2269 841 208.
2340 812 2449 840 Seruari

1381 854 1508 882 oportere
1522 847 1632 873 moduni
1647 853 1673 872 01
1686 854 1828 873 numerum
1844 846 1872 872 in
1885 848 2007 882 oratione
2021 848 2106 876 soluta
2137 848 2176 876 Id.
2189 848 2221 875 de
2237 848 2308 875 Clar.
2325 849 2399 875 Orat.
2412 857 2449 882 32.

1382 884 1468 911 Soluti
1481 883 1593 916 ¹numeri
1616 883 1674 917 lege
1703 883 1774 917 Hor.
1788 882 1878 909 Carni.
1891 891 1924 916 4,
1943 891 1971 916 2,
1994 893 2030 912 io.
2230 883 2252 921 Ἴ
2273 890 2287 915 8
2329 885 2397 910 Him-
2414 886 2452 911 ad

1383 919 1676 955 omnempeifet‘lionem,
1697 918 1846 952 officiumque
1864 927 1933 944 omne
1952 919 2080 952 refertur:
2116 920 2250 947 Omnibus
2270 920 2391 947 numeris
2405 919 2450 947 ab.

1383 956 1498 981 solutus-
1515 955 1581 981 Plin.
1595 954 1673 989 Epist.
1688 963 1715 988 9,
1730 959 1756 987 38
1770 961 1836 980 extr.
1910 955 1958 980 Per
1971 963 2096 982 numeros
2111 957 2219 984 venient
2241 956 2287 984 ista
2300 956 2450 994 gradusque

1819 989 1858 1017 Id.
1873 990 1936 1017 Met.
1951 997 1978 1025 7,
1993 992 2037 1016 126

1540 1028 1630 1061 thue
1643 1026 1762 1053 hominis
1776 1026 1887 1061 speciem
1901 1032 2020 1052 materna
2034 1026 2113 1053 sumit
2126 1027 2154 1054 in
2170 1029 2248 1063 31110,

1542 1063 1643 1097 Perque
1657 1063 1716 1089 suos
1729 1063 1800 1089 intus
1816 1071 1943 1088 numeros
1959 1063 2133 1096 componitur
2146 1063 2232 1090 infans
2241 1085 2249 1098 ,

1541 1098 1600 1126 Nec
1614 1098 1662 1125 nisi
1676 1104 1795 1125 maturus
1810 1108 1965 1125 communes
1979 1100 2034 1125 exit
2049 1099 2076 1124 in
2091 1107 2167 1125 auras
2273 1100 2331 1133 Sic,
2351 1107 2396 1127 etc.

1383 1134 1517 1162 Omnibus
1531 1135 1651 1161 numeris
1666 1134 1777 1161 Pudoris
1795 1133 1884 1165 καλλῆν
1902 1134 2008 1167 ’reducam
2022 1133 2103 1167 ἷκχεν,
2125 1135 2261 1168 εὐιχημὸνως
2275 1139 2351 1162 πεσεῖν
2383 1136 2452 1163 Plln.

1638 1170 1724 1198 Obire
1743 1179 1836 1197 omnes
1857 1179 1982 1196 numeros
1999 1171 2130 1198 comitatis
2161 1171 2199 1198 Id.
2216 1171 2244 1197 in
2260 1171 2353 1206 Paneg.
2367 1179 2413 1208 71,
2426 1175 2453 1199 6.

1383 1207 1533 1235 Perfectum
1546 1206 1736 1242 expletumque
1749 1206 1876 1233 omnibus
1890 1206 1941 1232 suis
1955 1207 2074 1233 numeris
2088 1214 2114 1234 et
2128 1206 2246 1241 partibus
2273 1207 2329 1234 Cic.
2344 1207 2376 1234 de
2389 1207 2452 1234 Nat.

1383 1245 1465 1270 Deor.
1478 1253 1502 1276 2,
1513 1253 1539 1276 37
1559 1252 1581 1270 0.
1597 1252 1619 1275 13
1639 1251 1704 1269 extr.
1777 1242 1814 1270 Id.
1830 1242 1861 1269 de
1876 1242 1968 1269 Diuin.
1983 1252 2002 1276 1,
2016 1251 2042 1274 23
2069 1244 2143 1270 Itane
2157 1252 2223 1270 vero
2238 1243 2383 1278 quidquam
2396 1249 2453 1278 pot.

1383 1280 1421 1306 est
1448 1280 1505 1306 casu
1525 1280 1573 1305 esse
1596 1279 1712 1312 facium,
1739 1279 1812 1314 quod
1831 1287 1924 1305 omnes
1943 1278 2038 1305 habeat
2059 1279 2089 1305 in
2114 1280 2139 1305 se
2159 1288 2287 1306 numeros
2313 1280 2453 1306 veritatis?

1384 1315 1532 1343 Continere
1551 1324 1644 1341 onmes
1664 1324 1791 1341 numeros
1813 1315 1922 1341 virtutis
1954 1314 1991 1342 Id.
2012 1314 2044 1340 de
2061 1315 2119 1341 Fin.
2135 1325 2161 1348 3,
2173 1325 2214 1349 24.
2286 1315 2352 1342 Non
2371 1314 2454 1342 verba

1384 1351 1459 1385 sequi
1479 1351 1576 1377 fidibus
1597 1351 1758 1377 modulanda
1780 1351 1898 1383 Latinis,
1927 1351 1970 1377 sed
2000 1359 2079 1377 verae
2099 1360 2279 1386 numerosque
2306 1351 2454 1385 modosque

1383 1388 1498 1415 ediscere
1511 1386 1590 1412 Vitae
1620 1387 1716 1412 Horat.
1731 1387 1805 1421 epist.
1818 1396 1840 1420 2,
1855 1395 1881 1419 2,
1896 1396 1941 1419 ¹43·
2016 1388 2048 1412 Et
2067 1387 2146 1422 Epist.
2162 1397 2184 1421 1,
2200 1395 2240 1418 111,
2253 1396 2283 1420 59
2318 1388 2366 1414 Nil
2379 1394 2454 1414 extra

1382 1432 1524 1450 numerum
1546 1422 1634 1448 fecisse
1653 1422 1819 1456 modumque
1837 1423 1929 1449 curas.

1383 1461 1458 1486 sumn
1472 1467 1568 1486 munus
1584 1467 1726 1485 numerum
1742 1466 1822 1491 quem
1836 1457 1913 1484 debet
1933 1457 2053 1484 haberer.
2126 1459 2201 1487 Idem
2215 1460 2280 1486 Her.
2296 1470 2326 1493 4,
2344 1465 2373 1490 88
2402 1460 2453 1486 Ve-

1383 1496 1444 1522 neri
1458 1504 1585 1521 numeros
1600 1494 1723 1528 eripuisse
1737 1494 1807 1520 suos-
1882 1494 1913 1519 Et
1934 1494 1994 1520 Am.
2004 1503 2025 1526 3,
2039 1501 2065 1529 7,
2080 1499 2104 1524 18
2132 1496 2159 1520 in
2175 1495 2385 1531 querelosi-istra
2401 1503 2454 1521 ten-

1383 1539 1452 1556 tatae
1477 1532 1594 1556 Veneris:
1629 1531 1704 1563 (Qiae
1724 1529 1794 1556 mihi
1814 1534 1926 1555 ventura
1946 1530 1998 1564 est,
2019 1529 2147 1565 siquidem
2166 1539 2296 1564 ventura,
2316 1531 2455 1558 [01106111ςί

1381 1567 1451 1593 Cum
1467 1565 1530 1592 defit
1544 1567 1664 1592 numeris
1676 1566 1730 1600 ipsa
1744 1566 1853 1592 iuuenta
1867 1565 1928 1592 suis.
1994 1565 2033 1591 ’Et
2046 1568 2076 1592 de
2087 1569 2173 1593 eadem
2192 1577 2220 1592 re
2237 1576 2263 1593 v.
2279 1575 2310 1599 23
2341 1567 2454 1602 Exigere

1385 1611 1399 1629 a
1413 1602 1492 1629 nobis
1508 1602 1613 1636 angusta
1628 1602 1708 1628 110610
1722 1603 1885 1634 Corinnam,
1905 1602 1952 1628 Me
1969 1602 2083 1628 memini
2103 1611 2230 1629 numeros
2245 1603 2392 1630 sustinuisse
2405 1612 2454 1630 no-
2480 1614 2482 1616 ·

1382 1648 1453 1665 vem.
1508 1638 1592 1674 Potest
1611 1639 1652 1663 hic
1665 1638 1801 1674 speciatim
1820 1639 1855 1664 ad
1870 1637 2030 1673 palaestricos
2048 1648 2160 1665 numeros
2179 1647 2204 1665 et
2222 1646 2298 1665 motus
2323 1639 2455 1675 respa-ff
2484 1658 2485 1661 ,

1384 1677 1469 1701 Poeta.
1514 1675 1644 1700 Nmimm
1846 1671 1868 1711 fl
1889 1682 1905 1707 9
1949 1673 2066 1700 Numeri
2086 1676 2117 1700 de
2138 1681 2195 1700 arte
2215 1675 2328 1701 mouendi
2347 1676 2455 1710 cm'poris

1382 1718 1406 1737 ct
1419 1710 1580 1736 membrorum
1595 1711 1622 1735 in
1633 1708 1770 1745 palaestra,
1787 1710 1957 1745 gladiatoria,
1966 1709 2122 1745 saltatoria,
2141 1711 2254 1737 militari
2263 1711 2368 1745 pulchre
2381 1708 2454 1737 adhi-

1381 1747 1479 1772 bentur.
1517 1746 1553 1772 Vt
1567 1745 1713 1779 palaestrici
1729 1744 1856 1772 doctores
1870 1745 1950 1778 illos,
1971 1752 2039 1779 quos
2060 1754 2187 1773 numeros
2209 1753 2322 1780 vocant,
2340 1756 2395 1774 non
2415 1746 2454 1774 id:

1383 1782 1457 1808 circo
1469 1781 1629 1807 discentibus
1650 1780 1773 1811 tradunt,
1792 1786 1820 1806 vt
1839 1781 1882 1806 his
1901 1781 2028 1806 omnibus
2046 1781 2084 1813 ii,
2104 1783 2153 1816 qui
2169 1783 2329 1816 didicerint,
2349 1783 2379 1810 in
2395 1783 2453 1818 ipso

1382 1816 1501 1844 1116130111
1514 1816 1658 1843 certamine
1673 1820 1798 1847 vtantur,
1827 1830 1873 1835 —-
1899 1815 1942 1841 scd
1957 1821 1985 1841 vt
1998 1815 2076 1841 subsit
2089 1818 2165 1851 copia
2180 1819 2242 1851 illa,
2262 1827 2293 1845 ex
2308 1828 2359 1853 qua
2369 1828 2454 1847 vnum

1382 1859 1426 1879 aut
1445 1853 1576 1885 alterum,
1595 1851 1670 1878 cuius
1691 1851 1717 1876 se
1738 1850 1838 1877 occasio
1864 1850 1984 1883 dederit,
2004 1849 2120 1877 efficiant
2157 1853 2289 1886 Qiino‘iil.
2309 1863 2350 1887 12,
2371 1863 2403 1887 2,
2423 1864 2456 1884 12.

685 1893 782 1919 Brutus
799 1891 831 1917 ad
845 1891 979 1923 Atticum,
1003 1890 1078 1923 Qiid
1098 1890 1171 1916 enim
1191 1897 1244 1916 tam
1259 1890 1320 1915 alie·
1339 1895 1373 1921 45
1383 1888 1619 1922 Quemadmodum
1635 1895 1745 1921 magnus
1759 1887 1875 1913 luctator
1889 1887 1941 1920 est,
1963 1896 2017 1913 non
2041 1887 2087 1921 qui
2102 1896 2195 1914 omnes
2216 1898 2342 1916 numeros
2362 1900 2455 1918 nexus-

1382 1934 1434 1959 que
1447 1924 1607 1959 perdidicit,
1628 1931 1745 1957 quorum
1759 1923 1818 1948 vsus
1830 1922 2046 1950 sub'aduersario
2067 1931 2141 1949 rarus
2155 1924 2206 1953 est;
2229 1925 2272 1951 sed
2292 1925 2338 1959 qui
2352 1926 2382 1952 in
2396 1935 2453 1953 vno

1382 1968 1408 1988 et
1420 1962 1504 1987 altero
1518 1961 1544 1986 se
1557 1959 1701 1994 diligenter
1709 1959 1851 1991 exercuit,
1871 1966 1896 1985 et
1914 1968 2010 1985 corum
2029 1959 2192 1985 occasionem
2207 1959 2350 1995 diligenter
2362 1962 2452 1996 exspe-

1382 1998 1436 2024 6131
1463 1997 1521 2023 Seu.
1535 1996 1568 2022 de
1581 1995 1670 2022 benef.
1684 2004 1709 2028 7,
1724 2003 1742 2021 i.
1780 1996 1847 2029 confi
1868 1996 1891 2023 h.
1904 1996 1921 2023 l.
1940 1994 2006 2030 Lips.
2056 1995 2188 2028 Numeri,
2207 1996 2332 2031 absolute,
2357 1998 2452 2033 Veisus.

1383 2033 1515 2058 Ausonius
1534 2031 1629 2062 Eidyll.
1643 2041 1673 2062 4,
1688 2039 1726 2064 47
1762 2031 1812 2057 Tu
1834 2031 1905 2057 flexu
1924 2036 1949 2057 et
1969 2031 2092 2058 acumine
2111 2031 2187 2058 vocis
2224 2033 2384 2060 Innumeros
2405 2042 2450 2061 nii-

1382 2075 1471 2091 meros
1485 2065 1571 2090 docus
1585 2065 1735 2091 accentibus
1748 2065 1821 2091 effer.
1860 2070 1877 2092 i.
1892 2067 2009 2099 Comicus,
2023 2068 2076 2102 lege
2084 2067 2185 2102 solutos.
2228 2067 2285 2095 Vid.
2302 2064 2455 2101 iNNVMD?

1384 2106 1443 2125 11νὸ
1460 2108 1486 2125 11.
1498 2107 1522 2125 2.
1703 2096 1724 2135 ἦ
1749 2108 1776 2124 10
1814 2100 1951 2126 Numeros
1964 2103 2123 2136 Pythagoras
2142 2110 2166 2128 et
2179 2104 2252 2129 Plato
2264 2105 2386 2130 vocabant
2397 2102 2445 2141 ipsa
2464 2116 2467 2124 =

1383 2144 1466 2160 rerum
1478 2133 1620 2196 grint-ipio,
1636 2142 1649 2159 e
1662 2134 1748 2168 quihus
1762 2141 1831 2160 certa
1843 2136 1897 2169 lege
1912 2142 1936 2160 et
1950 2143 2015 2161 motu
2028 2138 2110 2162 omnia
2125 2138 2253 2163 orirentur
2265 2145 2290 2164 et
2305 2139 2449 2175 constarent.

1383 2172 1476 2197 Macro
1498 2170 1538 2195 ius
1553 2169 1580 2194 in
1589 2169 1679 2196 Somn.
1688 2170 1756 2204 Scip.
1765 2178 1784 2199 1,
1793 2179 1814 2202 13
1836 2169 1945 2197 Constat
1958 2170 2147 2198 Numerorum
2160 2180 2258 2200 certain
2272 2168 2451 2203 constituimi-

1383 2215 1434 2240 que
1449 2206 1584 2232 rationem
1597 2205 1698 2232 animas
1716 2205 1816 2233 sociare
1835 2206 2005 2241 corporibus,
2042 2207 2080 2234 Hi
2100 2210 2206 2236 numeri
2225 2209 2289 2237 dum
2305 2212 2452 2246 supersunt,

1382 2242 1532 2277 perseuerat
1543 2248 1639 2276 corpus
1655 2242 1779 2268 animari.
1816 2243 1908 2275 Quum
1928 2242 2072 2279 deficiunt,
2091 2253 2186 2271 arcana
2203 2246 2249 2272 illa
2268 2246 2309 2273 vis
2327 2245 2451 2281 soluitur,

1383 2287 1433 2312 qua
1448 2277 1557 2305 societas
1571 2278 1625 2313 ipsa
1638 2278 1779 2305 constabat.
1816 2279 1848 2304 Et
1862 2278 1913 2304 hoc
1927 2278 1963 2304 cst
1977 2279 2051 2313 quod
2064 2280 2149 2306 fatum
2162 2287 2187 2306 et
2200 2281 2290 2308 fatalia
2303 2282 2374 2309 vitae
2387 2290 2452 2310 tem-

1384 2322 1449 2348 pora
1463 2320 1566 2339 vocant.
1605 2314 1676 2340 Hinc
1691 2314 1727 2341 est
1744 2313 1810 2340 illud
1825 2313 1966 2340 doctiffimi
1981 2314 2057 2341 vatis.
2111 2315 2241 2348 (Virgilii
2256 2319 2319 2343 Aen.
2334 2320 2361 2352 6,
2376 2320 2451 2351 545.)
2474 2341 2477 2347 ,

1383 2348 1502 2383 Explebo
1524 2358 1682 2383 numerum,
1709 2349 1857 2384 reddarque
1878 2349 2003 2376 tenebris.
2074 2350 2148 2376 Haec
2168 2351 2204 2376 est
2222 2351 2305 2385 igitur
2324 2352 2449 2380 naturalis

1383 2394 1447 2411 vere
1461 2394 1550 2418 111015,
1566 2394 1626 2411 011111
1640 2386 1721 2413 finem
1734 2386 1857 2421 corporis
1870 2386 1940 2412 solus
1952 2394 2128 2412 numerorum
2146 2386 2255 2413 suornm
2274 2387 2393 2414 defe&us
2407 2397 2451 2423 ap·
2479 2407 2481 2409 .

1579 2422 1634 2446 Huc
1645 2423 1773 2456 pertinent
1788 2422 1826 2448 illi
1844 2421 1951 2448 numeri
1967 2420 2068 2454 musici,
2088 2430 2147 2455 quos
2158 2423 2193 2448 ad
2210 2425 2332 2456 negotium
2345 2426 2415 2450 vitae
2425 2431 2450 2451 et

1810 2459 1865 2484 Vitl.
1885 2457 2040 2484 Macrobius
2054 2456 2150 2492 passim.
2187 2458 2228 2483 Sic
2242 2458 2391 2486 Numerum
2405 2468 2447 2495 pas

1382 2502 1457 2523 rem,
1484 2492 1615 2526 imparem
1633 2494 1698 2518 hune
1716 2494 1788 2519 rebus
1803 2493 1924 2528 peifrcslis
1953 2492 2020 2518 illum
2046 2493 2198 2528 imperfl‘z‘lis
2218 2491 2373 2528 affignabant
2399 2502 2445 2522 etc.

1382 2527 1403 2568 q
1426 2537 1446 2556 ii
1485 2528 1602 2555 Numeri
1624 2529 1652 2553 in
1672 2538 1699 2554 re
1716 2529 1828 2554 militari
1840 2528 1998 2562 frequentes.
2036 2529 2096 2553 Cum
2114 2531 2180 2554 enim
2188 2528 2249 2563 suus
2261 2530 2391 2565 ”uniruique
2401 2537 2443 2558 nu.

1382 2574 1461 2591 merus
1481 2563 1618 2599 offlgnatus
1637 2563 1696 2599 fft
1718 2571 1790 2596 atque
1803 2564 1950 2598 inscriptus,
1974 2565 2032 2589 hinc
2053 2563 2118 2603 ipsae
2136 2564 2242 2589 colna-tes
2255 2573 2279 2590 ct
2291 2566 2387 2592 ordines
2403 2575 2443 2592 vo-

834 2605 929 2638 Αᾶὶο,
950 2605 1077 2639 inquam,
1099 2604 1126 2629 jn
1140 2602 1256 2628 dicendo
1270 2610 1322 2628 vna
1336 2600 1367 2631 65
1382 2607 1474 2627 cantur
1495 2599 1620 2626 Numeri.
1659 2599 1825 2629 Distribueoe
1838 2599 1953 2624 militem
1967 2599 1995 2624 in
2010 2599 2158 2633 numeriss.
2174 2608 2221 2633 per
2234 2609 2359 2627 numeros
2383 2601 2447 2629 Plin.

1383 2646 1424 2671 ep.
1435 2645 1472 2668 10,
1485 2642 1511 2668 38
1526 2643 1549 2661 et
1564 2644 1601 2668 39.
1638 2635 1705 2668 conf.
1719 2636 1743 2661 h.
1755 2635 1773 2661 l.
1790 2635 1882 2660 Eum.
1897 2642 1920 2659 et
1933 2635 2033 2668 Longus.
2047 2634 2112 2668 Lips.
2128 2637 2163 2660 ml
2176 2635 2243 2662 Tac.
2259 2636 2327 2663 Hist.
2344 2646 2352 2662 1
2373 2646 2400 2663 n.
2415 2644 2450 2669 ²5·

1384 2674 1416 2700 Et
1431 2678 1492 2699 tunc
1506 2671 1615 2706 quidem
1628 2670 1749 2696 confecta
1767 2679 1808 2697 res
1822 2670 1857 2696 est
1867 2691 1874 2703 ,
1900 2670 2039 2696 Renocatis
2054 2671 2084 2696 ad
2098 2668 2216 2697 officium
2232 2671 2349 2698 numeris
2381 2673 2450 2700 Suet.

1383 2709 1463 2743 Vesp.
1483 2716 1504 2733 c.
1519 2709 1544 2733 6.
1663 2706 1745 2741 Sparsi
1766 2715 1812 2741 per
1831 2706 1997 2741 prouinciam
2020 2707 2127 2732 numeri
2164 2707 2232 2733 Tac.
2255 2709 2344 2742 Agric.
2369 2714 2408 2742 ig,
2428 2717 2449 2741 3.

1387 2743 1558 2777 Transfertur
1575 2743 1649 2768 etiam
1669 2745 1704 2767 ad
1723 2752 1811 2768 naues:
1831 2741 1849 2768 si
1870 2742 1945 2768 suum
1964 2750 2107 2768 numerum
2128 2751 2207 2768 naues
2228 2742 2356 2770 haberent
2392 2744 2450 2773 Cic.

1652 2777 1741 2804 Flecte
1756 2784 1855 2811 ratem,
1873 2787 2015 2804 numerum
2036 2787 2090 2804 non
2110 2777 2188 2804 habet
2204 2778 2249 2806 illa
2264 2780 2339 2806 suum
2366 2780 2448 2808 Ouid.

1383 2816 1449 2843 Her.
1463 2823 1501 2847 io,
1514 2816 1551 2846 36.
1580 2814 1611 2839 N.
1620 2820 1668 2848 *ope
1680 2815 1772 2839 milites
1789 2822 1814 2840 et
1828 2821 1919 2840 nuutac
1935 2823 2035 2839 numero
2047 2814 2208 2849 praefi-ripto.
2270 2815 2375 2850 leian.
2389 2817 2418 2844 in
2432 2816 2450 2844 l.

1383 2851 1470 2879 vnica.
1509 2851 1539 2876 D.
1556 2850 1588 2876 de
1607 2848 1742 2876 bonorum
1757 2850 1908 2884 possessione
1923 2858 1955 2876 ex
1970 2849 2126 2877 testamento
2139 2850 2248 2884 militis,
2286 2852 2312 2878 Si
2329 2853 2388 2887 quis
2400 2852 2449 2879 mi-

1383 2889 1459 2915 litum
1476 2895 1507 2913 ex
1520 2886 1574 2912 alio
1595 2894 1709 2912 numero
1724 2887 1864 2915 translatus
1880 2885 1950 2912 sitin
1969 2886 2065 2912 alium:
2086 2887 2208 2920 quamuis
2229 2893 2254 2914 et
2274 2887 2337 2914 hinc
2357 2888 2387 2915 sit
2407 2896 2450 2915 ex·
2475 2896 2491 2905 ·’

1383 2925 1469 2951 emtus
1479 2943 1486 2956 ,
1508 2929 1532 2948 ct
1546 2922 1595 2948 illo
1614 2921 1732 2948 nondum
1748 2923 1915 2957 peruenerit:
1935 2928 2020 2948 tamen
2036 2923 2135 2956 poterit
2147 2923 2206 2949 iure
2220 2923 2333 2950 militari
2346 2923 2450 2952 testari:

1739 2958 1743 2963 '
1778 2958 1782 2962 '
2142 2959 2245 2986 Paullus
2263 2960 2291 2987 in
2312 2960 2328 2986 l.

1384 2996 1490 3024 dicitur.
1528 2994 1561 3020 D.
1576 2993 1607 3020 de
1622 2994 1735 3020 militari
1753 2994 1926 3027 testamento,
1964 2994 2103 3029 Postquam
2122 2994 2196 3024 desiit
2214 2995 2242 3021 in
2259 2996 2378 3023 numeris
2391 2997 2450 3024 esse.

1385 3033 1494 3060 Manere
1507 3031 1536 3057 in
1551 3031 1669 3056 numeris
1690 3030 1788 3064 leian
1809 3031 1837 3056 in
1851 3030 1866 3056 l.
1880 3039 1897 3063 4
1920 3031 1952 3058 D.
1966 3030 1998 3056 de
2011 3031 2124 3057 militari
2138 3031 2302 3060 testamento.
2340 3032 2448 3067 leian.

1385 3069 1412 3095 in
1426 3068 1442 3094 l.
1459 3076 1491 3094 ex
1513 3076 1546 3093 00
1568 3072 1696 3101 tempore.
1717 3067 1749 3092 D.
1763 3066 1795 3092 de
1810 3066 1922 3093 militari
1936 3067 2107 3102 testamento,
2143 3068 2181 3094 Ex
2203 3077 2236 3094 eo
2255 3074 2376 3103 tempore
2387 3068 2450 3104 quis
2506 3088 2507 3093 ,

1384 3105 1443 3131 iure
1456 3102 1568 3130 militari
1583 3102 1677 3137 incipit
1691 3102 1760 3137 pofl'e
1771 3102 1876 3136 testari,
1897 3111 1929 3128 ex
1949 3104 2046 3138 quoin
2062 3112 2187 3130 numeros
2205 3104 2301 3130 relatus
2319 3103 2368 3130 est:
2388 3110 2449 3132 ante
2483 3110 2487 3119 ¹

1485 3138 1600 3166 Proinde
1613 3139 1661 3172 qui
1677 3138 1797 3165 nonduin
1810 3139 1838 3164 in
1852 3140 1969 3165 numeris
1984 3140 2058 3172 sunt,
2078 3139 2139 3166 licet
2153 3139 2233 3165 etiam
2247 3139 2310 3165 10611
2325 3140 2368 3167 vel
2381 3140 2450 3173 tiro-

1384 3186 1429 3204 nes
1444 3176 1516 3207 sunt,
1536 3181 1561 3201 01
1576 3174 1688 3209 publicis
1706 3174 1822 3210 expensis
1837 3175 1888 3202 iter
1907 3175 2025 3207 faciunt,
2046 3175 2166 3201 nondum
2178 3174 2279 3201 milites
2293 3175 2360 3202 sunt.
2399 3176 2451 3203 De-
2481 3173 2487 3206 ζ

1383 3213 1445 3240 bcnt
1459 3213 1531 3238 enim
1547 3211 1575 3237 iii
1591 3219 1716 3237 mnneros
1732 3211 1838 3237 referri.
1918 3211 1984 3237 Plin.
2000 3210 2079 3245 Epist.
2096 3219 2118 3242 3,
2132 3217 2155 3241 8,
2168 3221 2182 3242 4
2199 3211 2307 3246 ⁴Neque
2320 3212 2392 3238 enim
2406 3211 2450 3238 ad.

1385 3249 1435 3276 huc
1448 3256 1546 3274 nomen
1563 3247 1590 3272 in
1605 3255 1730 3273 numeros
1744 3246 1855 3273 relatum
1875 3246 1924 3273 est:
1946 3246 2062 3280 ideoque
2080 3246 2195 3273 liberum
2216 3246 2252 3273 est
2272 3246 2351 3274 nobis
2366 3247 2450 3277 Silua.
2464 3251 2465 3254 ’
2481 3271 2485 3276 ,

1385 3293 1447 3312 1111111
1462 3284 1490 3310 111
1507 3284 1593 3309 locuni
1609 3288 1684 3309 tuum
1703 3283 1823 3310 subdere.

1386 3330 1439 3347 rum
1450 3320 1554 3356 scili-rt.
1593 3319 1706 3344 Dicimus
1724 3320 1815 3344 milites
1833 3320 1939 3343 nondum
1951 3319 2044 3343 relatas
2063 3318 2090 3343 in
2107 3328 2245 3352 numerum,
2265 3328 2338 3354 quum
2358 3319 2447 3346 deleae‘li
2493 3339 2495 3341 -

1386 3357 1481 3392 quidem
1489 3355 1559 3390 sunt,
1579 3357 1684 3381 nondum
1697 3361 1780 3381 tamen
1793 3355 1820 3379 in
1845 3362 1885 3379 uos
1899 3354 1998 3379 ordines
2012 3360 2152 3389 peruenere.
2196 3356 2251 3391 VM:
2280 3355 2394 3382 Tin-rent.
2413 3355 2450 3381 ad

1386 3391 1537 3425 Suet.Vcsp.
1551 3399 1573 3416 e.
1591 3393 1615 3416 6.
1859 3397 1880 3415 12
1919 3389 2046 3422 Numeri,
2070 3390 2191 3425 qulbrae.
2227 3392 2257 3416 In
2272 3391 2367 3425 tcffi‘m's
2379 3390 2446 3417 euim

1385 3429 1541 3463 antiquorum
1555 3433 1583 3451 vt
1599 3425 1701 3461 nostris,
1716 3425 1811 3462 fi-ripti
1824 3432 1897 3450 erant
1912 3433 2009 3451 tantum
2027 3427 2124 3452 numeri
2129 3437 2136 3451 ε
2155 3429 2222 3452 vnde
2240 3426 2339 3453 13613Γο
2357 3435 2448 3454 nume·
2478 3435 2500 3464 ’.ἡ

1386 3473 1441 3497 ως,
1457 3470 1500 3498 pro
1513 3462 1593 3487 iacere
1605 3462 1707 3496 tgffirar
1720 3461 1788 3486 dixit
1815 3460 1930 3487 Ouidius
1943 3461 1974 3488 de
1989 3462 2052 3488 Arte
2068 3463 2127 3489 Ani.
2141 3472 2164 3495 2,
2178 3471 2226 3495 203
2252 3463 2301 3489 Seu
2314 3462 2385 3489 ludet
2399 3471 2447 3489 nu·
2470 3463 2471 3466 ’

1385 3507 1525 3533 merosque
1543 3506 1621 3523 manu
1642 3497 1749 3523 iactabit
1770 3496 1887 3523 eburnos
1902 3517 1910 3529 ,
1947 3497 1994 3524 ‘l'u
2016 3498 2215 3531 1113101361310,
2240 3505 2268 3524 111
2289 3498 2358 3524 male
2376 3498 2444 3526 iaetu
2472 3503 2473 3510 ¹

1385 3537 1456 3564 dato.
1527 3532 1564 3560 ld.
1582 3534 1637 3560 Art.
1651 3542 1673 3565 3,
1687 3542 1728 3565 355
1758 3533 1788 3559 Et
1804 3533 1884 3559 inodo
1899 3541 1951 3560 tres
1964 3534 2043 3561 136101
2058 3544 2194 3568 numeros,
2213 3535 2231 3560 i.
2251 3534 2324 3562 talos.
2438 3536 2440 3539 ⁴

1424 3576 1560 3599 NVMER
1572 3575 1602 3594 o.
1641 3568 1709 3595 Adu.
1747 3570 1775 3594 Si
1794 3569 1915 3596 Nonium
1931 3570 2053 3597 audimus
2067 3581 2092 3603 4,
2106 3580 2146 3603 3¹9
2162 3569 2289 3605 fignificat
2304 3570 2376 3597 Cito.
2413 3571 2445 3596 Et

1384 3614 1497 3644 apparet,
1517 3607 1575 3632 licet
1589 3606 1652 3630 lacus
1666 3606 1818 3630 vehementer
1832 3607 2017 3641 corruptusji‘t,
2037 3610 2113 3633 etiam
2127 3606 2229 3633 Festum
2238 3626 2245 3638 ,
2264 3607 2360 3639 qualem
2380 3614 2445 3631 nunc

1384 3646 1494 3670 babemus
1502 3663 1510 3676 ‚
1527 3649 1572 3676 per
1586 3640 1640 3666 cito
1654 3641 1696 3666 vel
1710 3641 1823 3667 nimium
1837 3641 1890 3668 cito
1904 3643 2102 3677 interpretatum.
2140 3642 2245 3667 Interim
2258 3649 2282 3666 et
2296 3641 2442 3677 etymologia
2462 3640 2467 3643 ’

265 3689 340 3716 tione
359 3686 487 3720 quadam,
514 3686 554 3711 scd
576 3685 629 3710 alio
652 3685 679 3711 iu
700 3695 796 3719 genere
816 3683 964 3713 orationis,
991 3683 1018 3707 111
1038 3681 1090 3708 hoc
1109 3683 1224 3709 omnino
1243 3681 1324 3708 rclin-
1339 3687 1370 3713 95
1378 3681 1478 3716 suadet,
1499 3685 1521 3704 ct
1533 3676 1598 3712 vsus,
1619 3677 1645 3700 in
1665 3685 1782 3710 quamam
1802 3680 1832 3703 ile
1845 3687 1870 3703 eo
1883 3685 1948 3703 certe
1960 3678 2069 3712 constare
2078 3676 2158 3714 potest
2170 3677 2250 3718 bodie,
2269 3686 2384 3704 numero
2398 3675 2443 3712 ff

265 3722 375 3758 quendi.
414 3723 532 3746 Nummos
549 3729 666 3756 tanquam
684 3722 785 3746 viniola
798 3719 921 3755 appellat,
941 3719 984 3745 vel
996 3720 1060 3752 quod
1076 3726 1195 3744 oratorem
1209 3718 1323 3752 quodom-

265 3760 331 3786 modo
348 3757 454 3792 alligant
474 3758 507 3781 ad
525 3766 562 3782 cos
575 3756 750 3790 olfrrimnilos:
771 3757 812 3781 vel
835 3758 917 3791 (quod
929 3755 1008 3789 magis
1018 3754 1120 3789 ploret)
1140 3754 1199 3788 quia
1219 3753 1325 3778 membra

266 3803 289 3821 et
301 3794 409 3830 periodos
422 3793 540 3817 orationis
555 3791 679 3823 vinciunt,
698 3799 721 3817 et
735 3793 833 3826 egregie
845 3792 1004 3825 coniungunt.
1079 3789 1214 3816 Numerus
1227 3794 1252 3814 et
1267 3796 1324 3814 nio-

267 3831 315 3857 dus
334 3827 469 3856 oratorius
499 3827 555 3852 Cic.
569 3827 600 3852 de
615 3827 690 3853 Orat.
704 3837 727 3862 1,
748 3836 790 3859 131.
862 3826 975 3853 Flebilcs
994 3825 1099 3852 numeri
1123 3824 1206 3852 Ouid.
1221 3823 1284 3850 Fast.
1302 3832 1324 3856 2,

268 3875 323 3900 ¹¹09·
396 3865 511 3897 Impares
530 3862 650 3893 numeri,
674 3863 781 3895 lilqaegiaci
814 3861 852 3888 Id.
867 3863 958 3889 Amor.
974 3871 1002 3894 3,
1016 3871 1039 3894 1,
1052 3870 1088 3893 37.

267 3900 386 3928 numeris
402 3906 461 3933 apta
480 3898 590 3924 materia
618 3897 654 3923 Id.
670 3897 734 3923 ibid.
750 3907 773 3930 1,
791 3908 813 3929 1,
829 3906 864 3929 19.
935 3897 1086 3931 Adiungcre
1106 3905 1247 3925 numeros,
1271 3896 1322 3921 uid.

271 3944 288 3963 Α
299 3944 317 3963 1)
328 3945 337 3964 1
350 3943 369 3962 v
381 3943 401 3962 N
413 3941 433 3961 G
444 3941 472 3961 O.
563 3932 693 3958 Adiunxit
712 3933 812 3967 primus
831 3941 956 3959 numeros
975 3932 1065 3960 verbis
1091 3932 1182 3960 solutis
1201 3932 1323 3958 Isocrates

267 3974 323 3999 Cic.
344 3973 370 3999 in
385 3972 459 3998 Orat.
474 3976 524 4003 174.
599 3968 709 4002 Alligari
725 3977 837 3994 numero
870 3969 1000 4001 (Qiinc‘iil.
1015 3979 1045 4002 4,
1061 3978 1082 3999 5.
1154 3967 1322 4000 Adstringem

266 4008 417 4034 orationem
438 4004 556 4032 numeris
584 4003 641 4030 Cic.
654 4003 685 4029 dc
698 4005 772 4029 Orat.
787 4013 798 4035 3
819 4013 841 4029 c.
856 4014 895 4035 4⁴·
967 4005 1146 4040 Adstringitur
1159 4002 1253 4032 histrio
1267 4011 1322 4028 mo-

266 4043 405 4070 deratione
420 4050 490 4069 certa
509 4039 619 4076 quadam
634 4046 807 4066 numerorum
834 4039 871 4066 ld.
886 4037 953 4066 ibid.
968 4049 992 4073 1,
1009 4049 1061 4074 254.

1161 3859 1377 3888 Leuioribusioo
1384 3861 1441 3884 dum
1454 3864 1574 3883 motmunt
1590 3863 1612 3881 et
1626 3864 1782 3891 rppurtunmn
1794 3858 1826 3893 est
1841 3858 1922 3883 dicere
1934 3864 1958 3882 te
1973 3856 2057 3883 Perii3
2072 3855 2119 3890 sed
2136 3865 2191 3880 mox
2203 3857 2261 3882 erit.

1170 4039 1272 4067 Canere
1292 4038 1321 4065 in
1328 4045 1371 4072 ¹05
1383 4046 1427 4064 tur
1443 4037 1511 4073 apud
1529 4036 1635 4063 Gronou.

1382 3966 1450 3992 ruilii
1465 3966 1493 3992 iii
1506 3970 1619 3990 mentem
1635 3964 1696 3997 suit,
1717 3966 1885 3999 Opportune.

1384 3717 1449 3742 idem
1468 3725 1497 3740 ac
1509 3722 1566 3740 cuni
1581 3721 1695 3738 numero
1713 3714 1742 3737 id
1754 3712 1786 3748 cst
1799 3714 1917 3749 ttppqfitc’,
1935 3710 2079 3750 oppoi‘tiane‚
2097 3713 2181 3748 sumta
2195 3721 2293 3738 ratione
2307 3723 2322 3738 a
2336 3713 2441 3746 musicis,
2474 3730 2475 3734 ,

1380 3749 1521 3787 palaestra,
1541 3755 1565 3774 et
1577 3748 1628 3773 illis
1641 3749 1752 3779 arttlmi,
1772 3750 1815 3774 vbi
1833 3753 1868 3775 ml
1885 3760 2012 3776 numerum
2029 3758 2161 3781 congruere
2178 3749 2241 3774 certi
2253 3756 2329 3774 motus
2346 3750 2439 3774 dehent.

1385 3786 1567 3818 PlaneMaen.
1583 3792 1594 3810 2
1605 3805 1611 3816 ‚
1626 3793 1654 3815 2,
1669 3793 1690 3815 13
1720 3785 1904 3816 Menaechme,
1923 3794 2036 3812 numero
2051 3779 2101 3810 hiic
2117 3783 2225 3810 aduenis
2243 3784 2274 3810 ad
2291 3784 2439 3818 prandium,
2459 3805 2463 3808 .

1384 3824 1402 3849 i.
1423 3829 1562 3857 opportune.
1636 3820 1706 3847 ldem
1721 3822 1779 3848 Mil.
1797 3832 1825 3854 ς,
1838 3830 1855 3856 7
1886 3821 1964 3848 Haud
1987 3821 2067 3846 etiam
2081 3828 2194 3846 numero
2209 3820 2259 3846 hoc
2279 3820 2362 3853 dicis,
2381 3827 2439 3844 non-

2335 3857 2376 3882 Sic
2392 3854 2438 3882 Ca-

1383 3894 1429 3921 sin.
1444 3903 1464 3926 3,
1479 3902 1507 3928 5,
1520 3901 1542 3918 21
1577 3893 1648 3925 Quid
1670 3893 1709 3919 vis
1729 3894 1842 3920 ancilla?
1871 3900 1896 3920 Ρ.
1917 3892 2031 3918 nimium
2051 3891 2142 3917 saeuis.
2179 3898 2202 3918 S.
2223 3900 2337 3918 numero
2357 3889 2439 3917 dicis?

1383 3932 1538 3965 Opportune:
1559 3936 1614 3953 nam
1633 3938 1717 3954 verum
1737 3929 1784 3964 cst,
1801 3929 1894 3963 saeuit).
1968 3927 2042 3955 Ideni
2063 3928 2157 3962 Amph.
2171 3936 2194 3960 i,
2215 3937 2239 3960 1,
2257 3936 2284 3956 2ς
2318 3927 2438 3954 Numero

1957 3965 1989 3988 Iit
2004 3963 2086 3990 Mei-c.
2100 3974 2125 3996 4,
2138 3973 2165 3996 4,
2180 3970 2209 3997 37
2242 3963 2365 3990 Numero
2378 3968 2437 3996 put-

1888 4000 1938 4025 Sed
1952 3998 2026 4033 Epid.
2036 4007 2061 4029 2,
2075 4008 2087 4025 2
2099 4007 2166 4025 extr.
2189 4008 2235 4024 non
2250 4007 2362 4024 numero
2376 3997 2437 4031 legi-

2278 4034 2353 4060 Talia
2373 4032 2437 4073 stim

2361 4074 2435 4094 etiam

1383 4003 1459 4037 gitaS,
1474 4001 1573 4031 ironice,
1593 4002 1671 4026 codem
1686 4001 1817 4026 inteltetlu.

1673 4038 1723 4064 Sed
1738 4038 1766 4069 1,
1786 4043 1913 4068 numera,
1935 4034 2005 4062 nihil
2024 4043 2074 4069 ego
2092 4041 2118 4063 tc
2135 4043 2238 4062 moror.

2005 1422 2087 1449 Ouid.
2100 1432 2132 1449 ex
2146 1424 2231 1450 Ponto
2246 1433 2267 1457 2,
2284 1429 2308 1457 8,
2320 1433 2332 1457 3
2365 1424 2454 1458 thue
2488 1432 2501 1458 j

2367 2959 2449 2993 Quod
2485 2950 2503 2980 ζ’.

1897 3283 1927 3308 In
1943 3291 2086 3315 numeros,
2111 3283 2127 3310 i.
2146 3285 2175 3308 ln
2190 3283 2310 3314 ordinem,
2327 3283 2449 3310 Tribuno-
2485 3287 2497 3303 U
