2517 4231
231 222 292 260 ¹95
640 195 880 240 MAN
1751 189 1994 231 MAN
2340 192 2410 241 196

272 303 297 322 M
310 301 330 320 Α
345 300 367 319 Ν
378 300 398 319 Α
408 313 416 325 ,
435 292 490 318 vid.
510 298 535 317 M
544 296 566 317 A
578 297 600 317 N
614 297 623 316 1
636 296 668 316 A.
996 316 1002 321 ι
1110 311 1116 316 ,
1348 278 1420 320 cipio
1433 279 1535 320 Marius
1547 288 1601 306 non
1624 279 1735 307 dixerat.
1790 281 1883 315 Nempe
1903 280 2012 307 breuiter
2022 282 2060 315 fic
2079 281 2248 317 loquebantur.
2322 281 2414 307 Pulcre

271 338 295 357 M
306 331 325 357 Ᾰ
335 336 355 355 Ν
366 327 388 355 A
400 335 417 355 c
429 335 450 354 V
462 334 476 354 s
487 348 495 360 ,
516 327 535 353 i.
556 336 592 353 m.
634 323 773 351 Tarentina
782 330 847 353 voce,
869 320 942 345 lunae
949 316 1052 342 orbitam
1059 330 1076 356 ³.
1084 311 1223 354 (ΞΠ-(11111111
1238 320 1291 352 ¹¹¹².¹‘
1350 321 1413 340 utem
1426 316 1523 343 Cicero
1538 316 1647 351 Topica
1660 316 1692 343 ad
1706 315 1870 343 Trebatium
1891 316 1930 341 ita
1946 317 2010 349 finit.
2063 318 2140 345 Plura
2155 326 2233 351 quam
2253 325 2267 343 a
2281 322 2307 343 te
2319 316 2414 343 defide-

235 375 327 393 nacum
340 372 433 390 veteres
445 362 608 399 appellarunt,
628 359 700 395 quqfi
709 361 817 390 μανιαιὸν
838 358 900 382 Dor.
919 359 964 392 pro
984 360 1095 390 partenay.
1144 351 1228 374 Vtttur
1243 348 1290 373 V1-
1351 355 1408 375 rata
1420 358 1509 385 erant,
1533 352 1589 378 sum
1603 353 1770 387 complexus,
1796 352 1918 386 fecique,
1940 347 2016 387 'quod
2031 354 2104 389 saepe
2122 353 2244 380 liberales
2261 352 2414 379 venditores

234 411 304 429 trun.
318 412 342 435 9,
357 408 380 431 8.
422 400 479 426 Vin.
501 400 559 424 Lex.
578 399 675 423 Vin-uu.
689 394 731 419 vbi
745 392 873 426 refutatur
887 388 1014 422 Scalzger,
1036 394 1080 421 qut
1100 393 1185 411 nomen
1203 385 1290 411 Alma·
1353 384 1453 417 sfflent,
1472 394 1500 414 vt
1514 397 1574 414 cum
1587 388 1663 414 aedes
1678 388 1825 414 fundumue
1838 387 2025 421 vendiderint,
2044 390 2110 416 rutis
2124 390 2198 416 caelis
2212 388 2334 423 receptis,
2355 397 2415 413 con-

237 437 303 464 nach
319 438 377 462 inde
384 435 519 461 det-inanit.
1319 426 1336 451 5
1353 419 1445 460 cedant
1458 425 1545 449 tamen
1557 424 1659 459 aliquid
1673 425 1789 457 emtori,
1810 424 1882 459 quod
1895 424 2009 450 ornandi
2022 425 2095 451 cansa
2114 432 2172 460 apte
2186 432 2212 452 et
2226 426 2287 452 loco
2302 423 2415 458 positum

271 480 297 500 Μ
310 480 333 500 A
346 479 368 499 N
379 479 399 498 Α
411 478 426 497 L
439 478 446 497 1
462 476 475 496 s
495 468 583 503 Lapis,
602 467 656 492 viil.
678 471 702 491 Μ
715 470 737 490 Α
750 469 772 488 Ν
787 468 819 493 O,
839 464 904 500 are.⁴
963 493 968 499 ¹
1138 492 1143 497 .
1200 491 1205 496 .
1354 457 1402 482 effe
1416 456 1546 484 videatur.
1600 460 1641 486 Sic
1656 460 1707 486 tibi
1720 470 1768 487 nos
1780 459 1811 485 ad
1826 459 1864 493 id,
1879 459 1952 494 quod
1967 459 2037 495 quasi
2051 462 2184 496 mancipio
2192 461 2253 488 dare
2261 460 2417 491 debuimus,

274 516 300 536 M
314 515 333 535 Α
347 515 368 535 Ν
380 514 397 534 c
409 513 425 533 Ε
436 513 490 540 rs,
511 506 570 540 ipis.
590 512 624 528 m.
644 497 809 537 [ἰργᾱλαρος]
829 495 865 521 cst
880 496 979 536 (gnqutt
989 492 1072 533 Fcst.)⁸
1089 494 1296 527 Qusqmsapo-
1355 498 1510 534 ornamenta
1531 495 1657 534 quaedam
1676 496 1811 523 voluimus
1832 505 1887 523 non
1907 495 1995 522 debita
2012 495 2144 523 accedere.
2201 499 2262 524 Puto
2281 495 2418 529 mancipio

236 545 300 581 pulo
314 544 416 578 aliquid
432 542 507 573 emit,
528 537 695 567 conducitue,
714 542 775 574 quia
791 540 878 572 manu·
893 530 991 571 lublata
1010 529 1136 564 fignificat
1155 528 1293 554 aufiorem
1354 529 1394 569 htf
1419 528 1464 563 effe
1484 528 1619 555 ablattuum
1633 551 1642 564 ,
1673 540 1696 558 et
1714 534 1778 558 idem
1797 531 1844 566 elle
1856 552 1865 564 ,
1895 533 1961 566 quod
1979 542 2009 558 ex
2035 533 2087 567 lege
2108 539 2132 558 et
2150 533 2266 566 formula
2290 531 2418 565 mancipii.

237 583 261 608 se
279 580 405 607 emtionis
425 578 481 604 effe.
557 571 712 600 Conduc'tor
730 571 797 595 alias
817 569 908 607 Latine
929 567 1041 598 dicitur,
1073 573 1119 604 qut
1137 563 1293 603 Redemtor.
1356 564 1404 590 Cic
1428 565 1497 590 Fam.
1511 571 1539 596 7,
1552 571 1585 596 29
1610 565 1672 592 Sum
1684 568 1756 594 enim
1770 568 1848 601 χρήσει
1862 570 1901 600 μέν
1914 573 1989 602 tuus,
2009 569 2079 598 κλίσει
2092 570 2115 593 δὲ
2131 568 2212 594 Attici
2224 568 2320 595 nostri:
2352 575 2418 600 ergo

237 617 311 651 Conf.
325 617 444 650 Sigon.de
451 615 502 638 lur.
517 611 570 636 Ciu.
584 611 648 635 Rom.
661 615 682 638 ε,
696 615 718 637 4.
772 604 920 638 MancipeS,
939 602 996 628 sunt
1005 600 1210 639 publicanorum
1221 608 1293 634 prm-
1312 604 1340 623 ¹0
1354 599 1458 626 fructus
1472 599 1507 626 est
1522 607 1581 626 tuus
1591 619 1599 632 ,
1618 603 1778 636 mancipium
1793 604 1873 631 illius.
1930 605 1962 629 Et
1978 611 1995 638 7
2005 624 2013 637 ,
2027 613 2058 636 30
2083 604 2164 630 Attici
2178 605 2317 638 proprium
2331 610 2356 630 te
2370 602 2419 628 effe

235 653 315 688 cipes,
334 649 447 678 Romani
466 646 603 673 homines,
623 642 670 676 qui
686 640 805 676 quaestus
824 640 863 666 sui
882 639 955 665 causa
974 638 990 663 fi
1006 637 1128 663 defflmas
1148 636 1294 666 sedunum,
1356 636 1448 662 scribis
1468 635 1601 670 mancipio
1621 641 1646 661 et
1665 644 1751 670 flexu,
1780 649 1870 666 meum
1890 646 1979 667 autem
1999 640 2045 667 vsu
2063 645 2088 665 et
2107 640 2208 666 friieiu.
2281 638 2420 673 Mancipio

237 687 381 716 Decumani
395 683 574 719 appellantur,
595 678 612 704 fi
627 684 744 714 portum,
763 683 808 703 aut
823 675 915 711 pascua
928 673 1042 714 publica,
1055 672 1228 713 'Portitoreffi
1247 677 1293 711 aut
1355 671 1488 712 vendere,
1515 672 1548 712 est
1562 673 1665 701 Easres,
1679 680 1740 705 quae
1753 675 1944 712 mancipisunt,
1968 676 2006 701 im
2019 678 2128 701 vendere
2140 676 2206 701 libra
2220 682 2244 701 et
2256 684 2311 700 aere
2323 673 2421 700 adhibi-

236 724 367 752 Pecuarii:
388 727 501 755 quorum
516 716 586 742 ratio
599 715 727 750 scriptura
740 713 839 753 dicitur
851 712 984 750 Ascon31n
997 709 1117 748 Dlfflmsst·
1131 717 1166 741 33-
1212 709 1293 733 Effl'm
1356 715 1391 733 t1s
1399 728 1418 749 ,Ι
1428 708 1597 749 ὐἴθξίῐὲἶῑθηῖῐ
1608 707 1743 748 Ρένῐῑηῖϋζη
1756 712 1899 745 praestetur.
1954 714 2042 738 Verum
2062 712 2104 737 hoc
2127 711 2234 746 amplius
2251 709 2422 736 animaduerti

236 761 279 795 qm·
291 761 346 785 vias
357 755 500 783 muniendas
514 754 665 778 conducunt:
703 750 817 776 Plurima
831 756 879 782 per
896 746 998 774 ltaliam
1011 750 1107 771 itinera
1121 743 1214 770 fraude
1222 744 1296 769 Man·
1356 753 1430 770 mom
1439 743 1535 779 fuist,
1549 751 1579 769 vt
1593 743 1704 778 Amor,
1724 744 1754 768 ul
1766 743 1800 779 2st
1815 748 1931 773 venditor
1951 757 2014 774 mxu
2023 747 2051 783 se
2065 747 2129 774 dicis
2142 746 2216 783 causa
2229 747 2368 781 obligaret,
2388 745 2425 770 ad

234 798 321 831 cipum
334 799 358 820 et
373 793 472 818 incuria
488 787 687 823 magistratuum
701 786 849 819 interrupta
861 789 887 809 et
900 781 1033 817 imperuia
1049 781 1117 807 Tac.
1132 782 1199 807 Ann.
1213 789 1240 813 3,
1254 786 1294 810 31,
1312 782 1338 809 ις
1357 787 1409 805 rem
1425 780 1543 820 mancipi,
1560 780 1603 805 hoc
1617 778 1648 814 est
1660 780 1762 814 emptori
1772 786 1887 814 perpetuo
1897 784 2080 820 praestandam.
2138 783 2194 809 Cic,
2211 791 2260 817 pro
2274 783 2395 811 Muraen,
2409 788 2422 812 3

236 835 259 859 6.
296 830 339 855 vbi
359 828 413 852 vid.
429 824 494 860 Lips.
569 823 719 857 Mancipes,
740 820 886 861 Publieam',
914 819 957 853 qui
974 828 995 859 ‘.¹.
1009 816 1078 852 Cens.
1097 817 1183 858 quinto
1201 823 1295 849 quoque
1355 815 1436 848 de
1450 815 1505 841 fii„
1518 818 1552 841 ῃ,
1565 815 1644 842 rebus
1652 815 1812 855 ¹repetendis,
1827 824 1893 850 quae
1906 820 2020 854 mqncipi
2037 820 2110 852 sum,
2130 820 2152 845 is
2167 818 2315 854 periculum
2330 815 2425 844 iudicii

234 875 297 892 anno
308 863 423 900 publica,
443 861 471 886 id
483 857 611 897 tstpopult'
625 858 758 894 veHigalia
770 856 938 895 remittebant:
973 863 1005 886 ιι,
1017 853 1194 894 stv'ec‘ltgales
1208 859 1295 885 agros,
1356 851 1487 892 prpestare
1500 851 1593 891 dgbgg,
1612 859 1660 886 qu
1673 851 1698 877 se
1718 860 1785 878 nexu
1802 851 1952 886 obligauit:
1989 855 2114 888 preste-to
2135 856 2214 882 etiam
2233 854 2349 887 mainus,
2377 859 2424 878 etc,

233 910 262 928 vt
283 898 433 930 Decumani‚
464 896 634 927 redimebant,
659 903 696 920 eos
713 892 794 929 postea
818 892 908 917 colonis
925 896 950 915 et
975 889 1121 914 aratoribus
1155 887 1294 912 elocabant.
1357 889 1425 912 Hinc
1439 888 1577 921 Mancipio
1589 892 1614 913 et
1627 896 1696 913 nexu
1710 888 1827 922 coniungi
1841 888 1961 915 videmus.
2033 892 2096 918 Var.
2111 890 2146 918 de
2157 892 2186 918 L.
2200 891 2230 918 L.
2245 892 2273 923 6,
2285 900 2298 924 5
2319 899 2344 924 P·
2355 894 2397 920 82,
2411 897 2425 919 5

233 936 320 971 Papin.
336 935 353 961 l.
369 940 404 967 53.
423 933 455 959 D.
472 933 549 959 locat.
575 931 630 964 Qi
643 929 778 956 fideiussor
789 927 877 953 extitit
889 924 957 960 apud
972 924 1120 963 mancipem
1133 922 1295 963 profolono
1358 923 1466 949 Nexum
1483 923 1610 950 Manilius
1623 922 1714 949 scribit
1727 932 1824 955 omne,
1844 923 1916 958 quod
1930 932 1977 959 per
1990 923 2085 952 libram
2099 934 2124 954 et
2137 936 2178 954 aes
2186 927 2306 961 geritur,
2325 926 2354 952 in
2369 932 2424 959 quo

232 971 401 1008 publicorum
413 968 601 1004 praediorum,
626 975 692 1001 quae
711 972 831 998 manceps
852 962 877 987 ei
896 961 994 987 colono
1015 959 1129 993 locauit,
1155 967 1222 992 reip.
1239 965 1295 982 non
1313 963 1348 982 20
1360 957 1409 985 sint
1423 958 1546 993 mancipi.
1580 959 1682 985 Mutius
1701 959 1843 993 Scaeuola,
1865 968 1932 994 quae
1945 969 1992 994 per
2005 968 2048 987 aes
2062 967 2087 987 et
2101 962 2196 989 libram
2213 962 2293 995 fiant,
2317 967 2345 988 vt
2358 959 2427 987 obli-

232 1013 345 1035 tenetur.
419 1005 559 1039 Manceps,
577 1009 623 1038 pro
641 1004 737 1027 Emtope
756 1001 870 1026 bonorum
890 995 1178 1036 ‘¹⁰⁷'linil‘R731ss'J'Fti‘t
1190 994 1294 1030 suffore.
1358 999 1472 1029 geritur,
1492 999 1677 1029 praeterquam
1696 1004 1763 1029 quae
1783 996 1919 1030 mancipio
1939 996 2044 1023 dentur.
2088 997 2147 1023 Hoc
2165 999 2255 1026 verius
2272 997 2321 1024 effe
2339 997 2427 1031 ipsum

232 1044 287 1071 Cic.
300 1052 350 1078 pro
365 1041 438 1068 Rosc.
457 1041 545 1067 Amer.
566 1049 589 1065 21
622 1037 748 1064 Hominis
767 1033 939 1062 studiofissiml
960 1031 1108 1058 nobilitatis
1127 1038 1248 1065 manceps
1267 1028 1297 1054 fit
1357 1030 1472 1056 verbum
1486 1030 1618 1062 ostendit,
1639 1029 1671 1056 de
1687 1040 1741 1065 quo
1755 1031 1903 1065 quaeritur.
1961 1033 2031 1059 Nam
2043 1031 2115 1059 idem
2133 1033 2205 1067 quod
2226 1034 2361 1068 obligatur
2379 1039 2428 1067 per

231 1080 428 1114 Chrysogonus.
485 1075 589 1110 Exosum
603 1076 643 1101 hoc
652 1083 732 1109 genus
745 1071 838 1108 negotii
865 1070 939 1103 (vid.
961 1069 1126 1101 SECTOR)
1153 1076 1205 1093 cum
1221 1065 1295 1100 esth,
1356 1066 1471 1099 librani,
1499 1075 1586 1101 neque
1611 1066 1661 1099 (ni
1682 1066 1747 1100 quid
1766 1067 1817 1101 legi
1835 1068 1892 1092 vult
1911 1068 2049 1104 37:1mln-ng⁸
2067 1071 2103 1094 ad
2116 1069 2198 1095 paulli
2211 1070 2280 1096 Sem·
2293 1078 2320 1103 2,
2334 1077 2373 1103 ¹7,
2393 1069 2428 1102 3)

233 1116 260 1142 in
275 1117 348 1142 laude
362 1112 442 1139 Attici
452 1112 523 1147 ponit
541 1112 610 1146 Nep.
624 1118 664 1143 ²5,
677 1111 704 1142 6,
718 1117 730 1141 3
750 1105 942 1145 Qoa'Nullius
954 1104 994 1131 rei
1008 1112 1094 1139 neque
1107 1112 1193 1138 praes,
1207 1110 1293 1136 neque
1357 1103 1433 1129 suum
1447 1102 1493 1137 fit,
1521 1102 1584 1129 inde
1603 1110 1701 1128 nexum
1721 1101 1835 1139 dietum.
1891 1105 1960 1130 Haec
1978 1103 2033 1131 illm
2063 1114 2126 1139 quae
2139 1105 2178 1138 fic
2196 1104 2326 1138 intellieo,
2352 1112 2382 1130 vt
2395 1113 2428 1129 ex

232 1153 354 1186 Manceps
369 1149 453 1175 fa&ns
467 1147 510 1174 est.
571 1146 640 1173 Talis
656 1145 738 1180 seffor
757 1142 908 1177 intelligitur
935 1141 992 1167 Cic.
1013 1141 1066 1166 Att.
1080 1147 1123 1172 12,
1142 1148 1155 1172 3
1186 1139 1296 1165 Nomen
1311 1147 1342 1173 ις
1357 1139 1576 1175 ,Mutiisententia
1589 1148 1618 1164 ea
1633 1138 1709 1164 Nexa
1722 1138 1856 1171 dieantur,
1882 1147 1929 1164 non
1948 1146 2045 1166 tamum
2057 1149 2120 1175 quae
2131 1128 2366 1175 abalienataosum'
2382 1139 2432 1174 fed

232 1187 297 1215 illud
308 1207 317 1219 ,
336 1184 408 1221 quod
421 1193 436 1210 a
449 1178 575 1214 Caesare,
594 1188 646 1209 tres
658 1181 736 1208 habet
751 1178 932 1206 conditiones:
954 1183 998 1203 aut
1011 1177 1158 1215 emtionem
1172 1174 1205 1201 ab
1214 1173 1296 1205 hasta,
1358 1178 1436 1201 etiam
1449 1185 1512 1210 quae
1523 1175 1698 1210 oppignorata.
1774 1174 1832 1200 Cic.
1853 1174 1926 1201 Fam.
1946 1182 1980 1209 7,
1999 1185 2031 1208 30
2062 1176 2142 1202 Attici
2162 1176 2303 1212 proprium
2321 1181 2347 1202 te
2365 1175 2431 1207 effe,

231 1229 276 1250 aut
290 1221 481 1257 delegationem
493 1229 507 1246 a
522 1219 642 1253 mancipe
655 1225 740 1244 annua
756 1215 815 1248 die,
838 1220 883 1240 aut
903 1212 1017 1240 Vecteni
1035 1211 1218 1250 conditionem
1227 1230 1236 1242 ,
1260 1210 1295 1236 se·
1357 1210 1468 1244 scribis,
1488 1211 1623 1246 mancipio
1635 1215 1661 1236 et
1675 1218 1761 1240 nexu;
1798 1219 1889 1236 meum
1900 1216 1990 1237 autern
2001 1211 2048 1238 vsu
2062 1217 2087 1237 et
2100 1212 2200 1240 fructu.
2256 1214 2288 1238 Et
2296 1211 2328 1238 de
2336 1211 2430 1246 Arusp.

232 1260 312 1287 misse.
367 1258 506 1290 Manceps,
529 1263 577 1290 pro
596 1255 758 1289 Negotiatore
776 1258 801 1277 et
820 1253 935 1276 coffmtore
949 1256 972 1274 et
982 1249 1094 1284 propola.
1169 1246 1235 1285 mm·
1252 1254 1296 1278 33,
1359 1247 1435 1282 Resp.
1450 1256 1475 1279 ¹4
1502 1247 1604 1274 Multae
1617 1246 1677 1272 sunt
1689 1245 1784 1272 domus
1797 1246 1857 1273 iure
1869 1247 2013 1282 mancipii,
2038 1253 2063 1273 ct
2077 1247 2136 1274 iure
2149 1248 2220 1275 nexi,
2274 1249 2306 1274 ln
2326 1246 2429 1281 Topic.

232 1305 250 1329 4
276 1296 327 1322 Aut
339 1293 434 1328 aliquis
449 1291 601 1327 praeualens
616 1297 736 1323 manceps
747 1294 879 1314 annonam
893 1285 1014 1320 flagellet.
1069 1284 1149 1319 Apud
1158 1285 1227 1309 letos
1234 1281 1297 1322 fient
1359 1288 1390 1313 28
1416 1283 1584 1310 Abalienatio
1597 1281 1633 1309 est
1646 1282 1703 1309 eius
1716 1282 1768 1316 rei,
1783 1290 1850 1317 quae
1864 1283 1981 1318 mancipi
1995 1282 2047 1316 est,
2072 1289 2117 1309 aut
2131 1283 2241 1310 traditio
2253 1284 2331 1311 alteri
2346 1291 2431 1318 nexu,

232 1332 364 1366 Mancipes
378 1328 466 1355 cursus
479 1326 596 1363 publici,
616 1326 634 1352 s.
648 1324 844 1354 mutationum,
861 1322 1004 1347 salinarum
1021 1327 1068 1347 etc.
1141 1320 1295 1357 Metapsy0r13
1311 1327 1343 1351 30
1359 1324 1404 1346 aut
1418 1319 1446 1346 in
1461 1319 1520 1345 iure
1532 1318 1615 1345 ceffio.
1653 1327 1700 1353 quo
1718 1327 1750 1343 ex
1763 1319 1813 1344 laco
1826 1319 1952 1345 coniunHo
1965 1329 2017 1344 cum
2030 1320 2109 1345 altero
2129 1319 2161 1346 de
2175 1319 2268 1355 Legib.
2281 1328 2293 1351 :3
2317 1320 2431 1345 animad-

232 1369 269 1394 cos
282 1368 348 1394 Plin.
362 1364 440 1400 Epist.
454 1373 484 1397 2,
504 1372 533 1397 ¹4
563 1363 717 1397 Sequuntur
730 1358 864 1386 auditores
879 1357 1017 1396 a6ioribus
1036 1356 1148 1388 similes,
1168 1353 1297 1381 conducti
1359 1362 1460 1381 vertere
1473 1354 1521 1391 est,
1533 1364 1585 1380 eum
1599 1354 1643 1388 qm·
1659 1354 1817 1389 mancipabat
1836 1364 1901 1380 mxu
1920 1355 2066 1390 obligatum,
2085 1365 2137 1382 rem
2157 1356 2266 1391 mancipl-
2277 1349 2387 1381 'tradidi
2409 1354 2432 1380 3,-

231 1411 256 1431 et
271 1402 392 1430 redemti.
463 1401 587 1434 Manceps
604 1396 764 1424 conuenitur
777 1395 805 1421 in
822 1393 910 1420 media
928 1392 1051 1425 Bafihca,
1074 1391 1122 1418 vbi
1139 1398 1192 1418 tam
1212 1390 1298 1425 palam
1359 1390 1434 1418 Idem
1448 1391 1476 1417 in
1498 1389 1587 1417 Parad.
1602 1398 1614 1422 5
1649 1389 1715 1415 Non
1734 1389 1807 1416 enim
1825 1391 1862 1416 ita
1882 1390 1973 1417 dicunt
1991 1400 2036 1417 eos
2054 1392 2103 1418 effe
2119 1392 2228 1424 seruos,
2253 1396 2282 1418 vt
2300 1390 2434 1425 mancipia

232 1439 374 1475 sportulae,
390 1445 469 1472 quam
484 1437 512 1462 in
526 1434 646 1462 triclinio
660 1433 765 1459 dantur.
819 1431 942 1464 Manceps
956 1427 1101 1464 ellpetsvna
1112 1428 1210 1459 media,
1236 1434 1298 1460 quae
1360 1437 1427 1463 quae
1441 1429 1499 1454 sunt
1515 1426 1691 1453 dominorum
1710 1424 1780 1451 fafia
1797 1434 1883 1459 nexu,
1908 1433 1953 1453 aut
1971 1427 2065 1461 aliquo
2082 1427 2141 1454 inre
2155 1428 2239 1454 ciuiu—
2277 1429 2298 1454 2·-
2323 1429 2355 1453 J„
2375 1426 2432 1452 ,πε

230 1482 352 1510 acceptam
365 1474 397 1498 ab
412 1480 509 1498 oratore
518 1471 647 1507 pecuniam
658 1467 786 1504 distribuit
804 1465 926 1492 conduais
939 1474 955 1490 a
961 1464 990 1501 se
1004 1463 1184 1489 laudatoribus.
1222 1462 1297 1487 Man·
1359 1462 1457 1496 ceffione
1474 1470 1498 1488 et
1513 1462 1666 1498 vsucapione.
1724 1463 1855 1487 Caeterum
1868 1462 1913 1496 qui
1927 1463 2049 1497 mancipio
2062 1465 2197 1497 vendebat,
2217 1463 2345 1489 euitlionis
2364 1461 2433 1497 peri-

230 1520 306 1546 ceps,
325 1517 368 1545 pro
385 1508 577 1542 Mancipatore‚
597 1507 641 1540 qui
653 1507 698 1531 dat
711 1504 813 1538 aliquid
823 1501 952 1536 mancipio.
1025 1498 1108 1539 Plaut.
1120 1498 1199 1524 Curc.
1213 1506 1250 1530 4,
1270 1503 1296 1528 2,
1317 1507 1345 1532 35
1360 1500 1441 1524 culum
1454 1498 1481 1523 in
1488 1497 1518 1533 se
1530 1497 1659 1533 recepff’,
1679 1507 1711 1523 ex
1726 1497 1819 1523 Plauto
1831 1504 1917 1532 patet,
1938 1498 2025 1532 quista·
2036 1499 2064 1524 ᾖ,
2084 1499 2150 1526 pers.
2166 1508 2200 1533 4,
2219 1508 2249 1532 3,
2267 1506 2295 1532 35
2327 1499 2363 1524 Ac
2384 1497 2431 1524 suo

231 1555 264 1580 29
299 1546 356 1580 Ego
369 1543 517 1578 mancipem
535 1549 560 1569 te
573 1541 643 1568 nihil
655 1548 767 1571 moror,
796 1547 843 1564 nec
875 1537 1000 1563 lenonem
1026 1535 1110 1561 ahum
1134 1540 1295 1571 quenquam.
1361 1534 1482 1569 periculo
1496 1534 1517 1560 is
1537 1540 1621 1565 emat,
1643 1533 1691 1568 qui
1711 1542 1769 1560 eam
1789 1532 1973 1564 mercabitur3
2005 1535 2156 1570 mancipio,
2177 1545 2264 1570 neque
2277 1534 2434 1570 promittet,

231 1585 315 1608 Antea
327 1590 362 1614 4,
384 1589 413 1612 3,
432 1588 449 1612 9
480 1579 544 1604 enim
556 1578 676 1609 dixerat,
705 1576 787 1609 Egon'
802 1574 835 1600 ab
854 1573 950 1599 lenone
966 1571 1101 1606 mancipio
1115 1568 1218 1605 aliquid
1232 1576 1298 1594 acci·
1362 1579 1449 1605 neque
1463 1569 1604 1605 quisquam
1617 1569 1699 1596 dabit.
1756 1571 1787 1594 Et
1797 1569 1877 1604 paullo
1886 1569 1951 1605 post,
1973 1578 2008 1603 4,
2026 1579 2053 1603 3,
2074 1574 2104 1603 63
2138 1571 2218 1598 Nihil
2233 1571 2303 1597 mih-¹
2315 1579 2383 1605 opus
2396 1568 2433 1596 est

231 1618 300 1654 Fiam
309 1638 318 1650 2
338 1615 435 1651 quibus
448 1613 488 1641 sni
500 1612 569 1640 nihil
583 1612 634 1645 est,
660 1611 708 1638 11ῑῇ
720 1619 772 1637 VM
785 1610 895 1644 fing¹¹⁸3
1362 1606 1463 1633 litibus.
1488 1605 1536 1632 nifi
1549 1605 1685 1640 mancipio
1699 1605 1803 1640 accipio
1812 1626 1821 1638 ,
1840 1605 1905 1640 quid
1923 1614 1955 1632 eo
1968 1606 2036 1632 mihi
2049 1615 2115 1641 opus
2130 1607 2327 1634 mercimonio3
2360 1608 2434 1632 *Haec

267 1660 292 1680 Μ
302 1659 323 1679 Α
332 1659 354 1678 N
362 1658 379 1678 C
390 1650 424 1677 ῖΡ
435 1657 454 1677 O
463 1671 472 1683 ‚
492 1649 517 1685 s.
542 1656 568 1676 M
579 1657 601 1676 Α
610 1656 632 1675 Ν
642 1653 659 1674 C
670 1654 689 1674 V
700 1655 715 1674 P
724 1654 743 1674 O
753 1669 761 1682 ‚
781 1651 834 1672 aire.
872 1645 986 1679 [25⁶1qu
1005 1643 1200 1678 ἂνδραποδῐζσμαι
1209 1661 1217 1673 ,
1234 1641 1298 1673 ε’ξαν-
1363 1644 1495 1668 Hotoman.
1534 1642 1607 1675 Confi
1622 1641 1726 1676 Salmas,
1741 1646 1773 1667 de
1793 1641 1861 1677 Vsur.
1873 1648 1899 1676 p.
1914 1650 1956 1675 ²05
1962 1641 2004 1677 sq,
2051 1644 2090 1668 De
2103 1643 2277 1670 satisdatione
2290 1641 2434 1669 secundum

231 1689 381 1722 δςαπσδὲζω]
419 1685 492 1721 quast
501 1687 582 1711 Manu
603 1685 747 1719 capiendum
766 1684 829 1708 dare
848 1683 951 1716 ahquid
963 1680 1058 1712 alteri,
1078 1680 1097 1706 i.
1119 1679 1232 1704 alienare
1242 1695 1250 1707 ‚
1269 1677 1297 1702 in
1311 1689 1349 1714 40
1362 1678 1542 1713 mancipium,
1562 1678 1618 1704 vid.
1632 1679 1741 1712 Interpp.
1757 1677 1813 1703 Cic.
1824 1679 1876 1704 Att.
1890 1686 1913 1711 ς,
1927 1686 1937 1704 1
1958 1679 2055 1713 p,464,
2070 1679 2162 1706 Graeu·
2218 1680 2300 1706 plaut.
2314 1678 2436 1711 Trimz,

232 1724 340 1751 alterius
351 1722 485 1750 dominium
501 1728 525 1746 et
535 1720 676 1756 potestatem
690 1718 843 1752 transferre.
918 1717 987 1751 Epit.
1000 1715 1083 1743 Instit.
1097 1714 1158 1741 Gaii
1173 1715 1190 1739 6
1216 1713 1301 1740 Natu·
1362 1726 1376 1748 4
1384 1735 1393 1747 ,
1407 1723 1432 1746 ¹9
1460 1715 1548 1741 Minas
1561 1712 1734 1748 quadraginta
1745 1713 1867 1747 accepisti
1884 1722 1898 1739 a
1911 1713 2039 1747 Callicle,
2058 1721 2084 1741 et
2104 1715 2149 1741 ille
2161 1714 2238 1742 aedes
2252 1714 2298 1741 abs
2319 1721 2344 1741 te
2361 1722 2435 1739 man-

231 1760 293 1787 53115
308 1765 381 1795 pater
394 1758 481 1785 filium
493 1757 569 1783 suum
584 1754 724 1783 fiduciario
739 1753 807 1789 patri
815 1753 965 1787 Mancipat,
984 1752 1035 1778 hoc
1049 1751 1100 1784 est,
1121 1758 1200 1776 manu
1209 1748 1299 1775 tradit.
1362 1751 1442 1786 cupio
1455 1749 1570 1784 Accepit.
1593 1755 1620 1775 L.
1641 1748 1796 1774 admodum.
1834 1749 1905 1782 Conf.
1919 1749 1957 1775 id.
1971 1750 2050 1777 Cure.
2063 1759 2092 1783 4,
2105 1759 2130 1782 2,
2142 1759 2168 1783 9.
2243 1751 2300 1778 Cic.
2312 1751 2365 1778 Att.
2376 1758 2403 1782 1,
2424 1756 2434 1775 Ι

234 1796 286 1831 lpse
305 1797 387 1823 Plaut.
408 1794 487 1821 Cure.
507 1801 542 1826 4,
562 1800 634 1826 2,1o
657 1791 764 1817 Alienos
779 1789 959 1824 mancupatiS,
984 1788 1086 1814 alienos
1099 1785 1297 1813 manumittitis.
1356 1788 1406 1823 fin.
1464 1787 1550 1821 Agere
1564 1784 1652 1819 coepit
1664 1793 1725 1810 011111
1745 1783 1862 1810 Caninio
1883 1784 1915 1810 de
1934 1784 1967 1810 iis
1984 1784 2082 1817 rebus,
2114 1794 2178 1820 quas
2196 1795 2258 1812 eum
2278 1786 2343 1812 dolo
2361 1784 2434 1811 malo

233 1833 290 1860 Cic.
304 1831 417 1866 Philipp.
436 1838 459 1862 2,
473 1837 498 1862 51
516 1836 572 1855 c.21
600 1828 678 1854 Tum
693 1826 739 1853 iste
753 1825 891 1853 venditum
905 1831 983 1859 atquc
1001 1823 1180 1858 mancipatum
1193 1821 1299 1848 Tribu-
1361 1822 1496 1858 mancipio
1516 1821 1639 1856 accepisse
1660 1820 1692 1847 de
1713 1820 1797 1846 Vario
1819 1819 1927 1846 diceret.
2000 1821 2136 1856 Mancipio
2157 1820 2236 1854 dare,
2258 1828 2306 1857 pro
2322 1822 2435 1847 Tradere

232 1874 338 1900 natum,
359 1866 473 1893 consiliis
486 1864 579 1892 vestris
593 1863 724 1898 opposuit.
778 1861 961 1896 Mancipatum
975 1860 1124 1895 emphatic&
1138 1858 1222 1892 dixit,
1239 1858 1298 1892 plus
1314 1868 1348 1894 45
1361 1862 1389 1886 in
1408 1860 1446 1885 ius
1460 1857 1633 1894 proprietatis.
1714 1856 1808 1882 Seneca
1828 1855 1908 1891 Epist.
1928 1864 1955 1889 73
1987 1856 2104 1883 Fortuna
2125 1857 2194 1883 nihil
2215 1857 2259 1884 dat
2287 1856 2433 1891 mancipio.

234 1914 306 1939 quom
325 1903 462 1928 venditum.
518 1901 583 1927 Plin.
599 1899 677 1934 Epist.
691 1909 720 1932 7,
741 1904 766 1928 ¹8
796 1897 867 1924 Nam
881 1906 930 1932 pro
945 1895 1097 1931 quingentis
1117 1893 1237 1920 millibus
1251 1902 1298 1918 nu.
1362 1897 1418 1921 Huc
1428 1895 1538 1930 pertinet
1553 1894 1658 1920 Lucret.
1672 1901 1694 1925 3,
1706 1899 1755 1926 985
1780 1892 1895 1927 vitaque
1908 1892 2042 1927 mancipio
2054 1892 2123 1919 nulli
2137 1892 2224 1928 datur,
2244 1892 2370 1919 omnibus
2377 1892 2435 1917 vsu.

233 1938 324 1972 mum,
359 1947 428 1974 quae
457 1939 485 1963 in
512 1937 638 1963 alimenta
656 1935 836 1969 ingenuorum
856 1933 1086 1967 ingenuarumque
1107 1929 1299 1965 promiseram,
1362 1934 1382 1958 i.
1406 1930 1478 1956 Nulli
1492 1932 1530 1956 ita
1542 1932 1630 1962 datur,
1646 1937 1675 1954 vt
1690 1929 1819 1963 propriam
1831 1938 1861 1954 ac
1875 1935 2020 1963 perpetuam
2037 1929 2134 1955 habeat.
2196 1929 2305 1955 Poscere
2331 1924 2436 1962 aliquid

232 1984 325 2010 agrum
343 1984 375 2000 ex
395 1973 460 2000 meis
481 1973 559 2006 longe
579 1971 662 2006 pluris
685 1970 772 1997 361011
798 1969 906 2004 publico
933 1967 1099 2003 mancipaui,
1129 1965 1298 2005 eundemque
1363 1967 1506 2002 mancupio
1532 1965 1614 1992 Plaut.
1629 1964 1709 1991 Most.
1724 1973 1753 1997 5,
1773 1973 1799 1996 1,
1819 1972 1862 1997 43.
1899 1965 1935 1989 al.
1949 1965 2083 1999 mancupi.
2158 1964 2204 1991 Sui
2225 1964 2354 1999 mancipii
2367 1963 2436 1995 effe,

232 2010 357 2045 ve&igali
370 2007 493 2042 imposito
506 2007 603 2040 recepi.
677 2006 743 2031 Vsus
757 2005 885 2039 quaedam
899 2004 1031 2037 mancipat
1057 2003 1126 2029 Hor.
1139 2001 1218 2035 Epist.
1234 2009 1259 2033 2,
1271 2009 1297 2033 2,
1364 2002 1462 2029 Nullius
1476 2003 1582 2028 dominio
1589 2000 1724 2037 subiec‘ium
1738 2000 1793 2036 este.
1867 2000 1924 2026 Cic.
1937 1999 1970 2026 ad
1989 2000 2064 2027 Brut.
2079 2002 2107 2026 16
2137 2000 2178 2026 An
2191 2007 2220 2027 vt
2234 2001 2295 2027 esset
2312 2000 2354 2026 sui
2367 1998 2436 2026 iuris

233 2054 284 2079 159.
340 2042 541 2077 Mancipabatur
554 2040 665 2076 potestas
677 2039 769 2073 capitis
786 2040 814 2064 in
828 2047 936 2077 manum
950 2037 1079 2075 carnificis
1100 2037 1176 2069 Apul.
1190 2038 1255 2074 Met.
1272 2046 1298 2061 10
1317 2047 1349 2070 50
1364 2047 1393 2064 ac
1408 2039 1534 2072 mancipii
1547 2037 1723 2072 Respublica?
1761 2035 1808 2062 nisi
1823 2036 1895 2062 forte
1909 2044 1965 2062 non
1978 2035 2010 2062 de
2023 2036 2167 2069 seruitute,
2188 2044 2234 2063 etc.
2382 2032 2403 2073 fl
2422 2043 2436 2067 3

234 2092 258 2117 p.
272 2091 326 2115 243.
385 2081 426 2106 Sic
439 2079 455 2105 l.
470 2081 511 2110 163
532 2077 564 2104 C.
577 2075 689 2103 Theod.
709 2073 741 2100 de
764 2073 910 2099 Decurion.
930 2071 1100 2097 Clericorum
1120 2071 1256 2108 consortio
1275 2071 1300 2094 se
1362 2075 1406 2097 An
1423 2073 1557 2105 Mancipia
1569 2080 1664 2097 veteres
1677 2072 1792 2097 dixerint
1805 2081 1844 2104 ea,
1857 2081 1918 2106 quae
1931 2071 2046 2098 Mobilia
2066 2073 2133 2098 alias
2145 2081 2273 2102 vocamus,
2299 2078 2330 2098 vt
2347 2077 2438 2097 eontra

233 2117 391 2151 mancipare.
455 2115 485 2140 Et
498 2114 515 2141 l.
530 2120 572 2148 175
603 2111 703 2138 Ordini
721 2109 876 2144 mancipari.
933 2108 963 2132 Et
984 2106 1001 2132 l·
1019 2110 1044 2137 83
1076 2104 1221 2130 Cunarum
1234 2102 1302 2143 fun:
1364 2105 1476 2131 Praedia
1495 2115 1537 2137 ea,
1564 2115 1626 2139 quae
1643 2106 1766 2130 dicuntur
1784 2111 1859 2139 vulgo
1879 2107 1950 2131 hodie
1974 2107 2149 2140 Immobilia,
2179 2117 2227 2133 mm
2247 2107 2435 2138 affirmauerim.

233 2153 368 2181 &ionibus
383 2160 427 2178 ete.
503 2151 541 2177 ita
554 2149 657 2184 capitur
666 2148 746 2182 fera,
770 2145 874 2180 alioqui
893 2142 1001 2170 difficile
1021 2141 1057 2168 cst
1077 2149 1135 2180 eam
1154 2145 1302 2174 mancipari
1366 2143 1405 2167 De
1418 2141 1501 2166 verbis
1513 2139 1658 2167 Modestini
1670 2139 1688 2166 Ι.
1702 2148 1714 2171 3
1736 2139 1768 2165 D.
1783 2139 1815 2165 de
1835 2139 1931 2168 diuers.
1952 2147 2033 2176 temp.
2051 2144 2163 2176 praescr.
2175 2137 2292 2177 'Longae
2309 2140 2436 2176 poffeffio.

230 2190 314 2217 δοιώ,
334 2198 354 2214 ς,
369 2196 412 2214 20,
1364 2176 1405 2202 nis
1418 2176 1654 2211 praescriptionem
1669 2182 1723 2202 tam
1736 2175 1765 2202 in
1780 2175 1905 2210 111-3011115,
1927 2185 2007 2211 quam
2022 2177 2051 2203 in
2070 2177 2209 2213 mancipiis
2227 2177 2317 2205 locum
2337 2176 2436 2203 habere

270 2232 295 2252 M
305 2231 326 2250 A
338 2230 360 2250 N
373 2229 390 2250 c
399 2230 408 2248 1
417 2229 433 2248 P
443 2223 466 2248 Ᾱ
473 2228 495 2248 Τ
504 2227 524 2246 v
535 2226 548 2246 s
557 2240 566 2253 ,
591 2227 621 2251 a,
647 2226 702 2243 um.
741 2216 835 2242 Partic.
872 2215 884 2248 [
898 2211 1076 2247 ὰνὲςκποδιὲᾶὲς
1090 2214 1103 2247 ]
1146 2210 1300 2245 Βεηῐηέῖιις,
1318 2223 1347 2250 55
1362 2212 1532 2239 manifestum
1544 2211 1580 2237 est
1589 2231 1597 2243 ,
1617 2211 1675 2235 JCti
1688 2211 1812 2236 viderint.
1849 2213 1922 2237 Certe
1934 2213 1980 2238 bue
1987 2222 2036 2238 non
2039 2213 2120 2247 facit.
2152 2214 2209 2240 Cic.
2223 2213 2276 2241 off.
2289 2222 2313 2246 3,
2325 2220 2356 2247 71
2376 2212 2435 2238 Nec

236 2261 378 2295 adstriflus.
433 2256 530 2283 Cic-de
539 2253 641 2281 Sene&
657 2260 686 2287 37
699 2262 720 2278 C·
729 2260 751 2278 11
770 2252 809 2277 Ita
823 2250 895 2276 essim
910 2249 1027 2275 sessefflus
1045 2248 1152 2274 honesta
1172 2247 1223 2280 est,
1244 2246 1261 2272 fi
1276 2247 1301 2272 se
1364 2257 1431 2275 vero
1446 2247 1475 2274 in
1489 2245 1605 2282 praediis
1619 2245 1704 2272 solum
1719 2245 1759 2271 ius
1774 2245 1855 2272 ciuile
1868 2246 1979 2273 dudhnn
1991 2255 2007 2274 a
2020 2254 2130 2282 natura,
2157 2249 2285 2275 malitiam
2300 2246 2434 2274 fraudem-

235 2293 290 2332 ipsa
303 2294 437 2327 defendit,
457 2292 475 2319 fi
487 2292 528 2319 ius
541 2292 616 2318 suum
630 2289 744 2320 retinet,
762 2286 780 2313 fi
794 2285 896 2312 nemini
910 2285 1055 2318 mancipata
1070 2284 1121 2314 est,
1146 2283 1163 2309 fi
1175 2291 1258 2318 vsque
1270 2282 1303 2308 ad
1364 2293 1416 2319 que
1429 2283 1563 2315 vindicat,
1594 2280 1638 2308 sed
1657 2287 1683 2307 et
1705 2281 1734 2307 in
1754 2281 1951 2316 mancipiorum
1964 2282 2137 2317 venditione,
2164 2283 2338 2311 venditorum
2359 2282 2433 2309 fraus

234 2333 359 2360 vltimum
379 2329 501 2365 spiritum
521 2327 675 2354 dominatur
695 2324 722 2350 in
745 2323 813 2349 suos.
863 2322 909 2348 Al.
928 2321 1107 2354 emancipata,
1128 2321 1194 2354 quod
1205 2319 1300 2344 melius.
1365 2320 1453 2347 omnis
1467 2319 1625 2346 excluditur.
1682 2319 1722 2343 De
1731 2316 1814 2353 seruis
1828 2318 1892 2343 enim
1900 2317 2037 2352 sermonem
2050 2319 2113 2355 ff,
2127 2319 2196 2357 satis
2215 2319 2353 2355 ostendunt,
2372 2326 2435 2353 quae

235 2368 359 2396 Prudent.
373 2365 449 2393 Cath.
463 2373 499 2397 11,
520 2373 550 2397 39
581 2363 612 2389 Et
631 2359 807 2395 mancipatam
826 2356 932 2384 fumido
951 2357 1034 2383 vitam
1053 2355 1179 2382 barathro
1194 2354 1302 2380 immet·
1359 2355 1516 2392 sequuntur,
1537 2355 1591 2388 Qui
1604 2353 1676 2380 enim
1689 2353 1755 2380 scire
1769 2352 1862 2380 debuit
1875 2352 1908 2380 de
1920 2354 2044 2386 sanitate,
2064 2355 2096 2381 de
2109 2355 2190 2390 fuga,
2210 2355 2243 2382 de
2254 2354 2344 2387 furtis,
2360 2362 2434 2389 ptae‹

235 2406 320 2433 serant
332 2401 510 2437 degentilibus
523 2399 614 2434 impiis.
1317 2396 1352 2420 60
1366 2391 1413 2418 stat
1428 2391 1519 2419 edicto
1533 2391 1669 2417 aedilium.
1743 2389 1838 2414 Similis
1852 2389 1884 2424 est
1897 2390 1963 2415 ratio
1976 2390 2032 2417 Cic.
2046 2390 2074 2417 in
2091 2391 2160 2417 Rull.
2174 2399 2206 2424 2,
2225 2397 2253 2424 38
2291 2390 2347 2424 Qxi
2360 2389 2437 2425 agri,

276 2447 301 2467 M
314 2447 335 2466 Α
345 2446 367 2465 Ν
378 2444 395 2464 c
405 2444 439 2463 11)
449 2438 498 2463 AT
508 2443 527 2461 v
537 2442 568 2468 s,
587 2432 625 2460 fis.
652 2442 688 2459 m.
727 2431 793 2458 Plin.
808 2440 840 2464 9,
859 2438 888 2463 ὃς
922 2429 952 2454 tle
971 2428 1078 2468 vnione,
1103 2427 1135 2454 Et
1150 2427 1200 2453 hoc
1216 2431 1302 2466 tamen
1366 2437 1433 2463 quae
1447 2428 1520 2460 loca,
1537 2426 1666 2454 aedificia.
1719 2423 1793 2458 Qiid
1807 2424 1842 2451 est
1856 2427 2008 2459 praeterea?
2046 2427 2127 2454 multa
2141 2427 2170 2454 in
2183 2427 2334 2462 mancipiis,
2353 2426 2382 2453 in
2393 2434 2436 2461 pe-

236 2483 358 2503 aeternae
371 2482 454 2509 prope
467 2470 625 2507 posseffionis
638 2469 683 2501 est,
702 2464 981 2502 sequiturhaeredem‚
1002 2473 1030 2490 111
1038 2464 1218 2498 mancipatum
1230 2467 1304 2489 vemt
1366 2473 1446 2496 core,
1466 2472 1548 2498 auro,
1568 2462 1668 2495 ebore,
1686 2462 1773 2494 veste,
1793 2460 1968 2496 supellectili,
1990 2463 2100 2489 caeteris
2120 2463 2209 2489 rebus.
2262 2464 2351 2498 Neque
2369 2461 2435 2488 enim

236 2518 265 2539 vt
278 2510 415 2547 praedium
429 2507 548 2543 aliquod.
585 2509 603 2532 i.
625 2505 800 2531 Sollemnitates
814 2513 857 2529 eae
874 2501 1040 2533 adhibentur,
1060 2509 1122 2534 quae
1131 2500 1214 2535 solent
1228 2500 1254 2524 in
1268 2499 1302 2523 iis
1366 2500 1500 2535 Mancipia
1512 2500 1607 2526 diuidit
1621 2499 1648 2524 in
1662 2506 1740 2533 pecus
1749 2519 1757 2532 ‚
1776 2505 1891 2530 aurum,
1911 2496 1993 2523 ebur:
2025 2496 2074 2532 sed
2086 2506 2191 2524 enarrat
2203 2508 2242 2524 res
2254 2505 2277 2523 et
2286 2496 2435 2533 poffiffiones

238 2550 316 2580 rebus,
330 2545 458 2581 quaesunt
476 2543 591 2578 mam-ips.
644 2542 766 2567 Budaeus.
1173 2570 1178 2574 Ι
1359 2536 1527 2571 simpliciter,
1548 2545 1610 2570 quae
1623 2543 1671 2560 non
1679 2534 1735 2567 fine
1746 2533 1822 2568 agri,
1842 2533 1917 2568 loca,
1936 2532 2065 2561 aedificia.
2121 2535 2153 2560 Et
2173 2540 2313 2569 repugnare
2331 2535 2435 2559 videtur

274 2586 506 2610 MANCerTl
519 2585 538 2605 o
550 2600 557 2611 ,
576 2577 644 2605 onis.
662 2577 682 2603 f.
721 2575 917 2610 [ἁνδςαπόδισιε]
956 2572 992 2599 est
1013 2572 1117 2607 (inquit
1132 2571 1211 2597 Calus
1224 2570 1303 2597 ICtus
1321 2574 1352 2606 65
1368 2573 1425 2598 huic
1437 2572 1533 2598 rationi
1542 2571 1595 2607 ipsa
1613 2571 1765 2597 enumeratio
1783 2579 1866 2595 rerum
1885 2569 2017 2604 mancipi,
2045 2573 2064 2596 i.
2084 2569 2228 2604 mancipii,
2259 2570 2290 2596 de
2309 2578 2359 2604 qua
2378 2577 2434 2595 mox

238 2621 305 2655 apud
316 2617 461 2645 Bo'e'thium
474 2616 502 2641 in
514 2615 615 2649 Topic.
629 2613 683 2640 Cic.
698 2621 710 2645 3
730 2613 835 2647 p.797)
862 2609 1020 2649 Imaginaria
1032 2607 1160 2643 quaedam
1168 2605 1305 2637 venditi03
1366 2608 1421 2634 vid.
1445 2614 1471 2634 M
1482 2615 1503 2635 A
1514 2615 1536 2634 N
1547 2614 1564 2635 C
1575 2615 1584 2633 1
1593 2614 1608 2633 p
1618 2614 1637 2633 1.

239 2654 312 2691 quod
325 2655 408 2688 ipsum
420 2653 472 2685 ius,
492 2651 633 2686 proprium
646 2649 681 2675 cst
695 2649 880 2675 Romanorum
893 2654 1003 2671 ciuium.
1059 2645 1094 2671 Ea
1107 2653 1148 2670 res
1163 2643 1198 2668 ita
1205 2643 1305 2677 agitur,
1406 2651 1431 2670 M
1441 2651 1494 2671 AN
1505 2650 1521 2671 C
1533 2642 1571 2671 1⁰1³
1581 2651 1607 2677 1,
1621 2643 1677 2676 siue
1696 2649 1720 2669 Μ
1731 2649 1752 2669 Α
1765 2648 1788 2668 Ν
1799 2647 1816 2668 C
1826 2638 1869 2667 ὔΡ
1878 2647 1899 2667 1.
1937 2641 2082 2667 Genitiuum
2100 2641 2146 2676 ff
2164 2641 2316 2668 contratrum
2334 2640 2435 2667 Manci-

239 2690 373 2718 Adhibitis
386 2698 438 2716 11011
453 2688 540 2714 minus
554 2695 632 2721 quam
641 2685 760 2725 quinque
769 2683 877 2710 testibus
891 2681 995 2707 ciuibus
1003 2680 1130 2707 Romanis
1144 2678 1305 2718 puberibus}
1367 2681 1407 2716 pii
1418 2682 1504 2706 docent
1521 2680 1585 2715 Vnst:
1598 2681 1628 2705 de
1640 2680 1701 2705 Art.
1717 2679 1806 2704 Gram.
1817 2687 1829 2710 3
1840 2698 1848 2710 ‚
1863 2679 1904 2710 46.
1961 2677 2065 2712 Salmas.
2079 2679 2109 2703 de
2127 2677 2197 2713 lssur.
2210 2687 2230 2703 ε,
2244 2682 2267 2705 3.
2280 2683 2304 2702 et
2317 2677 2435 2703 perizon,

239 2734 265 2755 et
280 2732 413 2762 praeterea
426 2724 479 2750 alio
493 2722 610 2749 eiusdem
623 2720 803 2752 conditionis,
829 2719 876 2754 qui
894 2717 990 2744 libram
1009 2725 1117 2743 aeneam
1135 2722 1236 2748 teneat,
1257 2722 1305 2749 qui
1367 2718 1404 2742 ad
1415 2716 1496 2742 Sana.
1509 2725 1536 2748 4,
1547 2725 1580 2750 4,
1593 2723 1628 2741 12.
1702 2714 1768 2740 Plin.
1781 2723 1824 2748 33,
1839 2723 1870 2747 34
1895 2713 1969 2746 Quin
1983 2720 2009 2740 et
2021 2713 2139 2739 militum
2154 2712 2365 2748 stipendiorum,
2384 2712 2438 2739 hoc

239 2763 384 2798 appellatur
398 2759 539 2793 libripens:
578 2759 599 2784 is
612 2758 658 2793 qui
679 2756 841 2790 mancipium
860 2754 970 2788 accipit,
995 2762 1038 2779 aes
1058 2759 1147 2779 tenens
1167 2751 1203 2777 ita
1222 2752 1304 2785 dicit,
1319 2761 1354 2788 70
1369 2751 1405 2778 est
1418 2751 1490 2786 stipis
1511 2749 1696 2786 ponderandae
1709 2750 1876 2784 pensatores,
1899 2748 2063 2783 libripendes
2083 2749 2223 2780 dicuntia-3
2259 2757 2311 2783 qua
2330 2750 2438 2775 consue.

241 2800 318 2825 Hunc
331 2806 380 2831 ego
394 2796 533 2822 hominem
545 2803 576 2821 ex
588 2795 646 2820 iure
661 2792 812 2826 Quiritium
827 2799 915 2817 mcum
931 2790 979 2816 effe
992 2789 1051 2819 aio,
1076 2788 1152 2822 isque
1171 2787 1239 2814 mihi
1253 2795 1306 2812 em-
1368 2786 1460 2814 tudine
1474 2787 1502 2813 in
1515 2787 1547 2813 iis
1562 2785 1726 2813 emtionibus
1740 2794 1807 2820 quae
1826 2785 1941 2820 mancipi
1961 2787 2037 2818 sunt,
2071 2785 2151 2812 etiam
2171 2794 2241 2811 nunc
2263 2784 2331 2811 libra
2352 2784 2433 2811 inter.

240 2841 281 2863 tus
295 2834 329 2860 est
343 2834 392 2859 hoc
405 2841 480 2862 aere,
497 2839 629 2865 aeneaque
643 2829 719 2856 libra.
778 2826 881 2854 Deinde
894 2835 954 2852 aere
969 2825 1082 2860 percutit
1097 2823 1210 2856 libram,
1224 2822 1306 2856 idque
1368 2823 1488 2858 ponitur.
1546 2822 1603 2849 Cic.
1618 2830 1669 2856 pro
1681 2821 1773 2848 Flacco
1788 2827 1820 2851 80
1833 2831 1855 2848 c.
1870 2829 1899 2853 32
1926 2821 1994 2848 illud
2009 2829 2123 2856 quaero:
2160 2820 2243 2847 fintne
2262 2820 2309 2846 ista
2327 2820 2436 2855 praedia

240 2879 282 2897 aes
291 2869 401 2901 datei‚a
415 2877 470 2903 quo
478 2867 639 2901 mancipium
653 2865 763 2900 accipit,
777 2863 847 2898 quafi
869 2862 949 2897 pretii
964 2861 1034 2888 loco.
1071 2860 1145 2893 Conf-
1165 2859 1246 2885 Gaius
1267 2859 1305 2884 in.
1368 2859 1456 2885 censui
1471 2858 1617 2885 censendo?
1654 2856 1766 2884 habeant
1785 2858 1826 2884 ius
1840 2858 1937 2884 ciui1e3
1973 2856 2021 2883 fint
2035 2866 2082 2883 nec
2100 2865 2132 2883 ne
2147 2856 2194 2883 fint
2209 2856 2340 2891 mancipi?
2377 2855 2435 2883 sub-

241 2906 323 2934 stitut.
338 2906 378 2931 tit.
392 2907 417 2931 6.
438 2911 462 2929 et
476 2905 535 2928 add.
551 2903 610 2937 l.77
630 2902 662 2928 D.
675 2901 706 2927 de
720 2900 774 2927 diu.
789 2909 842 2934 reg.
858 2899 910 2925 iur.
923 2898 958 2924 l.1
978 2897 1061 2924 instit.
1075 2896 1149 2923 tit.6.
1200 2896 1305 2921 Videan.
1369 2895 1464 2929 fignari
1475 2894 1544 2930 apud
1556 2893 1705 2927 aerarium,
1726 2893 1794 2928 apud
1807 2894 1943 2920 censorem
1956 2893 2067 2928 poffint3
2104 2894 2195 2928 Nempe
2214 2893 2315 2919 Omnes
2337 2901 2377 2918 res
2391 2896 2435 2918 aut

241 2950 283 2970 tur
296 2942 340 2969 IC.
354 2941 459 2966 maxime
469 2939 606 2973 Schulting.
624 2940 658 2963 ml
670 2937 775 2971 leian.
791 2945 828 2969 19,
843 2944 855 2968 3
876 2936 971 2970 p.620.
1027 2930 1309 2965 Heinea-.Antiquit.ad
1316 2939 1348 2966 75
1369 2931 1484 2966 mancipi
1499 2931 1572 2963 sunt,
1592 2936 1636 2956 aut
1649 2939 1696 2956 nec
1709 2930 1833 2964 mancipi.
1888 2930 2006 2965 Mancipi
2019 2938 2060 2956 res
2073 2930 2147 2962 sunt,
2171 2928 2281 2964 praedia
2298 2929 2326 2954 in
2341 2928 2436 2955 Italico

242 2977 359 3010 1nsti1.1,
375 2984 412 3009 12,
428 2976 445 3001 6
464 2975 501 3008 sq.
537 2975 661 2999 Scribitm·
669 2980 691 2998 et
701 2972 883 3006 Mancupado,
901 2977 932 2996 vt
948 2969 1121 3003 Mancupium.
1156 2967 1223 2994 Plin.
1240 2976 1266 2999 9,
1280 2973 1306 2997 35
1370 2968 1446 3001 solo,
1475 2974 1529 2993 tam
1548 2966 1657 2998 rustica,
1684 2967 1769 3002 qualis
1789 2966 1825 2993 est
1844 2965 1959 2998 fundus,
1986 2974 2066 3000 quam
2085 2964 2201 2997 vrbana,
2227 2964 2311 2999 qualis
2330 2964 2435 2991 domus.

243 3014 260 3041 s.
272 3019 302 3045 38
329 3013 384 3047 Ipsa
397 3010 536 3038 confestim
551 3014 638 3044 parata
650 3009 880 3044 mancupationem
894 3005 990 3033 tabulis
1004 3004 1127 3040 probare.
1170 3004 1210 3029 Sic
1224 3004 1307 3028 nord.
1370 3004 1437 3030 Item
1451 3003 1510 3030 iura
1523 3002 1695 3038 praediorum
1713 3001 1890 3035 rusticorum,
1915 3002 1988 3028 velut
2005 3001 2064 3034 via,
2088 3001 2155 3034 iter,
2180 3000 2271 3033 aetus,
2296 3006 2322 3026 et
2341 3009 2436 3035 aquae-

244 3060 274 3075 ex
288 3050 364 3075 MSS.
401 3048 446 3073 Al.
460 3044 701 3081 nuncupationem,
721 3046 764 3070 vel
776 3043 995 3078 aucupationem,
1008 3041 1057 3077 sub
1070 3049 1116 3076 quo
1129 3039 1223 3066 nomine
1232 3046 1307 3064 totum
1372 3039 1473 3066 duetus.
1530 3041 1596 3066 Item
1611 3038 1696 3071 serui,
1715 3043 1741 3064 et
1754 3037 1954 3072 quadrupedes,
1973 3046 2040 3072 quae
2059 3037 2138 3064 dorso
2159 3036 2264 3064 colloue
2276 3035 2436 3069 domantur,

245 3087 320 3111 locum
338 3083 455 3110 dedimus.
1371 3075 1444 3101 velut
1464 3075 1563 3108 boues,
1589 3074 1673 3107 muli,
1698 3075 1777 3109 equi,
1803 3073 1875 3102 afini.
1940 3074 2066 3100 Caeterae
2091 3082 2132 3099 res
2157 3082 2205 3100 nec
2227 3071 2343 3106 mancipi
2367 3073 2436 3098 sunt.

281 3129 306 3148 Μ
316 3124 436 3147 ANCIP
446 3124 484 3144 IV
494 3124 536 3150 M,
556 3117 600 3142 vel
615 3123 641 3143 M
653 3122 674 3142 Α
684 3121 731 3141 NC
741 3121 785 3140 VP
795 3121 804 3140 1
815 3121 835 3139 V
846 3120 872 3140 M
882 3134 889 3147 ,
910 3114 927 3141 i.
948 3123 973 3140 n.
1009 3113 1182 3147 [ἀνδράποδοῃ
1196 3113 1308 3144 Boeotiam·
1324 3117 1356 3142 80
1370 3111 1510 3146 Elephanti
1529 3118 1554 3138 et
1576 3110 1669 3137 cameli
1689 3110 1809 3145 quamuis
1830 3110 1900 3136 collo
1926 3109 2040 3136 dorsone
2059 3109 2202 3135 domentur
2216 3128 2225 3140 ,
2254 3117 2301 3134 nec
2320 3108 2437 3142 mancipi

246 3159 305 3192 ης]
343 3157 442 3187 Seruus,
456 3153 535 3179 velab
543 3152 645 3187 hcstibus
657 3159 736 3177 manu
751 3156 854 3185 captus,
874 3157 903 3175 vt
915 3151 955 3175 ait
969 3151 1117 3183 Imperator
1130 3146 1152 3185 §.
1168 3158 1174 3174 ι
1203 3146 1234 3173 de
1249 3147 1309 3173 iure
1370 3148 1449 3177 sunt3
1487 3147 1616 3182 quoniam
1636 3145 1779 3173 bestiarum
1799 3155 1913 3173 numero
1933 3146 1999 3172 sunt.
2062 3147 2130 3170 Haec
2147 3144 2251 3178 leian.
2272 3144 2313 3171 tit.
2332 3151 2360 3176 ¹9
2385 3144 2437 3169 eius

247 3195 379 3227 personar.
416 3190 465 3222 vel,
480 3196 509 3215 vt
522 3188 578 3215 Cic.
592 3186 681 3215 Parad.
697 3194 720 3220 ς,
734 3195 742 3213 1
764 3186 895 3220 Mancipia
909 3193 974 3219 quae
988 3185 1045 3210 sunt
1058 3184 1232 3211 dominorum
1241 3182 1311 3209 faeta
1373 3184 1445 3216 libri,
1459 3184 1504 3217 qui
1517 3183 1677 3218 inscribitur,
1699 3183 1792 3209 Tituli
1807 3191 1839 3208 ex
1852 3190 1966 3216 corpore
1980 3180 2086 3214 leian.
2142 3180 2258 3205 Additur
2271 3190 2286 3204 a
2299 3180 2366 3205 lctis
2383 3179 2437 3205 He·

248 3236 331 3260 nexu,
350 3232 395 3253 aut
407 3225 499 3260 aliquo
513 3225 571 3251 iure
586 3223 675 3250 ciuili:
713 3224 743 3249 de
751 3222 833 3258 seruis
848 3222 965 3256 loquitur.
1039 3221 1114 3246 Varr.
1130 3221 1161 3247 de
1175 3220 1204 3246 L.
1218 3219 1248 3246 L.
1260 3226 1283 3252 5,
1296 3224 1309 3249 8
1372 3218 1468 3245 reditas
1483 3226 1508 3246 et
1523 3219 1641 3251 familia,
1662 3228 1724 3253 quae
1737 3226 1760 3244 et
1773 3219 1826 3253 ipsa
1840 3226 1887 3252 per
1902 3226 1944 3243 aes
1959 3221 1985 3242 et
1997 3215 2094 3242 libram
2108 3215 2304 3249 manciparetur
2318 3215 2386 3242 Gen.
2399 3222 2436 3248 15,

248 3263 410 3297 Mancipium
423 3261 538 3293 dicitur,
559 3259 630 3295 quod
645 3268 732 3287 mani.
741 3259 858 3293 capiatur
896 3257 961 3283 i‘lin.
977 3260 1023 3288 28,
1044 3263 1067 3282 2.
1125 3255 1226 3282 Christi
1246 3256 1307 3281 Pru-
1372 3257 1414 3282 26.
1435 3262 1458 3281 et
1471 3253 1493 3291 §-
1509 3265 1515 3281 1
1538 3254 1597 3281 Inst.
1612 3254 1644 3281 de
1658 3254 1756 3281 testam.
1764 3253 1853 3284 ordin.
1909 3255 1949 3278 Ac
1959 3251 2065 3286 proinde
2078 3251 2152 3277 etiam
2160 3252 2216 3286 filii
2223 3251 2343 3285 familias
2360 3256 2436 3277 erunt

250 3298 319 3324 dent.
334 3297 428 3331 Apoth.
448 3307 474 3324 v.
489 3301 549 3330 408.
623 3295 755 3329 Mmcipia
772 3293 886 3328 fugitiua
899 3292 1022 3318 retinere.
1097 3292 1193 3324 Qualia
1212 3290 1309 3317 manci·
1326 3297 1354 3326 85
1372 3292 1439 3317 inter
1450 3300 1491 3317 res
1510 3291 1634 3325 mancipi.
1695 3292 1750 3317 Vid.
1772 3287 1920 3324 Bynckersb.
1940 3290 1970 3313 de
1988 3287 2043 3313 iure
2061 3287 2136 3313 occid.
2150 3288 2239 3313 liberos
2257 3288 2300 3313 lib.
2315 3296 2328 3312 1
2345 3294 2369 3322 p.
2382 3293 2434 3318 145.

270 3334 292 3360 ia
302 3355 308 3366 ,
327 3333 467 3367 qualesque
480 3332 528 3368 qui
544 3331 576 3357 iis
590 3330 716 3367 praesint,
736 3331 907 3365 effecte-beant,
926 3330 995 3353 docet
1010 3327 1086 3352 Varr.
1101 3328 1130 3354 R.
1145 3327 1175 3353 R.
1189 3335 1214 3359 1,
1232 3334 1274 3361 17,
1290 3337 1309 3360 3.
1372 3327 1527 3362 Margaritas
1540 3326 1618 3352 etiam
1632 3327 1661 3353 in
1675 3326 1851 3359 mancipatum
1864 3323 1956 3350 venire
1972 3323 2012 3348 ait
2027 3322 2092 3349 Plin.
2106 3331 2132 3356 9,
2147 3331 2183 3355 35.
2240 3324 2272 3349 Et
2291 3332 2344 3348 cum
2361 3322 2436 3347 etiam

262 3371 373 3395 ‘xtrema
398 3368 455 3394 Seu.
473 3369 518 3402 Ep,
538 3375 583 3402 70.
668 3366 795 3400 Locuples
814 3364 952 3398 mancipiis
984 3363 1051 3389 Hor.
1074 3362 1153 3397 Epist.
1173 3372 1197 3394 1,
1216 3364 1250 3395 6,
1271 3371 1308 3395 39.
1373 3368 1544 3390 monumenta
1559 3370 1581 3387 et
1600 3361 1765 3389 columbaria
1778 3360 1923 3394 mancipata
1935 3359 1958 3395 s.
1976 3367 2023 3393 per
2041 3367 2083 3385 aes
2098 3366 2126 3385 et
2143 3358 2240 3385 libram
2260 3357 2381 3385 translata
2394 3358 2435 3382 vi-

250 3404 382 3438 Mancipia
403 3403 524 3437 ergastuli
553 3403 659 3430 Colum.
681 3411 705 3435 1,
730 3407 760 3433 3,
787 3403 823 3428 16.
896 3398 1085 3433 Negotiatores
1114 3398 1309 3432 mancipiorum
1373 3401 1474 3425 deamus
1487 3399 1513 3428 in
1526 3399 1586 3424 Vct.
1601 3399 1680 3424 Inscr.
1693 3397 1770 3422 Grut.
1790 3405 1814 3430 p.
1829 3401 1902 3428 1081,
1922 3405 1938 3422 1.
1974 3402 1999 3421 et
2014 3394 2108 3430 Reines.
2124 3405 2156 3429 7,
2174 3404 2201 3420 21
2233 3395 2307 3421 etiam
2317 3393 2355 3418 ius
2368 3400 2433 3419 certe

251 3440 382 3474 Quinctil.
397 3446 419 3472 5,
434 3447 468 3464 ¹2.
542 3439 662 3465 Amicum
675 3437 837 3472 mancipium
851 3435 981 3468 domino,
1002 3440 1027 3460 et
1042 3434 1115 3468 frugi
1143 3434 1210 3460 Hor.
1228 3434 1310 3461 Serm.
1370 3434 1508 3471 sepeliendi
1520 3435 1546 3458 in
1562 3435 1630 3459 rebus
1643 3431 1851 3472 manciffiffliffi,
1872 3431 1998 3466 colligum.
2058 3432 2186 3457 &ceterum
2200 3432 2231 3457 de
2242 3428 2360 3455 communi
2378 3438 2434 3463 quo.

252 3485 278 3509 2,
292 3486 314 3509 7,
329 3484 350 3507 3.
420 3474 597 3501 conciliatum
606 3496 614 3507 ‚
642 3475 696 3500 vid.
710 3479 728 3500 C
737 3480 756 3500 o
768 3479 790 3499 N
802 3478 818 3498 C
828 3479 836 3497 1
846 3478 862 3497 L
875 3479 882 3497 1
893 3478 923 3498 O.
995 3471 1030 3496 Vt
1043 3470 1172 3504 mancipia
1185 3469 1247 3495 haec
1261 3469 1311 3495 De·
1324 3477 1358 3501 90
1376 3473 1434 3497 dam
1447 3469 1585 3497 characian-e
1597 3478 1680 3495 rerum
1695 3468 1818 3502 mancipi,
1839 3477 1885 3501 quo
1898 3469 1928 3493 ab
1943 3467 2004 3493 aliis
2016 3468 2086 3492 rebus
2098 3467 2238 3500 differant,
2256 3470 2280 3488 et
2295 3463 2368 3498 causa
2376 3472 2434 3500 pro-

253 3512 345 3538 ducam
358 3509 390 3536 ad
405 3509 542 3536 Thaidem
571 3509 639 3537 Ter.
653 3511 719 3536 Eun.
735 3518 750 3536 2
761 3530 768 3542 ,
789 3517 816 3543 3,
829 3515 872 3543 72.
945 3506 1027 3533 Ouid.
1047 3515 1078 3532 ex
1093 3506 1167 3532 Pont.
1181 3514 1209 3539 4,
1226 3515 1254 3537 5,
1274 3513 1310 3537 40
1377 3507 1450 3540 inde,
1474 3515 1517 3532 cur
1529 3514 1571 3530 eas
1591 3504 1699 3538 mancipi
1717 3503 1762 3537 ‘ff
1774 3504 1914 3538 placuerit,
1947 3502 2075 3538 disputant
2093 3499 2157 3528 lcii.
2178 3498 2356 3533 Recenttffimi,
2380 3510 2433 3526 cum

254 3548 304 3574 Pro
319 3546 415 3581 quibus
430 3553 456 3572 vt
473 3544 576 3572 meritis
590 3545 721 3573 referatur
734 3545 832 3581 gratia,
859 3544 929 3570 iurat
948 3543 979 3568 Sc
999 3542 1059 3568 sore
1070 3540 1233 3576 mancipium
1247 3547 1311 3567 tem·
1376 3541 1422 3576 isla
1441 3549 1655 3569 commentat-emm·
1668 3560 1676 3572 ,
1703 3539 1765 3564 libri
1784 3546 1857 3565 erant
1877 3538 2071 3573 Bynkershoekii
2095 3535 2231 3573 differ-tatio
2250 3535 2277 3560 in
2296 3537 2432 3572 opusculis:

255 3592 302 3618 pus
316 3583 343 3608 in
362 3590 440 3608 omne
461 3588 545 3608 tuum.
619 3582 659 3606 Sic
678 3583 796 3616 antiquae
814 3581 885 3606 editt.
922 3579 963 3604 Sic
983 3578 1085 3603 reduxit
1105 3579 1187 3604 Burm.
1246 3579 1313 3603 Nam
1376 3573 1427 3603 ium
1444 3580 1487 3605 Fr.
1501 3579 1559 3603 Car.
1573 3575 1684 3601 Com-mli
1695 3577 1725 3600 de
1738 3575 1805 3600 veris
1818 3575 1932 3610 mancipi
1946 3583 1969 3601 et
1981 3584 2029 3601 nec
2047 3572 2160 3606 mancipi
2178 3570 2260 3596 restam
2277 3572 2433 3607 differentiis

255 3618 339 3653 lleins.
360 3617 488 3651 Mancipii
508 3617 555 3643 tui.
634 3616 739 3651 Brgffbn.
763 3620 792 3643 de
808 3617 886 3643 Form.
905 3618 921 3640 ό
944 3621 969 3649 p.
991 3622 1031 3646 517
1065 3613 1201 3647 Mancipio
1221 3619 1310 3639 tuum:
1377 3612 1588 3649 libet-fingularis
1602 3610 1704 3646 Helmst.
1719 3620 1782 3643 ¹739-
1839 3613 1924 3638 Andr.
1941 3612 1978 3637 El.
1994 3611 2122 3645 Rqffinann
2138 3606 2209 3641 Disp.
2229 3609 2259 3632 dt·
2277 3610 2347 3633 rebus
2361 3616 2432 3634 man-

253 3657 318 3689 quod
327 3660 384 3687 puto
397 3662 481 3678 verum
494 3653 547 3688 effi.
609 3654 685 3678 Nemo
702 3654 765 3677 enim
785 3654 906 3679 Romanus
919 3650 948 3686 se
969 3650 1074 3677 seruum
1093 3656 1137 3675 au!
1152 3650 1311 3684 mancipium
1326 3654 1358 3680 95
1376 3650 1429 3684 cipi
1443 3658 1467 3676 et
1481 3658 1527 3676 nec
1541 3647 1653 3681 mancipi
1666 3649 1726 3672 Hal.
1740 3655 1808 3680 1740.
1864 3648 1933 3673 Azld.
1947 3656 2008 3682 quac
2020 3647 2057 3671 ad
2066 3644 2118 3670 Cic.
2132 3651 2182 3676 pro
2203 3642 2295 3669 Fl³CCO
2309 3648 2341 3673 80
2363 3653 2384 3669 C·
2401 3651 2432 3675 32

254 3690 358 3715 alterius
376 3688 461 3714 dixit:
498 3689 557 3714 licet
577 3687 657 3715 Ouid.
677 3696 708 3713 ex
726 3688 811 3714 Ponto
824 3697 859 3721 4,
879 3692 909 3721 8,
926 3688 959 3714 66
983 3685 1106 3720 posim-it,
1133 3686 1158 3711 Si
1176 3685 1240 3720 quid
1265 3700 1311 3705 ·—
1376 3694 1442 3712 extr.
1479 3685 1533 3711 viri
1544 3683 1608 3710 dofti
1620 3681 1758 3716 disputant.
1816 3683 1899 3710 Plaut.
1912 3683 1990 3709 Most.
2005 3689 2035 3714 ς,
2047 3687 2071 3711 1,
2085 3686 2117 3711 43
2145 3678 2192 3704 Vel
2212 3678 2432 3715 110011110111111110

256 3724 340 3752 Restat
353 3725 381 3750 in
396 3723 521 3758 ingenio,
539 3724 634 3750 seruiet
648 3732 727 3750 omne
742 3722 800 3749 tibi.
967 3720 988 3760 fl
1011 3729 1023 3747 2
1060 3721 1222 3756 Mancipium
1232 3742 1239 3754 ,
1264 3723 1312 3747 Do.
1371 3721 1448 3748 aedes
1462 3719 1583 3754 mancupi
1603 3719 1717 3753 poscere.

256 3761 329 3786 minii
343 3761 506 3794 cmnpomtio,
521 3757 700 3794 [ruffilli-tulique
716 3758 769 3792 ius,
787 3766 860 3791 atque
874 3759 948 3784 ctiam
964 3757 1094 3784 staminium
1110 3765 1132 3782 et
1150 3757 1309 3792 7nane1'pat50.
1412 3764 1466 3784 ΜΛ
1476 3764 1498 3783 Ν
1508 3763 1525 3784 C
1537 3762 1596 3783 IOL
1609 3760 1629 3780 Α
1639 3761 1655 3780 E
1681 3754 1791 3780 tenellae
1804 3775 1813 3787 ‚
1836 3761 1884 3790 pro
1909 3752 2034 3780 manibus,
2066 3750 2196 3784 antiquum
2218 3750 2319 3776 verbum
2338 3749 2431 3777 Laeuii

257 3798 333 3824 Varr.
347 3795 378 3822 de
394 3796 421 3821 L.
432 3795 461 3821 1-.
475 3802 487 3826 5
497 3815 505 3827 ‚
518 3803 533 3829 7
556 3804 579 3830 1¹·
594 3802 640 3828 59,
657 3803 682 3827 ¹9
715 3793 755 3820 Ab
768 3803 801 3820 eo
821 3794 898 3823 scribi
919 3800 1042 3829 coeptum
1056 3793 1083 3819 in
1099 3793 1155 3826 lege
1168 3793 1312 3828 mancipio-
1373 3795 1443 3828 apud
1453 3793 1520 3820 Gell.
1540 3800 1581 3825 19,
1602 3798 1628 3825 7.

257 3841 335 3865 rum,
356 3831 449 3858 vadem
464 3839 495 3856 ne
509 3832 641 3865 posceret,
666 3839 713 3856 nec
734 3829 856 3862 dabitur,
881 3832 898 3856 i.
918 3831 945 3855 in
954 3829 1082 3864 formula,
1111 3838 1160 3862 quo
1181 3829 1311 3855 dominium
1320 3834 1367 3852 100
1413 3835 1438 3854 M
1451 3835 1472 3855 Α
1483 3833 1583 3855 chs
1598 3847 1606 3859 ,
1626 3834 1639 3851 a
1649 3846 1656 3858 ,
1677 3835 1729 3852 um.
1766 3825 1827 3853 Adi.
1865 3825 1963 3857 [nonnae
1978 3820 2057 3847 Gloff.
2071 3822 2127 3849 Lat.
2142 3822 2208 3858 Gn]
2241 3821 2342 3856 proprie
2351 3821 2433 3856 figni-

257 3868 464 3901 tranfferebatur.
520 3867 576 3893 Cic.
590 3865 621 3892 de
634 3866 708 3893 Orat.
723 3875 742 3897 1,
758 3871 799 3900 178
817 3874 838 3891 c.
853 3874 883 3897 39
916 3867 1007 3899 Qium
1026 3865 1097 3891 enim
1111 3864 1212 3890 Marius
1227 3865 1312 3891 Grati.
1377 3865 1436 3898 ficut
1449 3874 1516 3899 cum,
1538 3862 1644 3898 quisine
1656 3872 1728 3887 manu
1747 3862 1796 3897 ‘’st‘
1832 3859 1904 3896 quast
1912 3857 1993 3883 Manu
2007 3865 2105 3883 carens.
2169 3858 2225 3892 Cic,
2238 3865 2288 3891 pro
2302 3855 2392 3882 Rabir.
2403 3864 2433 3882 21

258 3904 348 3929 dianus
363 3903 437 3929 aedes
451 3902 562 3928 Auratae
576 3901 738 3934 vencfidissct,
753 3910 837 3936 neque
850 3901 948 3927 seruire
962 3900 1092 3936 quandam
1107 3908 1197 3926 carum
1207 3899 1312 3926 aedium
1371 3895 1398 3926 ’0.
1413 3907 1430 3934 7
1457 3901 1572 3932 Quintus
1585 3898 1707 3924 Scaeuola
1721 3897 1856 3924 confecffim
1869 3892 2016 3925 senceum,
2042 3893 2208 3929 praepeditus
2227 3891 2341 3925 morbo,
2361 3900 2432 3918 man.

259 3946 356 3971 partem
377 3940 404 3965 in
427 3937 553 3972 mancipii
570 3938 626 3971 lege
645 3936 762 3969 dixisset,
794 3936 998 3963 defendebamus
1019 3935 1151 3972 quidquid
1171 3935 1257 3962 sufflet
1275 3936 1312 3961 in-
1375 3945 1420 3962 cus
1433 3941 1458 3962 et
1471 3934 1597 3962 membris
1613 3934 1738 3960 omnibus
1758 3940 1844 3968 captus
1860 3938 1888 3955 ac
1909 3927 2012 3954 debilis.
2088 3929 2168 3956 Ouid.
2190 3928 2253 3955 Fast.
2269 3937 2297 3961 3,
2318 3929 2366 3958 826
2400 3927 2431 3954 Et

257 3975 390 4000 commodi
404 3975 431 4000 in
444 3973 595 4007 mancipio,
616 3972 642 3998 id
657 3972 674 3998 fi
688 3973 812 3999 venditor
826 3972 922 4003 seusei,
947 3981 1032 4008 neque
1050 3972 1213 4004 declarasset,
1241 3979 1312 4005 prae·
1375 3972 1436 3999 licet
1455 3971 1566 4005 antiquo
1585 3971 1707 3996 manibus
1726 3969 1833 3995 collatus
1853 3965 1924 3999 Epeo
1945 3964 1982 3990 Sit
2003 3965 2094 3998 prior,
2120 3960 2188 3991 iratzi
2205 3963 2307 3991 Pallade
2325 3971 2431 3989 mancus

258 4008 321 4035 stare
336 4009 438 4037 debere.
502 4010 608 4035 Eandem
621 4018 671 4034 rem
683 4018 791 4034 narrans
805 4008 860 4034 Cic.
875 4007 928 4034 Off.
946 4016 968 4041 3,
982 4011 1016 4043 67
1037 4017 1058 4036 c.
1072 4010 1100 4034 16
1127 4009 1186 4035 Hoc
1200 4007 1228 4034 in
1239 4011 1361 4037 man-103
1375 4008 1436 4035 erit.
1491 4008 1604 4041 Meteph.
1633 4005 1734 4032 Officiis
1748 4009 1852 4031 mancus
1880 4000 1948 4027 Hor.
1966 4000 2042 4035 Epist.
2060 4009 2089 4035 2,
2108 4009 2140 4033 2,
2160 4009 2193 4028 21.
2229 4001 2252 4026 h.
2267 4009 2287 4026 e.
2308 4000 2353 4026 Ad
2365 4000 2432 4024 talia

2351 4034 2430 4065 officia
