2517 4231
0 1003 1 1007 ¹
37 1000 76 1025 10,
90 998 131 1022 80.

384 167 684 231 PRA'E

25 288 84 315 tua,
112 290 175 315 vae,
200 281 309 308 miserae
322 279 437 306 nimium
450 279 538 306 vicina
550 280 710 307 Cremonae.
780 277 886 309 Alioqui
907 276 982 302 latim
1003 283 1080 311 patet,

25 324 55 345 vt
70 317 216 350 Praefecti,
236 317 276 350 fic
302 315 481 342 Praefecturae
510 314 647 351 appellarim
763 313 805 338 Sic
824 311 922 339 Multas
942 312 1080 339 consulum

28 358 234 389 praetorumque
261 350 437 386 praefeeluras
465 350 560 377 delatas
580 350 612 377 fic
633 348 740 384 Accepit
754 354 799 374 etc.
872 348 940 382 Nep.
957 357 995 381 ες,
1009 349 1033 380 6,
1053 356 1081 381 4.

27 389 84 417 cic.
99 389 150 415 Att.
164 397 187 422 5,
200 397 222 413 ει
241 385 434 413 Ρτᾱοῖεᾶιιτεηι
451 386 559 422 petiuit:
597 384 692 420 negaui
717 391 760 410 me
784 383 906 417 cuiquam
934 383 1082 418 negotianti

29 423 104 451 darc:
140 422 211 457 qnod
225 421 294 448 idem
309 422 359 448 tibi
375 421 548 449 ostenderam.
584 420 719 455 Suscipere
731 418 804 446 Caes.
821 419 850 446 B.
866 420 899 447 G.
912 426 934 452 8,
952 429 984 446 ια.
1021 420 1084 447 Pro·
1109 427 1122 450 5

30 459 135 487 mittere
149 457 342 492 praefecturam
358 457 437 484 alicui
455 458 512 484 Cic.
527 458 581 484 Att.
593 458 621 489 6,
636 463 656 482 ι.

66 500 81 521 P
91 501 109 520 R
119 499 139 519 A
150 499 165 519 E
174 499 190 520 F
199 500 216 520 E
227 499 244 520 c
258 499 281 520 Τ
294 500 301 519 1
314 500 333 519 o
343 513 352 525 ,
372 493 441 520 bnis.
460 493 480 520 f.
518 493 595 519 AHus
617 490 789 526 praeficiendi.
825 490 959 517 Mundam
985 489 1086 525 praefe-

32 529 88 558 etio
102 530 179 556 Mart.
191 529 290 564 Capell.
305 528 352 555 lib.
366 530 380 554 6
402 538 426 564 p.
442 537 494 562 239.

71 571 88 593 P
99 571 117 591 R
128 571 149 592 Α
159 570 175 590 Ε
186 571 201 591 F
212 570 229 591 Ε
239 572 256 592 C
268 570 290 590 Τ
305 570 325 591 O
336 572 354 591 R
364 585 372 597 ‚
394 565 459 592 oris.
496 572 532 590 m.
587 561 655 586 Idem
675 562 740 595 quod
759 561 903 594 Praefm‘lur
921 561 969 596 effi·
991 560 1087 586 dicitur

33 602 101 637 apud
113 600 205 627 Iustin.
218 600 250 627 dc
264 600 392 627 Confirm.
405 598 500 635 Digest.
512 596 563 634 §.9
582 603 606 622 et
626 597 719 624 Ferret.
733 596 799 631 llius.
815 597 901 631 Lapid.
917 605 941 631 p.
958 597 1014 629 276.
1040 595 1126 621 Sedno

33 640 65 665 de
75 636 159 671 priore
173 637 221 662 loco
235 643 299 662 certe
307 636 411 670 falsum.
482 635 521 660 De
533 633 610 658 altero
624 632 673 657 iam
688 641 735 657 non
750 639 825 657 vacat
844 641 970 666 quaerere.

70 678 85 699 1³
94 677 112 697 R
121 678 143 699 Α
153 677 169 698 E
180 678 196 698 F
206 679 223 699 E
233 678 250 698 C
260 678 281 697 Τ
290 679 309 700 0
318 678 336 698 R
349 677 359 698 1
373 677 394 696 V
405 677 434 702 S,
454 677 467 694 a
476 688 485 702 ,
504 676 558 694 um.
586 667 646 694 Adi.
685 669 697 704 [
718 670 851 696 ἐπιςατικὰς
874 670 884 700 ]
923 666 1089 700 Praefer‘lurae

28 707 140 742 funHus.
211 707 317 742 leian.
333 707 364 734 D.
376 705 408 732 de
420 703 589 731 Senatoribus
613 703 652 729 Ι.ι
684 701 825 730 Consulari
853 702 969 728 feminac
993 701 1088 736 vtique

34 742 207 770 Consularem
220 744 309 770 virum
321 739 522 777 praeferendum
537 739 585 764 ess'c
598 747 677 765 nemo
690 737 810 771 ambigit.
847 737 897 764 Scd
916 738 960 764 vir
986 737 1086 772 praefe-

35 778 137 805 &orius
149 787 182 806 an
194 779 308 805 feminae
320 775 461 804 Consulari
482 775 645 809 praeferatur
667 773 811 800 videndum
824 772 869 799 est.

55 819 349 844 ·PRAEF1DENS,
369 811 412 838 tis.
471 811 642 845 Valdcfidens
677 809 734 835 Cic.
763 807 816 834 Off.
834 817 857 840 ι,
879 817 912 841 90
932 818 954 834 c.
980 810 1010 834 26
1047 808 1088 834 Sic

35 848 158 876 homines
173 849 287 876 secundis
301 847 378 874 rebus
404 846 560 880 effrenatos,
587 845 688 879 (ibique
701 842 889 880 praefidentes,
916 849 1042 878 tanquam
1057 843 1087 869 iu

37 893 132 919 gyrum
146 885 256 912 rationis
269 890 295 910 et
310 882 447 910 doen-ina:
456 882 515 908 duci
527 888 662 917 oportere.

74 928 89 947 P
101 928 117 947 R
129 927 148 947 Λ
161 926 179 948 Β
189 922 252 947 FsG
267 925 304 951 0,
322 919 360 951 xi,
373 927 445 951 xum,
459 920 513 946 ere.
552 916 730 952 [προπηγυύω]
766 916 834 941 Ante
847 915 935 948 figere.
972 913 1038 940 Plin.
1053 922 1086 946 33,

37 967 52 988 4
70 957 164 984 Lineas
178 955 269 982 itineri
287 954 440 989 praefigunt.
536 955 614 980 Arma
629 951 772 987 praefigere
788 945 918 984 puppibus
940 949 1087 983 Virg.Ae1=.
1099 960 1131 979 20

245 991 336 1025 Capita
350 991 378 1016 in
390 989 468 1016 hastis
488 987 631 1024 praefigere
652 987 722 1014 idem
735 985 802 1012 ibid.
818 996 842 1017 ι),
857 987 915 1015 466.
1010 985 1088 1010 Prae-

36 1029 134 1054 cludere
152 1027 224 1054 Idem
239 1027 335 1056 Geor-e.
350 1035 372 1059 3,
387 1034 432 1058 399
451 1025 530 1052 Multi
549 1025 601 1050 iam
622 1028 740 1050 excretos
762 1020 907 1056 prohibent
926 1029 942 1047 a
961 1019 1090 1046 matribus

7 1077 10 1080 ·
36 1062 136 1092 haedos
157 1063 296 1096 Primaque
309 1061 415 1088 ferratis
429 1057 763 1096 praefiguntoracapistris.

47 1114 50 1116 -
74 1105 91 1125 r
101 1105 121 1125 R
131 1105 152 1125 Α
162 1105 179 1126 13
189 1105 204 1124 r
216 1105 226 1125 1
239 1105 256 1125 x
265 1105 286 1123 v
295 1104 324 1127 s,
343 1105 367 1130 a,
380 1105 434 1123 um.
469 1095 561 1122 Partic.
598 1092 783 1129 [κροτηθεὶς]
821 1092 889 1119 Plin.
911 1094 946 1124 ι6,
965 1101 978 1123 4
1007 1092 1090 1118 Antea

38 1133 122 1161 rostra
135 1135 245 1161 nauium
264 1131 411 1160 Tribuoali
425 1131 539 1166 praefixa
558 1130 620 1158 foro
639 1130 716 1156 decus
734 1134 816 1155 erant.

38 1169 183 1205 praefixum
197 1168 360 1196 circumtulit
376 1167 447 1194 Suet.
461 1167 533 1193 Caes.
546 1176 568 1194 c.
583 1175 620 1198 24.
692 1165 765 1191 Veru
778 1164 892 1199 praefixa
905 1164 972 1190 latus
992 1162 1090 1190 Tibul*-

41 1215 60 1236 ι,
74 1209 99 1240 6,
114 1215 154 1238 49.
224 1204 335 1230 Hastilia
349 1201 462 1237 praefixa
475 1203 549 1229 ferro
569 1202 644 1236 Virg.
657 1200 721 1228 Aen.
739 1208 762 1233 ς,
782 1207 834 1233 557.
906 1199 999 1226 Robur
1018 1208 1091 1234 prae-

40 1241 121 1269 fixum
134 1241 206 1268 ferro
224 1239 296 1267 Idem
309 1239 377 1266 ibid.
391 1247 429 1271 10,
443 1245 503 1273 479.
599 1236 714 1264 Praefixa
729 1235 803 1262 ferro
816 1236 901 1262 iacula
910 1257 918 1269 ‚
938 1236 1034 1271 Qibus
1048 1235 1091 1268 af-

41 1278 115 1310 fixum
129 1276 161 1313 {ll
169 1277 269 1310 ferrum
280 1282 375 1301 acutum
394 1275 454 1301 Liu.
467 1277 508 1307 26,
522 1284 546 1306 4.
617 1273 780 1304 Praefixum,
807 1272 977 1306 Praeclusum:
1001 1270 1092 1303 Caius,

25 206 115 244 1005

915 1128 1000 1163 Caput
1020 1127 1090 1154 hasta
1111 1136 1138 1159 ες

1153 1280 1200 1299 tem
1210 1272 1337 1307 priorem,
1357 1271 1548 1298 eminentiorem.

1547 184 1848 230 PRAE
2105 199 2202 236 1006

1178 282 1222 304 ra
1232 281 1254 303 Α
1264 282 1281 303 r.
1290 281 1307 302 r-
1315 283 1334 303 o
1343 282 1359 303 ε
1369 281 1386 303 c
1397 282 1418 303 v
1427 283 1450 304 n
1460 280 1509 304 nv
1519 281 1534 304 ς
1546 296 1554 309 ,
1577 284 1601 308 a,
1620 283 1675 303 um.
1710 273 1771 302 Adi.
1808 275 1985 314 [mmmmm
2000 287 2012 318 ]
2053 287 2122 312 Anu
2147 295 2202 313 con-

1138 312 1234 347 suetum
1248 319 1340 351 tempus
1354 320 1377 338 et
1391 313 1465 339 nimis
1473 311 1762 347 fhet·trnd11mfi[gnfficat
1777 310 1847 339 Plin.
1859 315 1894 346 ¹6,
1910 322 1940 348 27
1956 318 1973 342 s,
1985 328 2008 348 ς,
2037 320 2134 348 omnia
2157 330 2203 348 ευ,

1146 353 1200 374 tem
1211 347 1321 372 celerius
1344 348 1476 375 senescunt
1497 346 1696 383 praefoccunda,

1184 388 1200 408 r
1210 389 1257 409 an
1270 389 1286 408 E
1298 388 1312 408 r
1324 389 1343 408 0
1354 389 1371 408 R
1382 401 1391 413 ‚
1408 393 1455 410 non
1469 383 1588 417 dicimus,
1613 382 1667 408 vid.
1695 389 1738 410 rR
1748 387 1819 410 ΑΕι·
1831 388 1854 408 Α
1864 388 1933 410 Rls.

1188 423 1205 457 P.
1220 422 1238 443 R
1251 425 1273 457 ᾼ
1283 424 1298 443 15
1310 423 1327 444 F
1338 425 1358 445 O
1367 426 1385 445 R
1399 426 1422 445 M
1435 420 1448 445 ι’
1460 424 1479 446 D
1492 425 1510 445 O
1520 440 1529 453 ,
1565 422 1617 444 fite.
1674 417 1863 452 [καταφοζιῖμαι
1877 419 1891 454 ]
1950 420 2026 446 Valde
2052 423 2204 454 formidare.

1150 452 1283 493 ane'hl.
1298 464 1321 485 4,
1337 463 1348 481 ς
1368 455 1458 487 ann
1473 453 1551 481 iudex
1566 453 1582 479 ss
1597 454 1719 488 prouidet
1729 474 1737 486 ,
1757 463 1812 481 non
1827 453 1905 481 aliter
1917 454 2116 490 praeformidat,
2125 469 2204 494 quam

1150 497 1197 523 qni
1211 488 1312 514 ferrum
1328 490 1423 516 medici
1441 497 1501 516 ante
1514 498 1594 524 quam
1606 497 1723 522 curetur,
1746 490 1851 524 aspexit.

1188 530 1261 551 PRA
1272 530 1289 549 r.
1300 529 1316 549 ι·
1326 530 1346 551 ο
1360 531 1378 551 R
1393 532 1418 552 m
1429 531 1449 551 0
1459 543 1468 556 ,
1488 529 1539 552 ἵει-υ,
1577 525 1754 560 [manopera]
1791 528 1859 551 Ante
1873 526 1916 551 vel
1924 528 1998 560 prius
2011 526 2137 560 firmare.
2160 530 2206 556 sn,

1153 568 1177 592 7,
1193 566 1234 592 335
1254 561 1341 599 litque
1356 560 1396 586 his
1413 561 1574 595 praeformat
1591 560 1670 586 ditiis
1685 560 1815 595 tingitque
1829 560 1973 588 monendo.
2045 560 2156 588 Animos
2176 564 2208 590 ad

1151 595 1341 622 humanitatem
1355 596 1536 631 praeformare
1550 595 1670 622 scribon.
1691 597 1735 630 Ep,

1167 665 1173 670 .
1188 636 1205 670 ιζ
1215 636 1233 656 n
1244 636 1264 669 n
1273 636 1290 655 E
1300 636 1317 656 r
1329 639 1348 657 0
1358 638 1374 657 R
1388 638 1412 658 M
1425 637 1444 656 :x
1454 636 1475 670 'r
1484 637 1504 656 v
1513 638 1525 656 s
1535 651 1542 662 ,
1563 639 1587 665 a,
1601 640 1655 662 nm.
1676 632 1771 659 Partic.
1791 631 1921 665 Qrinffll.
1932 641 1957 663 2,
1970 633 1995 664 6,
2006 641 2019 662 ς
2038 632 2212 673 Namquein.

1151 664 1308 701 cipientibns
1327 666 1409 694 danda
1426 673 1478 692 crit
1492 666 1566 692 velut
1585 667 1764 700 praeformata
1788 667 1900 694 materia
1919 667 2062 695 secundum
2081 676 2210 702 cuiusque

1151 702 1233 729 vires.
1271 703 1289 729 i.
1312 702 1508 727 Declamationis
1516 701 1624 735 formam
1648 705 1709 728 dare
1728 702 1797 728 debet
1815 709 1975 738 praccepnr,
1997 704 2148 737 diuidendo,
2184 708 2211 730 en

1150 737 1280 764 Almonem
1293 737 1442 771 incipiendo.
1478 737 1510 762 Ee
1527 744 1550 770 5,
1565 745 1603 769 14,
1617 745 1640 769 3¹
1662 738 1855 764 l’racformatae
1866 739 2015 765 infantibus
2026 739 2132 773 literae,
2147 748 2211 774 quas

1105 778 1131 801 ις
1152 773 1291 799 imitentur.

1189 815 1204 836 1>
1214 814 1234 834 R
1247 813 1270 834 Α
1281 814 1298 835 ιε
1307 813 1324 834 r
1334 814 1353 833 o
1361 814 1380 834 R
1390 814 1415 834 M
1425 813 1447 834 Λ
1457 814 1479 834 τ
1489 813 1508 834 o
1520 813 1538 834 R
1549 828 1557 838 ,
1577 807 1641 834 oris.
1655 817 1690 835 m.
1715 808 1836 834 Tertull.
1855 807 1887 834 de
1907 809 2019 836 Praescr.
2042 810 2122 838 Haer.
2137 818 2158 838 e.
2179 819 2211 843 30

1151 843 1274 871 Marcion
1288 843 1425 870 institutor
1443 849 1468 869 et
1482 843 1676 877 praeformator
1691 845 1711 869 Α
1731 843 1797 871 cuis.

1187 887 1229 907 PR
1239 886 1260 905 A
1271 885 1289 905 E
1302 885 1318 906 F
1331 885 1351 906 ο
1363 885 1383 905 R
1392 886 1413 906 T
1426 885 1436 905 1
1449 886 1478 908 s,
1498 887 1522 906 c.
1543 879 1603 906 Adi.
1622 852 1742 906 Tertull.
1755 878 1787 905 de
1801 879 1891 907 Resur.
1904 879 1983 908 Carn.
1998 890 2019 910 c,
2028 890 2042 912 5
2054 881 2125 908 Hinc
2139 881 2213 908 infir.

1152 925 1241 948 mum,
1267 914 1329 941 inde
1344 914 1512 949 praefortem.

1188 956 1458 982 PRAssrovizo,
1485 954 1537 978 ere.

1190 993 1207 1013 Ρ
1219 993 1237 1013 R
1246 992 1293 1013 AB
1302 992 1345 1013 ro
1354 992 1375 1012 'r
1388 992 1409 1013 v
1419 993 1448 1016 s,
1467 994 1491 1018 a,
1506 994 1560 1012 nm.
1598 985 1735 1013 Praefatae
1767 991 1853 1020 partes
1872 993 1941 1020 aqua
1958 986 2061 1014 marina
2081 987 2125 1014 vel
2136 994 2213 1016 aceto

1154 1022 1220 1049 salso
1235 1022 1308 1049 Cael.
1322 1022 1412 1049 Aurel.
1429 1021 1517 1048 Tard.
1537 1033 1562 1054 4,
1582 1030 1603 1049 2.

1193 1064 1210 1085 ι’
1221 1064 1240 1083 R
1248 1063 1294 1084 ΑΕ
1303 1063 1319 1083 F
1330 1063 1350 1083 o
1361 1064 1387 1084 M
1398 1063 1415 1083 E
1426 1063 1447 1082 N
1463 1064 1486 1084 'r
1500 1063 1520 1083 ο
1530 1076 1538 1087 .
1563 1061 1615 1084 are.
1653 1056 1867 1084 Praesomentare
1889 1057 2001 1084 vulnera
2016 1057 2126 1085 Theod.
2136 1060 2216 1095 Prisc,

1155 1103 1175 1130 1,
1189 1102 1223 1121 21,
1261 1094 1331 1119 Adel.
1347 1092 1615 1126 Oelau.Horat.x,1o.

1190 1135 1233 1156 PR
1243 1134 1314 1155 AEF
1325 1135 1345 1155 R
1355 1135 1364 1154 1
1375 1128 1417 1155 G'1‘
1427 1134 1446 1154 D
1462 1135 1481 1153 v
1492 1136 1504 1155 S
1513 1149 1522 1160 ⁷
1549 1137 1572 1164 a,
1585 1137 1639 1156 um.
1660 1127 1718 1153 Adi.
1756 1127 1957 1162 [πολῦψνχςος]
1999 1130 2076 1155 Valde
2085 1130 2215 1165 frigidus,

1153 1165 1219 1193 Plin.
1228 1172 1264 1199 17,
1272 1173 1304 1191 20
1323 1164 1529 1199 Septentrionali
1542 1171 1567 1190 et
1580 1163 1745 1198 praefrigido
1765 1163 1821 1190 situ.
1930 1163 2023 1190 Auster
2034 1160 2214 1201 praefrigidus

1155 1200 1236 1228 Ouid.
1249 1209 1281 1227 ex
1293 1201 1380 1227 Ponto
1393 1209 1422 1233 4,
1436 1209 1468 1230 ιε,
1483 1209 1517 1232 35.
1591 1199 1692 1225 Vinum
1716 1199 1783 1226 Cels.
1805 1210 1828 1232 4,
1844 1208 1866 1228 5.

1191 1243 1234 1264 PR
1244 1243 1267 1263 Α
1277 1243 1294 1263 Ε
1308 1241 1325 1262 F
1339 1242 1358 1263 R
1371 1243 1380 1262 1
1392 1242 1416 1261 N
1429 1241 1451 1262 G
1461 1243 1480 1261 ο
1491 1256 1498 1269 ,
1518 1235 1599 1270 ῑῐέςί,
1611 1234 1736 1266 staffilum,
1751 1236 1802 1262 ὅτε.
1839 1236 2146 1270 [aequaevamjfranssere
2157 1244 2216 1272 par.

1623 1270 1755 1297 Columel.
1768 1280 1791 1301 2,
1802 1280 1814 1297 2
1835 1277 1902 1297 extr.
1941 1271 1971 1296 Et
1991 1272 2217 1305 praefrafflsstir·

1579 950 1645 976 Vnde

34 1308 57 1340 Ἰ.
71 1314 86 1339 6
106 1311 139 1338 de
152 1312 276 1339 Seruitnt.
288 1310 380 1338 vrban.
398 1309 583 1344 praediorum,
602 1309 628 1336 Si
642 1318 692 1343 ego
705 1317 752 1344 per
764 1308 888 1335 statutum
901 1314 1004 1342 tempus
1018 1306 1092 1333 fene·
1118 1314 1209 1344 30peS,
1229 1308 1394 1342 summasque
1407 1306 1518 1340 radices,
1537 1306 1634 1342 quibus
1643 1314 1703 1341 ager
1716 1305 1823 1334 arbusto
1838 1306 2218 1340 consitusimplicant-,onmes

39 1348 102 1375 ssras
115 1355 185 1375 meas
197 1347 324 1382 praefixas
338 1345 467 1380 habuero,
479 1347 520 1372 vel
541 1344 708 1372 obstruxere.

79 1390 95 1410 r
105 1390 124 1410 R
135 1390 156 1411 Α
170 1389 187 1410 Ε
197 1387 261 1409 FrG
273 1389 292 1409 v
302 1389 321 1409 R
333 1388 353 1409 ο
363 1402 371 1415 ,
388 1386 441 1410 are.
476 1382 508 1409 Se
528 1381 640 1416 quisque
659 1389 709 1416 pro
727 1380 788 1407 sexu
808 1380 837 1407 in
857 1379 913 1406 illis
931 1377 1094 1414 imaginibus

35 1419 200 1492 ῗὶεῡῆςίιῖἓιῇἱ
216 1418 333 1446 Ladiant.
346 1421 371 1451 6,
384 1428 424 1446 20.
442 1419 472 1446 cle
487 1418 573 1453 pueris
592 1424 616 1443 et
632 1416 736 1452 puellis,
754 1417 886 1452 impudicos
903 1416 974 1441 ludos
997 1415 1094 1441 comicos

81 1498 96 1518 P
107 1497 128 1518 R
139 1497 161 1518 Α
173 1496 232 1517 [31²1
245 1495 267 1517 G
278 1497 297 1516 v
308 1495 456 1522 RATIO,
475 1488 544 1516 ὃηίς.
563 1488 584 1515 s.
621 1488 682 1515 Sine
700 1488 754 1515 vlla
780 1487 1003 1524 praefiguratione
1023 1485 1095 1512 futu-
1114 1492 1141 1517 35
1158 1496 1238 1514 manu
1250 1493 1296 1514 aut
1309 1487 1382 1513 ferro
1396 1486 1458 1513 eiici
1477 1485 1566 1521 posin,
1604 1486 1799 1512 medicamento
1817 1483 1967 1512 euocandus
1986 1484 2029 1512 est.

42 1535 134 1555 rorum
151 1525 286 1561 Augustin.
300 1526 331 1556 C,
341 1526 372 1552 D.
389 1527 424 1559 16,
437 1535 459 1552 2.
478 1525 496 1554 i.
522 1525 690 1560 defignatione
728 1524 898 1560 descriptione.

78 1570 94 1589 P
104 1569 122 1589 R
134 1569 156 1591 Α
165 1569 182 1590 Ε
192 1568 207 1588 F
216 1564 229 1588 ι’
239 1569 260 1588 N
271 1568 280 1588 ι
292 1567 312 1588 0
322 1583 330 1595 ,
350 1561 399 1597 iui,
419 1564 495 1594 itum,
510 1564 558 1587 ite.
597 1561 695 1594 [προορί
714 1560 749 1594 ω]
785 1559 955 1595 Praescribere
964 1578 972 1590 ‚
994 1555 1096 1593 praesti.

42 1605 120 1626 tuere.
157 1598 214 1626 cic.
228 1598 299 1624 Fam.
312 1605 340 1632 7,
354 1607 367 1624 2
387 1597 436 1624 Sed
448 1606 481 1623 eo
495 1595 584 1622 vidisti
598 1596 727 1629 multum,
747 1595 819 1630 quod
833 1593 988 1630 praefinisti,
1001 1601 1055 1627 quo
1063 1601 1096 1618 ne

45 1634 129 1669 pluris
141 1642 266 1660 emerem.
362 1633 412 1660 Tu
428 1641 511 1663 vero,
532 1638 560 1658 vt
573 1631 694 1658 videtur:
730 1641 789 1658 narn
805 1631 962 1666 praefinire,
989 1638 1044 1655 non
1059 1628 1094 1654 est

43 1679 133 1697 meum
145 1670 201 1696 Cic.
213 1669 296 1696 Tusc.
311 1677 323 1699 5
341 1677 363 1695 c.
377 1673 399 1699 8.

45 1715 124 1739 quam
137 1704 188 1732 tibi
202 1704 348 1739 praefinio,
367 1713 421 1738 quo
435 1704 522 1730 minus
547 1703 656 1738 ingenio
674 1712 778 1730 mecum
797 1709 875 1736 atque
892 1702 968 1729 omni
988 1700 1094 1727 dicendi

45 1742 168 1768 facultate
183 1739 332 1768 contendas.
439 1739 566 1766 Calendas
585 1740 640 1765 Ian.
654 1737 706 1764 tibi
726 1739 877 1772 praefinitas
891 1738 940 1763 else
956 1737 1022 1762 scito
1036 1735 1093 1761 Cic.

47 1778 119 1805 Fam.
135 1779 160 1810 6,
168 1783 190 1807 8.
233 1775 307 1803 Idem
316 1775 348 1802 de
364 1775 488 1803 Prouinc.
503 1774 612 1802 Consul.
624 1783 651 1806 37
671 1774 768 1808 Legem
780 1781 859 1808 quam
878 1780 932 1798 non
947 1776 1029 1805 putat,
1037 1778 1096 1795 eam

47 1821 154 1849 quoque
170 1813 270 1842 seman
305 1811 430 1846 praefinit
443 1810 515 1836 enim
528 1809 664 1836 successori
678 1809 757 1835 diem.
827 1807 901 1833 Idem
922 1807 953 1832 de
970 1803 1062 1838 Legib.
1071 1811 1097 1837 2,

44 1858 76 1880 ης
95 1848 142 1875 Sed
155 1856 205 1882 ego
217 1853 318 1874 caetera
330 1855 385 1872 non
399 1851 451 1871 tam
465 1844 585 1871 restricte
598 1843 746 1878 praefinio,
775 1842 818 1869 vel
843 1841 985 1868 hominum
1013 1838 1098 1874 vitiis,
1116 1847 1144 1873 45
1160 1849 1185 1868 et
1208 1849 1254 1877 pro
1281 1840 1409 1876 Obstsnato
1433 1841 1543 1875 punitur,

44 1884 88 1912 vel
100 1882 218 1910 fiubfidiis
233 1888 382 1916 temporum
395 1880 490 1907 vietus.
561 1879 707 1906 Praefinire
719 1879 834 1905 sumtum
849 1878 974 1904 funerum
994 1883 1026 1902 ex
1040 1883 1099 1901 cen-

44 1919 112 1948 abus
132 1918 205 1946 Idem
220 1916 285 1944 ibid.
301 1926 322 1948 2,
335 1919 377 1946 68.
412 1914 485 1942 Idem
498 1914 530 1942 de
538 1915 600 1950 Leg.
613 1916 705 1950 Agrar.
719 1923 775 1949 1,¹0
795 1913 874 1948 Qod
883 1912 1019 1947 superiore
1027 1917 1099 1946 parte

47 1956 112 1990 legis
130 1953 298 1989 praefinitum
311 1952 380 1985 fuit,
399 1951 470 1978 Sulla
481 1956 507 1978 et
520 1950 648 1986 Pompeio
661 1949 838 1984 Consulibus,
863 1948 893 1976 id
917 1949 1006 1976 rursus
1031 1946 1097 1974 libe-

46 1990 107 2019 rum
128 1989 316 2022 infinitumque
323 1988 452 2014 fecerent.

1153 1560 1253 1594 frm‘la.

1156 1344 1273 1371 refodiat
1284 1352 1313 1370 ac
1332 1344 1512 1379 persequatur.

1584 1342 1644 1369 Liu.
1661 1348 1684 1374 8,
1703 1351 1730 1368 10
1751 1342 1783 1368 Et
1795 1341 1877 1368 hastas
1891 1348 1936 1368 aut
1950 1341 2159 1377 praefregiffent,
2172 1349 2218 1370 aut

1157 1379 1326 1407 hebetass'ent.

1192 1422 1207 1441 P
1219 1422 1295 1442 RAE
1305 1421 1321 1441 F
1333 1420 1408 1442 RAc
1418 1421 1438 1441 T
1447 1422 1468 1441 V
1477 1420 1502 1447 S,
1521 1422 1546 1447 a,
1559 1423 1613 1442 um.
1637 1413 1731 1440 Partic.
1769 1413 2013 1448 [προκαταγνύμενος]
2034 1413 2102 1440 Cels.
2113 1423 2135 1446 5,
2144 1415 2185 1446 26,
2194 1421 2220 1446 35

1156 1451 1280 1479 Surculus
1293 1451 1403 1485 corpori
1415 1450 1512 1477 infixus
1526 1450 1543 1476 fi
1557 1449 1721 1485 praefra&us
1734 1448 1780 1482 est,
1794 1449 1836 1476 vel
1848 1448 1926 1476 altius
1941 1448 2083 1482 descendit,
2090 1458 2176 1484 ‘Aquam
2189 1455 2219 1476 vt

2136 1485 2220 1520 Ligna

1436 1524 1466 1548 In
1502 1522 1590 1557 prima
1625 1522 1731 1554 fronte,
1767 1528 1792 1547 ee
1832 1522 1860 1546 in
1893 1520 1987 1555 summo
2019 1521 2094 1556 quast
2128 1522 2220 1547 cortice

1297 1558 1402 1585 Lucret.
1431 1567 1451 1590 1,
1477 1563 1518 1591 89¹
1567 1557 1702 1584 Postremo
1724 1557 1753 1583 in
1779 1556 1859 1590 lignis
1886 1557 2017 1588 cinerem,
2060 1556 2221 1591 fumumque

1159 1595 1247 1622 videri
1284 1595 1376 1628 Qum
1401 1593 1550 1629 praefrae'ta
1574 1593 1674 1620 forent.
1779 1592 1860 1619 Pinus
1884 1591 2031 1627 praefracta
2051 1591 2133 1618 Ouid.
2153 1592 2220 1618 Met.

1163 1640 1198 1664 12,
1220 1636 1270 1663 338.
1468 1627 1489 1667 q
1528 1637 1541 1655 2
1578 1629 1721 1663 Metaphar.
1747 1630 1832 1654 Durus
1851 1635 1876 1654 et
1893 1627 2048 1662 inflexibilis.
2148 1627 2220 1653 Huic

1158 1521 1324 1559 praefrafta,
1377 1522 1394 1548 i.

505 1667 580 1695 Idem
593 1669 670 1694 Verr·
683 1676 706 1700 5,
721 1676 757 1700 173
783 1668 879 1701 Neque
897 1666 929 1693 de
952 1664 999 1692 illo
1019 1663 1094 1699 quid·
1104 1674 1138 1699 40
1162 1666 1311 1693 contrarius
1331 1665 1420 1693 Aristo
1440 1665 1541 1698 Chius,
1578 1664 1758 1699 praefractus,
1782 1664 1887 1689 seuerus
1906 1663 1962 1690 Cic.
1981 1669 2021 1697 ap.
2043 1663 2116 1688 Non.
2132 1671 2155 1696 2,
2163 1664 2222 1694 664.

1162 1702 1220 1729 Val.
1238 1703 1309 1729 Max.
1331 1704 1357 1735 6,
1379 1710 1391 1731 5
1411 1707 1462 1727 ext.
1482 1712 1496 1733 4
1523 1700 1701 1727 Praefraffior
1720 1705 1798 1733 atque
1818 1697 1949 1724 absciffior
1968 1697 2076 1724 iustitia.
2114 1698 2172 1724 Cic.
2192 1697 2223 1724 in

1161 1738 1236 1763 Orat.
1258 1746 1290 1769 40
1310 1746 1332 1764 e.
1354 1746 1377 1767 ις
1398 1735 1573 1767 Thucydides
1594 1743 1682 1760 autem
1703 1733 1898 1768 praefratiUor,
1918 1740 1965 1759 nec
1983 1732 2052 1767 satis,
2075 1739 2103 1758 vt
2126 1733 2164 1758 ita
2183 1731 2224 1760 di-

1160 1780 1235 1804 eam,
1272 1771 1413 1797 rotundus,
1510 1769 1713 1801 Praefraffior,
1750 1770 1769 1794 i.
1795 1767 1915 1802 Asperior
1931 1774 1955 1793 et
1974 1767 2074 1793 durior.
2148 1768 2223 1794 Prae-

1160 1806 1262 1833 fractus
1281 1806 1345 1830 enim
1366 1804 1416 1840 est,
1451 1805 1507 1840 Qi
1520 1804 1591 1839 flec'li
1611 1813 1658 1829 non
1681 1803 1773 1839 potest,
1805 1804 1853 1839 sed
1872 1803 1955 1836 potius
1968 1802 2122 1837 fivngitur:
2158 1804 2225 1829 vnde

1653 1841 1683 1864 ln
1703 1840 1745 1865 hoe
1764 1846 1846 1864 autem
1866 1837 2006 1865 ciceronis
2025 1840 2073 1863 loco
2094 1839 2181 1865 Breuis
2201 1844 2225 1864 et

1161 1877 1230 1904 conci
1241 1886 1268 1902 us
1287 1877 1368 1911 potius
1387 1877 1536 1906 denotatur,
1572 1882 1602 1900 vt
1621 1875 1765 1908 abruptus,
1807 1874 1989 1908 confragosus.

1198 1919 1215 1939 r
1254 1917 1420 1939 AEFRAC
1431 1918 1485 1938 TE.
1531 1911 1597 1938 Adu.
1635 1907 1794 1972 [adaman-{³
1825 1910 1958 1944 Osssmate.
1997 1909 2054 1936 Cic.
2080 1909 2134 1936 Off.
2156 1918 2179 1943 3,
2193 1915 2224 1942 88

1160 1958 1183 1976 c.
1203 1957 1243 1975 22.
1349 1947 1441 1974 Nimis
1461 1947 1529 1973 mihi
1548 1946 1695 1981 praefracte
1713 1945 1774 1972 vide
1797 1954 1856 1985 atur
1875 1946 2007 1972 aerarium
2030 1944 2223 1980 vectigaliaque

1164 1984 1316 2011 defendere.
1423 1985 1534 2016 Compas.
1556 1982 1612 2007 Val.
1633 1982 1702 2007 Max.
1723 1991 1749 2016 9,
1776 1991 1788 2013 7
1819 1987 1885 2007 extr.
1957 1980 2130 2016 Disciplinam
2150 1990 2225 2016 prae-

83 2033 99 2051 Ρ
110 2031 130 2052 ιι
141 2031 164 2051 Α
172 2031 190 2051 13
198 2030 214 2050 F
225 2030 235 2050 ι
246 2031 269 2050 N
278 2029 288 2048 1
298 2030 320 2050 'r
329 2029 341 2048 1
351 2028 371 2048 o
380 2042 389 2054 ,
410 2022 479 2048 anis.
495 2022 516 2048 f.
551 2022 670 2048 Iulianus
682 2021 711 2048 in
726 2022 745 2048 1.
782 2022 874 2053 Quum
886 2018 938 2045 fine
952 2019 985 2044 D.
994 2016 1099 2050 Quand.
1119 2026 1152 2050 50
1163 2019 1276 2046 fraffius
1293 2025 1320 2045 et
1347 2017 1460 2052 rigidius
1477 2017 1648 2049 adstringere.

51 2061 106 2089 dies
120 2060 167 2094 leg.
180 2059 224 2086 vel
236 2058 369 2085 fideicom.
385 2056 441 2082 ced.
512 2057 603 2090 Qtum
614 2056 666 2082 sine
680 2056 867 2090 praefinitione
886 2053 1012 2087 temporis
1033 2053 1100 2085 lega-

50 2104 108 2124 tum
120 2095 156 2122 ita
173 2095 261 2121 datum
272 2093 369 2123 fuerit,
389 2091 475 2118 onri
489 2099 562 2118 meae
589 2100 686 2126 penum
705 2089 780 2118 heres
799 2089 868 2117 dato.
961 2087 1102 2115 Marcellus

49 2133 79 2159 in
101 2132 118 2158 Ι.
134 2130 273 2166 proxima}
292 2129 319 2156 Si
331 2137 390 2155 cum
404 2127 589 2162 praefinitione
604 2135 736 2154 annorum
756 2127 870 2161 legatum
890 2124 989 2156 fuerit,
1025 2123 1101 2150 velut

52 2168 134 2195 Titio
143 2166 208 2193 dena
219 2165 251 2192 ad
264 2173 346 2191 annos
353 2162 505 2196 decem,etc.
576 2162 727 2190 Secundum
747 2161 961 2198 praefinitionem
980 2159 1101 2186 Tertull.

51 2204 84 2231 de
97 2204 208 2238 Monog.
224 2210 246 2228 c.
260 2208 285 2228 2.
357 2201 425 2226 Add.
439 2198 517 2233 Vulg.
533 2199 625 2234 Ephes.
639 2208 660 2232 3,
678 2208 707 2225 ιι.

87 2245 103 2265 r
112 2245 132 2266 R
141 2244 163 2265 Α
171 2245 188 2264 E
197 2244 231 2264 1-'1
243 2244 266 2263 N
279 2237 355 2263 i‘ro.
374 2234 440 2261 Adn.
460 2236 473 2270 [
486 2240 657 2269 aegooeqnoeutmc
671 2237 683 2268 ]
720 2234 840 2261 Donatus
850 2233 913 2259 dicit
926 2231 1008 2259 deesse
1015 2232 1101 2259 Tem-

50 2283 131 2310 pore:
168 2280 197 2300 vt
208 2273 324 2300 dicamus
337 2270 480 2298 Praefinito
493 2276 620 2306 tempore.
646 2271 715 2297 Ter.
735 2270 802 2297 Hec.
825 2279 844 2303 ι,
864 2277 888 2302 2,
908 2278 934 2301 19
953 2268 1024 2296 Nam
1043 2267 1100 2294 illic

50 2309 121 2339 haud
136 2309 240 2341 licebat,
253 2307 300 2334 nifi
313 2306 452 2342 praefinito
464 2307 550 2341 loqui.
665 2321 668 2325 =

91 2350 341 2376 PRAEFtNtTvs,
355 2351 379 2376 a,
392 2351 445 2368 um.
461 2343 528 2369 Part.
536 2342 660 2369 Scaeuola
671 2343 729 2375 l.47
738 2342 770 2369 D.
778 2340 811 2368 de
819 2339 914 2371 Paetis,
926 2341 999 2367 Intra
1011 2339 1104 2375 praefl-

52 2383 139 2411 nitum
161 2387 272 2415 tempus.
297 2381 366 2406 Add.
377 2378 454 2413 Vulg.
464 2378 531 2406 Dan.
539 2387 575 2411 12,
583 2389 606 2411 4.
642 2377 724 2405 Galat.
739 2387 792 2410 4⁵²·

53 2434 58 2441 ι
93 2421 382 2447 PRAEFHCINE,
419 2413 463 2440 vel
497 2420 600 2441 PRAE
613 2419 631 2440 F
644 2420 734 2449 17sC1
746 2419 803 2446 N1,
821 2423 836 2439 a
856 2412 965 2440 Fascino
978 2411 1018 2447 est,
1034 2410 1104 2446 quasi

10 2456 120 2489 &dicas
141 2455 247 2479 Praeter
253 2450 397 2485 fascinum,
418 2448 611 2485 [ἐξασκάντως]
647 2451 740 2484 Nempe
748 2449 862 2483 formula
882 2448 917 2484 est
935 2448 1065 2474 fascinum
1085 2448 1104 2474 i.

42 2489 82 2526 fi
93 2489 237 2516 cinan'wem
245 2508 254 2520 ‚
272 2486 498 2522 illampraesereim,
510 2495 571 2520 quae
582 2495 613 2512 ex
628 2486 702 2511 laude
715 2484 882 2520 intempestiua
899 2484 949 2519 est,
970 2485 1103 2519 deprecan-

32 2523 37 2557 ζ
89 2524 116 2551 ἐἰ
130 2522 263 2557 depellendi
269 2542 278 2555 ,
297 2524 328 2548 de
342 2531 390 2556 qua
401 2523 497 2547 Mum.
516 2523 574 2547 Var.
595 2521 659 2547 Lec7.
672 2530 698 2553 9,
711 2530 730 2552 3.
803 2519 885 2546 Plaut.
904 2520 972 2546 Asin.
999 2530 1022 2552 2,
1037 2531 1061 2552 4,
1074 2526 1104 2551 84

28 2577 34 2584 .
49 2560 203 2590 Praefiscine
220 2558 270 2584 hoc
284 2567 354 2584 nunc
374 2557 504 2590 dixerim,
523 2564 602 2583 nemo
616 2556 695 2582 etiam
711 2564 755 2583 me
768 2555 898 2582 accusauit
915 2555 1014 2583 merito
1031 2554 1141 2583 meo.65

52 2592 120 2624 Add.
136 2594 210 2630 Apul.
224 2594 296 2620 Flor.
310 2602 331 2624 3.
367 2593 459 2627 Scalig.
475 2594 510 2618 ad
520 2592 585 2619 Fest.
623 2592 787 2623 Praefiscine,
808 2592 917 2618 Veteres
930 2590 960 2617 ad
977 2591 1106 2617 fascinum

53 2630 236 2667 depellendum
251 2629 339 2655 dicere
353 2627 478 2662 solebant.
567 2627 692 2654 Afranius
713 2629 729 2654 s.
749 2627 860 2654 Titinn.
878 2634 916 2662 ap.
932 2626 1034 2653 Charis.
1052 2636 1064 2653 2
1078 2636 1103 2661 p.

56 2674 124 2700 ¹39..
179 2664 268 2692 Panlla
281 2673 340 2691 mea
354 2664 465 2696 amabo,
485 2663 531 2698 pol
547 2668 575 2690 tu
588 2663 620 2689 ad
633 2663 737 2690 laudem
750 2662 840 2689 addito
867 2662 1034 2697 praefiscine,
1072 2671 1105 2689 ne

27 2722 29 2725 -
55 2701 143 2739 puella
156 2701 304 2727 fascinetur.
388 2698 557 2734 Praefiscine,
576 2701 605 2725 de
617 2697 745 2734 praesenti
751 2710 757 2725 ;
784 2698 947 2733 praefiscini,
970 2700 1000 2724 de
1012 2699 1105 2732 futuro

55 2739 122 2771 dici,
143 2736 254 2772 olgferuat
271 2735 363 2770 Scalig.
378 2744 404 2763 v.
418 2736 537 2761 Stewecb.
553 2737 587 2760 ad
599 2734 676 2768 Apul.
691 2735 761 2761 Flor.
776 2743 800 2768 p.
822 2741 873 2767 398.

90 2780 106 2800 1³
119 2779 139 2799 R
149 2779 172 2800 A
181 2778 198 2798 E
207 2777 273 2798 FLE
282 2777 303 2797 T
312 2776 332 2796 V
341 2777 370 2802 S,
398 2778 427 2802 a,
444 2779 499 2797 um.
545 2770 654 2797 Diutine
673 2770 731 2797 visu
751 2771 875 2805 praefleto
896 2770 975 2805 Apul.
995 2769 1080 2796 Miles.
1093 2779 1106 2796 2

57 2819 82 2847 p.
95 2816 144 2840 ης.
215 2805 325 2834 Perfleto
346 2806 455 2832 Elmenh.
474 2806 492 2833 ι’.
505 2806 616 2832 lacrimis
628 2806 720 2841 rigato.

91 2844 136 2872 'PR
146 2851 168 2871 Α
178 2848 196 2870 Ε
207 2849 246 2870 PL
256 2843 302 2869 &R
313 2847 356 2867 1-ῑο
365 2862 374 2874 ,
394 2841 432 2870 ui,
446 2845 498 2868 ere.
536 2843 690 2876 [πραινθέω]
725 2843 794 2868 Ante
801 2841 903 2878 florere.
941 2841 1010 2868 Plin.
1025 2842 1062 2874 16,
1074 2849 1104 2875 29

56 2880 173 2914 Ideoque
186 2885 211 2905 et
222 2878 380 2913 praeflorent
393 2876 464 2907 talia,
476 2884 502 2904 et
519 2877 741 2911 praegerruinant.

93 2924 108 2943 r
118 2923 137 2943 R
145 2923 167 2942 A
177 2922 193 2942 ε
202 2920 218 2940 1⁷
227 2922 243 2941 L
253 2916 271 2939 ὁ
280 2919 299 2939 R
309 2919 328 2940 ο
338 2933 346 2946 ,
367 2917 419 2938 are.
457 2913 612 2947 [προόρέηω]
649 2913 721 2946 quast
732 2912 883 2940 praelibare.
955 2912 1023 2940 Gell.
1045 2922 1084 2946 14,
1099 2922 1106 2939 ι
1116 2921 1143 2945 75

56 2952 123 2980 extr.
195 2951 224 2977 Et
238 2949 323 2976 futuri
336 2948 425 2983 gaudii
440 2948 558 2975 fruelum
572 2948 626 2983 spes
639 2947 689 2974 tibi
704 2949 757 2974 iam
771 2949 978 2982 praeflorauerit.

93 2994 109 3014 Ρ
117 2994 136 3014 R
147 2993 168 3014 A
178 2992 196 3013 E
207 2992 247 3013 ΡΙ,
258 2992 277 3013 0
288 2992 307 3012 R
317 2986 339 3012 A*
347 2991 368 3010 T
377 2991 398 3010 v
407 2991 419 3010 s
428 3002 436 3014 ‚
453 2993 477 3017 a,
491 2993 545 3010 um.
553 2984 618 3017 Part,
627 2984 783 3010 Praeflorata
789 2984 865 3019 virgo
875 2984 1029 3019 ApulApol.
1037 2993 1063 3017 p.
1073 2992 1109 3014 332

60 3025 121 3051 Etm.
141 3023 323 3057 Praeccrpturn
341 3021 578 3055 praefloratumque
593 3020 659 3046 Plin.
674 3021 766 3054 Paneg.
781 3028 804 3047 c.
819 3026 857 3050 58·
929 3019 1022 3046 Gloria
1036 3027 1109 3054 prae-

60 3059 151 3087 florata
163 3058 224 3085 Liu.
240 3067 275 3091 37,
288 3062 323 3090 58.
366 3057 419 3096 ῐζὶιί.
434 3057 539 3083 Θνυηυιι.
561 3058 596 3081 ad
607 3056 651 3082 loc.

1108 2207 1138 2230 55

52 3104 54 3106 ’
94 3102 110 3121 P
121 3101 141 3122 R
152 3102 173 3122 A
182 3101 199 3120 E
209 3100 227 3120 F
241 3101 258 3121 ι,
269 3101 290 3120 v
301 3100 336 3125 O,
357 3101 396 3125 Xi,
412 3101 486 3125 xum,
499 3093 550 3118 ere.
588 3091 724 3126 [πςορῥέω]
761 3093 829 3118 Ante
845 3091 932 3128 fluere.
969 3090 1036 3118 Plin.
1054 3101 1078 3122 4,
1096 3093 1151 3124 580

59 3130 220 3158 eraefluente
234 3129 336 3163 Alpheo
351 3137 436 3155 amne.
507 3127 579 3154 Idem
597 3137 618 3160 5,
635 3136 667 3160 30
687 3128 840 3162 Pergamum
865 3126 937 3161 qnod
969 3126 1110 3152 intermeat

65 3160 178 3199 silenus,
197 3166 316 3200 praefluit
328 3165 418 3192 Cetius
433 3163 556 3198 profusus
571 3162 680 3189 Pindaso
693 3169 792 3190 monte.
829 3163 899 3190 Hor.
913 3163 1032 3193 Carina,
1047 3171 1067 3195 ς,
1081 3170 1111 3188 ιο

56 3199 112 3227 Sed
123 3210 188 3236 quae
200 3201 294 3228 Tibur
306 3209 387 3236 aquae
400 3200 490 3227 fertile
508 3199 664 3234 praefluunt.
736 3199 845 3225 Flumen
860 3199 939 3225 castra
953 3197 1112 3233 praefluebat

67 3233 155 3266 Tacit.
168 3237 234 3264 Ann.
247 3245 282 3270 15,
295 3245 326 3269 ις.
398 3236 472 3269 Conf.
487 3236 569 3261 Burm.
587 3237 623 3260 aav
633 3234 764 3268 Qxineiil.
779 3243 801 3267 2,
813 3242 826 3268 ς
844 3244 871 3270 p.
890 3244 932 3263 151.

101 3275 116 3295 ι’
126 3276 146 3296 R
158 3277 206 3297 ΑΕ
215 3278 285 3298 er
294 3278 314 3297 v
326 3278 338 3297 s
347 3292 356 3304 ‚
373 3280 398 3305 a,
412 3281 466 3299 urn.
487 3271 545 3300 Adi,
566 3270 635 3298 Plin.
649 3279 686 3304 19,
699 3281 713 3303 4
733 3271 834 3297 Hortos
847 3270 897 3298 else
909 3270 1000 3304 riguos
1015 3268 1112 3295 haben·
1120 3274 1148 3299 ες

71 3304 119 3331 dos
131 3307 244 3339 praefluo
256 3316 342 3334 amne.

100 3346 144 3381 pR
152 3347 172 3367 A
179 3348 196 3367 E
207 3347 224 3367 Ρ
234 3344 253 3368 6
261 3348 278 3369 c
287 3349 308 3369 0
317 3363 325 3376 ,
341 3346 396 3369 are.
432 3341 542 3376 [ἄγχω]
582 3342 705 3376 Spiritum
713 3342 832 3376 faucibus
838 3343 958 3368 claudere.
995 3339 1076 3367 Ouid.
1085 3339 1113 3367 in

69 3376 128 3403 ibin
141 3381 184 3408 558
202 3377 353 3405 Praefocent
366 3377 468 3404 animae
483 3377 577 3404 Gnosia
591 3377 668 3404 mella
680 3378 761 3404 viam.
833 3375 983 3406 Praefocari
992 3375 1114 3405 Scribon.

66 3422 115 3446 ¹79·
130 3413 237 3444 184196.
254 3412 408 3449 1'.suff0cari.
479 3413 626 3440 Praefocari
640 3414 766 3441 videntur
778 3423 817 3448 94.

101 3454 174 3475 PRA
185 3452 202 3473 Ε
216 3452 233 3473 F
243 3450 342 3475 ocA'r
353 3456 375 3475 v
385 3455 399 3475 S
411 3469 419 3480 ‚
437 3457 461 3480 a,
474 3456 527 3474 um.
564 3450 658 3477 Partic.
693 3450 820 3484 Calpurn.
835 3450 889 3477 Ecl.
909 3460 933 3484 4,
952 3455 988 3481 Ης
1008 3448 1113 3474 Praefo-
1122 3458 1156 3484 90

66 3489 122 3510 eata
146 3482 291 3517 malignum
312 3483 480 3510 Meffishabet
494 3482 603 3512 lolium.'
634 3485 782 3513 Praefocati
805 3485 930 3512 videntur
948 3483 1112 3518 Scribon.47.

101 3526 117 3546 p
127 3526 147 3546 R
157 3525 177 3544 Α
187 3524 227 3545 EF
237 3524 257 3544 ο
267 3524 283 3544 C
294 3524 315 3545 A
327 3525 344 3545 Β
356 3517 393 3545 i'L
402 3527 412 3546 1
422 3527 435 3546 s
445 3539 453 3551 ,
472 3528 495 3546 e.
519 3519 579 3546 Adi.
602 3520 674 3548 Cael.
688 3522 779 3549 Aurel.
793 3522 866 3548 Acnt.
879 3531 901 3554 2,
920 3529 957 3553 27,
977 3527 1015 3552 ¹43
1040 3520 1113 3545 Prae-

67 3554 191 3595 focabilis
205 3553 307 3580 iacendi
321 3553 457 3581 difficultas
471 3554 566 3585 arliae,
584 3564 644 3588 quae
656 3558 759 3583 videtur
783 3558 934 3592 praefirare.
1008 3555 1113 3582 Praefo-

67 3590 156 3618 cabilis
175 3590 260 3616 sensus
277 3588 349 3616 Idem
362 3598 384 3622 3,
395 3598 420 3622 2,
433 3592 461 3616 16
478 3590 587 3622 cumfibi
598 3593 653 3624 quis
672 3593 814 3627 praefocari
827 3594 937 3619 videtur.
979 3591 1017 3618 1d.
1037 3591 1113 3617 Acut.

1159 2305 1274 2340 fulgere.

1113 2739 1146 2764 70

1200 2059 1468 2086 PRAEthsio,
1488 2054 1540 2078 ere.
1576 2051 1694 2079 Tertull.
1728 2050 1761 2077 de
1789 2051 1885 2077 Anima
1927 2060 1949 2077 c.
1971 2059 2006 2084 33·

1200 2096 1302 2117 PRAE
1315 2096 1418 2116 FVLC
1434 2096 1495 2120 10,
1515 2088 1542 2120 fi,
1568 2096 1635 2123 tum,
1656 2090 1696 2113 ire
1742 2087 1896 2121 [πρσεᾳέόω]
1935 2087 2114 2122 Praemunire,
2148 2095 2222 2124 prae.

1162 2126 1272 2163 struere.
1344 2126 1426 2152 Plaut.
1454 2124 1545 2150 Pseud.
1564 2133 1587 2158 3,
1608 2133 1628 2156 1,
1647 2127 1661 2150 6
1682 2121 1736 2148 vbi
1753 2131 1802 2156 ego
1822 2121 1949 2149 omnibus
1969 2123 2075 2157 paruis,
2112 2124 2226 2159 magnis-

1164 2171 1217 2197 que
1241 2161 1357 2188 miseriis
1389 2160 1560 2196 praefulcior.
1606 2160 1664 2186 Cic.
1690 2160 1743 2185 Art.
1775 2168 1797 2192 5,
1824 2168 1844 2190 13
1870 2158 1919 2184 Per
1938 2158 2060 2185 fortunas
2081 2160 2226 2194 (quoniam

1163 2199 1265 2224 Romae
1291 2200 1393 2230 manes)
1418 2197 1536 2231 primum
1562 2195 1629 2222 illud
1654 2193 1781 2228 praefulci
1805 2200 1883 2228 atque
1904 2195 2042 2228 praemuni
2063 2196 2170 2230 quaese,
2192 2202 2222 2223 vt

1166 2233 1245 2261 sunus
1265 2233 1365 2266 annui,
1403 2242 1436 2259 ne
1456 2232 1626 2258 intercaletur
1647 2230 1763 2264 quidem.

1597 2266 1625 2300 fi,
1664 2270 1718 2292 Cre.
1756 2266 1967 2300 [nupseram-siga]
2005 2267 2111 2293 Praeter
2130 2269 2225 2293 modum

1346 2304 1448 2331 AuEtor
1467 2303 1498 2330 ad
1517 2304 1636 2330 Herenn.
1657 2311 1677 2334 ς,
1694 2311 1717 2334 33
1739 2301 1816 2328 Tum
1836 2310 1884 2328 nec
1904 2302 1984 2328 nimis
2008 2301 2138 2334 illustres,
2176 2311 2225 2329 nec

1165 2341 1338 2368 vehementer
1358 2339 1484 2366 obscuros
1502 2339 1574 2366 locos
1595 2338 1687 2365 haberi
1709 2343 1833 2372 oportet,
1869 2346 1903 2363 ne
1921 2344 1966 2364 aut
1986 2337 2162 2365 obcaecentur
2188 2344 2225 2365 te-

1204 2274 1560 2300 PRAEFVLGEO,

1110 2376 1146 2402 60
1168 2376 1260 2403 nebris
1280 2376 1419 2410 imagines,
1453 2382 1498 2402 ant
1516 2375 1655 2410 splendore
1676 2373 1866 2408 praefulgeant.
1889 2373 1949 2400 Sen.
1963 2373 1995 2400 de
2009 2373 2099 2401 Benef.
2115 2384 2134 2409 1,
2147 2375 2225 2401 6Au-

1165 2421 1198 2439 ro
1218 2411 1395 2447 praefulgent.

1201 2452 1505 2480 PRAEFVLGENS‚
1541 2446 1618 2473 entis.
1657 2446 1752 2473 Partic.
1794 2444 2017 2480 [περισελκγίζων]
2055 2445 2160 2472 Murice
2180 2454 2226 2472 au-

1167 2491 1226 2511 rato
1247 2482 1414 2518 praefulgens
1435 2482 1480 2510 Sil.
1501 2493 1525 2516 4,
1545 2484 1601 2514 326.
1699 2481 1775 2508 Pellis
1799 2480 1968 2515 praefulgens
1986 2481 2121 2515 vnguibus
2139 2481 2227 2508 aureis

1167 2520 1244 2554 Virg.
1270 2521 1336 2545 Aen.
1364 2525 1387 2552 8,
1409 2527 1459 2550 553-
1583 2517 1719 2544 Memoria
1739 2517 1854 2551 Poppaei
1875 2516 1966 2543 Sabini
1986 2517 2119 2543 consulari
2137 2523 2163 2543 et
2180 2517 2228 2544 tri-

1170 2555 1289 2590 umphali
1311 2554 1406 2581 decore
1430 2553 1620 2589 praefulgentis
1633 2554 1725 2581 Tacit.
1742 2554 1810 2579 Ann.
1836 2562 1866 2585 13,
1887 2560 1927 2584 43,
1949 2561 1970 2578 ε’.

1205 2597 1222 2618 1²
1232 2597 1252 2617 R
1266 2597 1287 2617 A
1302 2596 1319 2617 Ε
1330 2596 1347 2616 F
1357 2597 1378 2615 v
1390 2597 1406 2617 ι
1418 2596 1441 2616 G
1454 2589 1467 2617 f
1478 2596 1498 2617 D
1512 2597 1532 2615 v
1547 2596 1578 2624 s,
1611 2598 1636 2624 a,
1662 2598 1718 2616 nm.
1755 2587 1815 2616 Adi.
1843 2587 1912 2623 apud
1933 2587 2043 2615 Firmic.
2069 2589 2101 2614 Et
2120 2590 2228 2616 quenc.

1170 2635 1193 2659 3,
1219 2635 1261 2659 330
1298 2626 1464 2660 Praefulgida
1487 2625 1580 2652 nubes.

1205 2669 1221 2689 P
1234 2668 1253 2689 R
1264 2669 1286 2691 A
1295 2668 1311 2688 Ε
1322 2667 1337 2688 F
1346 2669 1366 2688 V
1381 2668 1397 2688 L
1411 2666 1434 2688 G
1446 2659 1496 2688 V⁶R
1507 2669 1543 2694 O,
1568 2665 1620 2689 are.
1662 2661 1852 2696 [aquatepida]
1889 2662 1957 2686 Ante
1968 2659 2117 2694 fulgurare.
2136 2659 2227 2687 Valer.

1171 2699 1270 2733 Argon.
1289 2706 1312 2731 3,
1336 2706 1372 2730 119
1394 2697 1546 2732 Strifioque
1569 2697 1625 2724 vias
1645 2697 1826 2731 praefulgurat
1851 2697 1919 2722 ense.
1942 2696 1967 2722 h.
1988 2704 2008 2721 e.
2030 2694 2162 2729 Coruscare
2177 2695 2225 2730 fa-

1169 2735 1212 2760 cit.
1262 2735 1323 2761 Stat.
1355 2733 1447 2760 Theb.
1466 2735 1504 2768 57,
1539 2742 1587 2765 502
1643 2733 1784 2767 Multoque
1808 2732 1872 2758 latus
1898 2730 2080 2766 praefulgurat
2099 2731 2169 2758 ense.
2188 2731 2225 2759 al.

1167 2769 1346 2805 Perfulgurat.

1211 2812 1226 2832 P
1238 2813 1255 2832 R
1265 2813 1286 2832 Α
1297 2813 1314 2833 Ε
1325 2811 1342 2832 F
1353 2813 1375 2832 v
1386 2811 1439 2832 RN
1453 2811 1493 2832 1v
1503 2811 1548 2838 Μ,
1561 2804 1583 2831 ι’.
1600 2813 1626 2832 n.
1664 2802 1842 2838 [πςηπνιφᾶον]
1879 2803 1913 2827 Os
1934 2807 2024 2836 patens
2042 2801 2167 2835 fornacis,
2181 2811 2229 2837 quo

1172 2842 1244 2876 ligna
1263 2842 1290 2867 in
1307 2842 1437 2875 fornacem
1458 2842 1595 2872 induntur,
1622 2847 1645 2864 et
1663 2839 1750 2864 deinde
1770 2836 1910 2873 obstruitur.
1947 2837 2015 2864 Cato
2034 2847 2056 2864 c.
2077 2845 2104 2870 38
2128 2838 2229 2865 Ventus

1169 2878 1202 2904 ad
1221 2877 1406 2911 praefurnium
1426 2882 1519 2902 caueto
1539 2885 1571 2902 ne
1598 2873 1710 2901 accedat.
1750 2874 1790 2899 Sir
1808 2883 1829 2899 c.
1848 2879 1883 2905 38.
1901 2878 1926 2898 ct
1947 2873 2089 2900 Vitruuius
2109 2883 2131 2907 5,
2153 2883 2190 2900 10.

1204 2919 1247 2939 PR
1261 2920 1281 2939 A
1294 2920 1311 2939 E
1324 2912 1447 2943 inRO,
1473 2913 1526 2937 ere.
1563 2913 1632 2936 Ante
1657 2910 1700 2936 uel
1717 2909 1792 2935 vaire
1807 2909 1906 2942 furere.
1938 2908 1998 2935 Stat.
2019 2908 2113 2936 Theb.
2132 2919 2155 2942 4,
2176 2915 2226 2938 821.

1170 2948 1283 2982 Agmina
1304 2947 1375 2974 bello
1395 2948 1536 2973 Decertare
1555 2952 1640 2980 putes,
1677 2945 1828 2978 iustumque
1848 2944 1877 2971 in
1896 2944 2001 2980 gurgite
2019 2946 2132 2972 Martem
2153 2945 2228 2971 Prae-

1169 2984 1268 3009 furere.
1387 2983 1502 3009 Toruus
1514 2981 1645 3016 praefuris
1659 2980 1732 3008 Idem
1747 2980 1839 3008 Theb.
1853 2990 1877 3013 2,
1891 2988 1950 3013 420.

1207 3023 1421 3045 PRAEFVSC
1435 3024 1455 3045 v
1468 3024 1499 3050 s,
1539 3026 1563 3051 a,
1601 3026 1656 3044 um.
1697 3016 1757 3044 Adi.
1786 3016 1893 3043 Terrae
1913 3015 2062 3051 praefuscae
2080 3014 2176 3042 Manil.
2194 3023 2226 3052 4,

1170 3060 1213 3089 715
1230 3054 1324 3080 iamlde
1336 3053 1433 3088 fuscae.

1206 3096 1222 3116 Ρ
1233 3096 1308 3116 RAE
1320 3095 1343 3116 G
1354 3088 1515 3121 ELiDvs,
1532 3096 1557 3124 a,
1574 3097 1628 3115 um.
1664 3087 1724 3116 Adi.
1760 3086 1956 3122 [πολυκςυῶδης]
1990 3086 2046 3121 Q?
2063 3086 2170 3112 multum
2181 3093 2227 3113 aue

1170 3126 1246 3151 nimis
1266 3125 1386 3160 frigidus
1411 3124 1622 3161 cst.c01ume1.
1642 3133 1667 3158 2,
1686 3134 1711 3158 9,
1738 3134 1749 3156 7
1787 3125 1821 3150 Ea
1841 3122 1905 3149 locis
1923 3120 2080 3156 praegelidis
2098 3130 2127 3147 ac
2146 3121 2226 3148 niuo-

1172 3160 1220 3195 ἧς,
1255 3161 1303 3188 vbi
1322 3160 1402 3187 aestas
1423 3161 1532 3187 humida
1551 3168 1576 3187 et
1594 3159 1646 3187 fine
1663 3159 1823 3195 vaporibus,
1860 3157 1932 3184 τεᾶς
1953 3156 2138 3184 committitur.
2152 3157 2226 3184 Idem

1172 3206 1204 3230 11,
1229 3205 1245 3223 2
1286 3196 1468 3231 Praegelidum
1495 3202 1521 3223 et
1547 3196 1669 3231 pluuium
1695 3196 1804 3222 caelum.
1840 3193 1904 3227 conf.
1929 3192 1966 3220 Id.
1988 3202 2008 3224 ς,
2029 3193 2054 3218 6.
2159 3193 2225 3219 Riui

1172 3233 1218 3260 Sil.
1239 3243 1263 3264 4,
1283 3234 1339 3259 226.
1377 3232 1488 3266 Frigora
1508 3233 1614 3259 Colum.
1633 3242 1657 3265 4,
1679 3239 1702 3262 8.
1740 3231 1770 3257 In
1790 3229 1855 3256 locis
1874 3228 2031 3264 praegelidis
2049 3227 2108 3255 Liu.
2127 3237 2162 3262 ει,
2182 3237 2224 3262 ς4,

1212 3268 1508 3301 ΡΚΛΕΟΕΝΙΞΚΟ,
1529 3273 1582 3294 are.
1605 3268 1723 3302 Prosper.
1744 3265 1869 3301 Aquitan.
1907 3263 2029 3299 Epitaph.
2053 3263 2152 3291 haeres.
2171 3264 2227 3291 Ne-

1171 3304 1236 3332 stor.
1257 3312 1282 3331 et
1304 3304 1390 3338 Pelag.
1412 3311 1453 3339 pr.
1473 3304 1632 3331 Nestoriana
1651 3304 1705 3330 lues
1725 3299 1837 3328 succeffit
1857 3300 2024 3335 Pelagianat,
2042 3300 2118 3334 Qae
2139 3306 2227 3327 tamen

1173 3340 1210 3368 est
1230 3347 1306 3367 vtero
1327 3347 1514 3376 praegenerata
1533 3349 1602 3366 meo.

1209 3383 1226 3403 P
1235 3382 1254 3403 R
1266 3384 1288 3403 A
1297 3383 1314 3403 E
1326 3382 1347 3403 G
1362 3383 1379 3403 E
1391 3383 1412 3403 R
1424 3383 1449 3403 M
1460 3377 1470 3402 ἰ’
1481 3383 1503 3403 Ν
1517 3381 1537 3402 0
1547 3395 1555 3407 ,
1581 3379 1634 3400 ire.
1670 3371 1843 3407 [προξλαςέω]
1879 3373 1948 3396 Ante
1964 3371 2118 3405 germinare.
2155 3371 2225 3399 Plin-

1175 3415 1212 3446 16,
1232 3421 1264 3446 29
1302 3412 1420 3447 Ideoque
1448 3418 1475 3439 et
1495 3411 1654 3446 praeflorent
1671 3408 1749 3442 talia,
1785 3413 1812 3434 et
1830 3407 2050 3442 praegerminant.

1210 3447 1448 3481 ΡΒΑΕῦὲιζο,
1469 3450 1522 3474 ere.
1560 3445 1637 3480 Apul.
1663 3445 1729 3471 Met.
1753 3452 1771 3476 4
1791 3449 1856 3469 extr.
1877 3443 1953 3469 Alius
1972 3441 2019 3469 sub
2040 3441 2124 3468 oculis
2140 3441 2225 3470 domi-

1176 3493 1224 3510 nae
1251 3485 1383 3518 speculurn
1402 3482 1543 3519 praegerit.

1208 3527 1253 3547 PR
1266 3527 1289 3547 A
1301 3526 1459 3547 EGEs-rv
1474 3525 1506 3552 s,
1548 3524 1571 3550 a,
1589 3525 1643 3542 um.
1677 3514 1770 3542 Partic.
1789 3513 1861 3541 Cael.
1883 3513 1974 3541 Aurel.
1992 3513 2079 3540 Tard.
2100 3522 2121 3547 ι,
2139 3523 2161 3547 5,
2182 3522 2225 3547 ιςο

1174 3555 1324 3583 Obliuione
1350 3554 1544 3591 praegestorum
1571 3549 1656 3583 affici,
1692 3559 1775 3575 rerum
1794 3557 1852 3576 emec
1865 3549 2005 3584 fhz‘larum.

1207 3598 1222 3617 Ρ
1232 3597 1252 3618 R
1263 3598 1367 3619 AEGE
1379 3598 1393 3617 s
1406 3596 1427 3616 T
1438 3596 1446 3615 1
1459 3595 1494 3623 0,
1512 3592 1560 3615 ire.
1581 3587 1828 3621 [ὁτερπςοθυμῦμαι]
1871 3585 1946 3611 Valde
1958 3583 2057 3624 gestire.
2097 3584 2155 3613 Cic.
2174 3594 2223 3621 pro

68 3634 93 3656 2»
107 3634 143 3659 ³3»
157 3631 194 3657 ¹85
214 3626 364 3652 eruntur
378 3624 487 3659 quidam
510 3625 632 3659 thorace,
657 3634 733 3662 atque
761 3627 933 3663 praefocabili
953 3627 1114 3661 spiramento
1132 3637 1162 3663 95
1172 3627 1243 3654 Cael.
1271 3630 1302 3660 67
1327 3637 1349 3653 c.
1378 3633 1405 3656 28
1444 3623 1583 3659 Praegestit
1607 3623 1711 3649 animus
1730 3621 1783 3647 iam
1803 3619 1909 3655 videre,
1945 3628 2063 3654 primurn
2081 3620 2166 3648 lautos
2186 3622 2223 3647 iu.

68 3662 201 3696 respirant.
297 3661 331 3700 Et.
342 3669 364 3692 2,
378 3668 472 3699 37,.·193
496 3660 630 3699 Conuenit
633 3680 656 3697 7-
669 3671 754 3697 neque
774 3664 876 3691 maiora
902 3663 959 3689 loca
984 3663 1032 3689 effe
1069 3678 1115 3683 ——

69 3696 110 3723 sed
122 3706 205 3731 neque
218 3697 275 3731 plus
289 3697 348 3722 satis
360 3695 467 3725 breu1a;
487 3695 545 3722 sunt
556 3704 628 3722 enirn
642 3698 838 3732 praefocabitur,
856 3699 933 3725 affliue
941 3698 981 3723 hic
994 3706 1096 3732 quoque,

103 3738 119 3758 r
133 3739 151 3758 R
162 3739 182 3758 A
192 3740 209 3759 E
218 3738 234 3758 F
243 3740 262 3760 0
272 3738 289 3758 c
298 3739 318 3759 A
328 3738 349 3758 ‘r
359 3738 370 3757 1
380 3737 400 3758 ο
408 3751 416 3763 ,
435 3730 504 3757 anis.
523 3730 542 3760 f,
561 3731 714 3758 Scribonius
735 3733 834 3769 Largus
853 3735 946 3768 Comp.
969 3743 1015 3760 ιοο
1044 3734 1116 3761 Facit

68 3767 118 3794 hoc
132 3767 348 3794 medicamentum
360 3766 392 3793 ad
404 3765 499 3793 subitas
513 3766 732 3800 praefocationes,
754 3771 808 3798 Vid,
837 3775 974 3801 1chao,
993 3769 1061 3795 onis.

104 3809 148 3829 PR
158 3809 180 3829 Α
191 3809 209 3829 E
222 3809 238 3829 F
250 3801 270 3830 ὅ
279 3809 315 3830 1³1
327 3809 365 3839 0,
383 3800 570 3836 fodiſsoffixm,
579 3803 633 3828 5¹²·
671 3803 842 3842 [noneste-m]
881 3807 969 3832 fodere
985 3812 1053 3837 ame,
1059 3805 1116 3838 fiue
1126 3808 1213 3831 ¹00De
1228 3804 1308 3840 puella
1328 3803 1451 3835 innubili,
1489 3809 1562 3835 quam
1586 3800 1701 3826 iuuencae
1723 3801 1855 3832 comparat.

1171 3840 1288 3872 mentis,
1325 3838 1507 3872 interpretatur
1533 3835 1718 3871 Properantis,
1753 3834 1900 3862 crescentis.

1169 3884 1286 3911 gnopere
1300 3872 1439 3908 cupientis.

70 3839 116 3864 loci
129 3838 232 3877 respet'lu
245 3838 268 3873 s,
283 3839 404 3875 φημι-ῖς.
512 3837 580 3866 Plin.
605 3844 644 3872 17,
681 3847 700 3864 ιι
721 3839 878 3868 Praefodere
911 3839 1015 3867 scrobes
1045 3846 1113 3868 ante.

71 3872 240 3900 Praefodiunt
251 3881 338 3907 portas
358 3875 433 3908 Virg,
453 3872 520 3900 Aen.
535 3882 565 3905 ιι,
581 3879 635 3908 473.
656 3873 673 3901 ι’,
694 3876 762 3899 Ante
785 3881 883 3910 portas,
896 3876 976 3911 soffia
1000 3875 1114 3908 faciunt,

72 3918 132 3938 Jnae
144 3917 184 3933 res
196 3908 296 3935 nimiam
313 3910 409 3937 indicat
416 3908 611 3945 desperationem.
684 3908 765 3935 Ouid.
777 3910 840 3939 Met.
848 3921 882 3944 13,
899 3906 933 3938 60
954 3911 1113 3945 fictumque

71 3943 193 3979 probauit
211 3943 334 3978 Crimen,
353 3952 380 3972 et
392 3943 505 3972 ostendit
516 3942 589 3978 quod
601 3943 655 3971 iam
666 3943 832 3978 praefoderat
842 3956 945 3975 aurum.
985 3947 1004 3973 ι’.
1039 3947 1116 3983 Qod

76 3982 119 4005 ‘am
131 3986 206 4006 antea
218 3978 384 4014 absconderat,
394 3981 439 4017 seu
451 3979 589 4015 defoderat.

1171 3956 1207 3974 re.
1245 3946 1327 3973 Plaut.
1347 3943 1436 3971 Pseud.
1459 3953 1478 3976 ι,
1499 3952 1522 3978 5,
1541 3953 1568 3976 77

1123 3990 1166 4014 ¹05
1173 3982 1281 4010 malum.
1317 3981 1336 4006 i.
1360 3979 1477 4005 Noleham
1496 3978 1543 4014 effi
1562 3980 1647 4004 audior
1666 3978 1728 4003 mali
1744 3979 1827 4003 marla:

1172 3672 1252 3689 venes
1274 3662 1394 3689 mulieris
1415 3660 1508 3686 beatae
1531 3668 1559 3685 ac
1579 3657 1657 3684 nobis
1682 3656 1836 3683 familiares.

1172 3698 1255 3734 apisci
1280 3697 1380 3732 aliquid
1401 3695 1486 3723 Catul.
1508 3695 1609 3728 Argon.
1630 3693 1695 3726 (⁶0)
1715 3700 1763 3725 145.

1207 3742 1223 3761 P
1233 3740 1253 3761 R
1265 3742 1287 3761 Α
1299 3741 1316 3761 E
1325 3739 1346 3758 G
1358 3739 1373 3758 Ε
1384 3739 1396 3757 S
1405 3739 1445 3759 Τι
1454 3737 1470 3757 Ε
1480 3737 1503 3756 Ν
1518 3736 1546 3762 S,
1566 3729 1642 3755 entis.
1662 3728 1754 3755 Partic.
1789 3726 2045 3761 [ὁπερπραθνμέμενσι]
2066 3727 2221 3754 Hor.Carm.

1174 3778 1201 3802 2,
1228 3765 1289 3803 5,*‹)
1326 3768 1406 3795 Nunc
1434 3766 1464 3792 in
1485 3765 1539 3792 vdo
1575 3764 1678 3791 Ludere
1695 3773 1756 3790 curn
1777 3762 1869 3789 vitulis
1889 3762 1982 3790 saihsto
2019 3761 2221 3797 Praegestientis.

1953 3655 2065 3682 Animus
2088 3657 2225 3691 praegestit

1949 3799 2098 3833 Porphyrio
2117 3798 2223 3829 Praege-

1972 3834 2128 3864 Priscianus,
2165 3831 2221 3857 Ma-

1206 3918 1220 3937 P
1232 3917 1251 3937 R
1262 3918 1281 3937 A
1292 3917 1308 3937 Ε
1317 3915 1340 3936 G
1352 3917 1362 3935 1
1371 3914 1392 3934 G
1401 3915 1424 3934 N
1434 3914 1454 3934 ο
1464 3928 1473 3940 ,
1492 3907 1589 3942 genui,
1605 3907 1723 3941 genitum
1731 3925 1739 3937 ‚
1757 3905 1810 3932 ὅτε.
1847 3906 2016 3940 [newsum-iu]
2050 3904 2117 3927 Ante
2131 3901 2222 3936 gigne.

1606 3942 1678 3974 Quia
1697 3940 1821 3967 nolebam
1837 3949 1870 3968 ax
1890 3949 1934 3967 me
1960 3945 2061 3966 morem
2080 3936 2219 3971 praegigni

1331 4017 1347 4042 ⁶
1383 4014 1439 4040 L,
2103 4011 2219 4032 PRAE-
