2517 4231
2 2654 7 2657 ι
50 2646 136 2671 Vtitur
149 2646 190 2672 hoc
200 2645 295 2671 nomine
308 2646 435 2681 Vulgatus
452 2647 585 2682 Interpres
598 2648 654 2674 Esa.
670 2657 702 2682 13,
721 2657 752 2676 ¹2.
778 2649 809 2675 10

14 585 19 593 ³
47 587 139 616 tudine
151 586 302 613 obruentur
329 585 400 613 Idem
413 583 444 610 de
460 581 545 610 Finib.
562 591 595 614 3¹·

11 1444 17 1447 “
42 1439 145 1467 tionem
165 1438 274 1473 accidit,

13 2549 25 2557 ν
45 2538 172 2570 obryzum
186 2538 332 2573 arceffcntis.

4 3582 5 3586 ¹
47 3578 106 3604 gum
128 3572 170 3597 vel
186 3580 216 3598 ae
237 3573 280 3598 vel
298 3581 330 3598 oe
345 3572 468 3608 scriptum
481 3575 606 3611 inueniat,
631 3582 717 3608 dubiae
731 3583 859 3608 admodum
878 3584 983 3616 originis
1001 3590 1095 3614 nomen,
1112 3592 1141 3617 95
1157 3581 1213 3609 Cur
1233 3582 1283 3609 hoc
1303 3590 1355 3609 tam
1373 3583 1408 3609 est
1428 3581 1568 3610 obscurum
1583 3589 1660 3615 atque
1675 3584 1796 3610 caecum?

34 384 107 406 ,ειιιιι
122 373 201 400 deiici
215 371 298 407 posse,
335 370 382 406 qui
402 380 457 398 non
475 370 605 406 possidcat.

33 1225 203 1261 ,Dignationz
218 1234 278 1252 eum
291 1224 417 1251 obruerat
444 1225 542 1250 Patere.
554 1233 578 1254 2,
592 1227 635 1257 69,
648 1233 668 1255 3.

25 2870 29 2873 ·
44 2869 74 2886 ex
88 2868 153 2886 auro
167 2859 269 2892 obryzo
276 2860 379 2894 sallus,
411 2870 536 2888 mimorum
548 2863 677 2896 epitheton.

458 131 665 178 OBR

47 240 100 263 tem
113 231 261 260 obruerunt
288 226 419 262 Quinctil.
434 236 453 261 1,
467 236 543 261 ¹¹2⁴&-

46 157 106 197 5²¹

599 226 638 255 Id.
652 226 767 254 Declam.
778 226 795 252 6
815 224 876 252 Tot
888 225 1036 260 voluptates
1050 226 1096 253 ob-

48 276 125 298 ruere
137 266 240 302 possunt
253 273 336 292 vnum
347 263 479 290 dolorem.
551 262 607 290 Cic.
622 271 671 298 pro
683 262 772 290 Deiot.
783 269 810 294 37
838 261 913 294 Q1ae
925 270 1041 302 vnquani
1054 271 1096 289 ve.

46 304 124 333 mnas
135 301 247 329 obruet3
284 305 327 326 aut
360 308 409 326 uae
421 305 492 326 tanta
504 298 603 326 delebit
614 297 736 325 obliuio!
807 295 880 337 Idem
890 305 939 332 pro
948 297 1053 324 Caecin.
1062 307 1097 331 90

47 337 174 367 Exoritur
198 337 242 364 hic
262 335 314 362 iam
333 344 350 362 o
371 335 437 361 rutis
456 335 534 362 rebus
552 333 677 361 omnibus
699 337 726 359 et
743 331 870 366 perditis,
907 332 953 361 iila
972 332 1098 367 defensio,

710 368 741 395 Et
755 366 849 394 domus
864 369 954 396 aetatis
968 370 1051 404 spatio
1064 378 1098 396 ne
1121 377 1134 403 5

45 410 107 437 feisa
118 408 221 436 vetusto
233 406 336 434 Obruat
365 416 393 437 e,
417 416 450 433 em
465 406 551 434 metuit
563 404 664 431 am‘ma?
680 403 786 430 Lucret.
799 412 820 436 3,
833 407 887 437 776.
983 405 1099 432 Aduersa

46 444 186 473 obruimus
198 448 322 478 perpetua
335 451 352 469 0
374 442 491 475 liuione,
511 439 618 468 secunda
630 439 745 465 iucunde
758 448 787 466 ac
800 440 915 466 fitauiter
927 441 1098 468 meminimus

48 481 105 508 Cic.
118 480 150 507 de
163 478 250 507 Finib.
262 488 314 511 ¹,57
323 488 345 505 c.
358 484 390 508 ιε.
462 477 585 505 Calorem
597 474 694 501 mentis
708 475 776 502 vino
787 475 903 502 obruere
923 477 1028 504 Pctron.
1041 486 1063 503 c.
1075 485 1097 515 ς.

47 517 153 545 Famam
166 514 278 542 alicuius
304 514 395 541 Tacit.
410 514 441 540 in
455 514 515 539 Vita
528 511 612 545 Agric.
625 520 658 544 ¹7·
730 511 832 538 Malum
847 521 959 547 parumn
972 511 1098 547 sapientia

47 553 177 583 obruere,
196 550 242 576 vix
256 556 284 577 vt
297 554 418 585 appareat
443 548 498 576 Cic.
512 546 595 579 Tusc.
609 555 630 580 3,
644 551 686 576 80.

77 583 79 585 ’
669 582 742 609 Idem
757 582 841 610 Tusc.
856 593 878 616 ι,
890 593 929 610 ιιο
948 584 1017 610 Ante
1031 581 1098 621 Sala-

46 624 146 651 minam
159 622 240 655 ipsam
254 622 393 656 Neptunus
405 619 515 650 obruet,
548 626 627 652 quam
641 618 777 645 Salaminii
796 619 918 654 trophaei
931 625 1098 644 memoriam.

46 658 121 687 Idem
136 667 186 693 pro
202 657 315 688 Arch.24
335 655 390 683 Nisi
404 654 464 681 Ilias
480 654 525 680 illa
537 653 687 687 exstitisset,
708 654 779 681 idem
791 655 923 686 tumulus,
942 653 988 687 qui
1002 661 1098 687 corpus

45 695 103 722 eius
117 699 285 725 contexerat,
305 699 401 718 nomen
412 690 491 716 etiam
507 688 642 716 obruisset.
678 691 697 717 i.
719 690 819 716 Nullam
826 690 870 726 sui
882 689 1031 720 memoriam,
1043 687 1098 720 siue

42 731 144 765 famam
163 728 268 756 nominis
286 725 420 760 reliquiffet
434 725 544 761 posteris.
584 727 615 751 de
633 727 745 753 Homero.
794 726 868 752 Ada'.
881 723 938 750 Cic.
954 723 987 750 de
1005 723 1134 757 Arusp.1;

48 766 123 801 Resp.
139 774 160 792 c.
173 773 197 791 a.
303 761 411 795 leian.
426 761 455 787 in
469 761 486 788 l.
512 761 754 794 Quemadmodum.
776 762 798 795 §.
812 760 837 787 Si
851 758 936 786 nauis.
973 759 1005 785 D.
1025 757 1057 784 ad
1079 758 1098 785 l.

47 801 137 837 Aquil.
173 798 198 826 Si
211 797 286 824 nauis
298 797 405 824 alteram
420 804 511 824 contra
524 798 548 823 se
563 797 717 825 venientem
739 795 872 824 obruisset.
1009 794 1099 821 Omen

47 836 119 872 quod
134 835 172 863 dii
185 833 299 860 obruant
323 832 380 860 Cic.
400 831 431 859 de
447 833 538 867 Arusp.
553 833 627 868 Resp.
640 842 677 866 ⁴2·
712 866 715 867 .
771 830 866 871 Vultus
882 838 956 856 meos
971 830 1040 856 vnda
1052 829 1099 856 ob-

47 873 102 900 ruit
132 868 212 898 Ouid.
223 867 311 896 Trist.
328 877 346 901 ι,
360 877 382 902 2,
399 877 434 902 34·
530 869 620 895 Tacit.
632 869 659 894 in
668 869 728 895 Vita
740 867 829 901 agric.
843 868 879 900 46
916 865 987 892 Nam
1000 865 1099 893 multos

46 913 164 935 veterum
179 904 251 931 velut
264 903 413 939 inglorios,
433 910 459 931 et
470 903 602 939 ignobiles
615 902 720 930 obliuio
732 901 837 928 obruet.
910 902 967 928 C.c.
982 901 1013 928 de
1027 902 1098 929 Clar.
1105 906 1139 925 20

48 943 120 970 Orat.
133 943 168 967 ⁶0
187 939 217 967 Id
234 939 317 975 ipsum
331 939 379 965 nisi
394 940 471 967 vnius
485 941 544 966 esset
551 939 630 966 Ennii
643 937 795 964 testimonio
808 937 955 972 cognitum,
973 937 1043 964 hunc
1055 947 1099 964 vc-

44 977 136 1009 tussas‚
156 981 185 1001 vt
199 975 266 1002 alios
281 976 385 1002 fortatl'e
399 976 513 1007 multos,
531 973 671 1000 obliuione
685 972 821 1000 obruisset.
919 973 993 1014 Idem
1007 975 1060 1000 Att.
1075 983 1098 1006 2,

44 1020 56 1039 ι
62 1011 109 1046 sub
112 1012 139 1046 f.
159 1011 344 1038 Tusculanum
358 1017 384 1038 et
396 1010 584 1044 Pompeianum
597 1008 674 1036 valde
688 1018 731 1035 me
743 1008 888 1036 delectant:
907 1009 955 1035 nifi
969 1009 1041 1043 quod
1055 1018 1098 1036 mc

43 1047 121 1075 illurn
138 1048 224 1082 ipsum
239 1046 372 1074 vindicem
386 1046 454 1073 aeris
465 1044 563 1076 alieni,
600 1053 660 1071 aere
681 1053 736 1071 non
749 1044 911 1078 Corinthio,
932 1045 973 1071 sed
989 1045 1100 1072 circum-

41 1083 157 1110 foraneo
171 1083 329 1110 obruerunt.
403 1080 559 1107 Ambitione
572 1086 598 1106 et
610 1081 672 1107 foro
685 1080 767 1107 obrui
792 1079 866 1107 Idem
881 1080 913 1107 de
931 1081 1006 1108 Orat.
1022 1091 1040 1116 1,
1053 1086 1136 1114 9425·

43 1119 101 1146 Cic.
115 1119 199 1146 Tusc.
214 1128 238 1145 2.
254 1128 266 1150 3
279 1127 299 1144 c.
316 1127 323 1144 ι
361 1117 452 1150 Quum
466 1116 646 1142 obruerentur
658 1116 734 1151 copia
747 1115 936 1143 sententiarum
949 1122 1029 1150 atque
1040 1125 1099 1144 vei·-

43 1154 158 1187 borum,
194 1154 358 1181 ieiunitatem
378 1159 404 1179 et
422 1152 521 1179 famem
533 1152 558 1178 se
571 1151 664 1185 malle,
702 1161 781 1187 quam
793 1151 942 1180 vbertatem
955 1158 980 1178 et
995 1153 1101 1188 copiam

43 1190 168 1217 dicerent.
241 1188 408 1216 Criminibus
422 1195 448 1214 et
461 1187 568 1215 testibus
582 1187 664 1215 obrui
677 1193 704 1215 et
717 1187 837 1223 opprimi
858 1188 914 1215 Cic.
930 1189 1008 1216 Verr.
1027 1198 1045 1221 1,
1055 1197 1100 1215 20.

740 1223 796 1250 Cic.
813 1224 925 1257 QFrat.
941 1234 960 1258 ι,
976 1234 1018 1257 ¹‚3
1044 1225 1100 1252 Ne-

45 1270 79 1288 ve
92 1269 117 1288 te
132 1261 213 1289 obrui
225 1268 350 1295 tanquam
363 1260 460 1292 ssuciu,
479 1260 512 1287 fic
528 1260 712 1294 magnitudine
726 1260 828 1294 negotii
841 1259 914 1287 linas.
987 1260 1099 1289 Idemin
1106 1266 1138 1290 30

43 1298 134 1324 Somn.
149 1296 216 1331 Scip.
235 1303 259 1327 ιε
295 1297 388 1323 Sermo
404 1295 492 1322 omnis
511 1294 557 1322 ille
575 1301 601 1322 ct
615 1295 739 1329 angustiis
759 1296 877 1330 cingitur
889 1296 930 1322 his
946 1297 1100 1331 regionum,

44 1341 108 1367 quas
120 1332 194 1359 vides
205 1353 214 1366 ‚
240 1341 288 1359 nee
303 1340 416 1366 vnquam
431 1331 462 1357 de
478 1331 535 1358 vllo
549 1332 672 1366 perennis
687 1331 756 1365 fuit,
781 1337 807 1358 ct
821 1331 946 1359 obruitur
959 1332 1102 1359 hominum

43 1368 171 1401 interitu,
209 1374 234 1394 et
248 1367 385 1395 obliuione
399 1367 559 1401 posteritatis
574 1367 748 1401 extinguitur.
810 1368 840 1394 de
853 1368 1005 1404 sermonibus
1017 1369 1101 1403 vulgi,

42 1405 87 1439 qui
99 1404 220 1430 contemni
231 1404 327 1430 debent.
399 1402 473 1430 Idem
488 1402 520 1429 de
537 1404 611 1429 Orat.
628 1412 649 1434 3,
664 1408 709 1434 285
730 1403 790 1430 Hoc
801 1402 839 1430 ita
851 1409 954 1439 praeter
970 1404 1101 1439 exspecla-

313 1445 343 1466 vt
356 1438 447 1466 testem
463 1438 586 1465 omnium
598 1439 666 1465 risus
678 1437 814 1467 obrueret.

43 1475 117 1502 enim
130 1474 255 1502 obruitur
267 1481 402 1502 aratorum
428 1474 500 1501 Idem
514 1475 592 1501 Verr.
606 1483 627 1508 2,
641 1484 686 1506 151.

83 1518 104 1538 Ο
113 1517 130 1538 Β
140 1517 160 1538 R
169 1508 190 1536 V
200 1516 222 1537 Τ
232 1517 285 1545 VS,
305 1520 319 1537 a
329 1533 338 1546 ‚
366 1519 420 1537 [lm.
452 1510 545 1537 Partic.
583 1508 766 1546 [καταχωθᾶς]
803 1511 886 1538 Quid.
901 1510 980 1546 Epist·
995 1520 1016 1544 1,
1029 1513 1044 1538 6
1075 1512 1100 1538 Ο

42 1546 144 1575 vtinam
157 1552 231 1582 tum,
263 1556 324 1574 cum
336 1546 536 1573 Lacedaemona
553 1545 627 1572 classe
641 1545 763 1580 petebat,
796 1546 915 1574 Obrutus
927 1547 1025 1574 insanis
1039 1547 1101 1574 essct

43 1582 146 1609 adulter
159 1582 243 1616 aquis.
339 1581 426 1609 Claffis
440 1582 536 1609 obruta
547 1581 624 1617 aquis
643 1582 725 1609 Ouid.
738 1582 803 1609 Past.
815 1585 841 1617 6,
857 1592 906 1618 ¹94-
979 1584 1100 1618 Corpora

44 1618 142 1645 morbo
155 1616 251 1644 obruta
270 1618 363 1645 Claud.
378 1618 408 1644 in
415 1618 524 1654 Eun-op.
533 1628 556 1651 2,
568 1626 598 1644 ιι.

43 1653 110 1682 Met.
126 1663 156 1686 ις,
169 1655 224 1686 446.
295 1655 365 1688 Ignis
381 1654 443 1680 latet
456 1654 568 1681 obrutus
587 1653 671 1679 multo
687 1653 778 1680 cinere
797 1655 903 1681 Lucret.
918 1664 942 1687 4,
952 1662 1009 1687 924.
1055 1653 1100 1681 Iti-

43 1697 110 1718 uera
122 1688 218 1716 obtuta
229 1689 311 1724 strage
338 1689 396 1716 Liu.
413 1698 452 1722 30,
467 1692 490 1716 6.
561 1687 642 1721 Legio
656 1688 750 1714 somno
763 1688 860 1716 obruta
879 1690 941 1716 Stat.
956 1688 1049 1715 Theb.
1064 1697 1103 1722 ιο,

44 1730 96 1758 189.
167 1725 246 1751 Miles
259 1725 366 1751 niuibus
379 1724 534 1759 pruinisque
546 1722 658 1749 obrutus
677 1723 739 1750 Liu.
751 1732 775 1755 5,
789 1732 810 1750 2.
882 1724 990 1751 Semina
1003 1724 1101 1751 obruta

44 1759 132 1794 longis
146 1760 224 1786 sulcis
246 1760 326 1786 Ouid.
341 1760 406 1785 Met.
420 1767 438 1792 ι,
452 1766 499 1790 1²3·
596 1757 691 1785 Virtus
703 1758 799 1785 obruta
811 1768 925 1794 corpore
949 1760 1007 1786 Sen.
1021 1760 1101 1795 Epist.

41 1802 88 1824 ιις.
159 1794 251 1820 Virtus
264 1794 356 1823 medio
368 1792 436 1820 iacet
448 1793 545 1820 obruta
557 1802 640 1820 caeno
659 1794 875 1831 Petronfragm.
889 1804 914 1831 p.
922 1796 979 1829 676.

40 1829 86 1856 tiis
99 1828 210 1855 obrutus
236 1829 330 1863 Nepos
343 1840 366 1862 4,
379 1838 399 1862 ι,
413 1838 430 1855 ι.

76 1870 96 1891 ο
109 1869 297 1892 B-RVTEsc
310 1871 350 1898 o,
375 1865 430 1891 vid.
448 1870 736 1894 onnRv'rEsco.

78 1906 122 1927 οΒ
135 1906 155 1935 R
165 1906 259 1933 VSA,
292 1901 336 1927 vel
358 1906 378 1927 ο
388 1905 462 1928 ERV
473 1906 487 1928 s
501 1907 514 1928 s
525 1908 565 1937 A,
593 1910 632 1928 ae.
664 1901 685 1929 f.
703 1908 710 1910 “
723 1902 765 1938 Est
775 1903 841 1930 ratio
853 1903 913 1930 auri
925 1903 1031 1930 cot‘li'one
1039 1909 1102 1939 pur.

37 1936 135 1999 {andi'
166 1943 190 1962 et
201 1937 352 1972 explorandi
361 1938 435 1972 adeo,
469 1945 492 1963 et
506 1937 544 1963 im
561 1937 713 1972 describitur
725 1938 742 1964 l.
755 1938 801 1966 vlt.
815 1939 846 1965 C.
862 1939 973 1966 Theod.
988 1939 1024 1979 de¹
1035 1948 1100 1974 pon-

60 1970 224 2007 eratoribus,
260 1972 330 1998 Cum
348 1980 443 2000 aurum
463 1971 510 1999 diu
527 1973 695 2007 multumque
707 1974 828 2001 flammae
841 1974 926 2001 edacis
940 1983 1061 2001 examine
1073 1976 1101 2001 in
1109 1985 1142 2010 50

41 2015 73 2035 ea
85 2006 184 2039 obryza
198 2007 345 2040 detinetur,
370 2007 453 2035 donee
467 2017 564 2042 purum
575 2008 708 2035 videatur.
805 2009 863 2035 Cic.
878 2010 962 2035 Bruto
976 2014 1017 2038 258
1032 2018 1053 2034 c.
1069 2018 1102 2041 74

42 2044 106 2077 Qlo
118 2044 201 2077 magis
215 2042 398 2077 expurgandus
411 2044 447 2069 est
461 2044 565 2076 sermo,
600 2048 627 2068 et
639 2042 790 2069 adhibenda
804 2048 928 2076 tanquam
943 2043 1049 2069 obrussa
1062 2052 1102 2069 ra-

41 2079 97 2110 tio,
116 2086 184 2111 quae
198 2078 297 2104 mutari
309 2087 364 2103 non
377 2077 470 2111 potest.
566 2078 626 2104 Sen.
643 2077 723 2112 Epist.
737 2086 760 2109 ¹3
781 2078 822 2103 Sic
837 2087 915 2105 verus
929 2078 975 2104 ille
989 2079 1102 2111 animus,

43 2120 71 2141 et
85 2113 113 2140 in
126 2113 243 2140 alienum
256 2121 310 2139 non
323 2118 450 2145 venturus
463 2110 622 2145 arbitrium,
639 2112 777 2147 probatur,
798 2113 861 2140 haec
874 2114 930 2141 eius
944 2113 1048 2140 obruss'a
1057 2113 1102 2140 est.

43 2150 113 2177 Suet.
122 2148 226 2176 Neron.
234 2157 257 2175 c.
266 2156 300 2180 44
336 2148 478 2182 Exegitque
485 2147 588 2182 ingenti
595 2147 702 2175 fastidio
714 2155 741 2175 et
753 2149 895 2175 acerbitate
909 2159 1019 2175 numum
1033 2150 1102 2184 aspc-
1116 2161 1144 2187 55

42 2194 119 2220 rum,
142 2190 281 2219 argentum
295 2183 468 2217 pustulatum,
500 2192 595 2209 aurum
607 2183 639 2210 ad
651 2183 792 2210 obrussam.
865 2186 949 2210 Etiam
964 2184 1051 2210 Plinio
1066 2194 1100 2217 33,

43 2231 55 2254 3
69 2221 88 2248 s.
102 2229 128 2254 ¹9
148 2220 211 2245 rti‘ie
224 2219 362 2254 restitutum
376 2220 419 2243 boc
431 2228 515 2244 nomen
528 2228 560 2244 ex
573 2220 651 2245 MSS.
689 2219 764 2252 Qlin
777 2220 862 2246 immo
875 2228 929 2254 quo
945 2220 1047 2254 saepius
1061 2229 1100 2248 ar-

44 2256 90 2288 fit,
117 2254 223 2289 proficit
233 2254 265 2280 ad
286 2253 431 2279 bonitatem
441 2263 454 2279 z·
484 2253 597 2288 aurique
613 2255 796 2289 experimento
811 2255 905 2282 rubeat
917 2256 1098 2290 ignescatque:

43 2291 72 2319 id
83 2292 170 2327 ipsum
189 2289 418 2324 (experimentum
430 2288 559 2324 intellige)
579 2289 711 2317 obrussam
725 2296 828 2318 vocant.
903 2291 943 2317 Sic
954 2291 1019 2317 refle
1032 2293 1099 2317 llar-

44 2328 142 2354 duinus.
175 2327 224 2351 ἈΛ
239 2324 376 2357 Obryzurn
389 2325 462 2360 quasi
471 2327 506 2350 acl
517 2333 611 2352 aurum
626 2326 765 2359 reftratur.
809 2328 902 2362 Nempe

81 2367 181 2389 OBRY
192 2367 209 2386 z
218 2367 239 2385 v
251 2367 265 2388 s
275 2381 283 2393 ‚
303 2361 472 2395 quodquidam
479 2360 594 2396 scribunt
609 2367 763 2395 013R1zvs‚
772 2371 795 2395 a,
809 2371 863 2389 um.
885 2359 1010 2396 [ἔβςνζοε]
1031 2362 1101 2389 Auri

47 2396 207 2433 epithetonest
217 2398 253 2421 ad
264 2396 394 2423 obrussam
406 2397 509 2432 purgati
519 2403 542 2422 et
550 2398 659 2432 probati.
673 2398 805 2424 Laudatur
811 2399 897 2424 merito
905 2398 1099 2432 SchalThucyd.

46 2442 71 2463 22
86 2442 107 2464 ¹3
126 2435 169 2466 φῖ
189 2433 268 2464 κθυθῧ
284 2435 377 2462 ἂῐέῧθῦ
396 2434 590 2467 ῘΜΡΥΡΥΕΜῙΜΥ,
628 2437 739 2463 πολλάκις
764 2433 906 2466 ἑψηθέν-τος,
938 2431 982 2462 list
995 2435 1101 2465 γενέὲαι

47 2467 151 2500 {pangam
186 2468 310 2493 Mittimus
321 2468 427 2503 ineptam
439 2468 606 2503 etymologiam
621 2468 714 2496 Isidori
729 2470 777 2496 Or.
790 2471 829 2503 16,
847 2479 869 2502 ¹7
894 2469 966 2504 quod
979 2469 1102 2497 obradiet

45 2504 62 2530 s
75 2503 196 2529 lendore:

57 2513 73 2538 p
386 2539 520 2571 Salmasius
538 2540 566 2565 in
574 2541 651 2567 Sosin.
666 2551 691 2576 p.
701 2547 762 2571 1080
782 2551 797 2567 a
810 2543 899 2575 βρύζειν
913 2542 1023 2576 deducit,
1036 2542 1102 2576 quod

44 2573 290 2609 ebullirestsqnifisscat,
316 2582 345 2600 vt
358 2578 437 2608 βρίμης
451 2572 551 2608 ἐ’βριμος.
606 2576 646 2611 Est
658 2584 740 2611 nempe
753 2576 885 2609 obryzum
898 2584 1007 2609 aurum,
1037 2577 1103 2611 quod

40 2607 114 2646 sqepe
123 2610 189 2645 satis
201 2608 309 2636 ebulliit:
344 2620 360 2635 tt
378 2620 423 2645 quo
442 2611 520 2636 etium
534 2611 666 2639 obrussam
686 2612 778 2639 difflam
799 2612 860 2674 ege,
886 2622 932 2638 non
950 2612 1100 2639 dubitamus.

831 2668 837 2674 .
858 2654 885 2678 28
916 2650 1026 2680 16.et.31
1065 2657 1076 2675 2
1095 2668 1101 2675 .

44 2682 110 2708 Dan.
125 2690 162 2714 10,
175 2691 197 2712 5.
213 2688 236 2706 et
247 2690 260 2708 2
274 2682 354 2709 Paral.
367 2692 388 2714 3,
404 2692 417 2712 ς
434 2682 461 2707 in
474 2692 576 2717 quorum
588 2683 650 2710 nullo
664 2685 774 2710 Graecus
789 2685 860 2711 babet
875 2669 980 2718 ὅέςυζαν,
1036 2669 1044 2681 ⁹
1078 2657 1091 2681 4

44 2726 76 2743 ex
91 2717 164 2742 libris
177 2717 242 2743 luris
255 2718 391 2753 diligenter
403 2719 519 2744 laudauit
531 2721 582 2747 Iac.
591 2720 706 2754 Gotbofr.
720 2719 752 2746 ad
767 2720 784 2747 l.
798 2729 805 2746 ι
819 2721 849 2747 C.
864 2720 922 2747 Th.
939 2719 971 2746 de
986 2718 1100 2747 oblatio-

43 2761 78 2779 ne
91 2759 225 2779 votorum.

42 2788 68 2815 sa
80 2788 148 2815 auri.
183 2789 250 2814 Hinc

81 2829 346 2858 OBRYZATvs,
373 2831 398 2851 et
417 2832 438 2854 o
451 2831 467 2852 Β
479 2833 699 2861 RYziAcvs,
719 2836 750 2860 a,
771 2837 826 2855 um.
851 2828 879 2853 in
895 2827 969 2854 libris
983 2827 1052 2854 luris
1067 2827 1100 2863 est

308 2754 353 2780 Vbi
364 2755 438 2780 etiam
445 2754 599 2790 substantiae
611 2762 690 2782 monet
701 2756 753 2783 dici
761 2755 897 2788 Obryzam
909 2757 968 2783 auri
979 2763 1025 2793 pro
1038 2756 1101 2783 mas-

41 2902 94 2922 vet.
107 2895 230 2922 numism.
244 2901 298 2930 pot.
334 2896 350 2922 l.
365 2906 408 2923 vn.
425 2898 455 2924 C.
470 2896 503 2923 de
516 2897 596 2925 oblat.
610 2904 700 2927 votor.
772 2901 862 2926 Eadem
875 2900 916 2925 lex
935 2901 1014 2925 eodem
1028 2900 1101 2925 titulo

41 2932 121 2957 relatu
134 2932 165 2957 in‘
175 2932 204 2958 C.
218 2931 328 2958 Theod.
353 2933 397 2966 (2,
417 2936 465 2966 24)
489 2933 536 2958 vbi
547 2943 607 2960 vero
622 2934 738 2961 iubentur
763 2935 793 2963 in
805 2945 856 2963 vna
869 2935 937 2962 libra
949 2936 1009 2962 auri
1022 2935 1100 2962 solidi

42 2966 208 3030 fielpstuaagizital
221 2967 276 2994 duo
299 2967 443 3000 Obryziaci
467 2968 637 3006 Principibus
663 2970 760 3008 offerri.
815 2972 872 3000 Vid.
894 2973 946 3000 lac.
972 2972 1102 3007 Gothofre-

85 3148 106 3169 Ο
115 3149 131 3170 Β
140 3150 236 3185 ΒΑ-Εν
248 3153 258 3173 1
271 3152 309 3182 0,
336 3147 392 3180 iui,
417 3150 500 3183 itum,
528 3151 577 3177 ite.
621 3151 846 3187 [c’xmxotasvtalm]
884 3154 978 3179 Contra
991 3152 1100 3188 saeuire.

47 3177 127 3205 Plaut.
139 3180 212 3220 lipid.
224 3193 247 3215 ⁴,
260 3193 280 3214 ι,
292 3192 323 3217 29
359 3184 442 3211 Tune
455 3185 478 3212 is
491 3194 535 3220 es,
575 3186 621 3221 qui
634 3196 682 3222 per
696 3188 860 3223 voluptatem
873 3188 903 3216 in
917 3198 960 3216 me
973 3196 1099 3215 aerumna

46 3212 187 3240 obsaeuisti
199 3219 335 3250 gnauiter3

61 3284 67 3289 ·
84 3256 103 3276 o
110 3255 127 3288 β
137 3255 150 3275 s
158 3255 179 3275 Α
189 3257 205 3276 ι
214 3257 235 3276 v
244 3255 266 3279 '1‘
277 3260 312 3287 o,
328 3259 381 3282 are.
410 3256 544 3284 Salutandi
556 3258 640 3292 gratia
652 3259 703 3286 sese
716 3259 794 3287 alicui
808 3260 907 3288 offerre
921 3260 1042 3288 dicebant
1054 3269 1097 3287 an-

47 3289 133 3319 tiqui,
152 3290 179 3311 vt
191 3285 373 3326 consalutare,
391 3301 441 3326 pro
457 3293 582 3321 Salutare.
619 3295 717 3322 Festus.

82 3326 151 3361 0-an
164 3327 319 3356 ATVRO,
346 3329 396 3354 fare.
435 3329 606 3364 [κατακοςὲω]
643 3332 776 3366 Significat
788 3331 952 3367 saturitatem
970 3341 1044 3366 vsque
1063 3331 1100 3356 ad

40 3355 191 3396 fastidium,
211 3357 254 3396 ”fl
264 3367 348 3385 contra
360 3362 466 3388 animum
477 3371 571 3398 capere.
608 3366 677 3394 Ter.
691 3368 786 3394 Heaut.
801 3377 823 3401 4,
831 3377 855 3401 7,
868 3376 901 3405 27
920 3368 978 3395 Nae
993 3374 1021 3394 tu
1037 3375 1097 3402 pro-

45 3392 166 3427 pediem,
185 3397 214 3418 vt
229 3392 308 3419 istanc
326 3402 382 3421 rem
394 3397 488 3431 video,
508 3399 582 3428 istius
595 3402 789 3430 obsaturabere.

85 3435 104 3455 0
113 3434 129 3455 B
140 3435 153 3454 s
165 3434 183 3454 C
194 3434 216 3453 Α
225 3434 241 3454 E
251 3436 271 3455 V
282 3435 300 3456 0
309 3449 317 3460 ,
355 3435 407 3457 are.
469 3435 641 3472 uafisaeuum,
662 3439 681 3465 i.
700 3440 799 3465 Malum
812 3448 879 3465 omen
892 3438 996 3474 afferre.
1053 3439 1096 3463 Sic

47 3463 120 3504 Non.
131 3472 153 3494 2,
166 3471 211 3496 595
231 3466 338 3499 explicat
356 3466 439 3505 flant.
452 3468 554 3504 Afinsz,
569 3481 588 3508 ι,
601 3479 625 3504 18
663 3475 773 3508 Metuo,
802 3473 875 3510 quod
891 3475 947 3502 illic
961 3475 1096 3502 obscaena-

46 3505 87 3525 Vit
99 3508 173 3526 meae
187 3500 263 3526 falsae
277 3500 404 3527 fallaciae.

83 3542 104 3562 o
113 3541 128 3561 ιι
138 3542 150 3562 s
160 3541 177 3562 c
190 3537 208 3562 ιῗ
218 3543 240 3562 N
250 3542 269 3562 ν
280 3542 293 3562 s
301 3556 309 3569 ‚
329 3544 343 3562 a
352 3557 360 3568 ‚
381 3546 435 3564 um.
461 3537 518 3566 Adi.
555 3541 699 3581 [erasmae]
736 3547 812 3582 ,Qod
822 3547 897 3572 etiam
908 3553 952 3581 per
965 3545 1095 3580 diphthon-

51 3606 260 3642 ffdemfigm'ficat,
279 3610 345 3642 quod
352 3608 441 3641 fiedus
448 3629 456 3642 ‚
474 3612 562 3644 turpis.
608 3614 672 3641 Illud
680 3618 755 3643 etiam
770 3619 870 3644 tandem
880 3619 987 3650 efficitur
1000 3626 1030 3642 ex
1044 3617 1095 3643 lon.

4 3649 6 3657 v
47 3648 84 3674 ga
94 3641 255 3676 disputatione
269 3645 399 3670 Varronis
413 3644 444 3670 de
457 3645 485 3670 L.
499 3645 529 3672 L.
544 3648 570 3680 6,
584 3657 596 3677 ς
610 3657 634 3682 p.
641 3655 673 3680 80
687 3653 723 3687 sq,
747 3654 791 3688 qui
804 3652 869 3679 illud
878 3655 952 3680 etiam
965 3662 1012 3679 non
1026 3653 1096 3679 omit.

6 3824 7 3830 ¹
52 3815 178 3843 rebantur

6 3870 7 3883 2
52 3860 95 3877 ine
110 3858 205 3880 terrete
218 3856 354 3885 timentem
392 3858 527 3886 Obscenae
538 3860 669 3887 volucres.

7 3945 8 3950 ,
52 3923 127 3958 Virg.
154 3924 220 3967 tien.
239 3936 267 3959 3,
297 3938 338 3962 24¹
370 3930 510 3959 ‘obscenas
539 3931 658 3959 volucres
678 3933 802 3968 Har-pylas
820 3944 898 3966 vocat.

53 3676 100 3716 tit,
119 3677 220 3718 mediam
230 3678 351 3713 syllabam
363 3680 486 3705 interdum
499 3689 529 3707 ae
542 3682 648 3710 haberes
679 3689 761 3715 Sedem
773 3690 882 3724 primam
895 3691 982 3715 habere
994 3688 1096 3714 vt‘detur

52 3718 80 3735 un
99 3713 223 3748 auguriis,
253 3725 305 3741 cum
324 3715 464 3742 obscenum
478 3716 515 3748 fit
534 3715 738 3750 abominandum
756 3732 779 3749 et
798 3724 882 3751 malae
894 3724 1096 3759 significationis.

53 3745 128 3779 Vng-
141 3747 236 3788 GFOrg-
251 3759 322 3784 ¹247¹
360 3751 527 3786 Obstenique
542 3760 633 3783 canes,
671 3756 890 3794 importunaeque
911 3760 1040 3786 volucres.
1076 3761 1095 3787 i.
1105 3762 1251 3790 100Diuin.
1273 3770 1298 3793 2,
1319 3769 1355 3793 132
1375 3770 1395 3787 c.
1417 3764 1455 3792 64-

53 3782 184 3808 Contraria
195 3788 364 3818 portendentes
377 3795 399 3813 et
412 3788 483 3813 mala.
556 3788 657 3815 Festus:
691 3792 807 3822 Obscena
826 3796 895 3830 apud
914 3795 1038 3830 antiquos
1057 3795 1096 3822 di-

185 3838 193 3850 ,
217 3829 282 3854 quae
298 3823 362 3850 mali
372 3823 471 3849 ominis
484 3822 656 3851 habebantur.
758 3829 831 3865 Virg,
845 3832 910 3859 Aen,
925 3840 957 3862 12,
971 3833 1016 3863 876
1054 3831 1096 3859 Ne

235 3890 240 3895 ⁵
740 3863 861 3893 Seruius:
887 3868 962 3900 Quae
979 3867 1097 3894 canendo

51 3887 158 3914 aduersa
179 3888 328 3923 significant.
399 3896 448 3920 Sed
466 3903 587 3931 repugnat
611 3897 702 3922 Modus
726 3897 833 3930 Syllabae
855 3904 912 3929 huic
937 3903 1099 3930 deriuationi.

210 3967 259 3993 vo
267 3969 292 3990 ι..
329 3965 389 3994 111.

784 548 851 574 Mala
870 548 978 575 virtutis
998 545 1098 580 magni·
1114 551 1143 570 ¹0

922 1439 1101 1467 Testimoniis
1119 1447 1145 1471 35
1158 1441 1226 1475 plur.
1241 1439 1322 1467 Ouid.
1335 1441 1401 1467 Met.
1416 1451 1441 1475 9,
1453 1448 1503 1476 347
1522 1442 1636 1477 Fugiens
1650 1443 1760 1472 obscena
1774 1447 1871 1482 Priapi.

671 1618 764 1644 Gratia
777 1618 885 1646 virtutis
900 1618 996 1646 obruta
1017 1617 1145 1645 Ouid.40
1161 1617 1254 1645 scenis,

1054 1796 1101 1823 Vi·
1112 1800 1147 1827 45
1161 1796 1259 1823 Versus
1271 1795 1455 1824 obscenissimi.

1109 2323 1144 2349 60

234 2504 367 2529 πρε-νηπίω
385 2504 507 2530 meliorem
525 2503 705 2539 Hieronymi,
741 2514 772 2532 ex
791 2505 880 2540 Ophir
899 2504 943 2531 illa
964 2503 1100 2532 Salomonis
1108 2508 1140 2539 63

1037 2685 1099 2710 Loca
1106 2696 1138 2720 70
1157 2686 1275 2721 proprie,

734 2863 819 2891 Solidi
832 2863 953 2896 obryzati
967 2864 984 2891 l.
999 2874 1009 2896 3
1023 2864 1053 2890 C.
1068 2864 1100 2891 de
1115 2877 1143 2902 75

1106 3051 1139 3076 80
1162 3044 1233 3070 misti
1246 3045 1311 3071 soles
1334 3045 1395 3072 Stat.
1410 3046 1474 3072 Silu.
1489 3054 1511 3078 2,
1525 3054 1548 3078 2,
1561 3054 1600 3078 32.

1118 3225 1146 3250 85
1159 3221 1222 3249 dum
1237 3231 1279 3249 res
1292 3222 1417 3251 obscurae
1429 3223 1542 3252 dicendo
1557 3225 1651 3253 flerent
1670 3226 1832 3260 apertiores,

1116 3402 1299 3435 900bscurum
1319 3404 1470 3445 Q1in6t27,
1485 3414 1513 3432 ιι.

1582 142 1784 184 OBS

1157 227 1281 255 obscenas
1296 228 1346 262 piis
1359 229 1514 258 volucribus
1528 232 1624 267 opponit
1659 233 1741 260 Ouid.
1761 235 1820 264 Am.
1834 245 1856 266 2,
1870 240 1895 270 6,
1910 247 1942 269 5²·
2051 245 2125 280 Virg.
2145 249 2201 276 Aen

1158 273 1180 298 3,
1194 265 1236 296 367
1259 264 1405 292 Obscenam
1419 266 1516 293 famem
1530 269 1614 302 dixit,
1633 278 1707 304 quam
1721 279 1746 296 eo
1759 270 1810 306 ipso
1826 274 1898 298 verbo
1911 276 2092 306 abominaretur
2106 269 2212 310 Aeneas·

1157 307 1182 325 et
1195 306 1224 324 vt
1238 308 1289 324 rem
1302 302 1363 338 muli
1376 303 1462 329 ‹miinis
1475 305 1660 338 deptcmretur.
1732 307 1798 332 Nam
2204 305 2213 318 ¹

1158 342 1226 369 quae
1240 333 1362 361 homines
1376 338 1455 364 ctiam
1470 338 1502 365 ad
1515 338 1625 366 obscena
1638 341 1790 376 compellit,
1815 341 1877 369 illud
1896 344 1962 370 nibil
1971 347 2015 381 effe
2024 356 2084 382 puto
2094 354 2204 386 equidem

1159 369 1257 397 Catuli.
1273 372 1315 403 67,
1329 380 1360 404 99
1377 407 1381 411 .
1400 375 1558 408 conqueritur
1565 375 1679 409 fratrem
1691 386 1738 403 non
1750 378 1777 404 in
1786 378 1874 412 pati-ia
1886 376 2008 407 mortuum
2017 402 2024 414 ,
2060 386 2107 412 Sed
2123 374 2213 416 'froid

1159 405 1287 437 obscena,
1309 406 1399 433 Troia
1414 409 1520 436 iut'clicc
1536 411 1664 445 sepultum
1679 420 1723 440 etc.
1768 413 1887 442 Obscena
1901 423 1925 441 et
1939 416 2033 444 infelix
2046 420 2132 447 Poetae
2145 425 2171 448 ob
2186 426 2216 450 id

1159 440 1237 481 ipsum
1252 440 1287 476 est
1302 441 1394 485 Troia,
1424 452 1494 484 vetus
1509 448 1603 481 alioqui
1617 449 1777 476 Romanorum
1792 451 1898 485 patria,
1922 454 1987 486 quod
1991 453 2082 487 frater
2093 457 2166 491 ipfiut
2179 459 2216 484 ibe·

1158 483 1275 515 mortuus.
1348 478 1388 502 §tc
1401 479 1498 506 Matius
1515 485 1582 516 apud
1597 484 1712 511 Varron.
1730 484 1747 511 l.
1760 494 1781 511 c.
1794 485 1908 513 Obsceni
1921 488 2052 522 interpres
2067 489 2214 526 funemque

1159 519 1258 551 ⁰.m¹¹¹¹.⁵
1271 511 1378 552 audior:
1416 514 1520 548 Festus,
1551 517 1670 546 Alliensis
1684 519 1740 547 dles
1753 520 1891 550 dicebatur
1902 522 1970 558 apud
1983 525 2118 552 Romanos
2131 527 2218 554 obsce-

1158 546 1254 573 nissimi
1268 556 1377 590 ominiS.
1473 550 1592 580 Obscena
1613 555 1704 582 omina
1719 557 1787 583 dixit
1800 565 1824 584 et
1837 558 1894 585 Cic.
1909 567 1957 593 pro
1970 559 2059 587 Domo
2074 570 2117 594 ¹40
2139 572 2160 589 c.
2180 573 2216 595 55.

1159 581 1298 609 Ostentum
1314 585 1383 610 buct.
1392 583 1475 610 Galba
1489 595 1509 611 c.
1522 597 1546 619 q.
1765 589 1787 628 q
1808 602 1821 620 2
1858 596 1904 620 Ad
1915 596 2094 630 tmpitudinem
2105 599 2216 632 refertur

1159 626 1207 659 non
1219 619 1347 659 verborum
1362 621 1444 661 moilO,
1478 623 1542 655 quod
1551 623 1732 657 vfitatiffi'mum
1744 628 1776 663 esi
1783 647 1791 660 ,
1833 631 1865 655 ed
1873 630 1942 656 aelus
1954 631 2030 658 etiam
2043 634 2158 666 venerei,
2192 641 2217 660 ct

1160 654 1285 688 quidquid
1303 663 1328 679 eo
1345 661 1470 689 pertinet,
1509 659 1712 695 membrorumque
1731 627 1907 696 neceffi'elinibas
1925 673 2032 692 naturae
2042 667 2216 703 serus'entium.

1160 690 1212 729 Hoc
1226 688 1333 728 respet‘lu
1351 690 1437 717 Festus
1450 691 1480 716 ab
1494 692 1568 718 Oscis
1582 694 1697 726 derium,
1725 705 1839 730 quorum
1853 700 2076 736 frequentissimus
2090 703 2143 731 fuit
2158 705 2218 732 vsu!

1159 724 1305 765 libidinum
1318 725 1470 766 spurcarum
1478 749 1493 767 ,-
1518 727 1587 754 vnde
1604 735 1630 756 et
1649 730 1730 758 verba
1744 732 1909 767 impudentia
1922 737 2087 772 appellantur
2098 740 2218 768 obscena.

1159 761 1264 796 Qodst
1277 769 1364 786 vniam
1377 762 1449 796 estet,
1462 764 1518 795 sine
1533 768 1549 789 Β
1558 782 1566 793 ,
1591 771 1614 790 et
1628 766 1715 800 absque
1727 769 1891 804 diphthongo,
1919 772 2050 800 Oscenum
2058 774 2139 810 scribi
2151 782 2219 812 opor-

1159 802 1231 821 teret.
1304 797 1392 836 Varro
1407 796 1423 823 l.
1438 806 1461 824 c.
1476 799 1518 824 hoc
1529 799 1679 827 Obscenum
1693 809 1708 828 a
1723 802 1802 829 scena
1815 804 1938 840 deducit,
1972 810 2043 843 quod
2063 810 2110 837 nisi
2125 811 2153 838 in
2167 812 2219 839 scc-

1158 840 1191 857 na
1204 830 1290 866 palam
1303 831 1356 858 dici
1371 841 1425 859 non
1440 832 1525 860 debet.

2146 172 2216 208 522

1815 309 1880 342 quod
1897 309 2002 338 Seruius
2020 316 2213 353 interpretatur,

1230 867 1235 871 .
1352 868 1357 872 .
1458 870 1462 874 .
1635 837 1703 862 Idem
1717 838 1804 865 Varro
1817 841 1969 876 Agathone,
1996 852 2035 880 ap.
2049 846 2123 874 Non.
2135 859 2160 881 4,
2173 857 2218 881 330

1159 867 1238 893 Pueri
1252 867 1373 894 obscenis
1389 869 1478 896 verbis
1492 878 1578 898 nouae
1591 872 1716 906 nuptulae
1729 876 1817 901 aureis
1831 882 1959 904 returant.
2043 882 2156 909 Cantare
2171 883 2220 910 ob.

1159 903 1232 943 scena
1256 903 1338 931 Ouid.
1355 904 1421 931 Fast.
1437 914 1458 938 3,
1472 907 1527 938 673.
1635 908 1761 936 Carmina
1783 911 1903 946 Propert.
1920 923 1939 946 ι,
1955 916 1992 947 16,
2009 924 2043 942 ιο.
2141 919 2220 947 Dicta

1160 938 1242 965 Ouid.
1259 940 1323 979 Met.
1337 947 1430 980 κύῃ
1450 948 1473 966 et
1487 941 1553 968 Fast.
1567 951 1589 976 3,
1603 945 1660 976 695.
1733 945 1843 973 Facinus
1864 947 1957 975 Claud.
1973 950 1999 976 in
2014 952 2145 988 Eutrop.2
2173 964 2219 989 ⁷¹9·

1158 975 1268 1001 locandi
1281 984 1363 1009 genus
1377 976 1524 1010 illiberale,
1541 978 1675 1014 petulans,
1695 981 1854 1016 flagitiosum
1872 990 1898 1010 et
1911 984 2051 1013 obscenum
2093 976 2218 1017 Cicfoff.

1159 1019 1178 1045 ι,
1194 1019 1242 1043 104
1256 1020 1278 1037 c.
1292 1019 1331 1045 29.
1415 1012 1512 1038 Lectus
1526 1012 1660 1042 obscenus
1672 1017 1753 1044 Ouid.
1767 1018 1830 1046 Met.
1845 1028 1884 1052 io,
1897 1023 1950 1053 465.
2034 1023 2108 1058 Opus
2136 1027 2219 1053 Ouid.

1161 1049 1254 1087 Amor.
1268 1055 1288 1080 3,
1302 1056 1337 1078 14,
1351 1051 1387 1077 ²8-
1461 1049 1548 1075 Partes
1566 1049 1640 1076 Idem
1653 1051 1686 1078 de
1701 1053 1764 1079 Arte
1779 1054 1839 1080 Am.
1854 1062 1878 1088 2,
1892 1060 1944 1089 584.
2049 1060 2123 1086 Risus
2144 1061 2219 1089 Idem

1161 1082 1249 1108 Trist.
1260 1091 1282 1122 2,
1295 1092 1357 1116 409.
1397 1118 1401 1122 ι
1431 1083 1571 1111 Sermones
1595 1086 1664 1114 Hor.
1679 1088 1758 1123 Epist.
1768 1099 1790 1120 2,
1805 1100 1823 1123 ι,
1837 1098 1887 1125 ¹²7·
1959 1092 2034 1127 Spem
2048 1096 2117 1130 capit
2131 1097 2219 1124 obsce-

1160 1126 1221 1144 nam
1236 1124 1322 1144 coitus
1350 1117 1431 1158 Ouid.
1446 1119 1510 1146 Fast.
1525 1122 1551 1153 6,
1564 1130 1611 1154 337.
1708 1124 1796 1151 Verba
1822 1126 1895 1153 Idem
1909 1126 1946 1154 ib.
1959 1138 1979 1164 3,
1994 1132 2050 1163 695.
2080 1133 2114 1159 ul.
2133 1133 2219 1160 Dicta.

1160 1153 1316 1194 Voluptates
1330 1154 1457 1194 delicatae
1471 1162 1496 1182 et
1508 1155 1637 1185 obscenae
1672 1159 1730 1185 Cic.
1743 1160 1776 1187 de
1790 1161 1852 1188 Nat.
1866 1162 1947 1189 Deor.
1961 1173 1978 1197 ι,
1993 1174 2034 1193 112.
2113 1168 2220 1194 Adulte-

1161 1198 1233 1216 rium
1264 1190 1343 1217 Ouid.
1359 1190 1445 1217 Trist.
1460 1201 1483 1225 2,
1496 1201 1545 1219 212.
1617 1194 1681 1220 Auis
1693 1194 1889 1232 obscenapastu
1911 1199 1974 1228 Plin.
1991 1210 2027 1234 10,
2041 1209 2080 1234 29.
2141 1204 2221 1230 Piscis

1162 1225 1290 1252 obscenus
1310 1225 1384 1254 Idem
1395 1236 1423 1263 9,
1436 1232 1469 1256 18.
1484 1228 1501 1254 s.
1514 1236 1540 1258 3²
1565 1229 1595 1254 de
1615 1229 1704 1264 Salpa;
1741 1235 1856 1259 contemti
1875 1244 1947 1260 mium
1959 1243 1983 1261 et
1995 1235 2139 1270 viliffimum
2151 1240 2222 1265 vide.

1162 1269 1206 1287 tur
1219 1262 1308 1289 dicere.
1443 1262 1560 1290 Obscena
1585 1264 1735 1300 obstantiae,
1773 1269 1892 1295 Pmlenda
1906 1272 1974 1296 tl'I'xI't
2011 1273 2081 1300 Mela
2094 1282 2141 1308 3‚7
2160 1275 2222 1301 Pars

1162 1297 1228 1323 nudi
1242 1302 1337 1332 agunt,
1360 1306 1420 1333 pars
1434 1304 1535 1326 tantum
1550 1308 1567 1326 0
1588 1300 1661 1327 scena
1674 1302 1764 1330 velati.
1856 1306 1974 1333 Obscena
1986 1309 2108 1343 corporis
2128 1309 2221 1337 Iustin.

1163 1343 1182 1367 1,
1196 1334 1221 1367 6,
1236 1343 1271 1365 14.
1379 1334 1460 1362 Ouid.
1477 1334 1542 1361 Fast.
1557 1338 1582 1369 6,
1594 1338 1633 1368 631
1657 1336 1772 1366 Obsceni
1785 1339 1874 1367 virilis
1888 1341 1984 1369 forma.

1234 1369 1240 1374 .
1480 1370 1485 1374 Ι
1506 1370 1511 1375 ,
2056 1344 2172 1380 Obsequ.
2189 1346 2222 1373 de

1161 1369 1268 1404 Prodig.
1283 1373 1312 1400 84
1333 1370 1400 1396 Puer
1414 1370 1513 1404 duplici
1528 1370 1642 1399 obsceno
1656 1380 1740 1400 natus.
2116 1379 2119 1381 ’

1381 1405 1386 1409 .
1488 1406 1492 1410 .
1548 1407 1552 1410 Ι
1828 1376 2018 1405 La&ant.1nst.
2035 1388 2054 1413 ι,
2067 1389 2095 1407 21
2133 1382 2222 1408 Certa-

1161 1414 1223 1431 men
1237 1405 1269 1431 de
1281 1404 1388 1431 obsceni
1406 1406 1598 1440 magnitudine.
1635 1416 1718 1444 nempe
1737 1410 1889 1446 intelligitur
1908 1414 2070 1442 Membrum.
2174 1419 2226 1444 Sed

1951 1451 2009 1477 Sen.
2028 1451 2047 1477 Ε
2068 1451 2106 1478 ist.
2143 1462 2160 1479 0
2199 1462 2223 1480 n.-

1164 1475 1281 1510 Lignum
1294 1475 1336 1509 id,
1370 1477 1442 1512 quod
1455 1477 1488 1504 ad
1504 1479 1669 1507 emundanda
1684 1481 1809 1517 obscena,
1834 1483 1994 1512 adhaerente
2007 1461 2141 1521 Γροξιειᾶῖ
2156 1454 2224 1523 pgi'i-

1163 1517 1220 1537 tum
1232 1511 1276 1537 est.
1312 1512 1342 1537 de
1353 1513 1449 1539 latrina
1454 1513 1537 1548 sernm
1549 1514 1581 1550 est
1588 1536 1596 1548 ‚
1615 1523 1638 1541 et
1650 1524 1739 1543 ventre
1751 1522 1913 1546 exonerando.
1985 1522 2053 1548 Suet.
2062 1518 2146 1553 Caliz.
2161 1534 2183 1552 c.
2192 1530 2221 1555 ἐς

1163 1546 1279 1579 Quidam
1293 1547 1376 1575 etiam
1389 1557 1435 1583 per
1449 1548 1560 1576 obscena
1571 1550 1673 1578 ferrum
1686 1552 1838 1588 adegerunt.
1909 1557 1941 1583 In
1955 1556 2074 1584 obscenis
2087 1555 2131 1585 est*
2136 1552 2224 1595 penis,

1163 1583 1186 1608 b.
1200 1592 1220 1608 e.
1240 1584 1313 1608 Inter
1326 1584 1425 1619 obscena
1439 1593 1637 1615 connumeratur.
1692 1588 1747 1616 Cic.
1763 1589 1833 1615 Fam.
1847 1600 1872 1623 9,
1885 1600 1911 1618 22
1930 1602 1992 1626 quae
2004 1601 2057 1619 tota
2067 1595 2122 1630 agit
2134 1598 2164 1621 cle
2176 1596 2224 1623 ob-

1327 1620 1375 1645 Sed
1388 1620 1524 1647 Reddente
1536 1621 1646 1648 obscena
1660 1624 1748 1657 puella
1773 1625 1856 1652 Ouid.
1871 1626 1946 1652 Rem.
1961 1630 2018 1656 Am.
2037 1638 2064 1655 ν.
2078 1639 2118 1663 437
2145 1632 2162 1658 i.
2181 1634 2223 1657 ear-⁴

1163 1661 1296 1693 crementa.
1333 1656 1403 1681 Adel.
1418 1655 1488 1681 Mela
1502 1665 1521 1690 ι,
1533 1666 1559 1690 9.
1604 1657 1718 1684 Obsceni
1731 1668 1762 1686 ex
1776 1661 1884 1694 virgine
1898 1671 1971 1688 rores
1991 1664 2124 1691 Sammon.
2139 1675 2164 1691 v.
2174 1668 2224 1696 168.

1164 1688 1279 1715 Obsceni
1298 1692 1374 1715 etiam
1393 1690 1471 1723 ditsli,
1500 1693 1545 1725 qui
1562 1693 1691 1719 muliebria
1702 1701 1864 1728 paterentur:
1901 1705 1931 1722 vt
1945 1705 1985 1732 ap.
1997 1699 2054 1726 Sen.
2069 1701 2098 1726 in
2111 1701 2195 1727 Praef.
2210 1712 2225 1733 4

1163 1725 1296 1764 Con-trout
1309 1724 1338 1750 in
1351 1725 1473 1760 Exerptis
1481 1727 1529 1762 sub
1536 1728 1585 1761 fin.
1684 1731 1796 1766 Campar.
1817 1731 1874 1758 Cic.
1886 1731 1969 1758 Tusc.
1984 1743 2004 1765 ς,
2021 1743 2054 1760 112
2069 1744 2089 1762 c.
2107 1742 2133 1768 58
2155 1737 2226 1769 Illud

1163 1761 1298 1794 Antipatri
1312 1760 1349 1787 est
1362 1761 1472 1795 quidem
1484 1762 1575 1797 paullo
1589 1762 1737 1792 obscenius.
1838 1768 1934 1802 Super-l.
1959 1769 2033 1796 Idem
2046 1771 2085 1805 Q
2095 1772 2164 1799 Frat.
2176 1781 2200 1805 2,
2213 1783 2225 1807 3

1201 1838 1222 1858 ο
1233 1839 1249 1859 B
1258 1838 1271 1858 s
1282 1837 1300 1859 c
1311 1838 1328 1858 Ε
1340 1839 1362 1859 N
1374 1831 1388 1859 1u
1396 1839 1448 1859 TA
1457 1840 1470 1859 s
1480 1854 1488 1867 ‚
1512 1834 1570 1861 atis.
1596 1834 1617 1862 f.
1654 1836 1809 1873 [αἰσχρότης]
1855 1839 1958 1865 citatur
1980 1841 2036 1868 Cic.
2055 1851 2106 1877 pro
2119 1843 2187 1871 Flac.
2207 1851 2227 1880 7

1164 1869 1238 1901 Qias
1249 1877 1299 1903 ego
1312 1877 1368 1895 non
1381 1869 1467 1896 solum
1481 1876 1591 1905 propter
1603 1871 1815 1907 longitudinem,
1841 1874 1884 1901 sed
1898 1876 1978 1904 etiam
1992 1885 2102 1912 propter
2115 1880 2225 1915 turpiffi-

1163 1913 1233 1931 mam
1247 1904 1437 1931 obscenitatem
1452 1906 1598 1933 verborum
1612 1909 1814 1942 praetercundas
1829 1917 1903 1944 puto.
1924 1913 1974 1937 Sed
1988 1923 2036 1938 non
2049 1915 2155 1941 inomio.
2193 1918 2226 1944 In

1163 1940 1351 1968 obscenitatem
1365 1942 1524 1975 compellere
1538 1944 1690 1977 quempiam
1728 1945 1825 1979 le.in
1840 1946 1857 1972 l.
1871 1955 1881 1972 1
1894 1945 1917 1982 §
1939 1948 2020 1981 Qrod
2032 1956 2129 1976 autem.
2151 1951 2183 1977 D.
2193 1952 2225 1978 de

1162 1975 1233 2002 offic.
1247 1976 1373 2009 praefeci.
1388 1976 1446 2002 vrb.
1520 1979 1550 2003 In
1563 1978 1724 2004 obscenitate
1735 1979 1754 2006 fi
1768 1980 1841 2013 quod
1854 1980 1884 2006 fit
1896 1983 2036 2016 flagitium,
2053 1984 2081 2010 id
2094 1991 2139 2012 aut
2150 1986 2182 2014 in.
2195 1997 2226 2014 re

1163 2011 1228 2041 esse,
1247 2016 1291 2035 aut
1303 2010 1332 2035 in
1346 2010 1431 2049 verbo
1453 2011 1510 2036 Cic.
1523 2012 1595 2038 Fam.
1608 2022 1633 2044 9,
1647 2020 1686 2038 22.
1784 2015 1996 2050 Turpitudinem
2009 2020 2155 2047 verborum
2164 2043 2172 2054 ,
2198 2029 2225 2050 et

1163 2052 1252 2083 rerum
1259 2044 1449 2072 obscenitatem
1458 2045 1543 2072 vitare
1562 2046 1635 2074 Idem
1644 2046 1675 2073 de
1685 2048 1760 2076 Orat.
1770 2058 1847 2083 2‚24z
1862 2060 1883 2078 c.
1892 2060 1933 2084 59.
2005 2055 2158 2083 Obscenitas
2165 2067 2225 2085 ora-

1162 2079 1245 2105 tionis
1265 2078 1339 2119 Idem
1353 2080 1406 2107 Off.
1424 2090 1441 2114 ι,
1454 2090 1491 2113 ¹27
1506 2090 1528 2108 c.
1542 2090 1579 2114 33.
1651 2083 1804 2111 Verborum
1817 2085 1963 2115 obscenitas
1979 2089 1997 2116 fi
2012 2092 2171 2126 turpitudini
2185 2103 2226 2121 re-

1162 2123 1223 2141 rum
1237 2114 1411 2149 adhibeatur,
1437 2115 1514 2143 ludus
1527 2126 1560 2144 ne
1573 2116 1661 2145 libero
1675 2120 1782 2153 quidem
1797 2121 1909 2149 homine
1922 2124 2017 2159 dignus
2030 2127 2066 2153 est
2102 2127 2174 2155 Idem
2188 2130 2225 2158 ib.

1164 2159 1182 2182 ι,
1198 2159 1245 2183 ¹04
1257 2159 1279 2177 c.
1293 2158 1334 2185 29.
1425 2152 1783 2189 lnstrii‘iiorisignificatione
1797 2157 1950 2185 Obscenitas
1965 2156 2095 2195 appellatav
2107 2163 2139 2199 cst
2146 2165 2225 2198 foeda

1162 2185 1206 2211 illa
1224 2187 1317 2221 Venus,
1344 2196 1393 2221 qua
1407 2188 1445 2214 ori
1457 2187 1616 2214 illudebatur.
1649 2191 1703 2216 Vlu'.
1718 2191 1786 2218 Suet.
1802 2192 1902 2220 Tiber.
1918 2204 1939 2221 c.
1952 2190 2027 2224 &fet
2040 2198 2133 2226 Claud.
2153 2209 2175 2227 c.
2192 2211 2224 2231 15·-

1161 2221 1304 2282 Νειὸιῖζζῑεν
1319 2222 1463 2257 accipienda
1476 2232 1528 2249 vox
1539 2223 1589 2258 leg.
1603 2232 1617 2250 2
1637 2223 1661 2261 §.
1675 2230 1696 2254 8.
1721 2226 1782 2262 Dig.
1796 2227 1833 2254 de*
1841 2229 1894 2256 Off.
1908 2224 1991 2265 praef.
2006 2233 2064 2260 vrb.
2088 2236 2144 2262 Vid.
2158 2236 2224 2265 Fest.

1161 2264 1190 2282 in
1244 2264 1289 2283 cis.

1178 2327 1183 2331 Ι
1198 2298 1218 2317 o
1228 2298 1265 2332 138
1276 2298 1293 2319 c
1304 2298 1355 2319 EN
1365 2299 1391 2319 Ε.
1430 2292 1497 2320 Adu.
1532 2294 1663 2330 [αὶεχρῶς]
1700 2298 1806 2332 Impure.
1844 2299 1898 2327 Cic.
1909 2301 1961 2328 Off.
1970 2312 1988 2336 ι,
2002 2310 2042 2334 ¹28
2057 2313 2114 2338 (ης
2132 2307 2224 2336 Latro-

1161 2335 1265 2360 cinan,
1300 2327 1440 2362 fraudare,
1475 2330 1620 2357 adulterari
1641 2340 1670 2358 re
1684 2336 1761 2367 turpe
1776 2334 1828 2369 cst,
1864 2336 1906 2362 sed
1920 2336 2019 2366 dicitur
2036 2349 2090 2367 non
2104 2341 2215 2370 obscene

1162 2364 1276 2398 Compar.
1314 2364 1428 2391 Excitata
1443 2364 1589 2392 Obscenius
1609 2367 1737 2395 Mercurii
1760 2378 1852 2397 natura
1864 2373 1995 2410 traditur,
2030 2377 2103 2411 quod
2118 2367 2224 2412 aspeetti

1162 2399 1333 2434 Proserpinae
1346 2406 1497 2427 commotus
1512 2400 1542 2428 fit
1579 2401 1652 2429 Idem
1662 2403 1693 2430 de
1701 2405 1762 2431 Nat.
1771 2406 1852 2433 Deor.
1862 2416 1883 2440 3,
1892 2410 1920 2441 56
1932 2419 1954 2436 c.
1962 2418 2002 2438 22.
2039 2415 2108 2444 Add.
2124 2414 2180 2441 Cic.
2194 2416 2224 2442 in.

1164 2435 1238 2462 Orat.
1247 2444 1326 2497 'c.·‘45.
1431 2438 1528 2473 Superi.
1565 2438 1676 2475 Eutrop.
1689 2445 1713 2473 8,
1729 2450 1762 2476 ις,
1775 2451 1788 2474 3
1817 2444 2020 2478 Iuipudiciffime
2032 2454 2058 2474 et
2078 2448 2224 2478 obst-enini.

1163 2479 1207 2498 me
1226 2480 1282 2497 vixi
1297 2491 1303 2497 .

1197 2513 1216 2533 0
1226 2513 1242 2533 Β
1255 2513 1268 2533 s
1279 2513 1296 2533 c
1306 2513 1323 2533 E
1335 2514 1358 2534 N
1371 2514 1391 2534 o
1401 2529 1410 2541 ,
1437 2512 1490 2535 are.
1526 2509 1654 2545 [oniam]
1692 2512 1827 2541 Onomast.
1844 2521 1897 2543 vet.

1201 2548 1222 2585 9
1233 2549 1250 2569 B
1261 2549 1273 2570 S
1286 2549 1302 2569 C
1315 2544 1337 2570 x?
1346 2550 1364 2570 R
1376 2550 1397 2570 V
1406 2550 1429 2577 S,
1449 2553 1474 2581 a,
1493 2553 1548 2571 um.
1568 2545 1634 2586 fidi.
1653 2547 1667 2581 [
1674 2550 1786 2581 ἀμαυρὰς,
1802 2550 1916 2584 deveniat.
1930 2554 2088 2589 σκοτομήνιος,
2103 2557 2225 2593 ε’ρέβεννὸς,

1162 2580 1275 2619 ἂνωνυχξσς
1284 2598 1304 2620 '.
1313 2580 1441 2614 ἀφεγγὴς]
1479 2579 1570 2616 lllistrt
1578 2602 1587 2614 ,
1607 2583 1690 2616 claro,
1707 2585 1847 2620 perspicuo,
1871 2589 2015 2623 opponitur,
2028 2591 2085 2623 stite
2098 2595 2133 2618 ad
2144 2595 2223 2621 lucem

1158 2620 1261 2649 proprie
1275 2616 1366 2641 dibiam
1378 2616 1525 2649 referantur
1543 2617 1588 2642 illa
1601 2620 1715 2652 nomina,
1734 2621 1790 2653 siue
1803 2623 1942 2655 adsumam
1951 2645 1959 2657 ‚
1987 2628 2022 2650 nd
2031 2627 2225 2660 intelligentiam

1160 2657 1204 2676 etc.
1242 2651 1397 2686 Etymologia
1408 2651 1518 2693 obscura:
1554 2655 1581 2679 A
1594 2655 1663 2681 Cura
1675 2656 1791 2682 deriuari
1801 2658 1865 2684 dicit
1878 2660 2015 2695 Sipontius‚
2029 2658 2224 2700 stsgnis'icareque

1303 2687 1440 2723 Qodfine
1454 2689 1546 2714 lumine
1557 2688 1605 2724 est,
1642 2692 1708 2724 quod
1717 2694 1754 2717 ad
1764 2694 1830 2718 talia
1841 2696 1920 2720 multa
1930 2705 1989 2722 cura
2003 2703 2060 2732 opus
2066 2694 2111 2731 fit.
2148 2701 2221 2735 Confi

1161 2722 1255 2756 Scalig.
1267 2723 1298 2748 de
1312 2723 1398 2755 Caufis
1410 2724 1438 2750 L.
1452 2724 1480 2750 L.
1494 2734 1514 2750 c.
1523 2733 1563 2758 34.
1624 2723 1714 2759 Vofflus
1733 2737 1784 2754 cum
1805 2730 1942 2757 Becmanno
1960 2734 2056 2759 mauult
2073 2735 2104 2760 ab
2122 2736 2223 2771 obsoleto

1162 2757 1267 2790 Scurus,
1288 2757 1392 2792 scotus,
1412 2761 1455 2785 vel
1468 2760 1588 2794 Scaurus,
1605 2769 1636 2787 vt
1650 2761 1686 2788 ob
1699 2769 1796 2789 tantum
1810 2767 2120 2803 augeatst'gnificationem.
2165 2773 2223 2798 Cer.

1160 2800 1185 2819 te
1197 2793 1284 2819 Corus
1298 2795 1342 2820 vel
1353 2794 1455 2821 Caurus
1469 2795 1572 2822 videtur
1584 2798 1744 2832 caliginosam
1755 2798 1933 2834 septentrionis
1955 2804 2075 2836 regionem
2089 2813 2174 2833 notare
2193 2815 2223 2834 v!

1161 2829 1269 2864 Aquilo.
1308 2831 1358 2856 Sed
1369 2831 1438 2866 vsum
1448 2832 1530 2866 potius
1543 2833 1647 2858 nominis
1660 2832 1811 2868 illustremus.
1885 2837 1962 2872 Virg.
1976 2832 2040 2866 Zeu.
2054 2849 2080 2874 9,
2097 2850 2146 2875 244
2174 2828 2222 2870 Vi.

1161 2864 1249 2892 dimus
1263 2865 1382 2893 obscuris
1395 2867 1513 2902 primum
1532 2867 1580 2894 sub
1599 2868 1712 2895 vallibus
1726 2869 1828 2897 vrbem.
1948 2874 2066 2901 Acumen
2081 2877 2221 2905 obsturum

1161 2901 1268 2929 Lucret.
1282 2911 1310 2937 4,
1323 2911 1379 2935 433.
1459 2904 1514 2943 Aer
1542 2904 1617 2938 Virg.
1631 2904 1694 2930 Aen.
1710 2914 1728 2940 i,
1741 2914 1794 2939 415.
1884 2907 1997 2936 Antrum
2018 2911 2100 2938 Ouid.
2113 2915 2176 2940 Met.
2190 2923 2220 2947 4,

1163 2945 1219 2963 100.
1301 2938 1410 2965 Caelum
1446 2939 1522 2973 Virg.
1537 2938 1601 2965 Aen.
1614 2947 1638 2972 3,
1652 2942 1706 2972 586.
1798 2941 1896 2970 Cubile
1932 2945 2020 2973 Senec.
2035 2948 2144 2982 Hippol.
2159 2950 2176 2975 s.
2191 2958 2218 2982 4.

1161 2972 1235 3000 Luna
1255 2973 1331 3009 Virg.
1345 2975 1409 3001 Aen.
1423 2985 1447 3007 4,
1461 2980 1502 3004 80.
1581 2975 1652 3001 Luce
1667 2975 1776 3003 obscura
1795 2978 1855 3005 Liu.
1869 2987 1910 3013 24,
1924 2989 1960 3007 21.
2050 2983 2114 3009 Nox
2142 2985 2220 3019 Virg.

1161 3009 1227 3035 Aen.
1240 3017 1267 3041 2,
1280 3019 1335 3041 420.
1417 3009 1509 3037 Nubes
1533 3009 1607 3037 Idem
1621 3011 1720 3046 Georg.
1735 3022 1759 3044 4,
1772 3016 1816 3040 60.
1909 3016 2020 3044 Puluere
2034 3017 2146 3045 obscuro
2161 3029 2219 3053 per-

1692 3048 1782 3075 Sidera
1796 3049 1876 3076 nullis
1889 3051 1999 3078 obscura
2013 3053 2127 3080 tenebris
2156 3056 2218 3082 Pro-

1444 3082 1522 3108 Lucis
1537 3081 1679 3109 obscurum
1700 3084 1790 3111 Tacit.
1804 3085 1871 3112 Hist.
1884 3096 1908 3118 4,
1922 3094 1962 3118 ςο.
2041 3089 2158 3125 Ferrugo
2170 3091 2219 3117 ob.

1160 3116 1251 3148 scura,
1277 3118 1362 3151 Nigra
1401 3116 1478 3152 Virg.
1491 3118 1589 3153 Georg.
1604 3127 1624 3152 1,
1636 3120 1696 3153 468.
1787 3121 1888 3147 Forma
1902 3122 2011 3149 obscura
2025 3124 2127 3152 reddita
2141 3134 2218 3155 moto

1160 3151 1217 3177 lacu
1243 3151 1324 3179 Ouid.
1337 3152 1401 3179 Met.
1416 3163 1438 3186 3,
1451 3155 1512 3186 476.

1159 3187 1279 3221 scurum,
1318 3188 1394 3214 Cuius
1402 3188 1531 3223 sententia
1543 3190 1615 3218 latet.

1161 3086 1227 3114 pert.
1241 3090 1264 3114 2,
1277 3083 1317 3113 26,
1329 3089 1366 3114 55.

1707 3152 1731 3218 ἕ
1749 3163 1764 3181 z
1803 3155 1859 3192 Est,
1877 3164 1906 3182 vt
1918 3158 2043 3192 diximus,
2070 3164 2145 3187 etiam
2162 3163 2218 3189 Ob-

1731 3191 1762 3217 ic.
1777 3190 1809 3217 de
1823 3193 1925 3219 Inuent.
1937 3201 1961 3226 2,
1978 3196 2016 3224 156
2038 3196 2218 3228 Quemadmo-

1870 3227 1901 3254 fic
1914 3238 1954 3255 res
1967 3236 2068 3264 apertas
2082 3233 2218 3261 obscurio·

1158 3267 1200 3285 res
1214 3258 1272 3285 fieri
1286 3259 1418 3287 oratione.
1492 3261 1611 3288 Obscura
1626 3268 1652 3288 et
1666 3261 1788 3296 ambigua
1803 3263 1885 3290 multa
1898 3270 1987 3298 erant,
2007 3266 2144 3296 adhibitae
2159 3270 2219 3297 sunt

1157 3294 1334 3329 interpretum
1350 3296 1546 3331 explanationes
1572 3297 1628 3324 Cic.
1643 3297 1675 3323 de
1690 3298 1781 3326 Diuin.
1797 3308 1814 3331 ι,
1831 3301 1876 3325 ιι6.
1973 3300 2091 3330 Obscura
2104 3304 2217 3333 deorum

1159 3335 1268 3366 natura,
1286 3337 1314 3358 et
1328 3331 1448 3359 difficiles
1463 3333 1605 3367 explicatus
1618 3332 1697 3359 habet
1718 3333 1790 3360 Idem
1806 3333 1838 3360 de
1853 3335 1914 3361 Nat.
1929 3335 2012 3364 Deor.
2025 3348 2046 3372 3,
2061 3348 2101 3372 94.
2153 3342 2216 3368 Car.

1158 3375 1219 3393 men
1233 3367 1375 3394 obscurum
1390 3367 1498 3403 ambage
1512 3377 1646 3396 nouorum
1659 3368 1806 3396 verborum
1835 3370 1917 3398 Ouid.
1930 3372 1993 3399 Met.
2010 3383 2043 3405 14,
2056 3384 2094 3408 57.
2171 3379 2214 3404 Ius

1619 3405 1733 3432 Oracula
1753 3405 1910 3440 flexiloqua,
1942 3406 2067 3443 obscura,
2092 3417 2118 3438 et
2131 3414 2214 3440 ambi-

1158 3448 1209 3473 gua
1246 3440 1303 3466 Cic.
1324 3440 1357 3467 de
1380 3440 1474 3467 Dium.
1498 3449 1522 3473 2,
1535 3449 1571 3470 ιις
1584 3450 1606 3467 c.
1623 3444 1661 3471 56.

1158 3475 1270 3508 Quinc't.
1286 3485 1309 3510 7,
1323 3484 1351 3509 4.

1157 3517 1212 3538 erat
1224 3511 1365 3538 obscurum
1380 3511 1444 3545 quid
1463 3511 1546 3539 homo
1564 3511 1719 3547 improbus,
1745 3519 1790 3539 aut
1810 3513 1928 3541 nefarius
1947 3516 2090 3552 cogitaret,
2128 3521 2145 3547 i.
2165 3522 2214 3546 Ne-

1157 3555 1193 3573 mo
1205 3548 1338 3583 ignorabat
1357 3547 1431 3574 Idem
1446 3548 1523 3575 Verr.
1537 3559 1550 3579 4
1566 3549 1606 3581 (2)
1621 3557 1644 3580 9¹
1663 3556 1683 3573 c.
1700 3556 1734 3579 37.
1824 3549 1897 3577 Ideni
1910 3550 1942 3577 de
1956 3552 2026 3587 Lege
2041 3555 2132 3588 Agrar,
2148 3565 2170 3589 2,
2185 3557 2213 3588 36

1901 3586 2048 3615 Discrimen
2063 3589 2213 3624 obscurum,

1612 3653 1616 3658 Ι
1638 3654 1642 3658 Ι
1936 3623 1992 3650 Cic.
2001 3633 2050 3659 pro
2058 3627 2177 3653 Muraen.
2187 3629 2212 3653 16

1157 3655 1221 3681 Tua
1234 3663 1301 3681 vero
1315 3654 1441 3680 nobilitas
1456 3654 1531 3681 Serui
1546 3654 1660 3688 Sulpici,
1686 3655 1786 3682 tametsi
1801 3657 1901 3684 summa
1914 3658 1965 3691 est,
1992 3666 2079 3687 tamen
2096 3661 2211 3688 homini-

1157 3689 1205 3717 bus
1219 3690 1329 3717 literatis
1342 3696 1367 3716 et
1380 3689 1511 3716 historicis
1527 3689 1562 3715 est
1577 3689 1684 3723 notior,
1704 3692 1804 3725 populo
1818 3702 1884 3719 vero
1898 3700 1924 3720 et
1937 3695 2151 3727 fiiffragatoribus
2164 3697 2211 3724 ob-

1158 3726 1270 3753 scurior.
1357 3725 1441 3752 Valde
1455 3725 1580 3752 obscurus
1594 3725 1757 3757 Heraclitus,
1777 3728 1891 3755 minime
1905 3725 2073 3758 Democritus
2094 3733 2166 3759 Idem
2178 3732 2210 3757 de

1552 3760 1642 3787 Nimis
1661 3761 1787 3789 obscurus
1806 3764 1962 3797 Euphorion
1983 3767 2075 3793 Poeta:
2112 3774 2136 3793 at
2155 3774 2208 3791 non

1159 3798 1293 3824 Homerus
1313 3796 1386 3823 Idem
1401 3796 1437 3822 ib.
1451 3805 1472 3827 2,
1488 3805 1524 3828 132
1536 3805 1558 3822 c.
1572 3798 1611 3828 64.
1719 3799 1775 3826 Cic.v
1789 3798 1821 3825 de
1835 3800 1908 3827 Orat.
1926 3811 1943 3834 1,
1959 3810 2002 3835 177
2025 3803 2122 3828 Nonne
2136 3801 2165 3826 in
2178 3809 2208 3825 ea

1159 3833 1231 3859 causa
1245 3835 1287 3860 Ius
1301 3832 1484 3866 applicationis
1501 3830 1640 3859 obscurum
1654 3834 1712 3860 sane
1725 3841 1751 3861 et
1764 3835 1901 3869 ignotum,
1927 3837 2084 3871 patesaehim
2098 3837 2124 3861 in
2139 3834 2207 3861 iudi-

1161 3869 1204 3895 cio
1219 3876 1295 3903 atque
1310 3868 1467 3893 illustratum
1483 3867 1519 3893 est
1533 3870 1689 3902 a'patr0n03
1762 3871 1835 3897 Idem
1848 3872 1918 3899 Fam.
1938 3882 1967 3904 ις,
1981 3882 2003 3904 7¹
2019 3875 2072 3904 (70)
2094 3871 2156 3896 Non
2170 3871 2207 3896 est

1162 3904 1272 3931 obscura
1287 3911 1330 3930 tua
1343 3903 1371 3929 in
1385 3912 1427 3928 me
1441 3903 1635 3931 beneuolentia.
1725 3905 1798 3932 Idem
1811 3906 1848 3933 ib.
1864 3917 1881 3937 ι,
1896 3917 1903 3933 ι
1936 3907 2045 3933 Libonis
2060 3912 2084 3931 et
2098 3905 2207 3940 Hipsaei

1769 3441 1858 3468 Verba
1871 3441 2007 3476 ignotiora
2021 3452 2046 3472 et
2058 3447 2215 3475 obscuriora

1422 3476 1521 3503 Videre
1535 3476 1585 3502 Res
1599 3475 1787 3503 obscurissimas
1808 3477 1865 3504 Cic.
1883 3478 1915 3504 de
1929 3479 2004 3507 Orat.
2018 3490 2030 3507 2
2044 3492 2066 3509 c.
2074 3486 2110 3515 36.
2148 3484 2214 3511 Non

1157 3619 1233 3654 Qud
1247 3619 1359 3655 dignosci
1367 3619 1448 3652 facile
1463 3629 1509 3644 non
1517 3618 1592 3653 potest
1613 3619 1681 3646 Hor.
1690 3618 1808 3653 Canna,
1818 3630 1838 3655 ς,
1846 3630 1879 3653 23.

970 3939 1012 3967 Sic
1029 3939 1099 3969 Aues
1109 3949 1151 3971 105
1164 3948 1219 3967 non
1235 3939 1342 3967 obscura
1362 3939 1527 3966 concursatio
1541 3946 1566 3967 et
1580 3941 1732 3974 contentio,
1764 3942 1938 3976 omniumque
1956 3940 2073 3973 Pompeii
2095 3940 2207 3967 familia-

1321 3974 1345 4001 V
1360 3983 1377 4000 v
1391 3983 1408 4001 v
2134 3976 2204 4003 rium
