2517 4231
58 159 123 199 525
482 147 687 201 oBs
1593 152 1794 194 OBS
1881 183 1883 185 ·
2158 166 2233 213 526

60 245 102 271 29¹
126 236 218 264 Nurus
238 235 472 271 obsequentiffima.
509 238 577 273 conf.
597 236 729 266 Columel.
742 245 765 271 3,
778 241 801 267 8.
838 236 915 273 Apul.
931 238 1008 275 Apol.
1022 249 1048 276 p.
1060 246 1113 277 337.
1174 239 1262 281 tul.ad
1276 240 1429 277 Ipiithillam
1442 252 1478 278 32,
1488 251 1509 274 5.
1530 244 1549 271 ι’.
1570 244 1682 272 ianuam.
1757 244 1872 271 Palatum
1886 245 2007 276 obserare
2032 251 2127 278 Catuli.
2140 252 2168 278 in
2182 254 2231 281 Ca-

9 283 20 290 *
59 279 86 300 et
97 273 133 298 ad
147 273 170 298 b.
183 273 203 298 l.
216 273 266 299 lul.
279 272 372 298 Florid.
392 281 418 307 p.
436 281 490 307 559·
1175 285 1291 303 merium
1306 286 1342 311 33,
1355 287 1387 305 ci.

97 314 116 335 o
126 313 164 334 138
173 313 190 333 E
199 313 249 347 qv
260 313 278 334 Ε
289 314 310 334 Ν
319 313 365 334 ΤΕ
375 313 393 334 R
403 328 411 341 ,
438 308 495 342 ius,
521 308 610 336 issime.
646 308 712 335 Adu.
754 307 936 345 [ὖπηριτικιῧς]
956 306 957 311 ’
992 312 1114 348 Corpora
1212 317 1254 339 013
1264 320 1277 338 s
1287 319 1303 339 E
1315 321 1333 340 R
1343 316 1366 341 pt
1376 321 1399 341 ‘x’
1411 321 1470 350 vs,
1491 324 1521 348 a,
1541 324 1596 343 um.
1623 315 1714 342 Partic.
1741 316 1890 350 Ούιιιναιω,
1907 318 2011 357 clausis.
2068 324 2135 350 Hor.
2148 324 2231 359 Epod.

59 351 128 370 nunc
147 342 317 369 incrementis
337 345 412 369 lunae
431 345 619 380 consequenter
635 343 740 379 augeri,
761 351 831 370 nunc
852 344 1023 374 decrementis
1041 349 1113 377 obse.
1175 355 1211 382 ¹7,
1226 356 1252 380 53
1285 349 1357 381 Quid
1372 350 1498 378 obseratis
1512 351 1620 378 auribus
1635 351 1725 378 fundis
1739 352 1845 387 preces?
1918 352 2045 382 Aedificia
2077 358 2135 385 Liu.
2150 369 2177 393 5,
2191 369 2232 394 4¹·

59 384 172 414 quenter
184 378 309 405 imminui
347 379 423 414 Apul.
438 381 502 408 Met.
520 390 537 407 ii
559 389 585 415 p.
597 389 648 412 257.
740 379 807 406 Plin.
819 380 898 415 Epist.
912 392 942 415 4,
965 392 984 410 ιι
1016 385 1114 421 Vides,
1137 389 1150 414 5
1175 383 1255 409 FOreS
1275 383 1344 418 Nep.
1359 395 1394 418 ιο,
1411 396 1437 420 9,
1451 399 1475 420 ⁴·
1923 423 1928 428 ¹

59 422 138 448 quam
159 413 333 448 obsequenter
352 423 455 449 paream
473 416 531 443 tibi.
601 414 639 443 Id.
654 413 721 441 ibid.
735 422 762 450 7,
774 423 806 448 24
838 417 913 445 Vixit
929 419 958 447 iu
975 420 1114 448 cot-imber.
1213 424 1231 443 (ι
1241 423 1257 444 Β
1268 425 1281 445 s
1293 425 1336 445 ER
1349 426 1369 446 v
1382 429 1436 454 ιι),
1462 425 1510 448 irc.
1547 423 1657 450 Caetera
1671 421 1790 450 membra
1810 423 1930 450 ancillari
1947 429 1973 451 et
1985 425 2121 453 obstruite
2153 431 2231 464 Apul,

59 448 107 476 nio
120 449 193 476 auiae
206 449 324 483 delicate,
344 451 509 484 seuerissime,
527 456 650 478 ettamen
663 449 898 485 obsequentiffime.
1007 478 1009 481 ,
1175 453 1207 480 de
1222 453 1318 488 Dogm.
1335 456 1397 482 Plat.
1410 466 1434 490 p.
1451 466 1490 489 59.

98 491 119 512 ο
129 493 143 512 ιι
153 491 192 511 se
204 491 221 512 c
231 491 252 510 v
265 491 288 512 'r
300 493 309 512 ι
322 492 342 512 o
352 506 360 518 ‚
387 487 455 514 onis.
489 487 509 515 f.
545 485 645 512 Arnob.
660 493 677 520 7
697 495 722 520 p.
737 495 787 520 215.
1211 495 1231 516 o
1241 495 1279 515 Bs
1289 496 1304 515 ε
1316 497 1333 516 R
1345 498 1364 515 ν
1375 498 1410 524 ο,
1430 497 1483 518 are.
1508 494 1522 527 [
1530 499 1686 528 memma,
1705 492 1837 536 φυλάττει,
1853 495 1963 537 tongam]
2001 495 2042 531 cst,
2062 497 2145 531 inquit
2164 499 2232 526 mlta

98 526 118 548 ο
130 526 145 547 Β
154 527 192 548 SE
202 527 220 548 c
230 527 251 546 v
260 528 281 548 T
291 528 310 547 O
320 522 355 554 R',
378 523 441 549 bris,
477 531 513 549 m.
549 520 725 548 Obsecutores
739 523 804 557 legis
830 524 950 552 Tei-tull,
962 526 1020 554 adu,
1031 527 1113 554 Marc,
1174 534 1198 558 q,
1213 534 1234 556 3.
1270 526 1335 551 idem
1351 529 1416 560 quod
1428 528 1552 562 c'ustoa'ire
1567 531 1666 564 aliquid
1679 530 1754 556 oculis
1765 540 1894 565 annuaque
1911 541 1939 556 m
1956 533 2050 557 modum
2059 532 2231 568 speculatoris,

60 565 90 590 4,
104 565 128 591 9.
201 557 256 584 Lex
269 557 342 584 aliud
355 557 502 585 obsecutori
515 558 669 592 proposuit,
689 558 761 584 aliud
781 559 959 588 exorbitatori
994 562 1033 589 Id.
1048 562 1115 591 ibid.
1132 569 1159 588 ιο
1173 569 1204 585 ne
1220 569 1263 586 nos
1273 561 1386 593 filium,
1405 563 1527 597 tacitoque
1542 571 1691 598 practerea-‘-
1765 566 1872 592 Seruius
1885 566 1914 592 in
1928 567 2025 602 Georg.
2039 577 2061 599 4,
2075 575 2112 600 5¹3
2138 568 2232 595 Obser-

58 600 72 618 2
97 601 119 623 ¹3
142 598 208 619 extr.
1171 604 1252 628 vare,
1270 596 1307 622 est
1330 596 1435 624 Callicle
1454 598 1601 625 aduertere.
1674 600 1743 627 Ter.
1759 600 1840 628 Andr.
1856 611 1875 633 i,
1889 611 1913 635 ι,
1933 611 1971 635 ¹4²
2001 602 2132 630 Obserues
2146 603 2233 631 filium

73 613 83 627 ³
95 634 114 654 ο
124 633 140 654 Β
149 634 162 653 S
172 633 190 654 E
201 634 271 669 qu
280 635 299 654 v
308 636 350 660 M,
369 629 387 655 i.
422 637 448 654 n.
484 626 632 662 [bn-»remim
648 630 779 665 Sequa-itm]
816 630 936 662 Officium,
957 641 1003 665 quo
1015 633 1070 667 quis
1083 633 1114 660 id
1173 630 1237 664 quid
1251 637 1317 665 agat,
1338 633 1403 667 quid
1419 642 1477 659 curn
1491 634 1540 659 illo
1554 634 1657 673 consilii
1670 642 1764 669 captet.
1836 638 1912 672 Virg.
1927 638 2025 673 Georg.
2039 649 2069 671 4,
2082 648 2122 672 5¹3
2156 640 2233 673 Quos

51 662 177 700 sequitur,
196 672 220 690 et
228 664 314 698 fiii-it,
333 665 398 698 quod
410 663 488 688 alteri
497 664 650 698 placiturum
664 667 740 692 nouit.
829 667 898 693 Ter.
915 666 997 693 Andr.
1010 676 1033 701 ι,
1050 678 1072 701 ι,
1085 678 1110 699 4ι
1172 666 1253 692 durus
1267 674 1356 695 arator
1394 668 1544 695 Obseruans
1559 669 1624 696 nido
1635 670 1772 704 implumis
1787 672 1907 700 detraxit.
1970 675 2023 708 Qu.
2037 675 2093 701 Cic.
2109 675 2141 702 de
2155 676 2231 702 Petit.

60 698 225 733 Obsequium
245 700 359 731 amicos,
380 698 476 724 veritas
495 698 588 726 odium
609 701 685 734 parit.
776 701 975 729 Terentianum
996 704 1110 730 verbum
1172 702 1281 729 Consul.
1302 711 1333 735 43
1369 704 1418 730 Fac
1432 704 1531 738 itaque,
1552 710 1580 731 vt
1595 704 1619 730 se
1640 705 1684 732 abs
1704 712 1728 732 te
1746 707 1871 734 custodiri
1891 715 1969 743 atque
1987 710 2124 737 obseruari
2143 711 2234 738 sciant.

57 734 205 770 appellatur
229 735 284 762 Cic.
297 734 330 760 de
345 733 428 760 Amic.
442 743 464 761 c.
475 743 512 767 24.
586 736 745 764 Ciceronem
765 744 858 773 putare
877 744 892 762 a
905 737 1040 764 Terentio
1056 739 1110 773 pri.
1128 745 1154 771 ις
1171 739 1227 764 Cic.
1247 738 1274 763 in
1288 738 1364 765 Orat.
1385 749 1428 766 2¹0
1457 740 1521 766 Non
1536 740 1564 766 id
1579 740 1660 779 agit,
1671 746 1700 767 vt
1718 742 1855 768 insidietur
1869 750 1894 770 et
1908 744 2044 776 obseruct;
2069 746 2111 773 sed
2131 747 2184 774 iarn
2197 747 2235 774 fa.

57 780 132 797 mum
145 770 244 797 dietum
256 770 304 796 ess'e
317 769 491 806 obsequium,
511 770 637 806 obseruare
644 773 695 804 sibi
710 772 776 808 visus
788 772 823 808 est
853 772 985 805 Quinctii.
1001 780 1024 805 Β,
1037 783 1058 806 3,
1072 784 1108 808 35.
1172 780 1217 800 vet
1248 775 1447 810 processumque
1459 776 1532 807 vult,
1556 775 1663 815 dicendi
1677 777 1732 802 vim
1745 776 1893 811 admirans,
1910 789 1964 807 non
1977 782 2092 816 inquirit
2108 783 2178 817 quod
2193 791 2234 809 re.

57 806 112 832 vicl.
129 805 224 841 Gesner.
242 806 279 830 ad
294 806 317 832 lv.
331 806 349 832 l.
435 806 526 833 Plauto
547 807 704 843 Naeuioque
731 809 781 834 ium
804 805 949 841 vsurpatum
971 809 1015 843 ‘ffi
1041 811 1109 837 docet
1170 796 1324 844 prehendat.
1417 811 1471 838 Vbi
1486 811 1609 844 permulti
1623 810 1781 851 obseruandi
1795 813 1853 839 sunt
1866 819 1891 840 et
1904 817 1986 843 multa
2003 818 2144 852 seruanda,
2165 818 2234 846 nihil

56 841 151 869 Donat.
163 839 194 866 ad
202 840 270 867 Ter.
279 840 360 868 Andr.
375 851 394 875 i,
408 851 426 873 i,
442 850 476 874 4¹·
513 843 578 876 conf.
591 844 673 870 Bur-m.
687 845 724 869 ad
732 842 864 875 Qiinetil.
880 841 897 868 l.
911 852 932 869 c.
1005 845 1061 872 Cic.
1076 846 1109 873 de
1170 845 1206 871 est
1220 845 1299 879 mali,
1320 854 1394 873 canes
1413 846 1453 873 ibi
1472 856 1550 881 quani
1565 847 1697 881 plurimos
1710 848 1759 874 esse
1791 848 1830 874 Id.
1850 858 1899 882 pro
1915 852 1988 879 Rosc.
2003 854 2090 880 Amer.
2103 864 2138 887 90
2160 864 2180 881 c.
2196 863 2232 886 3²·

55 876 161 904 Amicit.
176 883 202 908 91
223 884 244 902 c.
259 885 287 908 2⁴
313 877 360 904 Sed
379 876 535 912 obsequium
548 879 634 905 multo
648 877 791 911 molestius,
810 878 881 912 quod
896 879 1007 913 peccatis
1022 882 1108 909 indul.
1170 880 1209 908 Id.
1224 890 1272 915 pro
1286 882 1362 909 Rosc.
1377 884 1434 909 Am.
1454 891 1484 909 22
1521 884 1592 910 Cum
1611 883 1764 917 praesertim
1787 890 1838 909 tam
1858 886 1934 911 inulti
1956 890 2155 922 occupationem
2176 890 2234 916 cius

53 920 132 947 gens,
150 910 321 945 praecipitem
340 913 455 940 amicum
474 914 540 940 ferri
556 913 624 940 finit.
694 912 730 938 Id.
750 912 782 938 dc
802 913 892 947 chib.
911 924 934 949 ι,
949 925 980 948 70
1014 919 1107 951 Qmm
1123 925 1159 944 20
1171 917 1323 951 obstruent,
1344 926 1500 953 tempusque
1513 924 1687 953 aucupentur.
1760 919 1829 945 Ter.
1845 920 1956 955 Adelph.
1970 925 2037 957 prol.
2054 934 2061 951 ι
2094 926 2234 961 Postquam

51 947 154 975 animus
166 947 280 981 cognitis
294 949 475 984 perceptisque
489 948 643 978 virtutibus,
658 956 671 974 a
685 948 816 983 Corporis
828 950 958 985 obsequio
971 952 1109 989 indulgen.
1170 954 1249 979 Po'e'ta
1262 954 1336 980 sensit
1351 955 1505 989 scripturam
1518 955 1589 981 suam
1603 953 1636 980 ab
1648 954 1747 988 iniquis
1761 954 1909 990 obseruari,
1924 963 1950 984 et
1965 959 2127 988 aduersarios
2140 970 2233 997 rapae

50 982 139 1015 tiaque
159 980 315 1016 discesserit,
342 985 557 1019 voluptatemque
581 983 645 1009 licut
664 983 750 1010 labem
775 984 893 1018 aliquam
914 986 1034 1020 decoris,
1061 998 1106 1017 etc,
1173 989 1201 1015 in
1219 989 1339 1023 peiorem
1352 997 1454 1024 partem
1472 997 1519 1016 etc.
1592 989 1743 1017 Obseruare
1757 991 1825 1025 signa
1854 992 1910 1018 Cic.
1926 993 1994 1020 Fam.
2009 999 2035 1028 6,
2049 998 2073 1022 6.
2147 998 2234 1024 Tem.

49 1016 182 1044 Fortunae
195 1017 322 1054 obsequia
346 1021 453 1046 Curtius
467 1026 490 1052 8,
498 1029 520 1051 4.
593 1018 759 1053 Obsequium
773 1021 881 1047 Ventris
895 1022 963 1049 mihi
976 1025 1108 1059 pernicio-
1169 1033 1217 1059 pus
1245 1024 1282 1051 Id.
1296 1025 1360 1051 ibid.
1374 1034 1404 1059 ιι,
1420 1028 1454 1052 16.
1527 1025 1652 1060 Tempus
1667 1026 1809 1052 vlciscendi
1836 1026 1875 1053 Id.
1888 1028 1968 1056 Tusc.
1984 1040 2006 1066 4,
2021 1040 2043 1057 21
2063 1041 2083 1059 c.
2096 1042 2120 1066 9.
2194 1032 2234 1060 Id.

48 1051 99 1080 tius
112 1052 148 1079 cst
160 1055 225 1080 cur?
246 1056 270 1081 h.
284 1065 304 1082 e.
327 1057 379 1082 Cur
390 1054 549 1088 indulgentia
571 1056 658 1080 ventri
672 1055 805 1090 pwwffl,
826 1056 858 1092 ‹st
876 1058 938 1083 mihi
947 1061 1106 1096 perniciosa?
1169 1059 1202 1086 de
1214 1060 1368 1087 Nat.Deor.
1380 1070 1403 1092 2,
1415 1070 1455 1094 ¹24
1478 1063 1511 1096 ¹In
1525 1061 1658 1087 araneolis
1672 1061 1739 1088 aliae
1754 1062 1825 1097 quasi
1839 1070 1895 1089 rete
1913 1071 2020 1101 texunt,
2040 1074 2068 1094 vt
2082 1068 2099 1095 si
2114 1069 2178 1103 quid
2193 1070 2233 1095 in-

48 1087 119 1115 Hor.
131 1089 213 1116 Serm.
228 1099 252 1123 2,
265 1099 288 1122 7,
302 1100 352 1122 104.
423 1089 523 1125 Anceps
542 1089 700 1125 obsequium
732 1091 801 1118 Pers.
816 1100 845 1125 ς,
860 1095 910 1123 ιςό.
984 1095 1106 1124 Obuium
1123 1106 1154 1132 ²5
1169 1095 1300 1130 haeserit,
1319 1096 1472 1124 conficiant:
1492 1097 1559 1124 aliae
1573 1105 1661 1124 autem
1673 1104 1702 1123 vt
1716 1098 1754 1124 Ex
1768 1097 1908 1132 inopinato
1920 1100 2074 1134 obst-ruant,
2094 1111 2119 1130 et
2134 1104 2150 1130 si
2168 1103 2233 1138 quid

47 1123 207 1159 obsequium
238 1126 304 1153 Tac.
320 1126 355 1151 Η.
371 1135 390 1159 ι,
405 1135 440 1160 ι9,
456 1135 472 1152 ι.
499 1127 529 1151 de
541 1127 626 1151 honore
645 1135 705 1152 nouo
724 1129 870 1162 imperatori
889 1129 972 1156 habito
991 1133 1107 1158 menincri
1168 1131 1272 1165 incidit,
1293 1132 1436 1167 arripiunt,
1457 1133 1538 1167 idque
1553 1134 1717 1160 consumunt.
1792 1134 1828 1160 Ex
1846 1135 1937 1162 vicino
1951 1137 2066 1172 aliquem
2081 1139 2235 1172 obseruare,

47 1167 74 1185 et
85 1161 222 1188 tralaticio.
293 1161 381 1188 Omne
394 1169 483 1188 mcum
496 1160 652 1196 obsequium
665 1162 694 1188 in
709 1162 786 1189 illum
799 1163 852 1190 fuit
865 1173 925 1191 cum
940 1166 1022 1193 inulta
1037 1168 1108 1195 seue.
1167 1168 1222 1194 vi...
1244 1174 1259 1194 E
1269 1175 1296 1194 x.
1371 1169 1426 1196 Cic.
1439 1169 1471 1195 de
1484 1169 1576 1195 Diuin.
1591 1178 1618 1201 2,
1637 1179 1664 1201 47
1696 1169 1841 1196 Obseruari
1865 1171 2094 1208 animaduertique
2108 1184 2148 1201 res
2163 1183 2234 1210 pote-

47 1195 127 1222 ritate
155 1196 210 1223 Cic.
221 1197 272 1223 Att.
283 1206 320 1231 ιο,
333 1207 347 1227 4
364 1207 388 1232 p.
402 1206 449 1227 ης.
474 1198 504 1223 de
515 1198 613 1232 Qinto
626 1199 677 1224 Cic.
690 1199 763 1235 QF.
838 1200 944 1227 Plenius
971 1203 1104 1236 Qiinffil.
1168 1210 1241 1235 runt,
1263 1203 1308 1230 etii
1321 1206 1410 1231 causae
1424 1214 1516 1231 earum
1531 1213 1586 1230 non
1600 1205 1776 1238 reperientur.
1850 1206 1888 1232 Id.
1902 1207 1934 1233 de
1947 1208 2017 1235 Clar.
2031 1211 2107 1237 Orat.
2116 1219 2162 1244 292
2175 1218 2234 1240 c.82

48 1239 59 1258 ι
75 1240 194 1265 prooem.
266 1233 348 1259 Abuti
362 1233 492 1268 obsequio
510 1232 621 1260 alicuius
640 1233 672 1260 ad
694 1243 787 1261 omnes
807 1243 849 1261 res
881 1237 988 1264 Plancus
1000 1239 1033 1266 ad
1046 1240 1104 1267 Cie.
1169 1239 1250 1272 Quod
1272 1249 1434 1274 quamquam
1454 1241 1566 1267 scienter
1586 1240 1772 1274 eleganterque
1794 1241 1935 1276 traftabat,
1954 1246 2068 1272 nimium
2089 1253 2176 1272 tamen
2196 1247 2234 1272 in.

46 1266 121 1294 Fam.
137 1276 174 1301 io,
189 1274 221 1300 ις.
293 1268 427 1295 Dele6tari
445 1267 575 1304 obsequio
594 1274 619 1295 et
634 1270 758 1297 comitate
773 1270 946 1299 adolescentis
977 1274 1035 1302 Cic.
1050 1276 1104 1303 Att.
1120 1285 1152 1309 30
1168 1275 1276 1309 quirens
1291 1276 1319 1301 in
1333 1277 1374 1309 se,
1395 1282 1474 1310 atque
1488 1277 1541 1311 ipse
1556 1277 1606 1302 sese
1619 1275 1774 1311 obstruam,
1794 1285 1974 1314 metuensque,
1989 1291 2022 1307 ne
2036 1282 2165 1308 vitiosum
2181 1283 2236 1308 col-

46 1303 75 1335 6,
89 1304 113 1329 6.
184 1304 286 1331 Exuere
311 1304 400 1331 Tacit.
413 1305 482 1331 Ann.
497 1315 517 1337 3,
532 1313 561 1331 ιι.
579 1311 602 1330 et
614 1314 646 1338 ις,
662 1314 693 1338 13,
708 1316 726 1333 ι.
800 1307 861 1334 Feci
874 1309 951 1335 omni
965 1309 1105 1346 obsequio,
1167 1311 1277 1345 ligeret,
1297 1312 1377 1338 etiam
1399 1322 1494 1339 verum
1515 1312 1670 1346 sanguinem
1689 1312 1858 1347 deperdebat.
1955 1317 2036 1343 Plaut.
2058 1317 2127 1344 Asin.
2145 1328 2168 1349 4,
2187 1329 2204 1352 ι,
2219 1319 2236 1344 6

46 1344 76 1364 vt
89 1338 177 1365 neutri
195 1338 305 1366 illorum
324 1340 464 1374 quisquam
482 1341 543 1367 esset
562 1349 606 1366 me
623 1342 713 1368 carior
746 1342 803 1369 Cic.
821 1344 874 1371 Att.
891 1355 913 1377 7,
933 1354 951 1372 i.
1025 1348 1106 1375 Ferre
1167 1347 1249 1374 Tuus
1262 1347 1395 1381 obstruet,
1415 1348 1551 1374 Venerine
1566 1356 1607 1373 eas
1621 1346 1673 1379 det,
1692 1356 1724 1373 an
1740 1349 1807 1374 viro.
1882 1351 1963 1377 Etiam
1975 1361 2104 1387 augurum
2119 1354 2233 1380 verbum

45 1373 145 1408 grande
158 1374 323 1410 obsequium,
339 1376 358 1402 i.
379 1376 499 1411 Accipere
526 1376 607 1403 Ouid.
618 1378 695 1412 Epist.
709 1379 733 1412 6,
748 1384 782 1408 ιε.
855 1380 973 1408 Flectere
987 1383 1103 1418 aliquem
1169 1383 1230 1418 effe.
1249 1391 1329 1409 monet
1354 1384 1427 1410 Seru·
1447 1389 1481 1409 ad
1499 1383 1559 1409 illm
1574 1384 1640 1410 Aen.
1655 1386 1682 1416 6,
1699 1390 1740 1417 ¹98
1777 1385 1943 1420 Obseruans,
1964 1397 2031 1423 quae
2052 1389 2120 1423 ligna
2140 1389 2236 1420 ferant,

45 1408 177 1444 obsequio
206 1412 324 1445 Propert.
339 1419 359 1444 i,
373 1417 397 1444 8,
411 1420 452 1444 40·
525 1412 654 1439 Flectitur
669 1412 802 1448 obsequio
815 1423 938 1443 cui-uatus
957 1417 989 1444 ab
1007 1420 1104 1447 arbore
1172 1427 1226 1452 quo
1240 1418 1349 1444 tendere
1361 1425 1479 1454 pergant.
1553 1419 1696 1445 Cic.Ver-r.
1711 1420 1769 1447 Aft-
1787 1431 1804 1450 r.
1819 1424 1849 1453 46
1875 1421 1954 1448 Nunc
1969 1433 2055 1450 autem
2069 1425 2191 1451 homines
2205 1426 2235 1451 in

45 1452 135 1481 ramus
158 1445 238 1472 Ouid.
251 1446 283 1473 de
298 1448 360 1474 Arte
374 1448 434 1474 Am.
448 1456 474 1481 2,
486 1457 536 1481 ¹79·
609 1449 676 1475 Tac.
690 1450 721 1476 A.
735 1452 766 1483 6,
786 1457 813 1484 8,
834 1461 847 1482 5
881 1453 952 1479 Tibi
972 1455 1105 1482 summum
1128 1464 1154 1489 35
1170 1453 1278 1488 speculis
1295 1454 1370 1490 sunt,
1390 1455 1532 1482 obseruant
1547 1455 1773 1490 quemadmodum
1790 1457 1814 1482 se
1829 1459 2010 1492 vnusquisque
2032 1459 2145 1487 vestrum
2160 1467 2233 1496 gerat

45 1488 138 1507 rerum
149 1481 280 1509 iudicium
294 1482 340 1509 Dii
354 1483 464 1513 dedere3
485 1483 563 1510 nobis
577 1482 706 1519 Obsequii
719 1485 813 1513 Gloria
826 1488 920 1515 relifia
933 1489 978 1516 est.
1035 1492 1105 1518 Hor.
1171 1497 1199 1515 in
1213 1489 1351 1517 retinenda
1363 1491 1508 1525 religione,
1525 1491 1765 1525 conseruandisque
1779 1493 1888 1526 legibus.
1961 1495 2135 1522 Obseruatote
2154 1506 2234 1531 quam

45 1516 130 1544 Serm.
145 1525 174 1550 2,
190 1527 218 1552 5,
240 1527 268 1552 93
304 1518 441 1554 Obsequio
459 1520 585 1554 grassare:
605 1529 700 1555 mone,
721 1521 739 1548 fi
758 1522 892 1549 increbuit
908 1533 988 1558 aura,
1026 1527 1105 1554 Catus
1170 1524 1265 1551 blande
1280 1526 1388 1552 mulieri
1401 1526 1550 1561 palpabitur
1578 1527 1659 1553 Plaut.
1674 1527 1768 1562 Amph.
1782 1537 1808 1561 i,
1824 1537 1849 1563 3,
1863 1538 1888 1562 9.
2088 1530 2110 1571 q
2137 1542 2149 1559 2
2195 1532 2235 1568 Est

44 1552 86 1579 vti
104 1552 176 1579 velet
193 1562 283 1580 carum
301 1561 386 1590 caput.
461 1555 586 1590 Mitigare
601 1557 728 1590 patientia
741 1564 766 1584 et
783 1557 911 1593 obsequio
927 1561 974 1587 suo
988 1561 1105 1598 aliquem
1169 1561 1244 1585 etiam
1264 1561 1328 1586 idem
1349 1563 1539 1597 quodferuure,
1559 1563 1603 1587 vbi
1617 1565 1645 1588 cle
1660 1563 1769 1598 legibis,
1789 1571 1812 1588 et
1825 1566 1878 1589 ali..
1892 1567 1985 1599 ageni-{i
1997 1569 2172 1604 rqqulaJ‘ermo
2193 1568 2232 1604 qli.

30 1593 31 1597 ’
45 1587 104 1615 Cic.
119 1588 149 1614 in
161 1589 246 1616 Pison.
258 1599 272 1621 5
287 1599 310 1618 c.
323 1599 346 1618 2.
418 1591 550 1618 Praestare
566 1591 723 1626 obsequium
741 1594 891 1628 ampliffimi
912 1597 1033 1632 ordinis,
1050 1600 1104 1625 vid,
1169 1595 1432 1624 Animaducrfionem
1449 1597 1604 1624 Censoriam
1625 1604 1653 1624 vt
1667 1607 1724 1624 rern
1748 1599 1890 1626 iudicatam
1913 1610 2046 1635 nunquam
2062 1604 2172 1638 perinde
2187 1604 2234 1631 ob-

46 1628 64 1650 ?
74 1629 94 1650 R
103 1629 150 1650 ΑΕ
159 1630 239 1652 STo.
346 1627 454 1653 Sumere
467 1627 624 1662 obsequium
638 1629 727 1654 animo
757 1630 839 1657 Plaut.
854 1630 974 1659 Bacchid,
989 1643 1012 1666 4,
1029 1643 1065 1666 10,
1079 1642 1105 1668 7,
1118 1643 1156 1668 40
1169 1631 1341 1659 seruauerunt
1371 1634 1428 1659 Cic.
1437 1643 1486 1668 pro
1499 1633 1604 1660 Cluent.
1623 1644 1664 1667 ¹¹7-
1739 1634 1853 1660 Censuni
1866 1635 2017 1670 obseruare,
2038 1648 2082 1673 qui
2100 1640 2234 1666 Peducaeo

46 1658 66 1686 ἰ.
85 1659 138 1685 Sibi
149 1660 288 1696 indulgere,
300 1667 325 1687 et
336 1663 417 1689 animo
431 1662 534 1698 obsequi,
607 1662 721 1689 Vincere
734 1665 853 1699 aliquem
866 1666 994 1701 obsequio
1021 1669 1104 1696 Ouid.
1168 1667 1294 1694 Praetore
1308 1668 1413 1695 habitus
1428 1670 1488 1694 esset
1512 1669 1551 1695 Id.
1564 1670 1643 1695 Verr.
1659 1677 1684 1700 2,
1701 1674 1745 1700 ¹38·
1819 1670 1857 1696 Id.
1871 1671 1942 1698 Fani.
1952 1682 1981 1704 ις,
1996 1681 2022 1703 27
2034 1682 2075 1708 pr.
2096 1675 2164 1701 Cum
2179 1684 2235 1709 gra-

47 1695 142 1722 Amor.
156 1704 178 1729 3,
188 1705 212 1729 4,
226 1706 257 1724 12,
454 1697 476 1734 q
499 1706 512 1723 2
559 1696 725 1732 Obsequium
740 1700 771 1724 de
785 1709 813 1725 re
826 1710 938 1728 venerea.
995 1703 1048 1730 Vbi
1062 1704 1105 1731 ad.
1168 1703 1217 1729 tias
1232 1711 1323 1737 agam,
1345 1703 1418 1738 qnod
1435 1713 1505 1730 meas
1526 1704 1771 1730 commendationes
1792 1705 1890 1739 (nescio
1911 1710 1977 1732 vnde
1996 1709 2127 1743 irrepserit
2139 1713 2165 1735 ivi
2180 1712 2234 1736 Ste.

45 1735 135 1757 motus
150 1731 207 1757 fere
220 1732 331 1759 tentauit
344 1733 501 1767 obsequium
514 1741 587 1766 equus
602 1733 772 1767 aamifflaerius,
792 1734 893 1762 femina
906 1736 1057 1773 abducitur,
1078 1746 1104 1767 et
1164 1740 1246 1774 phuni
1259 1739 1400 1773 thesaurum
1414 1739 1631 1773 obseruationes)
1654 1747 1706 1765 tam
1728 1740 1871 1773 diligenter
1887 1740 2021 1770 obserues.
2132 1746 2235 1772 Foedus

43 1765 98 1792 iam
110 1766 264 1800 patientiori
276 1767 428 1801 generosior
447 1775 529 1802 equus
550 1767 701 1802 imponitur
733 1769 839 1796 Colum.
853 1772 883 1807 6,
900 1780 946 1807 27,
967 1784 1002 1801 ιο.
1038 1777 1104 1810 confi
1168 1774 1253 1804 ictum
1285 1775 1331 1801 Sil.
1346 1782 1383 1809 17,
1396 1782 1437 1809 78.
1512 1777 1620 1802 Ianuam
1650 1776 1731 1801 Plaut.
1747 1776 1814 1801 Asin⁴
1830 1785 1852 1811 2,
1866 1786 1888 1811 ε,
1902 1785 1928 1811 7.
2002 1779 2083 1813 Leges
2113 1781 2169 1808 Cic.
2184 1791 2233 1816 pro

41 1799 76 1826 ib.
90 1809 112 1827 c.
124 1809 162 1833 37,
173 1809 200 1834 9.
225 1802 330 1828 Petron.
351 1812 372 1828 c.
387 1812 427 1834 ¹¹3-
499 1802 595 1829 Ouidii
615 1805 735 1838 quaedam
755 1806 808 1831 loca
822 1813 951 1842 perperam
970 1811 1015 1836 huc
1034 1813 1104 1838 trahi
1119 1820 1153 1845 45
1169 1809 1258 1836 Domo
1270 1817 1309 1845 7¹.
1384 1811 1421 1837 Id.
1431 1811 1548 1844 Tusc..;‚
1562 1815 1598 1847 67
1619 1812 1706 1838 Laena
1720 1811 1828 1838 delinita
1844 1820 1952 1847 argento
1965 1814 2068 1841 Nutum
2083 1815 2236 1844 obseruabit

41 1835 192 1870 demonstrat
204 1837 288 1863 Burni.
300 1839 336 1864 ad
346 1837 456 1871 Qun&
469 1844 493 1871 8,
505 1847 526 1871 3,
542 1847 576 1871 35.
777 1838 799 1879 ff
820 1851 830 1874 3
869 1843 1034 1879 Obsequium
1049 1846 1104 1883 spe.
1167 1855 1265 1872 meum.
1303 1848 1341 1873 Ex
1361 1847 1478 1874 Naeuio.
1551 1847 1589 1874 ld.
1605 1846 1636 1873 de
1652 1847 1737 1874 Amic.
1757 1854 1785 1878 58
1818 1848 1947 1875 Kestritfi‘ie
1961 1859 2015 1876 non
2031 1851 2153 1879 obseruat
2169 1854 2235 1879 ami-

41 1870 129 1896 ciatim
141 1869 252 1901 Officium
265 1873 367 1899 mortuis
379 1874 515 1900 exhibitum
529 1876 638 1902 denotat.
713 1877 791 1911 Apul.
806 1878 871 1905 Met.
888 1889 915 1906 ιο
931 1890 955 1915 p.
971 1891 1012 1913 252
1040 1884 1104 1911 Pau-
1166 1882 1246 1914 citia,
1266 1891 1299 1908 ne
1313 1882 1372 1918 plus
1393 1883 1499 1916 reddat,
1518 1892 1598 1918 quam
1617 1884 1757 1918 acceperit.
1992 1884 2014 1923 ἦ
2036 1897 2046 1919 3
2085 1887 2233 1916 Obseruare

41 1905 79 1937 qis
91 1905 238 1933 interietffis
252 1907 355 1945 diebus,
376 1909 451 1944 queis
464 1909 557 1937 feralia
573 1911 687 1938 mortuis
702 1912 812 1940 litantur
827 1914 962 1950 obsequia.
1035 1921 1103 1946 Vnde
1167 1919 1244 1944 etiam
1262 1919 1339 1944 colere
1361 1922 1466 1945 amicum
1478 1920 1598 1946 maiorem
1617 1918 1760 1953 affiseuitate
1780 1919 1925 1954 officiorum,
1945 1929 1969 1947 et
1988 1923 2060 1956 quast
2075 1926 2148 1950 nutui
2167 1925 2233 1951 illius

36 1941 86 1977 fit,
104 1948 135 1968 vt
151 1943 229 1970 medio
244 1944 392 1984 Latimtafis
409 1955 482 1980 aeuo,
505 1944 670 1981 Obsequium
683 1948 833 1983 fimpliciter
850 1958 895 1986 pro
911 1954 973 1987 Ipsis
991 1956 1103 1989 exequiis
1166 1954 1290 1979 intentum
1301 1954 1356 1989 ff,
1370 1955 1423 1981 vid.
1433 1961 1677 1993 ORSFRVANTlhA.
1734 1955 1790 1981 Cic.
1798 1964 1847 1988 pro
1855 1956 2015 1983 Muraenso
2029 1968 2049 1997 c,
2058 1968 2084 1990 34
2104 1960 2231 1993 Aquibus

39 1977 187 2011 diHumfit‚
206 1985 231 2004 et
245 1978 373 2015 Obsequi,
388 1988 435 2016 pro
450 1983 574 2016 Exequias
585 1983 632 2010 ire.
669 1993 688 2010 e.
697 1994 716 2010 c.
729 1990 769 2019 ap.
786 1986 855 2012 Paul.
865 1986 939 2014 Diae.
949 1989 1017 2015 Hist.
1032 1991 1103 2016 Lon·
1120 2000 1153 2024 50
1166 1988 1183 2014 fi
1196 1988 1291 2027 domus
1312 1989 1400 2028 nostra
1419 1989 1584 2023 celebratur,
1602 1989 1622 2028 fi,
1638 1989 1769 2027 interdum
1789 1991 1820 2015 ad
1840 1990 1929 2030 forum
1951 1991 2125 2029 deducimur,
2143 1996 2160 2021 si
2175 2005 2230 2022 vno

38 2013 152 2048 ΨΜ·
165 2022 186 2041 ⁹·
198 2023 224 2047 ⁴·
245 2016 374 2065 Eugfflzh·
388 2016 421 2043 ³⁶¹
433 2017 503 2044 Ter.
513 2017 595 2044 Μὴ·
611 2027 628 2050 ¹²
642 2026 662 2050 ¹⁹
674 2021 878 2080 ⁸⁸'dflfflss'5u
949 2057 974 2081 v
991 2062 1001 2083 t
1023 2058 1036 2083 1
1056 2059 1071 2084 s
1163 2022 1285 2082 239¹?ss
1299 2023 1383 2083 sbi‘gss'
1389 2023 2232 2094 fissss‘ssffiffiz'‘istd'¹¹555ss‘15208223315511Essfffiffiussfflss„...¹5-

41 2055 431 2120 apedngagffitlglflgzarffinff
444 2052 586 2113 Dilicgll'T
594 2053 735 2114 IffitggssI
762 2063 860 2116 PRiVS
878 2066 1103 2120 ..OCCGB’Vl‘SgE
1166 2077 1289 2118 obserbat
1303 2093 1333 2119 L.
1348 2093 1497 2120 Domitium
1512 2068 1641 2127 maxin'ie‘j
1657 2104 1699 2121 me
1713 2095 1793 2122 habet
1805 2097 1968 2136 proicimum.
2043 2101 2117 2135 Virg.
2129 2076 2229 2138 GeoigJ

41 2119 246 2153 SVPREMAE,
287 2119 419 2154 TVQVE
450 2121 536 2149 MIHI
561 2121 694 2158 TALES,
725 2123 848 2159 NATE,
879 2126 972 2154 DARE
1005 2128 1102 2156 OBSE.
1164 2139 1193 2160 4,
1207 2137 1241 2153 aii
1275 2129 1411 2156 Praeterea
1426 2138 1514 2164 regem
1530 2139 1585 2156 non
1600 2131 1632 2157 sic
1647 2132 1794 2165 Aegyptus,
1816 2138 1841 2158 et
1860 2142 1953 2167 ingens
1995 2135 2096 2169 Lydia,
2115 2147 2162 2164 nec
2183 2148 2229 2174 po-

43 2155 158 2189 QIIAS.
1118 2173 1148 2200 53
1164 2163 1220 2197 puli
1243 2163 1401 2191 Parthorum
1427 2172 1472 2191 aut
1493 2165 1587 2192 Medus
1607 2165 1741 2200 Hydaspes
1778 2166 1934 2195 Obseruant.
2007 2173 2062 2198 Cic.
2083 2173 2153 2200 Fani.
2174 2182 2201 2207 ς,
2215 2181 2229 2204 8

81 2197 102 2218 ο
111 2197 128 2217 Β
137 2197 150 2217 s
160 2197 177 2217 Ε
186 2197 236 2229 Qv
246 2192 314 2219 ΙᾸῙ.
323 2198 333 2218 1
343 2198 375 2225 s,
395 2200 419 2219 e.
456 2192 518 2219 Adi.
542 2193 654 2220 Fortun.
663 2193 752 2222 Carni.
761 2197 786 2228 6,
798 2203 817 2231 7
842 2196 928 2223 Soluit
939 2202 965 2224 ct
977 2198 1102 2234 exequias
1164 2198 1224 2225 Hoc
1244 2200 1327 2234 magis
1347 2201 1403 2227 suni
1421 2201 1516 2227 Publio
1532 2201 1650 2232 deditus,
1670 2201 1742 2235 quod
1762 2211 1819 2230 uie.
1841 2213 1998 2239 quamquam
2020 2216 2033 2233 a
2051 2209 2165 2241 pueritia
2186 2211 2230 2236 sna

43 2226 205 2261 obsequialis
217 2236 300 2254 amor.
1164 2235 1280 2269 semper,
1299 2241 1385 2262 tamen
1399 2236 1449 2262 hoc
1463 2244 1583 2270 tempore
1597 2236 1726 2272 maxime,
1747 2238 1809 2264 sicut
1825 2239 1936 2266 alterum
1956 2250 2088 2275 parentem
2103 2251 2128 2270 et
2141 2245 2230 2272 obser-

82 2269 103 2289 ο
114 2268 130 2289 Β
140 2268 153 2288 s
163 2268 182 2289 Ε
193 2268 245 2304 qv
255 2268 303 2289 ΕΝ
313 2268 336 2288 Τ
347 2269 357 2289 1
367 2268 408 2296 A,
436 2270 475 2291 ae.
512 2262 532 2290 f.
569 2264 641 2292 Caes.
656 2264 722 2292 Bell.
737 2265 805 2294 Gall.
818 2275 842 2300 7,
858 2276 888 2301 29
920 2268 1031 2297 Fatihrm
1050 2270 1100 2297 im-
1161 2275 1205 2296 vat
1222 2276 1247 2296 et
1261 2270 1359 2305 diligit.
1433 2272 1555 2298 Colimus
1568 2279 1594 2298 et
1606 2272 1776 2299 obseruamus
1793 2274 1936 2308 diligenter
1949 2278 2094 2304 Caecilium
2122 2281 2160 2307 Id.
2177 2283 2228 2308 Λα.

41 2298 182 2335 prudentia
193 2298 342 2333 Biturigum
355 2303 381 2325 et
395 2297 478 2325 nimia
490 2298 659 2334 obsequentia
674 2301 851 2336 reliquorum.
1163 2313 1192 2337 2,
1210 2315 1243 2337 io.
1317 2306 1415 2340 Regem
1438 2305 1578 2334 obseruant
1604 2309 1681 2342 Virg.
1695 2309 1793 2342 Georg.
1807 2319 1824 2342 4
1833 2327 1840 2340 ,
1856 2319 1898 2337 zu.
1971 2313 2073 2340 Officiis
2083 2336 2090 2347 ,
2111 2312 2164 2342 nb„
2178 2317 2228 2343 lar.

80 2339 126 2362 oB
136 2340 150 2360 s
161 2340 178 2360 Ε
189 2335 267 2373 qvi:
277 2341 293 2361 ι,
303 2340 340 2367 Α,
365 2343 404 2361 ac.
440 2334 461 2362 f.
496 2335 629 2370 [θεραπιὶα
649 2337 785 2364 Onomast.
800 2339 859 2364 Vet.
871 2339 1029 2374 θεράπευε-ις]
1046 2343 1100 2367 Μο.
1113 2348 1149 2373 60
1161 2340 1264 2375 gitione
1279 2342 1395 2376 aliquem
1410 2342 1551 2369 obseruare
1583 2344 1640 2370 Cic.
1655 2353 1704 2377 pro
1718 2344 1802 2371 Plane.
1823 2354 1860 2382 37.
1941 2348 2108 2377 perofficiose
2130 2360 2155 2378 et
2170 2362 2227 2386 per-

44 2369 176 2404 rigeratio.
248 2369 329 2396 Plaut.
343 2370 410 2397 Asin.
424 2379 448 2403 i,
462 2380 485 2403 ι,
499 2380 529 2401 50
561 2372 661 2398 Omnes
681 2380 800 2406 parentes
822 2374 915 2401 Litane
936 2374 1029 2402 liberis
1048 2377 1100 2403 suis
1163 2384 1282 2403 amanter
1295 2377 1438 2404 obseruare
1452 2378 1569 2413 aliquem
1602 2379 1639 2406 Id.
1655 2379 1724 2406 Fam.
1739 2390 1762 2413 9,
1777 2390 1816 2408 ρο.
1893 2383 1942 2408 Sed
1960 2386 2100 2417 ambiguum
2117 2387 2149 2423 cst
2165 2388 2230 2414 illud

49 2405 96 2438 qui
113 2404 182 2431 mihi
200 2405 393 2439 auscultabunt,
414 2406 510 2433 facient
530 2406 707 2441 obsequelam.
744 2411 804 2436 add.
826 2410 926 2437 Sallust.
947 2412 1041 2447 aliique
1059 2420 1100 2449 ap,
1164 2412 1221 2439 Cic.
1241 2413 1313 2440 Fam.
1326 2423 1350 2447 7,
1363 2423 1390 2448 ²7
1400 2421 1442 2450 pr.
1480 2415 1535 2448 Ego
1549 2421 1575 2441 te
1588 2415 1614 2441 in
1630 2416 1766 2442 consulatu
1782 2416 1965 2453 obseruabam,
1985 2415 2085 2455 usquin
2103 2424 2227 2457 turbares,

48 2439 123 2468 Non.
136 2449 158 2476 3,
174 2449 216 2470 ιςι.
253 2440 372 2468 Prudent.
385 2441 459 2469 Cath.
471 2450 499 2477 7,
509 2451 541 2473 5¹.
553 2450 577 2468 et
594 2444 653 2470 Pass.
669 2444 807 2472 Fructuosi
821 2455 848 2473 v.
862 2452 890 2479 78
910 2454 933 2472 et
939 2447 1049 2483 saepius.
1161 2448 1289 2484 intelligit.
1490 2449 1510 2488 q
1533 2461 1546 2481 4
1583 2451 1770 2486 Obseruatum‚
1791 2453 2001 2488 impersonaliter,
2019 2463 2064 2491 pra
2085 2461 2158 2492 Dep„
2171 2461 2226 2484 hm.

27 2478 30 2479 ’
83 2482 173 2503 OBSE
212 2483 332 2503 vzosv
344 2483 373 2510 s,
407 2486 436 2510 a,
468 2487 521 2505 um.
560 2478 620 2506 Adi.
658 2479 833 2515 [ὑπηρετικὰς]
870 2483 925 2543 ‚Qgi
945 2484 1019 2511 facile
1036 2484 1098 2519 obse.
1155 2483 1212 2519 sum
1227 2494 1250 2510 et
1262 2485 1467 2520 animadmrsum.
1541 2487 1607 2514 Plin.
1624 2489 1657 2520 16,
1671 2497 1697 2514 22
1723 2488 1954 2524 Obseruatumque
1971 2501 2026 2518 non
2048 2495 2163 2520 arescere
2176 2495 2225 2522 nisi

44 2511 138 2546 quitur.
230 2512 290 2539 laut.
303 2513 376 2547 capt.
390 2522 412 2544 2,
424 2523 445 2546 3,
459 2519 487 2545 58
513 2513 585 2541 Mihi
598 2514 769 2550 obsequiosus
784 2518 886 2552 semper
910 2519 980 2545 nisti.
1044 2521 1100 2547 Fir·
1114 2527 1145 2558 65
1159 2520 1259 2547 tenuia.
1333 2521 1462 2547 Habitum
1478 2522 1514 2549 ita
1527 2530 1552 2549 et
1564 2523 1732 2550 obseruatum
1747 2526 1782 2549 est
1812 2525 1868 2552 Cic.
1883 2527 1936 2553 Att.
1951 2537 1973 2560 3,
1986 2537 2018 2559 23.
2093 2530 2224 2557 Obserua-

43 2547 128 2574 micus
142 2556 162 2581 ι,
173 2556 198 2579 13
222 2548 303 2575 Libra
315 2547 442 2583 fignificat
455 2557 630 2584 mercatores,
646 2559 675 2578 ac
688 2551 805 2586 iudices,
824 2559 850 2580 et
864 2553 1037 2588 obsequiosos
1052 2555 1101 2583 ho-
1160 2561 1218 2582 tum
1232 2562 1257 2582 et
1272 2557 1403 2583 vetustum
1416 2558 1516 2592 aliquid
1530 2558 1626 2585 habere
1653 2559 1691 2586 Id.
1703 2559 1735 2586 de
1750 2560 1843 2587 Diuin.
1854 2570 1924 2594 2,47.
1997 2563 2145 2592 Obseruata
2158 2567 2225 2602 Hip.

45 2582 146 2612 mines..
1160 2593 1272 2626 pocrati,
1291 2599 1336 2627 pro
1351 2595 1380 2617 uh
1395 2594 1544 2628 liippntrate
1574 2595 1640 2621 Plin.
1654 2605 1677 2628 7,
1692 2606 1724 2626 ςι.

79 2623 145 2645 oBs
155 2617 318 2658 EQVIBi‘L
330 2628 339 2648 1
350 2626 381 2654 S,
398 2630 421 2648 e.
459 2621 518 2648 Adi.
544 2621 751 2658 [amena-mdc]
775 2624 830 2659 Qi
843 2623 989 2659 obsequitur.
1028 2627 1098 2654 Gell.
1199 2633 1244 2654 ΟΒ
1256 2635 1268 2654 s
1282 2634 1298 2654 E
1308 2635 1327 2654 R
1337 2635 1357 2653 V
1367 2636 1389 2656 Λ
1399 2636 1421 2656 Ν
1432 2636 1461 2660 S,
1480 2630 1556 2656 antis.
1596 2632 1687 2658 Partic.
1724 2632 1901 2668 [παρατηρῶι]
1939 2634 1995 2661 Cic.
2011 2637 2063 2662 Att.
2084 2639 2119 2671 16,
2136 2642 2160 2663 1⁶
2188 2639 2224 2665 Vt

43 2662 66 2688 a,
79 2663 109 2687 29
136 2654 278 2690 Cognatos,
298 2655 441 2691 affinesque
455 2657 542 2684 nullos
557 2658 643 2684 ferme
656 2664 709 2685 tam
724 2659 902 2694 obsequibiles
917 2662 966 2687 ess'e
979 2661 1025 2689 ait.
1159 2672 1202 2689 me
1216 2663 1322 2695 hercule
1336 2674 1432 2698 paucos
1453 2674 1538 2701 aeque
1558 2666 1726 2694 obseruantes
1739 2674 1818 2702 atque
1832 2676 1947 2696 amantes
1966 2680 2008 2697 rne
2024 2672 2122 2699 habere
2137 2674 2223 2700 existi-

80 2695 147 2717 OBS
159 2688 248 2724 1‘3‘R0,
277 2692 354 2725 seui,
386 2693 490 2729 situm,
521 2695 575 2721 ere.
611 2694 801 2730 [κατασπεῖραι]
839 2697 977 2722 Seminibus
995 2698 1097 2733 implere
1109 2703 1146 2731 70
1160 2708 1240 2726 mern.
1314 2701 1454 2728 Ainantem
1475 2702 1498 2727 se
1518 2708 1543 2728 et
1562 2702 1748 2730 obseruantem
1760 2703 1856 2730 habere
1869 2705 1984 2740 aliquem
2001 2713 2027 2733 ct
2040 2708 2077 2733 sui
2094 2709 2222 2743 cupidum

35 2725 172 2760 fignificat,
194 2736 246 2753 cum
260 2727 365 2763 respet‘lu
379 2729 499 2763 arlsolum
512 2730 554 2755 vel
566 2740 662 2765 agrum,
683 2737 714 2756 vt
725 2732 874 2758 conserere.
933 2733 991 2760 Cic.
1005 2733 1037 2760 de
1051 2734 1098 2761 Le.
1160 2735 1232 2762 Idem
1247 2735 1312 2762 ibid.
1321 2739 1357 2767 16,
1374 2740 1409 2763 16.
1482 2739 1595 2773 Compar.
1607 2746 1630 2766 et
1645 2740 1740 2773 Sapo-l.
1770 2741 1883 2775 Populus
1897 2741 1927 2768 fit
1943 2742 2129 2770 obseruantior
2143 2746 2222 2780 aequi

42 2760 96 2796 gib.
105 2770 127 2794 2,
135 2764 162 2793 63
175 2771 196 2789 c.
206 2769 233 2793 28
252 2763 428 2798 Obdueiaque
440 2771 509 2792 terra
523 2773 587 2796 erat,
600 2765 722 2800 frugibus
730 2766 909 2794 obsercbatur.
966 2770 1098 2798 Columel.
1159 2770 1252 2798 Claud.
1266 2773 1343 2799 Cons.
1358 2774 1430 2799 Hon.
1445 2783 1468 2807 4,
1483 2782 1539 2807 297.
1620 2775 1696 2801 Haud
1716 2775 1768 2801 fuit
1783 2775 1810 2801 in
1826 2777 1904 2802 terris
1919 2777 2019 2804 Diuum
2034 2779 2222 2808 obseruantior

42 2797 75 2824 de
86 2797 234 2825 Arboribus
249 2808 262 2832 3
288 2801 388 2834 Agrum
409 2807 548 2836 antequam
568 2801 654 2828 vineis
668 2802 787 2836 obseres,
807 2803 945 2838 explorato
964 2806 1049 2839 qualis
1062 2807 1098 2833 sa·
1158 2807 1224 2833 alter
1249 2808 1426 2843 Graccyneg.
1443 2818 1534 2843 v.10;.
1608 2811 1706 2845 Legum
1722 2810 1963 2839 obseruantiffimus
1983 2815 2060 2849 Apul.
2072 2815 2104 2842 de
2118 2817 2220 2844 Mundo

40 2833 114 2868 poris
128 2833 166 2861 lit.
221 2835 298 2862 Varr.
312 2835 344 2862 de
358 2837 389 2863 R.
403 2836 433 2863 R.
449 2846 468 2869 i,
481 2845 516 2868 ¹4·
564 2837 647 2864 Plaut.
661 2838 746 2865 Trin.
759 2847 782 2873 2,
796 2849 820 2873 4,
833 2847 875 2873 ¹²9
895 2840 922 2866 in
935 2836 1097 2878 defiriptione
1159 2852 1184 2877 p.
1203 2853 1237 2876 73.
1334 2845 1465 2872 Omnium
1489 2844 1639 2872 officiorum
1658 2845 1897 2873 obseruantiffimus
1935 2849 2002 2876 Plin.
2023 2851 2102 2885 Epist,
2125 2862 2166 2885 ιο,
2190 2862 2218 2879 n.

39 2869 101 2898 muli
113 2869 171 2905 agri
1108 2881 1141 2910 75
1157 2879 1214 2905 Cic.
1228 2889 1278 2914 pro
1292 2881 1385 2914 Quint.
1405 2890 1433 2914 39
1467 2881 1506 2907 Ita
1525 2883 1604 2907 credo
1618 2881 1755 2908 hominem
1774 2883 1954 2918 propinquum
1970 2886 2008 2912 tui
2022 2887 2217 2920 obscurantem,

195 2906 255 2933 Post
269 2906 297 2933 id
310 2907 440 2934 frumenti
461 2917 520 2935 cum
541 2908 605 2935 alibi
622 2909 704 2936 menis
718 2910 832 2937 maxima
845 2911 897 2944 est,
1155 2915 1245 2942 virum
1267 2915 1385 2949 bonum,
1406 2924 1451 2943 etr.
1543 2916 1581 2943 Id.
1596 2918 1633 2949 Q
1645 2917 1713 2943 Frat.
1731 2927 1749 2951 ι,
1764 2927 1786 2950 2,
1808 2928 1832 2952 ¹9
1872 2919 1933 2947 Fert
1953 2922 2071 2955 grauiter
2090 2923 2173 2949 homo
2192 2929 2218 2950 et

195 2942 301 2969 Tribus
318 2944 397 2970 tantis
410 2942 451 2971 illi
470 2944 557 2971 minus
574 2944 658 2978 redit,
677 2954 756 2980 quam
773 2946 916 2975 obseueris.
1156 2951 1209 2977 mei
1223 2951 1478 2985 obseruantiffimus,
1497 2957 1523 2978 et
1537 2952 1592 2986 sui,
1609 2953 1798 2988 dignitatisque
1812 2954 1946 2990 retinens,
1963 2958 1988 2983 se
2008 2958 2075 2993 apud
2091 2965 2116 2985 te
2131 2967 2216 2993 neque

197 2984 249 3005 ΡΗ.
271 2978 356 3005 Hem!
375 2979 432 3006 istic
451 2986 557 3014 oportet
572 2980 660 3008 obseri
673 2991 760 3009 mores
775 2982 876 3019 malos,
1155 2987 1288 3019 amicitia,
1310 2996 1358 3014 nec
1371 2988 1429 3014 iure
1443 2988 1559 3014 valuisse.

194 3014 221 3040 Si
235 3014 265 3040 in
278 3013 425 3044 obserendo
438 3015 531 3050 poss‘int
543 3016 685 3045 interfieri.
1190 3029 1210 3050 o
1219 3029 1235 3049 Β
1244 3029 1257 3049 s
1267 3028 1283 3048 E
1292 3030 1309 3049 R
1323 3030 1345 3048 v
1355 3031 1377 3050 A
1387 3029 1410 3049 'r
1422 3031 1441 3048 v
1451 3030 1480 3055 s,
1500 3032 1530 3057 a,
1551 3032 1606 3051 um.
1642 3025 1735 3051 Partic.
1774 3025 2032 3062 [πωροι-τετηρημένος]
2063 3029 2152 3056 Notae
2167 3029 2216 3057 ob-

3 3053 5 3079 }
44 3048 90 3073 Vbi
101 3054 181 3075 tamen
195 3049 273 3085 ipsum
287 3059 379 3085 quoque
386 3050 467 3085 semen
479 3052 573 3078 dicitur
584 3051 682 3080 obseri.
859 3053 880 3093 ff
902 3064 915 3082 2
951 3057 1093 3091 Metaphor.
1109 3062 1142 3088 fio
1155 3059 1271 3085 seruatae
1296 3059 1416 3086 Ouid.ex
1430 3060 1576 3093 Pont.a,13,
1587 3069 1625 3087 ιο.
1698 3060 1788 3088 Sidera
1817 3062 1853 3090 Id.
1868 3062 1931 3089 Fast.
1949 3073 1968 3095 η,
1983 3071 2024 3090 ιιι.
2099 3065 2215 3106 Vestigia

41 3081 122 3110 Plaut.
135 3084 208 3119 Epid.
223 3096 248 3118 4,
263 3095 281 3119 ι,
296 3094 326 3118 30
359 3087 476 3122 Philippa
488 3089 523 3114 ad
534 3089 712 3124 Periphanem,
731 3089 775 3124 qui
786 3090 886 3128 virgini
899 3091 988 3118 vitium
1005 3093 1093 3118 obtule.
1155 3094 1292 3121 obseruata
1306 3096 1402 3130 sequor
1423 3096 1497 3128 Virg.
1507 3095 1572 3122 Aen.
1581 3103 1662 3131 2‚753.
1735 3096 1878 3124 Obseruata
1891 3098 1919 3123 in
1933 3099 1986 3134 vsu,
2000 3108 2014 3124 a
2024 3100 2116 3133 peritis
2129 3109 2215 3128 anirn-

44 3124 102 3151 νος,
123 3119 196 3147 Tun‘
209 3120 231 3147 is
246 3130 289 3154 es,
306 3121 353 3156 qui
368 3131 415 3158 per
434 3123 596 3158 voluptatem
612 3131 682 3152 tuam
698 3125 724 3151 in
745 3134 787 3152 me
801 3135 954 3154 aerumnam
970 3126 1095 3155 obscuisti
1154 3128 1261 3156 aduersa
1275 3139 1302 3156 ac
1317 3136 1403 3157 notata
1431 3131 1486 3158 Cic.
1502 3131 1533 3157 de
1547 3132 1621 3159 Orat.
1637 3141 1646 3159 i
1667 3141 1689 3159 c.
1704 3142 1738 3165 23.

43 3155 164 3185 grauem}
235 3157 277 3183 Sic
289 3159 355 3184 modo
366 3159 475 3185 vidimus
510 3159 642 3187 Obsercre
660 3169 749 3188 mores
777 3161 858 3189 Plaut.
872 3163 956 3190 Trin.
971 3172 992 3196 2,
1005 3174 1028 3196 ⁴,
1043 3173 1094 3196 ¹30.
1192 3172 1211 3192 o
1220 3171 1236 3192 Β
1247 3172 1260 3191 s
1274 3173 1290 3192 Ε
1299 3172 1318 3192 R
1328 3173 1349 3191 v
1360 3168 1383 3193 Ᾱ
1395 3173 1416 3192 Τ
1428 3173 1454 3194 Ε.
1492 3166 1559 3194 Adu.
1595 3170 1729 3195 Accuratc.
1792 3168 1860 3195 Gell.
1875 3177 1898 3202 2,
1913 3178 1938 3202 ¹7
1965 3169 2110 3198 Obseruate
2124 3172 2213 3200 curio-

43 3187 86 3212 St'c
121 3189 195 3223 virg.
208 3192 316 3226 Aen.7,
331 3202 380 3227 790
411 3195 466 3221 Iam
488 3195 547 3222 setis
567 3196 664 3231 obsita,
684 3196 737 3223 iam
753 3196 811 3225 bos.
885 3199 965 3226 Plaut.
985 3201 1057 3226 Men.
1069 3207 1095 3234 ς,
1155 3201 1233 3235 seque
1249 3201 1468 3230 animaduertere.

43 3230 72 3257 7,
85 3232 110 3255 23
137 3224 187 3264 Hjs
197 3234 245 3260 ego
258 3228 310 3255 iam
324 3229 466 3257 sementem
479 3231 508 3257 in
523 3240 571 3259 ore
586 3232 696 3266 faciam,
714 3233 871 3270 pugnosque
885 3234 1013 3262 obseram.
1110 3240 1139 3268 85
1193 3243 1213 3263 ο
1225 3242 1261 3264 Bs
1272 3243 1287 3263 E
1297 3244 1315 3264 R
1325 3245 1346 3262 v
1355 3240 1379 3265 Ᾱ
1387 3245 1409 3264 Τ
1419 3245 1440 3264 ν
1449 3245 1462 3265 s
1472 3259 1480 3272 ‚
1506 3237 1545 3266 fis.
1582 3249 1617 3266 m.
1654 3237 1851 3274 [παρατιῖρημα]
1885 3242 1952 3268 Idem
1972 3243 2039 3274 quod
2058 3242 2211 3277 obseruatio.

82 3266 101 3286 0
110 3265 126 3285 Β
136 3266 148 3285 S
158 3266 169 3285 1
184 3265 206 3286 T
215 3267 273 3294 VS,
298 3272 329 3299 a,
352 3274 407 3293 um.
442 3267 646 3303 [κεριιιλημένος]
684 3270 741 3294 Non
761 3272 827 3296 modo
841 3271 977 3306 Participii
993 3281 1024 3297 ex
1037 3271 1091 3298 Ob·
1154 3273 1230 3299 Varr.
1246 3273 1277 3299 de
1291 3273 1322 3300 R.
1335 3274 1366 3301 R.
1380 3283 1403 3308 2,
1415 3282 1433 3310 7
1465 3275 1502 3301 Ex
1519 3276 1658 3302 obseruatu
1679 3275 1768 3301 dicunt
1782 3284 1843 3302 eum
1859 3285 1957 3311 equum
1970 3276 2068 3305 habere
2081 3287 2163 3306 annos
2174 3281 2211 3308 se-

41 3294 100 3321 sero
113 3295 166 3320 vice
173 3295 303 3330 fungitur,
316 3299 363 3334 sed
373 3302 463 3328 retinet
474 3303 549 3330 etiam
562 3303 629 3329 illam
645 3305 697 3330 'uim
708 3304 837 3340 primitiui
849 3305 919 3339 situs,
938 3307 1092 3342 quafimpli-
1153 3308 1246 3336 decim.

41 3331 106 3356 citer
120 3335 148 3356 τὸ
165 3332 254 3358 κεῖῶιιι
263 3331 370 3366 s.iacere
382 3336 487 3364 indicat.
523 3340 594 3376 Qin
608 3339 705 3367 obiitus
714 3340 788 3376 saepe
802 3341 870 3367 nihil
881 3343 955 3368 aliud
965 3342 1006 3378 est,
1019 3351 1090 3376 quam
1190 3350 1210 3371 o
1221 3352 1237 3373 B
1247 3351 1260 3371 s
1270 3352 1286 3371 E
1297 3351 1316 3371 R
1329 3351 1351 3370 v
1361 3352 1383 3372 Α
1393 3353 1414 3372 Τ
1425 3353 1444 3372 0
1455 3353 1473 3373 R
1483 3367 1490 3379 ‚
1515 3346 1579 3373 oris.
1615 3355 1651 3372 tn.
1689 3346 1765 3373 Sacer
1782 3346 1850 3373 intra
1869 3355 1917 3374 nos
1930 3348 2037 3383 spiritus
2051 3350 2137 3385 sedet,
2156 3361 2210 3380 ma-

41 3367 167 3402 oppletus‚
183 3367 292 3392 obteaus.
362 3370 476 3398 Paedore
493 3373 589 3402 obfitus
615 3377 672 3403 Sen.
687 3377 841 3410 Agamemn.
865 3386 897 3409 ¹3·
934 3379 952 3404 ι’.
973 3378 1090 3404 Sardibus
1150 3380 1239 3407 lorum
1257 3380 1445 3416 bonorumque
1472 3382 1623 3409 nostrorum
1644 3381 1799 3408 obseruator
1826 3388 1852 3409 et
1872 3383 1954 3410 custos
1992 3385 2049 3411 Sen.
2067 3395 2105 3421 ep.
2125 3397 2149 3419 Δμ
2166 3396 2208 3423 pr.

34 3403 134 3437 fimens
144 3408 244 3436 Pn'pst’r
255 3411 374 3429 carcerem
386 3408 536 3436 diuturnum.
605 3411 688 3439 Annis
701 3418 726 3438 et
740 3412 832 3447 pannis
846 3413 953 3448 obfitus,
972 3416 990 3441 i.
1011 3415 1089 3438 Semx
1102 3420 1138 3445 90
1151 3417 1250 3443 Genius
1265 3417 1342 3443 nobis
1356 3417 1464 3444 affiduus
1479 3417 1635 3444 obseruator
1647 3417 1776 3452 appositus
1789 3417 1825 3444 est
1844 3418 2023 3447 Censorin.de
2032 3421 2082 3448 Die
2090 3422 2151 3450 Nat.
2158 3434 2179 3452 c.
2187 3434 2207 3456 3-

42 3439 103 3464 male
115 3436 215 3473 vestitus
228 3444 251 3477 ef
261 3438 381 3472 pannosus
406 3441 474 3469 Ter.
488 3443 552 3471 Eun.
563 3454 586 3481 2,
598 3455 619 3480 2,
636 3457 656 3478 ς,
701 3449 741 3474 Sic
753 3449 821 3484 apud
832 3449 891 3476 Liu.
905 3459 927 3480 2,
942 3458 971 3482 23
1001 3448 1090 3476 Obsita
1187 3459 1206 3480 o
1215 3459 1231 3480 B
1241 3459 1253 3478 s
1263 3459 1279 3479 Ε
1290 3459 1308 3478 R
1318 3459 1369 3479 VA
1381 3460 1403 3480 T
1413 3460 1430 3479 R
1442 3461 1449 3479 ι
1460 3460 1477 3480 x
1486 3474 1494 3486 ‚
1515 3454 1571 3480 icis.
1608 3454 1627 3480 f.
1665 3453 1782 3479 Tertull.
1797 3453 1829 3480 de
1841 3455 1948 3481 Corona
1967 3465 1988 3484 c.
2002 3467 2020 3490 4
2036 3464 2076 3492 pr.

40 3473 162 3513 squalore
181 3472 268 3500 vestis.
326 3475 364 3515 ¹Et
383 3477 412 3501 de
427 3478 501 3505 annis
519 3483 585 3514 apud
601 3483 676 3518 Virg.
690 3484 756 3510 Aen.
771 3489 799 3517 8,
812 3492 861 3519 307
889 3485 994 3512 Obfitus
1012 3493 1088 3512 aeuo.
1189 3494 1208 3514 o
1220 3494 1236 3515 Β
1247 3496 1259 3514 s
1270 3495 1375 3514 ERVA
1388 3495 1410 3515 N
1421 3495 1462 3515 'ri
1478 3496 1499 3516 A
1511 3509 1520 3522 ‚
1547 3498 1585 3515 ae.
1622 3489 1641 3515 f.
1678 3489 1822 3522 [Ssemetoe.
1849 3490 1933 3523 αἰδῶς,
1959 3491 2078 3528 ἤτρου-ιδ]
2115 3503 2146 3520 ex
2165 3504 2205 3521 no.

8 3526 10 3530 ν
41 3508 191 3536 Frondibus
203 3508 301 3548 oblita,
321 3519 338 3535 ¹-
359 3511 479 3538 obuoluta
491 3521 515 3540 et
527 3517 632 3544 latentia
651 3520 718 3546 Hor.
731 3520 820 3547 Carm.
838 3530 855 3556 ι,
870 3525 903 3554 18,
920 3530 952 3547 12.
1007 3520 1089 3547 Niui-
1152 3524 1216 3550 tione
1230 3524 1304 3550 verbi
1316 3534 1326 3555 3
1339 3524 1385 3554 est,
1403 3534 1450 3560 per
1462 3534 1539 3559 quam
1554 3531 1645 3557 aetate,
1659 3530 1703 3550 aut
1716 3524 1849 3557 sapientia,
1868 3533 1912 3553 aut
1926 3527 2039 3561 honore,
2059 3535 2103 3555 aut
2116 3530 2205 3565 aliqua

9 3553 11 3570 ἰ
41 3544 90 3571 bus
102 3544 214 3571 Obfifflm
227 3551 279 3571 iter
302 3545 376 3572 Curt.
389 3555 411 3579 5,
424 3548 448 3577 ⁶1
464 3556 493 3580 ¹3.
564 3552 615 3579 A‘e'r
628 3554 724 3582 oblitus
740 3555 857 3590 pallore,
878 3557 895 3583 i.
917 3557 1038 3583 ObduHus
1051 3567 1089 3582 ca-
1150 3559 1278 3591 dignitate
1289 3560 1470 3587 antecedentes
1485 3569 1639 3586 reueremur
1653 3565 1678 3585 et
1692 3560 1803 3586 colimus
1834 3562 1892 3589 Cic.
1906 3562 1938 3589 de
1951 3565 2009 3591 Inu.
2024 3573 2036 3590 2
2057 3574 2078 3591 c.
2093 3574 2119 3591 22
2131 3574 2154 3592 et
2167 3575 2203 3599 53.

9 3587 11 3593 ⁴
43 3580 131 3619 irgine,
151 3587 175 3606 et
186 3580 324 3613 Obscurams
349 3581 490 3622 Lucam-5,
502 3585 556 3616 627-
591 3589 625 3619 ql.
643 3591 778 3625 Squalore.
851 3593 918 3622 Setis
939 3592 1019 3618 obsita
1040 3592 1088 3618 bos
1102 3597 1134 3623 95¹
1149 3590 1189 3622 Idss
1203 3605 1252 3630 pro
1268 3596 1387 3622 Muraen.
1403 3605 1430 3630 7¹
1450 3606 1471 3622 c.
1486 3605 1516 3629 34
1545 3595 1627 3622 Nulla
1640 3595 1675 3621 est
1690 3596 1761 3622 enim
1776 3606 1877 3631 poena,
1897 3608 1964 3632 quae
1977 3599 2050 3633 possit
2064 3600 2204 3627 obseruan-

43 3615 74 3641 10
91 3616 165 3654 V.¹¹'g·
179 3616 243 3642 Aen.
256 3626 279 3649 7,
292 3624 353 3656 799.
437 3618 493 3645 Situ
506 3619 617 3656 obiitus,
641 3626 695 3653 vid.
717 3633 731 3653 s
743 3633 751 3653 1
763 3633 849 3655 TVS.
923 3628 1048 3662 Squalore
1063 3635 1089 3656 et
1149 3631 1214 3657 tiam
1234 3631 1388 3657 tenuiorum
1407 3631 1440 3658 ab
1461 3631 1511 3658 hoc
1532 3638 1621 3657 vetere
1640 3630 1760 3658 instituto
1780 3631 1930 3660 officiorum
1951 3635 2099 3662 excludere.
2135 3637 2203 3664 Add.

10 3655 12 3661 ·
44 3648 167 3676 Sardibus
179 3651 276 3692 obsitus
304 3653 361 3679 Liu.
377 3662 416 3687 29,
432 3655 468 3680 16.
540 3656 685 3690 Cic.Tusc.
701 3672 718 3695 ι,
733 3668 766 3695 48
778 3672 799 3691 c,
813 3671 837 3689 21
864 3664 933 3694 Leti,
952 3663 1088 3698 obnubila,
1149 3667 1189 3694 Id.
1202 3677 1250 3700 pro
1265 3666 1346 3693 Balbo
1360 3670 1390 3697 65
1409 3677 1430 3693 c.
1445 3674 1472 3697 253
1499 3665 1615 3693 Consilia
1628 3666 1745 3694 hominis
1758 3667 1882 3702 probauit
1895 3671 1996 3706 Caesar,
2033 3687 2078 3692 -—
2116 3671 2201 3698 officia

11 3714 13 3718 y
45 3684 125 3711 obfita
138 3685 271 3714 Tenebris
286 3688 351 3715 loca.
425 3690 554 3724 Virgultis
567 3691 622 3719 loca
639 3695 717 3723 obsita
745 3698 806 3725 Liu.
819 3705 861 3732 28,
874 3709 895 3726 2.
970 3700 1018 3725 Sed
1034 3700 1087 3726 vim
1149 3703 1397 3736 obseruantiamque
1412 3702 1513 3728 dilexit.
1631 3702 1691 3729 Liu.
1707 3713 1730 3736 1,
1745 3712 1771 3736 35
1801 3704 1938 3740 Obsequio
1956 3713 1981 3732 et
1995 3706 2158 3733 obseruantia
2172 3707 2201 3731 in

11 3730 13 3735 .
45 3721 178 3762 Parth-ipe}-
190 3723 259 3749 habe,
269 3724 296 3749 f„
309 3723 348 3750 ,710
385 3725 456 3752 Rura
470 3725 552 3752 obsita
563 3728 647 3760 pomis
669 3732 749 3759 Ouid,
764 3735 869 3769 Mem&
882 3743 935 3769 7¹9·
953 3734 970 3761 ι’,
989 3735 1087 3768 consita.
1149 3747 1238 3772 regem
1254 3747 1312 3764 cum
1334 3738 1473 3770 omnibus,
1487 3737 1656 3773 *benignitate
1675 3748 1735 3773 erga
1755 3739 1822 3766 alios
1842 3750 1901 3767 cuin
1923 3750 1983 3775 rege
2003 3742 2059 3776 ipso
2079 3742 2199 3780 certasset.

82 3760 201 3784 OBSER
212 3764 247 3793 0,
272 3764 324 3787 ἓῐε-
363 3760 508 3794 [μοχλεύει.
528 3766 678 3799 κατακλείω]
713 3769 859 3803 occludere,
877 3770 957 3796 veluti
970 3770 1029 3806 sera
1043 3773 1205 3801 r'm-ioocic‚
1223 3775 1274 3801 Αη,
1291 3783 1325 3805 ιι,
1342 3780 1372 3807 i7
1398 3774 1490 3808 Deque
1501 3780 1544 3799 tua
1558 3781 1618 3807 erga
1635 3774 1659 3800 se
1673 3774 1856 3809 obseruantia,
1877 3776 2116 3811 beneuolentiaque
2131 3775 2197 3801 mihi

12 3785 13 3819 l
40 3789 127 3825 plfita.
178 3792 353 3836 ‚Ter-Eum&
367 3805 390 3829 ς,
405 3805 432 3829 23
455 3797 504 3837 Tu
518 3797 572 3828 abi,
591 3804 668 3838 atque
681 3800 775 3829 ostium
786 3805 877 3832 obsera
892 3806 970 3832 intus.
1024 3807 1084 3835 Liu.
1148 3810 1262 3843 plurima
1282 3808 1398 3842 exponit.
1507 3808 1604 3834 Colere
1622 3810 1788 3837 obseruantia
1807 3812 1922 3846 aliquem
1954 3813 1991 3839 Id.
2010 3813 2079 3839 Fam.
2102 3821 2139 3841 ir,
2158 3811 2196 3836 26.

11 3824 13 3862 l
41 3835 70 3860 52
84 3835 108 3858 ⁴¹
134 3826 187 3853 Vb1
197 3837 240 3854 eos
259 3830 342 3864 plebis
358 3832 488 3859 aedificiis
505 3833 648 3869 obseratis,
668 3838 814 3869 patentibus
833 3842 906 3868 atriis
926 3841 1085 3879 principum,
1147 3846 1208 3872 Mea
1221 3846 1269 3872 tibi
1283 3844 1450 3870 obseruantia
1465 3852 1597 3877 nunquam
1612 3845 1697 3871 defuit
1727 3846 1765 3873 Id.
1779 3846 1843 3873 ibid.
1859 3858 1887 3880 ς,
1902 3854 1925 3877 8.
1998 3846 2090 3874 Officia
2108 3845 2195 3871 obser-

12 3866 14 3890 ι
43 3862 130 3902 ¹¹¹?ior
145 3871 225 3903 ΡῑᾫΡο
237 3867 369 3894 (ῑῑῐὶἇῖὓΐῑθ
385 3867 490 3895 tenebat
510 3877 599 3903 “¹90¹'‘ss
615 3878 693 3903 quam
713 3871 793 3899 Clausa
813 3876 964 3904 inuadendi.
1037 3879 1085 3906 Ra·
1147 3882 1315 3915 vantiamque
1328 3879 1438 3904 alicuius
1452 3878 1566 3914 diligere
1593 3881 1630 3907 Id.
1641 3889 1690 3916 pro
1703 3882 1863 3909 Corn.Balb.
1880 3886 1918 3915 63.
1990 3884 2110 3915 Magnum
2127 3888 2193 3920 onus

42 3906 123 3938 mices
141 3905 226 3925 exitus
243 3899 358 3929 fei-anim
377 3904 500 3932 obserent
525 3904 632 3932 Colum.
645 3914 671 3938 9,
687 3915 703 3931 ι.
775 3907 883 3939 Obserat
900 3913 1026 3941 herbosos
1044 3914 1084 3940 lu·
1146 3915 1328 3943 obseruantiae
1340 3914 1419 3940 alicui
1436 3915 1574 3949 imponere
1607 3917 1645 3944 Id.
1660 3918 1711 3943 Att.
1728 3928 1764 3949 ις,
1777 3927 1810 3944 ει.
1883 3918 2007 3945 Retinere
2027 3916 2193 3955 obseruantia

40 3933 98 3961 rida
111 3939 186 3969 porta
199 3942 277 3971 rogos
301 3938 418 3975 Propert.
430 3950 455 3976 4,
470 3949 505 3974 ια,
519 3947 542 3972 3.
613 3940 758 3969 Tabellam
773 3942 873 3974 liminis
891 3948 1012 3977 obserare
1036 3950 1132 3980 Ca.io,·
1145 3952 1252 3989 amicos,
1265 3960 1325 4014 rez
1336 3949 1493 3985 parsimonia
1518 3951 1557 3980 Id.
1571 3961 1622 3987 pro
1633 3954 1727 3987 Quint.
1743 3961 1773 3986 59
1794 3962 1815 3979 c.
1830 3960 1862 3983 ιε.
1933 3952 2012 3979 Attici
2027 3950 2192 4012 obsergasstia

1339 3995 1356 4012 v
1369 3994 1385 4013 v
1404 3995 1418 4013 2
2183 4004 2190 4009 ·
