2517 4231
201 188 293 236 ¹08?
581 171 610 213 P
694 170 727 211 R
806 166 843 205 Ο

240 271 482 294 PROCVLEIA
528 269 553 290 et
596 260 913 289 PROCVLINA‚ae.

202 302 450 366 aptssdkivgrcnvalilffi
462 309 511 373 ‚4¹s-
536 300 583 362 9Εὲ
596 301 696 360 ἓέιζι,
707 326 749 354 fn
759 331 778 351 O
789 344 798 358 ,
824 327 877 350 are.
916 322 1020 350 Paullus
1035 319 1120 353 Festi,
1148 318 1264 354 proculi-

205 382 252 404 unt
286 374 456 409 promittunt,
500 371 554 408 [pst
578 369 678 397 Festus,
699 362 849 400 Proculin-at
876 358 930 400 (f.
945 357 1133 393 proculinaut)
1153 355 1265 392 promit-

205 395 313 440 tunt’ait
329 403 618 445 significareAntistius
633 402 664 427 de
679 401 737 426 iure
752 396 900 424 Pontmcali
914 395 987 422 libro
1007 402 1089 433 nono.

241 454 256 474 p
265 454 285 474 R
297 452 316 473 0
327 454 344 474 C
354 445 374 473 x?
385 454 401 472 1.
410 452 429 471 V
440 453 453 470 c
491 446 499 469 i
536 451 569 467 m.
607 435 751 469 [Πσόκλῃς]
787 433 925 469 &agnomen
940 435 1005 461 eius,
1026 438 1075 464 qui
1086 433 1163 455 natus
1179 427 1208 455 fit
1224 436 1266 463 pa-

207 492 246 511 tre
278 466 469 518 eregrinanteg
483 463 564 513 patria
581 465 682 508 procul.
750 469 813 495 Sunt
827 469 874 503 qui
888 466 995 494 credant
1011 465 1137 492 Proculos
1151 465 1213 506 ideo
1227 464 1267 491 di-

207 493 274 546 closp
300 520 364 554 quia
378 516 494 552 patribus
507 510 627 539 senibus,
647 505 717 541 quasi
731 505 824 540 procul
839 503 977 539 progressis
999 508 1099 533 aetate,
1121 507 1177 528 nati
1199 502 1267 542 sunt.

207 539 297 583 Fcsttis
328 554 421 582 Paulli.
460 550 525 575 Hinc
556 542 684 571 contrabit*
717 541 833 568 Proclus.
932 539 1076 579 Proculus,
1095 546 1156 564 cum
1179 538 1267 572 prisco

208 599 328 627 tempore
343 586 528 620 Virginiorum
541 588 567 608 et
576 579 760 615 Geganiorum
776 584 940 616 praenomen
952 575 1049 605 funii-t,
1064 574 1153 608 postea
1168 583 1267 609 cogno·
1285 589 1315 608 ¹0

210 638 273 655 men
294 627 346 653 fuit
369 617 541 650 Plautiorum.
641 614 717 641 Auci.
742 613 773 640 de
791 612 947 639 nominibus
960 611 1009 638 sub
1024 611 1081 637 Val.
1096 611 1168 637 Max.
1190 611 1269 643 Q1ae

211 665 278 691 olim
308 657 479 696 praenomina
511 654 636 685 fuerunt,
656 659 727 676 nunc
759 648 922 684 cognomina
956 649 1033 680 sunt,
1068 652 1098 673 vt
1130 647 1269 673 Proculus.

254 708 267 726 2
303 694 544 730 En·.1msemim11⁴un1
558 686 607 721 est,
625 694 655 713 ut
679 685 790 713 Procula
812 684 928 712 adultera
950 691 974 711 et
997 686 1117 711 meretrix
1149 682 1270 710 quenal.

211 745 237 768 2,
250 737 287 764 68·
323 738 346 757 *Ὗ
359 739 382 762 3⁷
396 736 430 760 ¹3·
588 759 593 764 ⁸
702 758 711 763 ..

246 776 261 795 P
270 775 287 793 R
296 773 314 793 O
323 773 339 792 C
348 773 366 792 v
377 772 401 790 M
411 770 426 790 Β
439 769 458 788 o
470 780 477 792 ‚
513 759 595 787 cubui
603 779 612 792 ,
648 757 769 784 cubitum
778 773 786 787 ,
811 758 865 783 ere.

210 802 351 836 prosterni,
367 808 474 835 pronum
488 800 583 823 iacere:
606 794 671 830 quod
677 797 782 829 proprie
795 792 891 829 quidem
905 792 935 818 de
947 792 1113 825 animalibus,
1126 799 1174 827 per
1187 798 1273 818 trans-

208 844 321 867 lationem
332 846 390 863 oero
404 838 477 862 ctiam
490 833 518 859 de
532 833 591 858 aliis
605 830 676 858 rebus
690 829 785 856 dicitur
794 849 801 862 ‚
813 838 867 855 cum
879 830 1039 855 inclinantur
1056 829 1097 854 uel
1108 831 1192 854 iacent
1205 827 1273 854 adeo.

211 876 271 903 Liu.
285 883 303 903 ι,
315 881 332 908 7
350 873 437 907 Ipsum
453 870 544 896 feffinn
558 867 601 894 via
615 866 792 901 procubuisse.
854 864 989 891 Columel.
1003 873 1023 896 1,
1038 866 1064 896 6,
1078 866 1095 890 6
1114 864 1178 890 Lata
1193 863 1275 890 bubi-

207 912 243 938 lia
256 910 304 935 esse
316 907 454 943 oportebit
467 904 546 940 pedes
559 904 599 936 Χ,
618 902 660 930 vel
675 908 703 929 vt
721 901 865 928 minimum
877 901 922 927 IX.
977 901 1054 934 Qiae
1066 901 1189 926 mensura
1202 905 1228 926 et
1239 899 1273 925 ad

208 944 436 981 procumbendum
458 941 566 977 pecori,
587 946 613 966 et
632 938 740 972 iugario
761 938 793 964 ad
814 937 1035 964 circumeundum
1051 937 1110 963 laxa
1123 936 1273 962 ministeria
1285 956 1321 975 20

208 981 341 1017 praebeat.
438 978 524 1005 So'luti
544 977 610 1003 vino
631 974 799 1010 procubuere
819 974 896 1008 Virg.
911 974 978 1000 Aen.
993 981 1088 1006 9‚190.
1187 973 1274 998 Laffus

208 1017 294 1045 studio
308 1015 421 1043 venandi
436 1012 580 1050 procubuit
606 1012 688 1039 Ouid.
704 1012 768 1037 Met.
782 1018 867 1043 3‚413.
978 1009 1010 1035 In
1025 1015 1123 1037 terram
1139 1014 1199 1035 toto
1213 1016 1274 1044 pro-

207 1053 333 1081 cumbere
346 1052 420 1079 vultu
446 1051 519 1077 Idem
533 1048 601 1075 ibid.
618 1057 658 1082 14,
672 1052 722 1077 281·
819 1046 925 1072 Terrae
944 1045 1140 1080 procumbere,
1159 1045 1185 1072 h.
1201 1054 1221 1071 e.
1243 1046 1275 1072 In

208 1099 301 1117 terram
323 1088 405 1116 Ouid.
422 1088 486 1113 Mer.
502 1095 526 1116 2,
541 1093 600 1119 347.
670 1082 738 1110 Pede
751 1081 853 1109 offenso
874 1081 948 1108 [dem
963 1081 1030 1108 Fast.
1049 1091 1071 1114 2,
1085 1089 1147 1116 720.
1224 1081 1275 1107 Ge-

208 1136 243 1153 nu
257 1126 383 1152 succiduo
404 1124 486 1151 Ouid.
501 1122 580 1156 Epist.
593 1129 627 1152 13,
641 1129 682 1153 24.
755 1119 832 1145 Genu
847 1117 933 1152 posito
948 1118 1104 1153 suppliciter
1124 1117 1199 1144 Idem
1207 1117 1275 1144 Fast.
1289 1134 1321 1160 25

953 248 974 277 f.

1012 248 1150 278 Mulierum
1159 249 1261 274 nomina

1292 398 1307 425 5

902 756 1080 792 [προσ-πίπτω,
1099 754 1271 788 κκτοίκειμαι]
1290 763 1315 789 13

208 1172 232 1193 2,
247 1167 303 1195 438.
421 1159 541 1186 chibus
561 1156 674 1184 alicuius
694 1155 897 1190 procumbet-03
934 1155 959 1181 h.
980 1163 1000 1181 e.
1027 1154 1072 1182 Ad
1090 1163 1171 1195 genua
1192 1153 1277 1195 Ouid.

208 1199 272 1226 Met.
289 1206 323 1230 13,
337 1201 390 1230 585.
509 1193 688 1221 Procumbere
703 1191 734 1218 ad
750 1199 835 1225 genua
846 1211 853 1223 ,
874 1192 916 1217 vel
928 1190 959 1217 ad
975 1190 1054 1225 pedes
1075 1192 1188 1218 alicuius
1216 1191 1278 1217 Liu.

209 1241 246 1267 23,
257 1242 274 1268 7
284 1240 327 1270 pr.
400 1231 469 1258 Ante
482 1231 560 1265 pedes
573 1229 686 1256 alicuius
707 1228 789 1255 Ouid.
802 1227 883 1262 Epist.
899 1235 936 1258 12,
954 1229 1006 1257 186.
1116 1227 1279 1254 Procumbe-

209 1279 236 1297 re
250 1269 283 1296 ad
298 1269 423 1297 arborem
449 1268 515 1294 le.
532 1273 556 1300 ε,
573 1268 610 1292 16.
720 1265 837 1291 Martial.
855 1273 876 1296 1,
889 1266 919 1296 56
931 1266 997 1295 (61)
1019 1263 1100 1297 Qod
1115 1270 1176 1290 ruet
1189 1263 1279 1289 inter-

208 1315 287 1342 gum,
306 1305 350 1333 vel
366 1313 434 1340 quos
451 1302 610 1339 procumbet
625 1301 653 1328 in
670 1309 758 1328 armos
769 1321 777 1333 ‚
815 1300 877 1327 Alta
893 1300 1069 1326 iuueni-orum
1086 1300 1199 1326 vulnera
1214 1299 1277 1334 figet
1306 1320 1323 1337 Ο

208 1342 256 1370 vbi
271 1343 280 1369 3
399 1341 428 1367 In
441 1349 526 1375 genua
542 1337 718 1375 procumbere
743 1338 818 1364 Curt.
833 1345 858 1369 9,
872 1345 898 1367 5,
914 1344 947 1368 13.
1055 1336 1203 1363 Procubuit
1216 1336 1278 1371 lupa

209 1379 285 1413 Virg.
299 1380 365 1403 Aen.
379 1381 402 1410 8,
416 1368 485 1410 632⁴
581 1374 694 1402 Culmus
709 1372 863 1408 procumbit
876 1371 995 1406 grauidis
1008 1372 1095 1398 aristis
1129 1373 1204 1407 Virg.
1227 1373 1278 1399 Ge-

210 1424 268 1449 org.
283 1423 302 1445 1,
321 1422 363 1439 111.
473 1412 575 1439 Domus
600 1411 670 1445 lapsa
693 1410 721 1437 in
746 1409 852 1436 domiui
878 1408 1024 1443 procubuit
1046 1414 1125 1444 caput
1144 1408 1228 1435 Ouid.
1245 1417 1278 1436 ex

210 1452 284 1477 Pont.
309 1458 329 1482 1,
352 1458 380 1481 9,
406 1457 445 1482 14.
543 1448 665 1475 Nemora
685 1446 778 1473 omnia
799 1445 851 1472 late
864 1445 1045 1479 procumbunt
1070 1445 1170 1471 Lucan.
1185 1453 1208 1478 3,
1222 1452 1278 1478 393.

209 1486 325 1521 Poplites
338 1484 532 1519 procumbunt'
544 1484 652 1510 Lucret.
665 1491 692 1516 4,
708 1490 767 1515 950.
841 1482 947 1516 Segetes
962 1481 1130 1516 procubuere
1144 1481 1279 1508 imbribus
1314 1505 1324 1512 ,

209 1523 282 1550 Caes.
297 1522 324 1547 Ρ».
340 1521 372 1547 G.
386 1523 411 1552 6,
425 1530 465 1552 42.
555 1520 677 1546 Tedium
691 1517 800 1545 thalami
815 1517 972 1554 procumbit
991 1518 1074 1545 Ouid.
1089 1517 1153 1545 Fan.
1175 1528 1204 1550 4,
1226 1526 1278 1550 233.
1295 1506 1323 1532 3³

209 1558 298 1586 'secia
311 1558 388 1591 super
402 1556 552 1583 habitantes
564 1555 732 1591 procubuere
754 1553 888 1589 Quno'til.
903 1562 926 1587 2,
941 1556 977 1580 16.
1065 1554 1169 1581 Turris
1183 1563 1278 1589 procu-

210 1596 269 1622 buit
283 1595 400 1629 pondere
427 1594 501 1628 Virg.
515 1594 580 1621 Aen.
596 1601 622 1625 9,
636 1600 690 1625 541·
783 1590 968 1618 Procumbunt
984 1589 1100 1622 milites,
1114 1598 1165 1626 pro
1180 1591 1280 1617 Cadunt

209 1632 283 1658 Caes.
298 1631 325 1657 B.
341 1630 369 1656 C.
385 1638 411 1662 z,
425 1638 470 1663 42.
542 1628 699 1656 Procumbit
712 1626 789 1654 humi
804 1627 852 1654 bos
874 1627 951 1661 Virg.
969 1628 1034 1653 Aen.
1050 1636 1072 1660 ς,
1085 1633 1140 1660 481.
1220 1628 1279 1653 Me-

209 1674 238 1694 tu
257 1666 424 1702 procubuere
439 1666 512 1692 ferae
533 1665 596 1692 Stat.
610 1664 703 1691 Theb.
713 1673 742 1697 4,
752 1672 806 1696 142
879 1663 955 1690 Bello
971 1670 996 1690 et
1011 1664 1092 1690 armis
1109 1662 1278 1698 procubuisse

210 1705 299 1731 Valer.
314 1703 414 1736 Argon.
430 1712 458 1736 4,
472 1709 527 1736 753.
600 1700 755 1728 Certamine
770 1701 875 1727 summo
887 1699 1072 1734 'procumbunt
1090 1700 1169 1735 Virg.
1179 1700 1244 1726 Aen.
1255 1709 1277 1733 ς,

210 1745 263 1773 198.
337 1738 408 1765 Fatis
422 1738 590 1772 procubuere
604 1746 678 1771 pares
700 1737 763 1762 Stat.
778 1735 872 1762 Theb.
887 1744 912 1767 2,
927 1739 988 1769 642.
1068 1729 1134 1762 Ἰὲὶιι
1147 1737 1202 1762 saxi
1217 1745 1280 1771 pro-

211 1775 316 1803 cumbit
336 1774 382 1801 Sil.
397 1779 420 1806 8,
434 1776 497 1806 669.
591 1773 675 1799 Manu
689 1771 776 1797 nostra
792 1771 960 1805 procubuere
981 1771 1064 1798 Ouid.
1078 1773 1144 1798 Met.
1160 1781 1202 1804 13,
1223 1774 1277 1798 262.

211 1813 300 1846 Strage
314 1811 361 1837 bac
375 1819 417 1836 me
432 1809 529 1836 vellem
544 1807 711 1842 procubuiffe
730 1807 818 1833 Valer.
834 1808 933 1840 Argon.
949 1814 972 1838 3,
985 1813 1040 1840 271.
1112 1807 1181 1833 Plin.
1198 1808 1234 1837 16,
1248 1807 1279 1838 36

210 1848 240 1875 de
252 1847 437 1878 arundinibus,
455 1845 590 1871 Omnibus
620 1852 686 1870 vero
710 1842 779 1869 folia
802 1851 816 1869 a
837 1841 911 1868 nodo
937 1842 1014 1874 orsa,
1031 1841 1173 1875 complexu
1187 1848 1280 1869 tenues

210 1893 259 1920 per
272 1883 404 1910 ambitum
422 1882 552 1908 inducunt
564 1880 684 1912 tunicas,
703 1885 783 1913 atque
797 1887 812 1904 a
828 1878 920 1904 medio
935 1877 1102 1910 internodio,
1120 1887 1180 1904 cum
1197 1877 1281 1912 pluri-

211 1930 286 1947 mum
297 1940 304 1953 ‚
326 1918 447 1946 defluunt
459 1917 572 1949 vestire,
597 1915 839 1951 procumbuntque.
880 1915 905 1940 h.
920 1923 939 1940 e.
961 1915 993 1940 In
1007 1921 1102 1940 terram
1114 1916 1282 1942 imtz‘nanmr.

211 1957 287 1985 Taxi
302 1955 508 1991 procumbentes
527 1954 624 1979 Lucan.
639 1961 659 1984 3,
676 1960 733 1985 419.
842 1949 956 1976 Alfenus
976 1949 1006 1975 in
1027 1949 1044 1975 l.
1060 1949 1077 1974 fi
1092 1950 1200 1984 quando
1214 1950 1246 1975 D.
1261 1949 1279 1975 fi

211 1993 303 2020 seruit.
319 1990 447 2018 vindicet.
471 1991 498 2016 Si
513 1989 620 2024 quando
637 1990 708 2014 iuter
722 1985 799 2013 aedes
813 1986 888 2012 binas
903 1985 989 2019 parics
1001 1985 1078 2017 esset,
1097 1985 1146 2019 qui
1165 1985 1203 2011 ita
1217 1994 1280 2011 ven-

212 2036 280 2056 trem
294 2029 401 2059 faceret,
409 2034 438 2054 vt
450 2027 478 2053 in
491 2026 575 2053 vicini
591 2024 701 2051 domum
715 2022 877 2057 semipedem
890 2028 935 2049 aut
948 2021 1063 2055 amplius
1077 2021 1282 2054 procumberet:
1295 2042 1325 2061 ,ο

211 2066 256 2100 agi
270 2069 394 2100 oportet,
416 2072 461 2089 rte.
571 2061 686 2095 Metapb.
724 2059 782 2085 Seu.
799 2058 877 2093 Epist.
893 2062 919 2088 18
960 2058 996 2084 Vt
1014 2064 1077 2084 tuuc
1094 2056 1282 2092 voluptatibus
1293 2050 1318 2068 ³*

213 2102 284 2129 solus
297 2101 443 2132 abstineat,
461 2107 521 2125 cum
535 2097 564 2123 in
577 2097 636 2123 illas
651 2096 739 2123 omnis
752 2094 830 2122 turba
843 2093 997 2129 procubuit.
1124 2128 1131 2134 ·
1262 2127 1268 2133 ·

250 2145 265 2164 P
277 2145 293 2164 R
305 2144 324 2163 o
334 2144 350 2163 C
362 2143 381 2161 v
393 2142 407 2162 Ρ
418 2143 426 2162 1
438 2141 456 2161 D
465 2141 485 2161 ο
494 2154 503 2168 ,
541 2134 604 2160 inis.
642 2133 662 2159 f.
700 2133 796 2159 Monet
813 2132 894 2158 etiam
908 2131 937 2157 in
955 2138 1003 2156 nos
1018 2128 1170 2164 procupido
1181 2136 1283 2156 amoris

211 2174 281 2201 Min.
296 2173 371 2201 Felix
386 2182 407 2199 c.
421 2173 464 2203 26,
479 2179 510 2198 11.
605 2169 653 2197 Stil
668 2169 766 2196 Meurs.
788 2168 824 2194 Ex
838 2176 891 2203 qua
906 2172 994 2193 manet
1009 2166 1036 2192 in
1051 2174 1099 2192 nos
1115 2174 1196 2199 porro
1208 2165 1282 2199 cupi-

214 2210 250 2237 do
283 2209 393 2237 amoris.

212 2256 413 2312 Πειπ-’,ιξεῦιὶᾳ
427 2283 482 2306 are.
496 2276 666 2314 [inm-famosus,
682 2277 862 2310 ἓπιμελέομαι]
875 2272 1134 2308 Administrationem
1144 2274 1285 2301 alienarum

212 2328 295 2346 rerum
309 2320 349 2344 vel
360 2317 465 2353 Jimrum
484 2324 577 2352 gerere.
615 2314 673 2341 Cic.
689 2314 763 2340 Fam.
779 2321 817 2345 12,
831 2321 864 2345 24
889 2313 913 2338 Is
928 2317 1053 2347 procurat
1068 2311 1186 2337 rationes
1201 2319 1284 2345 nego-

212 2355 303 2390 tiaque
325 2353 448 2386 Dionysii
467 2351 561 2378 nostri.
626 2349 701 2384 Idem
721 2349 801 2376 Acad.
824 2357 848 2380 1,
867 2356 902 2381 29
940 2347 1102 2382 Sapientiam
1124 2347 1282 2387 perfetSlam,

213 2400 295 2427 quem
317 2391 395 2417 deum
414 2389 566 2424 appellant,
588 2387 768 2421 omniumque
793 2393 902 2416 rerum,
925 2393 992 2418 quae
1012 2385 1070 2410 sunt
1092 2383 1118 2410 ei
1136 2383 1325 2424 fiibieRae,60

214 2428 286 2463 quasi
302 2426 470 2462 prudentiam
485 2423 636 2460 quandam,
656 2428 845 2457 procurantem
861 2420 983 2447 caelestia
998 2420 1114 2447 maxime
1124 2439 1130 2451 ,
1142 2420 1239 2446 deinde
1253 2420 1283 2446 in

215 2463 294 2491 terris
309 2471 428 2497 ea,quae
448 2462 582 2496 pertinent
596 2460 628 2487 ad
648 2458 781 2486 homines.
851 2457 998 2484 Procurare
1019 2456 1189 2491 prouinciam
1213 2456 1281 2483 Plin.

216 2508 243 2535 7,
258 2501 295 2526 16.
368 2499 446 2524 ICtus
460 2497 477 2523 l.
494 2499 525 2526 86
553 2496 614 2530 Dig.
632 2496 664 2521 de
677 2495 780 2530 acquir.
795 2499 821 2520 et
839 2494 927 2520 amitt.
942 2492 1034 2520 hered.
1049 2493 1202 2519 Pannonius
1216 2493 1282 2519 Aui-

215 2543 257 2564 tus
276 2544 338 2562 cum
352 2534 380 2560 in
392 2533 491 2560 Cilicia
504 2537 679 2566 procuraret,
699 2531 728 2557 de
736 2528 850 2566 praeside
864 2532 1023 2556 Prouinciae.
1157 2526 1178 2566 ff
1197 2539 1212 2557 2
1241 2527 1283 2562 Est

214 2575 289 2599 eliam
306 2571 439 2608 sacrorum
455 2569 556 2595 verbum
577 2574 601 2593 et
612 2566 747 2604 Jfg’llfifflt
760 2566 879 2602 prodtgii
899 2567 1007 2592 alicuius
1020 2564 1094 2601 causa
1113 2574 1164 2592 rem
1179 2565 1282 2602 sacram
1295 2575 1328 2607 63

209 2608 309 2646 facere.
362 2605 431 2632 Gell.
448 2614 474 2638 4,
488 2607 504 2630 6
540 2605 576 2631 Vt
595 2610 693 2630 terram
709 2603 821 2629 mouisse
836 2601 956 2629 nuntiari
970 2601 1052 2634 solet,
1066 2609 1151 2636 eaque
1165 2611 1206 2628 res
1220 2610 1283 2636 pro-

216 2651 340 2676 curatur,
358 2642 396 2668 ita
417 2656 468 2665 ——.
484 2640 547 2667 Eius
566 2640 606 2666 rei
625 2640 701 2666 causa
714 2639 738 2665 S.
755 2640 784 2665 C.
806 2638 908 2665 fadum
925 2638 961 2665 est
981 2653 1028 2659 -
1049 2638 1130 2671 Qiod
1151 2639 1182 2665 C.
1197 2638 1283 2664 Iulius

215 2681 246 2708 L.
262 2681 289 2707 F.
305 2678 429 2705 Pontifex
443 2676 596 2710 nuntiauit,
617 2676 645 2702 in
667 2675 781 2702 sacrario
796 2674 824 2700 in
838 2675 912 2708 regia
933 2674 1016 2700 hastas
1031 2674 1142 2701 Martias
1157 2675 1283 2701 mouille:

217 2717 249 2743 (le
272 2725 303 2743 ca
320 2724 350 2742 re
371 2715 408 2741 ita
430 2713 605 2745 censuerunt,
621 2712 661 2739 vti
681 2712 721 2740 M.
742 2711 875 2737 Antonius
889 2710 989 2737 Consul
1018 2710 1112 2736 hostiis
1131 2709 1283 2736 maioribus

218 2753 280 2780 Ioui
294 2758 319 2779 et
334 2750 416 2778 Marti
430 2754 604 2785 procuraret,
624 2754 650 2774 et
669 2748 779 2774 caeteris
798 2746 862 2778 Dls,
877 2746 976 2782 quibus
991 2741 1131 2774 videretur
1147 2746 1282 2780 placandis
1289 2762 1325 2790 70

218 2789 257 2815 vti
275 2788 432 2823 procurass'ct
453 2786 514 2812 satis
533 2784 686 2811 habendum
707 2784 875 2815 censuerunt,
889 2790 936 2809 rte.
1010 2783 1067 2809 Cic.
1090 2783 1121 2808 dc
1142 2782 1236 2822 Diuin:
1257 2791 1283 2815 2,

220 2834 262 2856 130
283 2835 304 2851 c.
318 2827 348 2857 63
383 2821 510 2850 Officium
535 2827 625 2848 autem
648 2821 698 2846 effe
717 2820 791 2851 eius,
818 2820 991 2853 praenoscere
1012 2818 1057 2844 dci
1076 2827 1137 2852 erga
1159 2818 1284 2845 homines

221 2868 308 2888 mente
323 2869 375 2895 qua
392 2860 453 2889 sint,
469 2857 588 2893 quidque
605 2856 770 2891 significent,
785 2855 1067 2890 quemadmodumque
1087 2862 1117 2880 ea
1139 2862 1284 2888 procuren-

220 2904 280 2929 tur,
300 2902 379 2932 atque
403 2895 553 2928 expientur.
624 2893 728 2928 Fulgin·
749 2899 894 2927 procurare
914 2890 992 2917 ‘Suet.
1012 2890 1090 2917 Galb.
1111 2899 1133 2916 c.
1155 2899 1183 2924 4.
1211 2888 1286 2930 -Vt'sL

223 2933 348 2961 Branchi).
368 2931 402 2958 ad
421 2931 531 2957 Tibull.
553 2939 570 2961 1,
583 2938 606 2963 ς,
624 2938 656 2962 13.
694 2930 801 2955 Petron.
823 2937 845 2954 c.
864 2936 901 2954 ιο.
938 2927 969 2953 Et
987 2925 1117 2953 Drakenb.
1137 2926 1172 2952 ad
1191 2925 1239 2952 Sil.
1260 2930 1284 2959 8,
1297 2943 1328 2971 75

223 2978 274 3001 123.
347 2968 434 2994 Minas
447 2967 598 2993 caelestium
614 2965 707 2992 hostiis
721 2964 799 3000 Apul.
814 2965 879 2991 Met.
895 2972 911 2997 9
925 2972 949 2997 p.
964 2971 1019 2995 233.
1092 2961 1169 3002 Sacra
1190 2962 1283 2996 Nepos

225 3015 246 3037 ε,
260 3014 274 3032 2
289 3012 354 3031 extr.
425 3002 561 3030 Sacriticia
587 3003 660 3028 Caes.
674 3003 702 3028 B.
718 3002 750 3028 G.
771 3003 797 3033 6,
814 3009 850 3027 12.
923 3000 1021 3034 Magna
1041 2998 1083 3025 vis
1100 2998 1137 3024 est
1158 3006 1187 3024 in
1208 3006 1284 3024 mon-

224 3041 282 3067 stris
301 3039 508 3075 interpretandis
532 3047 561 3065 ac
579 3037 769 3073 procurandis,
789 3037 818 3063 in
840 3036 1000 3070 Aruspicum
1019 3034 1158 3070 disciplina
1179 3034 1237 3061 Cic.
1254 3033 1286 3061 de

225 3076 318 3103 Dinin.
339 3085 381 3109 1‚3
402 3086 423 3102 c.
437 3085 462 3103 2.
622 3071 643 3109 q
667 3082 678 3105 3
717 3075 871 3108 Simpliciter
890 3081 987 3099 curare.
1025 3071 1108 3099 Plaut.
1122 3071 1203 3098 Poen.
1217 3071 1286 3106 prol.

227 3120 260 3145 29
281 3113 403 3139 Nutrices
418 3120 529 3146 pucros,
541 3110 657 3137 infantes
671 3109 817 3136 minutulos
834 3108 909 3135 domi
923 3115 1078 3143 procurent.
1135 3107 1216 3143 Apul.
1245 3127 1251 3134 .
1280 3127 1286 3133 .
1297 3124 1330 3151 30

226 3149 303 3175 Hunc
317 3149 388 3175 enim
403 3149 532 3183 cquulum
549 3148 625 3173 suum
640 3145 743 3172 curiose
759 3146 839 3172 nimis
855 3151 1043 3179 procurantem
1059 3144 1162 3171 inueni.
1183 3147 1196 3157 ¹⁸
1235 3145 1285 3171 Ca-

226 3185 283 3211 tull.
297 3194 339 3218 43,
355 3193 379 3215 ις
406 3185 435 3211 lit
449 3193 491 3210 me
508 3183 650 3218 procuraui
665 3183 826 3216 minioque,
841 3189 866 3207 et
887 3181 982 3208 vrtica.
1055 3182 1143 3208 Varro
1158 3179 1190 3207 de
1205 3180 1236 3207 L.
1254 3180 1284 3207 L.

228 3230 256 3253 4,
271 3230 300 3254 14
321 3220 438 3253 Aedilis,
454 3221 501 3256 qui
516 3220 591 3246 aedes
608 3220 690 3245 sacras
704 3225 728 3245 et
749 3216 866 3252 priuatas
886 3223 1050 3251 procuraret.
1123 3217 1199 3252 Virg.
1219 3218 1285 3243 Aen.

228 3264 253 3289 9,
268 3263 306 3289 158
328 3257 401 3282 Laeti
416 3256 484 3283 bene
498 3256 576 3290 gestis
592 3264 705 3290 corpora
719 3254 799 3282 rebus
809 3254 950 3280 Procurate
962 3253 1026 3281 viri.
1099 3253 1214 3280 Stabulis
1225 3262 1285 3288 pro-

228 3300 319 3319 curans
333 3294 388 3318 otia
403 3293 488 3326 pastor
503 3293 549 3319 Sil.
563 3294 587 3323 6,
602 3300 656 3324 330.
731 3291 877 3317 Procurare
889 3288 1015 3322 arbores,
1033 3289 1160 3317 Adhibita
1179 3290 1227 3317 dili
1246 3299 1286 3316 en-
1301 3302 1330 3332 85

227 3331 265 3354 tia
285 3330 407 3360 excola-c,
421 3335 444 3354 ct
459 3328 601 3363 prouidere,
614 3335 644 3354 vt
661 3327 784 3363 crescant.
840 3326 908 3361 Cato
928 3324 960 3351 de
981 3326 1012 3352 R.
1029 3327 1061 3353 R.
1082 3335 1104 3353 c.
1118 3335 1149 3360 43
1184 3299 1285 3354 Eodem

230 3364 310 3390 modo
324 3370 436 3391 caeteras
450 3364 556 3391 arbores
579 3370 732 3399 procurato.
771 3364 856 3389 Prima
869 3360 970 3398 syllaba
983 3371 1072 3397 anceps
1086 3360 1129 3396 cst.
1167 3362 1288 3389 Produci-

228 3406 269 3425 tm·
290 3401 355 3434 apud
366 3401 443 3434 Virg.
465 3408 487 3426 ct
500 3400 545 3426 Sil.
559 3401 648 3436 supra.
668 3401 809 3433 corripitur·
821 3399 889 3434 apud
904 3396 1013 3424 Tibull.
1029 3406 1049 3430 1,
1064 3406 1087 3430 ς,
1103 3407 1126 3430 ¹3
1154 3399 1211 3433 Ipse
1226 3408 1289 3434 pro-

231 3437 375 3465 euraui,nc
389 3437 487 3470 pollent
502 3437 577 3463 sacua
585 3444 682 3463 nocere
719 3434 838 3462 Somnia.
861 3438 880 3461 i.
902 3434 1018 3470 Eapiaui.
1055 3434 1124 3460 ΑΜ.
1138 3435 1289 3463 Ouid.A1-t.

233 3478 250 3499 Ι,
266 3476 309 3504 387
330 3473 496 3499 Procurator.
1048 3507 1050 3510 ι

269 3520 282 3538 ι·
294 3521 307 3538 ιι
322 3522 340 3541 o
353 3521 370 3540 (¹.
383 3523 400 3541 v
413 3522 430 3541 r.
441 3523 493 3542 Αἰ*
504 3523 511 3541 ι
524 3523 543 3543 o
554 3536 561 3549 ‚
583 3515 651 3542 finis.
677 3514 697 3542 f.
734 3513 887 3550 [ἓηιτροπὴ]
925 3514 1003 3541 Varr.
1018 3512 1051 3540 de
1064 3513 1095 3540 R.
1110 3514 1140 3540 R.
1159 3523 1179 3546 1,
1196 3523 1205 3541 ι
1232 3515 1285 3543 Ad-

232 3557 345 3575 veneror
363 3551 514 3578 Mineruam
535 3559 560 3579 et
574 3552 724 3583 Venerem,
745 3559 861 3585 quarum
879 3551 958 3577 vuius
980 3549 1134 3585 procuratio
1152 3551 1234 3584 oleti,
1249 3553 1285 3579 al-

232 3585 312 3610 terius
332 3585 480 3615 hortorum.
538 3588 697 3616 Alienorum
717 3588 859 3613 Honorum
873 3587 1037 3614 mercenaria
1058 3587 1212 3621 procuratio
1226 3588 1286 3616 Seu.

232 3620 264 3646 dc
278 3621 354 3647 Brcu.
370 3622 423 3648 Vit.
442 3633 461 3649 c.
480 3631 516 3659 17.
589 3623 700 3657 Negotii
723 3623 823 3657 publici
845 3623 1001 3656 procuratio
1027 3623 1083 3650 Cic.
1104 3631 1153 3657 pro
1167 3622 1235 3650 Sext.
1249 3627 1285 3652 66

232 3664 254 3681 c.
270 3665 308 3688 30.
379 3659 484 3693 leizm.
502 3661 528 3686 iu
543 3659 559 3686 l.
580 3668 648 3694 quae
667 3659 758 3685 omnia
775 3660 804 3685 i).
821 3658 853 3685 de
867 3665 1001 3693 procurat.
1022 3659 1080 3686 Nec
1101 3658 1225 3685 ferendus
1247 3661 1284 3687 est
1298 3667 1330 3694 95

233 3698 405 3726 procurator,
425 3695 471 3729 qni
485 3695 531 3721 {ibi
547 3696 651 3722 Adserit
666 3695 890 3729 procurationem.
929 3695 999 3722 Nam
1015 3694 1064 3722 hoc
1078 3695 1136 3729 ipso
1149 3695 1283 3728 suspectus

231 3728 284 3767 cll,
304 3730 375 3762 qnod
389 3738 495 3763 operam
511 3732 582 3758 suam
597 3731 696 3766 ingerit
709 3731 813 3757 inuito:
839 3731 886 3757 nisi
902 3731 973 3758 forte
989 3740 1103 3766 purgare
1118 3731 1201 3765 magis
1220 3741 1283 3758 con.

231 3771 330 3789 vicium
345 3783 351 3794 ‚
377 3774 455 3798 quam
482 3768 698 3801 procurationem
720 3767 827 3800 exsequi
846 3766 981 3794 maluerit.
1088 3768 1146 3794 Cic.
1168 3766 1200 3793 de
1218 3767 1282 3795 Nat.

233 3798 358 3831 Dc01·.1‚3
386 3802 449 3827 Sunt
463 3803 617 3836 philosophi
631 3811 655 3829 et
674 3803 792 3834 fuerunt,
810 3802 857 3836 qni
870 3803 983 3830 omnino
996 3802 1097 3829 nullam
1111 3803 1210 3830 habere
1223 3812 1283 3829 cen-

231 3833 313 3860 sci-cut
333 3845 421 3862 rerum
444 3837 620 3865 humanarum
643 3838 859 3871 procurationem
883 3838 954 3867 deos.

233 3868 362 3909 Amcr32¹3
391 3872 447 3905 Qu
463 3874 564 3906 postea,
578 3883 656 3907 quam
676 3874 845 3908 magistratus
866 3875 982 3908 creauit,
998 3874 1120 3910 legesque
1134 3875 1282 3908 constituit,

233 3902 380 3941 fila-Clllqnc
395 3908 548 3946 procuratio
567 3909 763 3944 auctoritasque
783 3909 819 3936 est
832 3909 961 3936 restituta.
1032 3912 1168 3945 Suscipere
1186 3919 1281 3946 procu-

231 3943 360 3976 rationem
373 3949 412 3967 rci
425 3943 536 3969 alicuius
549 3943 652 3977 leian.
668 3945 696 3971 in
717 3946 734 3971 l.
751 3945 767 3971 1'1
785 3954 851 3971 vero
863 3942 887 3981 §.
903 3944 920 3970 si
936 3946 1112 3973 filiofamilias
1127 3948 1159 3974 D.
1174 3946 1280 3974 manda-

231 3979 251 3998 ¹¹
261 3992 268 4005 2
283 3973 324 3999 vel
338 3982 435 4014 ⁰9¹¹fl‘a-
506 3978 563 4005 Cic.
577 3979 652 4005 Verr.
668 3988 691 4012 ς,
706 3983 737 4011 36
765 3980 836 4007 Mihi
848 3982 979 4008 sacrarum
992 3983 1101 4010 aedium
1114 3984 1280 4017 procuratio-

229 4016 307 4042 nem,
327 4008 396 4036 nulu
414 4018 497 4040 totam
515 4013 610 4042 vrbem
630 4015 754 4043 tuendam
774 4018 825 4044 effe
844 4016 1016 4045 commistam.
1108 4018 1183 4047 Idem
1197 4019 1332 4049 Acad,105

1284 1689 1322 1714 40

1293 1862 1326 1888 45

1294 3486 1331 3511 90

1298 1219 1302 1223 .
1340 1207 1401 1226 rum
1414 1198 1483 1231 eit-s,
1504 1197 1553 1233 qui
1567 1198 1596 1224 in
1609 1198 1685 1224 Italia
1698 1207 1753 1225 non
1768 1198 1808 1231 fit,
1821 1197 1922 1238 abiitue
1936 1198 2004 1233 reip.
2019 1199 2104 1232 causa,
2113 1198 2185 1234 quasi
2199 1191 2410 1240 quidamtpaffle
2423 1191 2450 1211 τ’

451 2205 557 2234 ΗῑναΙᾶ-
592 2206 630 2233 EX
662 2213 715 2241 (1¹¹³
738 2213 847 2231 manare
871 2212 901 2230 ¹¹¹
914 2201 1186 2243 UQSlPYOCUPidiflem
1207 2210 1281 2229 ³³¹0·
1300 2221 1329 2249 55
1345 2209 1419 2237 diss'e.
1456 2208 1538 2244 Qiod
1557 2208 1578 2236 fi
1598 2209 1654 2236 vim
1675 2209 1809 2235 Praetoris
1829 2209 1989 2242 vsurpaffet,
2007 2209 2188 2245 manibusque
2210 2211 2331 2239 militum
2351 2208 2439 2246 νίὶίᾱὶὲ
2467 2209 2487 2215 ”
2510 2210 2515 2219 “

2364 0 2478 97 ῑιι

2428 80 2478 118 4³⁴³

1710 154 1749 196 Ρ
1825 154 1864 196 R.
1949 155 1988 225 o
2302 165 2400 209 ηερ

1326 255 1347 280 ι,
1365 255 1388 274 ιι
1413 247 1485 274 Dum
1497 255 1540 274 me
1554 246 1683 279 ambitio,
1698 246 1763 274 dum
1783 247 1917 281 honores,
1933 247 1997 275 dum
2018 249 2125 283 causae,
2137 244 2202 278 dum
2218 247 2398 286 Reipublicae
2413 246 2420 258 ”
2436 274 2438 277 ,
2462 266 2463 271 =

1326 293 1383 310 non
1399 283 1485 309 solum
1499 293 1561 311 cura
1569 302 1581 316 ‚-
1596 284 1640 313 scd
1662 283 1792 320 quaedam
1812 285 1894 312 etiam
1907 286 2064 320 procuratio
2076 286 2170 313 inultis
2191 285 2288 313 officiis
2308 285 2398 321 impli-
2432 301 2433 305 =
2456 284 2467 294 '¹

1329 327 1419 346 catum
1432 324 1458 345 et
1473 320 1646 348 constrictum
1667 321 1789 352 tenebat,
1801 327 1850 347 etc.
1922 323 2057 357 Expiatio:
2086 322 2144 350 Cic.
2158 321 2192 349 de
2205 323 2299 350 Diuin.
2320 331 2341 355 1,
2356 331 2398 350 101
2427 319 2436 356 ’,.
2447 334 2474 354 ;.·

1329 366 1352 383 c.
1371 363 1404 389 43
1431 356 1521 390 Atque
1541 357 1622 384 etiam
1642 358 1769 393 scriptum
1787 366 1801 383 a
1822 356 1914 384 multis
1933 358 1986 390 est,
2006 366 2090 393 quum
2104 364 2192 386 terrae
2204 365 2294 386 motus
2313 358 2410 387 factum
2434 370 2447 395 χι
2473 384 2479 393 ,Α

1332 393 1409 424 esset,
1431 397 1460 418 vt
1481 392 1527 418 sue
1544 392 1623 426 plena
1638 394 1795 429 procuratio
1810 393 1895 420 fieret.
1968 393 2025 421 Cic.
2039 394 2072 421 de
2087 395 2181 430 Legib.
2195 403 2223 429 z,
2237 403 2271 428 34
2297 395 2354 421 Iam
2366 395 2410 422 de·
2438 417 2470 432 ,

1332 428 1484 462 aruspicum
1497 427 1648 462 religione,
1668 431 1700 457 de
1715 429 1916 466 expiationibus
1930 435 1957 457 et
1977 430 2216 465 procurationibus
2234 430 2296 458 satis
2309 431 2400 466 super·
2429 444 2431 446 ·
2469 448 2481 465 ..ς
2505 425 2507 436 ’

1333 473 1384 501 que
1399 465 1428 491 in
1445 464 1501 499 ipsa
1515 464 1574 498 lege
1586 464 1689 492 dietum
1701 473 1775 501 puto.
2419 465 2442 473 ⁴'

1369 506 1748 530 PROCVRATIVNCVL
1759 509 1780 530 A
1791 522 1800 536 ,
1820 511 1861 529 ac.
1887 501 1908 529 f.
1934 501 2040 531 Dimin.
2077 502 2137 531 Sen.
2151 502 2232 539 Epist.
2246 511 2273 536 31
2298 501 2400 531 Omnia
2442 507 2483 529 ι

1333 536 1446 579 tranfistj
1461 537 1712 572 procuratiunculae
1726 539 1823 573 pretio.
2465 541 2470 552 ’

1369 587 1385 606 1²
1394 588 1412 607 R
1422 583 1441 609 6
1450 587 1466 607 C
1477 588 1496 608 V
1506 587 1525 607 R
1536 587 1557 606 A
1569 585 1590 605 Τ
1601 586 1620 608 0
1629 586 1650 606 R
1665 598 1674 612 ,
1695 580 1761 608 oris.
1799 590 1836 608 m.
1883 581 2024 618 [ἐπίτροπος
2037 600 2045 619 ,
2071 581 2224 616 ἔπιμελητῆς
2237 602 2246 616 ,
2271 579 2402 616 diotrensis,
2434 575 2462 595 ”·
2475 571 2480 587 ”

1333 614 1459 651 κηδεμών]
1496 617 1558 643 Late
1568 622 1642 651 patet
1656 618 1698 642 vis
1709 615 1782 643 huius
1792 619 1919 651 Nominis,
1939 627 2011 653 quam
2024 619 2165 654 complexus
2178 617 2279 646 videtur
2292 618 2402 653 leiaus
2447 636 2460 649 ,t

1334 653 1351 679 l.
1365 662 1375 679 1
1389 664 1416 680 π.
1436 654 1475 680 De
1489 651 1713 680 Procuratoribus
1734 652 1823 686 (totus
1833 652 1876 680 iHe
1889 657 1979 681 titulus
1992 653 2163 690 inspiciendus
2175 657 2225 682 erit
2238 657 2320 681 omnia
2334 654 2404 692 βίη
2448 675 2454 683 .
2468 655 2472 692 “,

1334 690 1454 725 uolenti)
1470 690 1630 716 Procurator
1646 688 1699 721 cst,
1717 688 1766 723 qui
1786 688 1874 716 aliena
1889 691 2001 725 ,negotia
2013 690 2139 718 mandatu
2161 691 2267 718 domini
2289 689 2405 718 admini-
2460 710 2462 716 ,

1337 725 1416 752 strat:
1435 728 1495 761 quin
1510 728 1585 752 etiam
1599 723 1690 758 inlu-[Iu
1704 725 1723 751 s.
1737 724 1791 751 fine
1805 725 1941 759 mandatu,
1956 733 1985 754 vt
2000 727 2018 753 l.
2032 736 2061 761 33
2071 734 2116 764 pr.
2130 727 2191 754 eod.
2218 728 2293 754 Talis
2300 726 2420 754 videtur·
2460 720 2481 754 ’;

1337 762 1500 789 Procurator
1508 761 1686 789 Voluntarius
1701 761 1758 788 Cic.
1772 760 1856 788 Bruto
1872 769 1900 796 17
1915 760 1943 789 cs
1951 772 1970 797 4
1990 764 2046 799 Ego
2058 773 2072 790 a
2086 770 2125 795 te,
2137 763 2221 791 huius
2233 763 2405 796 voluntarius

1338 804 1508 833 procurator,
1521 801 1619 833 petam,
1637 797 1711 834 quod
1725 797 1790 832 ipse,
1803 795 1851 823 cui
1860 796 1955 832 debeS,
1967 804 1993 825 te
2006 800 2183 827 incommodo
2191 798 2407 827 exacturum'ne·
2425 793 2447 825 „³

1337 840 1389 870 gat.
1432 836 1508 861 Talis
1527 833 1630 861 videtur
1647 832 1728 870 fuzjlb
1749 834 1808 860 SeX.
1823 833 1959 869 Alphenus
1979 843 2138 869 procurator
2157 837 2185 864 P.
2199 835 2326 870 Quintilii
2346 835 2406 868 Cicf.
2466 832 2483 871 ἶ

1338 880 1388 906 pro
1404 871 1501 906 Quint.
1522 878 1558 906 27
1578 880 1601 897 c.
1614 872 1639 897 6.
1683 870 1743 897 Vid.
1765 870 1858 897 Cuiac.
1873 870 1945 897 Obfl'.
1965 878 2004 903 10,
2022 880 2063 904 ις.
2099 874 2180 909 Qmm
2192 874 2243 900 late
2257 879 2349 908 pateat
2359 872 2407 900 hoe
2423 870 2457 903 ζ’,

1338 916 1439 938 nomen,
1454 907 1567 934 declarat
1587 910 1662 933 etiam
1680 908 1751 933 locus
1764 907 1820 933 Cic.
1835 915 1886 941 pro
1899 907 2006 933 Caecin.
2021 915 2053 943 57
2067 917 2088 935 c.
2105 918 2155 941 ιο,
2175 909 2219 936 vbi
2235 909 2269 936 ad
2285 908 2362 936 verba
2373 909 2410 936 Ie-
2441 938 2443 943 *
2482 918 2483 925 ι

1339 947 1395 980 gis,
1423 950 1536 970 VNDE
1568 950 1624 970 TV
1653 950 1735 970 AVT
1762 949 1945 970 FAMILIA
1961 963 1970 976 ‚
1997 950 2080 970 AVT
2113 943 2408 974 PROCVRATOR
2434 968 2435 973 ,
2481 940 2484 951 ’

1341 986 1395 1006 TV
1406 986 1450 1007 VS
1464 1000 1472 1013 ,
1493 983 1532 1006 ita
1549 979 1679 1015 disputat,
1693 980 1825 1006 Homines
1846 978 1945 1013 ——fic
1961 979 2129 1016 loquuntur,
2145 996 2192 1001 ——
2209 987 2238 1009 vt
2250 982 2342 1009 seruos
2360 980 2411 1001 -——‘
2434 977 2439 1002 ι’
2472 982 2477 997 ³

1339 1016 1474 1051 appellent
1487 1024 1543 1043 vno
1555 1015 1676 1043 familiae
1694 1016 1821 1051 nomine-3
1843 1016 1875 1042 de
1887 1015 1982 1043 liberis
1997 1021 2087 1043 autern
2105 1017 2228 1052 quisquis
2242 1018 2294 1050 est,
2309 1024 2408 1053 procu-
2428 1027 2437 1044 ς

1339 1053 1437 1081 tatoris
1453 1053 1564 1082 nomine
1579 1052 1743 1088 appelletur:
1770 1061 1826 1079 non
1841 1061 1895 1087 quo
1910 1061 2002 1079 omnes
2016 1052 2066 1080 fint
2078 1058 2124 1080 aut
2135 1053 2302 1088 appellentur
2314 1057 2419 1088 procui
2435 1071 2439 1082 t

1340 1095 1458 1120 ratores,
1473 1089 1521 1123 qui
1541 1089 1645 1124 negotii
1663 1089 1749 1116 nostri
1767 1088 1874 1124 aliquid
1896 1096 2003 1124 gerant:
2036 1089 2080 1116 secl
2091 1090 2150 1109 '—
2170 1089 2255 1117 verba
2272 1088 2415 1122 subtiliter·
2430 1098 2436 1106 ¹*

1340 1126 1450 1161 exquiri
1469 1125 1561 1152 onmia
1581 1126 1729 1153 noluerunt
1749 1137 1809 1152 -ς
1837 1134 1893 1151 non
1910 1125 1963 1152 alia
1984 1126 2055 1152 ratio
2075 1125 2159 1159 iuris,
2173 1133 2265 1153 vtrum
2284 1134 2329 1152 me
2348 1128 2410 1153 tuus
2435 1139 2442 1147 a

1341 1167 1501 1198 procurator
1516 1161 1644 1188 deiecerit
1663 1162 1701 1195 is,
1724 1162 1772 1197 qui
1788 1162 1908 1197 legitime
1922 1168 2084 1197 procurator
2097 1161 2214 1195 dicitur,
2228 1162 2353 1189 omnium
2367 1170 2412 1189 re·
2448 1161 2455 1186 Ῑ

1342 1235 1485 1267 dominus,
1500 1232 1552 1261 hoc'
1572 1234 1608 1261 est
1622 1234 1705 1261 alieni
1723 1235 1792 1262 iuris
1805 1235 1938 1262 vicarius:
1962 1244 1995 1261 an
2009 1240 2070 1261 tuus
2087 1235 2213 1267 colonus,
2227 1241 2273 1262 aut
2292 1235 2410 1268 Vicinus,
2428 1239 2432 1267 J
2512 1259 2513 1263 ,

1341 1278 1387 1298 aut
1408 1271 1503 1303 cliens,
1523 1276 1569 1297 aut
1587 1270 1716 1303 libertus,
1736 1277 1782 1298 aut
1803 1271 1911 1306 quiuis,
1927 1271 1975 1306 qui
1994 1271 2070 1298 illam
2091 1271 2149 1298 vim
2168 1271 2411 1308 Deiefilionemque

1342 1314 1391 1335 tuo
1410 1313 1521 1342 rogatu,
1535 1313 1580 1334 aut
1598 1313 1646 1334 tuo
1665 1306 1777 1334 nomine
1795 1307 1900 1335 fecerit.
1940 1309 2029 1344 Itaque
2043 1307 2221 1343 priuatorum,
2235 1308 2412 1343 mulierumque
2435 1335 2437 1337 ,
2457 1306 2485 1336 '1³

1341 1344 1401 1371 adeo
1415 1348 1490 1370 etiam
1504 1344 1695 1371 Procuratores
1706 1343 1785 1380 fimt:
1821 1343 1942 1371 Martial.
1959 1351 1981 1378 ς,
1996 1346 2031 1371 62
2054 1344 2158 1372 onris
2167 1353 2210 1371 res
2226 1344 2296 1380 agit,
2309 1343 2414 1380 inquis,
2438 1341 2443 1355 ²
2461 1342 2476 1376 ξ’

1341 1380 1392 1407 Iste
1409 1389 1493 1407 meae.
1541 1380 1608 1409 Sane
1629 1387 1716 1407 certus
1735 1386 1761 1407 et
1778 1380 1854 1415 asper
1868 1379 1953 1407 horno
1971 1380 2024 1414 est,
2037 1380 2244 1408 Procuratorem
2266 1379 2344 1408 vultu
2362 1380 2413 1416 qui
2442 1377 2482 1415 '3⁸'

1342 1416 1475 1452 praeferat
1493 1416 1560 1451 ipso,
1574 1424 1621 1443 etc.
1659 1418 1754 1453 Nempe
1774 1416 1816 1444 bic
1830 1422 1991 1452 procurator
2013 1427 2043 1444 ex
2062 1426 2088 1444 eo
2102 1426 2204 1454 genere,
2218 1416 2248 1444 de
2267 1426 2314 1453 quo
2328 1415 2412 1448 ouidg

1342 1454 1398 1480 Art.
1417 1462 1436 1485 1,
1452 1458 1498 1487 387
1525 1453 1593 1479 Inde
1606 1454 1767 1480 Procurator
1788 1453 1905 1480 nimium
1919 1462 2031 1488 quoque
2045 1453 2130 1481 multa
2149 1459 2291 1489 procurat,
2316 1453 2350 1480 Et
2360 1452 2413 1480 fibi
2484 1486 2485 1490 Ἰ

1342 1490 1472 1523 mandatis
1499 1489 1576 1524 plura
1598 1489 1714 1516 videnda
1738 1495 1823 1524 putat.
1898 1490 1956 1516 Cic.
1977 1491 2031 1517 Att.
2053 1499 2088 1523 4,
2108 1498 2134 1524 13
2160 1489 2234 1518 Mihi
2257 1489 2413 1522 meherculev

1343 1526 1414 1554 nihil
1426 1525 1570 1554 videbatur
1585 1526 1650 1559 csse,
1670 1526 1700 1553 in
1719 1535 1775 1560 quo
1793 1525 1928 1554 tantulum
1947 1527 2096 1560 interesset,
2110 1532 2202 1555 vtrum
2220 1535 2268 1561 per
2284 1524 2414 1562 procura·
2426 1523 2485 1563 ,ff

1342 1569 1416 1590 tores
1430 1571 1537 1598 ageres,
1552 1571 1584 1589 an
1598 1570 1646 1596 per
1659 1568 1685 1589 te
1698 1562 1794 1597 ipsum.
1852 1561 1971 1598 Lepidus
1984 1563 2017 1590 ad
2032 1562 2088 1590 Cic.
2102 1563 2176 1590 Fam.
2193 1570 2233 1594 ιο,
2246 1572 2278 1596 30
2302 1563 2326 1589 A
2344 1562 2440 1590 mein?
2453 1567 2486 1596 12¹*

1341 1598 1564 1634 procuratoribus
1584 1599 1686 1626 certior
1711 1600 1769 1625 sum
1787 1597 1883 1626 factus.
1952 1598 2136 1635 Diuerlzff'mae
2155 1601 2239 1635 igitur
2258 1598 2414 1626 conditionis
2428 1608 2460 1626 s!

1339 1637 1451 1663 homines
1469 1635 1514 1662 hoc
1531 1638 1629 1662 nomine
1642 1634 1900 1670 comprehenduntur.-
1939 1637 2000 1662 Non
2019 1642 2121 1662 tantum
2140 1636 2173 1670 <st
2188 1635 2317 1670 Pothinus
2333 1635 2438 1671 regnis·
2485 1658 2487 1666 A

1341 1674 1462 1709 Aegypti
1481 1677 1643 1706 procurator
1660 1671 1735 1698 Caes.
1749 1671 1778 1698 B.
1794 1671 1825 1698 C.
1846 1680 1859 1704 3
1877 1678 1946 1698 extr.
1989 1672 2038 1699 Sed
2057 1675 2133 1699 etiam
2153 1671 2244 1699 Villae
2266 1672 2376 1699 Colum.
2390 1678 2429 1705 1‚‘
2448 1672 2487 1709 'UT

1342 1711 1367 1739 6,
1387 1717 1419 1743 73
1462 1709 1538 1735 Talis
1559 1705 1608 1741 est,
1623 1708 1652 1734 de
1672 1717 1718 1743 quo
1737 1707 1795 1735 Cic.
1810 1707 1843 1734 de
1862 1708 1938 1735 Orat.
1949 1716 1978 1741 .ι,
1991 1716 2047 1742 249
2066 1716 2088 1734 c.
2102 1713 2130 1742 58
2161 1708 2291 1735 Mandarc
2306 1708 2343 1735 ali
2364 1707 2415 1736 uid

1341 1744 1514 1779 procuratori
1528 1744 1559 1770 de
1574 1744 1754 1778 agricultura,
1773 1746 1834 1780 quin
1848 1747 1965 1781 partium
1978 1745 2062 1776 uillae,
2074 1751 2105 1771 ot
2118 1745 2207 1780 Apum
2216 1764 2225 1778 ,
2239 1744 2353 1771 Colume
2366 1765 2374 1772 .
2384 1741 2440 1780 9,',
2454 1744 2456 1747 “

1341 1788 1369 1812 9,
1383 1788 1392 1805 1
1406 1787 1430 1805 et
1444 1788 1469 1805 2.
1506 1779 1631 1812 Auiarii,
1645 1781 1721 1807 Varr.
1743 1788 1765 1813 3,
1785 1782 1812 1812 6,
1831 1788 1854 1813 3.
2033 1778 2055 1818 fl
2083 1789 2096 1807 2
2134 1781 2224 1808 Nobili
2245 1790 2319 1808 imum
2336 1786 2434 1824 genus*
2494 1780 2495 1788 ¹

1335 1815 1400 1850 sunt
1414 1815 1605 1841 Procuratores
1619 1816 1761 1842 Caesarum
1770 1835 1779 1847 ,
1794 1814 1952 1851 diuerfiffimi
1963 1815 2011 1851 ipfi
2030 1824 2123 1852 quoque
2140 1820 2251 1854 generis.
2295 1817 2415 1849 (imdam,

1342 1853 1370 1876 in
1385 1850 1524 1876 minoribus
1537 1849 1690 1886 praesertim
1704 1853 1866 1885 prouinciis,
1880 1860 1942 1886 quae
1958 1852 2098 1887 Praesident
2117 1856 2197 1880 alium
2215 1863 2264 1879 mm
2285 1844 2416 1888 bTbcrmt‘,

1342 1895 1398 1912 cum
1418 1887 1522 1921 imperio
1543 1893 1631 1912 erant:
1682 1885 1741 1912 Vid.
1762 1885 1832 1922 Lipfi
1853 1887 1889 1912 ad
1904 1887 2000 1913 Tacit.
2020 1889 2088 1914 Ann.
2110 1896 2150 1920 12,
2169 1891 2205 1915 60
2217 1889 2243 1923 s.
2261 1890 2365 1925 Excurjl
2381 1889 2415 1916 Β.

1341 1931 1412 1957 quem
1426 1925 1501 1948 etiam
1515 1921 1662 1957 adscribunt
1676 1922 1708 1948 ad
1723 1922 1831 1949 Sueton.
1844 1922 1939 1949 Claud.
1953 1931 1987 1949 12.
2023 1923 2094 1950 Add.
2113 1924 2218 1960 Salmas.
2235 1923 2268 1949 tid
2281 1924 2413 1958 SpartIan.
2427 1948 2429 1953 .

1343 1957 1428 1984 Hadr.
1447 1967 1469 1984 c.
1483 1966 1508 1990 13
1530 1957 1669 1991 Bynkersh.
1692 1956 1759 1991 Obffi
1773 1959 1827 1985 Iur.
1841 1959 1913 1985 Rom.
1928 1968 1953 1990 2,
1968 1967 2003 1985 21.
2043 1960 2119 1987 Talis
2130 1959 2193 1996 fuit
2213 1960 2325 1986 Pontius
2346 1960 2418 1988 Pila,
2448 1979 2450 1981 -
2467 1980 2469 1983 ,

1343 2000 1395 2025 tus,
1404 1993 1432 2019 de
1444 2003 1490 2028 quo
1503 1993 1596 2019 Tacit.
1606 1994 1674 2020 Ann.
1694 2002 1729 2026 ις,
1742 2002 1781 2027 44
1807 1994 1910 2020 Αιιᾶὶοι-
1924 1994 2044 2020 nominis
2066 1994 2123 2020 eius
2136 1994 2275 2030 ChristuS,
2288 1993 2417 2029 Tiberin*

1342 2029 1493 2063 imperante
1512 2037 1559 2062 per
1578 2035 1783 2062 procuratorem
1803 2029 1929 2055 Pontium
1943 2029 2057 2054 Pilatum
2072 2028 2206 2063 supplicio
2225 2028 2333 2057 affe6tus
2347 2029 2422 2061 trah

1346 2066 1423 2091 Tales
1444 2064 1566 2097 dicuntur
1583 2064 1772 2090 Procuratores
1791 2071 1852 2088 cum
1871 2063 1932 2090 iure
1949 2063 2041 2098 gladii.
2084 2064 2142 2099 Vid.
2160 2065 2259 2102 Reinesl
2278 2066 2314 2092 ad
2330 2066 2411 2098 Inscr.

1343 2108 1364 2133 1,
1379 2109 1416 2134 ¹4·
1455 2100 1580 2136 Quium,
1595 2108 1670 2135 quam
1691 2108 1741 2125 non
1758 2098 1878 2126 haberent
1894 2098 2039 2135 ponstatem
2052 2099 2106 2135 fibi
2117 2101 2284 2139 arrogabant.
2318 2102 2412 2136 Tacit.
2429 2129 2436 2136 ,

1342 2137 1413 2164 Ann.
1427 2145 1456 2170 4,
1472 2144 1498 2170 ις
1514 2146 1568 2163 cum
1587 2135 1748 2172 accusaretur
1761 2136 1923 2163 Procurator
1941 2136 2033 2170 Aliae,
2047 2137 2168 2165 Lucilius
2190 2138 2303 2174 Capito,
2316 2136 2436 2176 adfiioe‘w'
2451 2133 2453 2140 ’
2468 2163 2472 2173 ,,

1342 2180 1387 2201 rat
1406 2174 1542 2205 Tiberius,
1565 2172 1634 2199 Non
1655 2172 1681 2198 se
1701 2172 1758 2204 ius,
1770 2171 1821 2199 nisi
1840 2172 1869 2199 in
1887 2173 1998 2200 seruitia
2016 2179 2043 2200 et
2062 2174 2187 2208 pecunias
2205 2174 2354 2203 familiares
2368 2173 2428 2211 de),
2466 2188 2471 2196 ⁴

1344 2246 1434 2277 foret;
1455 2247 1540 2281 spreta
1562 2245 1592 2273 in
1609 2254 1643 2272 eo
1656 2244 1780 2271 mandata
1794 2245 1852 2276 sua,
1866 2244 1991 2272 audirent
2005 2246 2100 2272 socios.
2139 2248 2224 2274 Huius
2237 2250 2338 2285 generis
2349 2245 2437 2279 Ρῐόὲῑζῖ
2465 2272 2471 2278 .
2503 2255 2517 2264 ’“

1344 2289 1481 2309 curatores
1489 2282 1568 2320 sunt,
1587 2280 1617 2308 de
1632 2290 1735 2318 quorum
1747 2281 1885 2307 vermibus
1898 2281 1939 2307 vel
1950 2281 2085 2310 concordia
2097 2291 2152 2308 cum
2165 2284 2270 2320 Legatis
2281 2286 2351 2322 Aug.
2364 2280 2433 2322 [δῖ’

1343 2317 1502 2352 Praestdibus
1515 2320 1724 2350 Prouinciarum,
1741 2315 1797 2343 vid.
1816 2317 1886 2344 Tac.
1903 2317 1972 2343 Ann.
1989 2325 2029 2351 14,
2041 2324 2070 2351 38
2085 2319 2123 2353 sq.
2143 2326 2167 2345 et
2186 2321 2276 2354 Agric.
2289 2329 2316 2354 9.
2371 2318 2427 2354 Εἰ,

1341 2356 1386 2383 his
1399 2355 1503 2382 Guther.
1519 2354 1548 2381 de
1562 2353 1619 2388 Off.
1631 2355 1706 2381 Dom.
1717 2354 1786 2391 Aug.
1802 2361 1824 2386 3,
1838 2361 1865 2386 33
1879 2353 1936 2388 sqq.
2146 2364 2157 2387 3
2195 2358 2256 2382 Non
2272 2357 2360 2384 melius
2372 2351 2425 2385 in‘ss'

1341 2392 1487 2428 telligentur
1506 2390 1606 2426 diuersa
1623 2390 1669 2416 illa
1688 2390 1897 2424 Procuratorum
1918 2398 2024 2426 genera,
2036 2389 2147 2425 quamsi
2165 2390 2311 2430 Catalogurn
2328 2398 2412 2423 eorum

1342 2435 1472 2460 texamus,
1493 2427 1521 2453 de
1541 2436 1587 2463 quo
1608 2425 1690 2453 eadem
1704 2425 1746 2452 hic
1760 2428 1857 2452 monita
1874 2427 2003 2456 volumus,
2026 2434 2087 2461 quae
2097 2427 2182 2462 fhpra
2203 2428 2233 2454 de
2253 2430 2395 2465 Praepositi

1342 2463 1493 2501 diffusum.
1529 2462 1682 2490 Addendum
1698 2469 1723 2488 et
1738 2462 1800 2488 hoc:
1823 2463 1990 2489 orum-ianas
2003 2461 2103 2488 Indices
2116 2466 2160 2499 qui
2172 2464 2289 2499 conferre
2302 2467 2400 2493 volueri
2415 2493 2418 2495 .

1342 2501 1498 2531 meminerit,
1518 2505 1542 2526 et
1555 2509 1579 2524 n.
1599 2499 1625 2525 17
1635 2505 1658 2524 et
1673 2508 1699 2524 n.
1719 2499 1776 2525 VII
1791 2498 1980 2525 Procuratores
1992 2497 2124 2534 recenseri.
2159 2499 2338 2527 Memorantus·
2357 2504 2411 2538 igi.

1344 2535 1564 2571 'tur,stmp1icite›·
1579 2535 1767 2562 Procuratores
1782 2534 1912 2569 Augusti,
1924 2544 1950 2561 v.
1963 2543 1989 2570 g.
2005 2534 2110 2561 Reines.
2122 2534 2200 2561 Inser.
2216 2537 2246 2568 6,
2257 2543 2291 2567 30
2308 2542 2338 2564 et.
2347 2539 2409 2572 plu.

1342 2582 1381 2600 res
1400 2572 1468 2608 apud
1485 2572 1629 2599 Gruterum.
1665 2570 1700 2598 ab
1714 2570 1874 2604 Alimends,
1895 2571 1971 2598 etad
1992 2570 2144 2603 Alimenta,
2163 2570 2236 2599 Grut.
2282 2572 2407 2607 Alpium,

1343 2609 1435 2636 Tacit.
1449 2608 1518 2635 Hist.
1541 2616 1564 2641 3,
1585 2616 1631 2641 42.
1678 2621 1725 2627 —-
1746 2607 1952 2639 Cottianarum,
1971 2607 2046 2633 Grut.
2098 2615 2146 2641 per
2168 2606 2314 2641 Baeticam,
2328 2608 2405 2635 Idem.

1342 2645 1452 2678 Balnei,
1468 2644 1508 2672 Id.
1567 2643 1749 2678 Bapffiormn,
1767 2643 1834 2670 Not.
1857 2643 1918 2677 Dig.
1939 2644 2007 2676 Imp.
2062 2641 2095 2668 ad
2115 2643 2188 2669 Bona
2211 2642 2409 2678 damnatorum,

1343 2683 1421 2709 Grut.
1478 2680 1555 2713 Bybl.
1578 2681 1596 2706 s.
1610 2679 1811 2711 Bibliothecae,
1827 2678 1868 2706 ld.
1920 2686 1935 2704 a
1948 2677 2077 2704 Censibus
2097 2678 2277 2713 accipiendis,
2291 2679 2332 2707 Id.
2375 2679 2408 2708 O.

1340 2720 1360 2744 i.
1381 2717 1548 2745 Centefimae
1563 2715 1761 2747 hereditatum,
1782 2713 1881 2741 summi
1900 2713 2030 2749 Choragii
2049 2715 2134 2750 (Aug.
2154 2715 2234 2748 Lib.)
2248 2715 2291 2750 ld.
2339 2715 2410 2748 Droj.
2454 2741 2469 2753 Δ,

1344 2755 1383 2781 mi
1397 2754 1527 2781 factionis
1541 2754 1676 2782 Venetae,
1696 2751 1750 2776 Ver.
1766 2750 1848 2786 Inscr.
1862 2749 1931 2786 apud
1948 2752 2028 2777 Turn.
2042 2761 2077 2784 11,
2091 2761 2132 2785 11,
2152 2755 2196 2788 qui
2214 2755 2410 2788 interpretatur,

1344 2789 1539 2824 Hippodromi.
1578 2786 1757 2818 Ducenarius,
1776 2786 2015 2814 Sueton.Cland.c.
2026 2795 2069 2820 24.
2106 2787 2213 2815 Salmas.
2222 2787 2254 2815 ad
2262 2788 2408 2824 Capitolin.
2460 2800 2461 2804 ¹

1345 2827 1444 2852 Pertin.
1458 2834 1482 2851 2.
1529 2823 1563 2849 ab
1575 2822 1769 2857 Ephemcride,
1784 2823 1858 2850 Grut.
1901 2822 1934 2850 ab
1949 2823 2074 2858 Epistolis
2081 2843 2090 2857 ‚
2104 2824 2144 2852 Id.
2191 2824 2352 2857 Fabrorum,
2365 2825 2426 2855 Itis:

1345 2861 1476 2887 Familiae
1495 2859 1689 2894 gladiatorum,
1707 2858 1747 2886 ld.
1815 2859 1883 2886 Fisci
1902 2859 2026 2893 Asiatici,
2044 2859 2083 2887 Id.
2150 2860 2274 2894 Formis,
2300 2858 2412 2896 Fundis,
2445 2860 2474 2892 «Γᾶ,
2500 2891 2501 2894 ¹

1345 2898 1470 2929 Caietae,
1486 2896 1524 2922 ld.
1586 2895 1787 2928 Gynaeciorum
1801 2895 1857 2930 (fic
1868 2897 1915 2932 leg.
1929 2906 1977 2922 non
1991 2897 2175 2931 Cynegiorum
2190 2897 2419 2937 moneessabbeuqy
2458 2898 2459 2904 ¹
2500 2900 2501 2916 ³

1347 2933 1413 2960 Not.
1435 2934 1497 2967 Dig.
1513 2933 1579 2966 Imp.
1651 2933 1801 2959 Hortorum
1835 2932 2006 2959 Maianorum
2041 2938 2067 2960 et
2100 2934 2310 2970 Lamianorum,
2336 2935 2411 2962 Grut.

1346 2969 1500 2996 Kalendarii
1514 2967 1640 2995 Tribuni
1661 2968 1745 3002 plebis
1758 2974 1784 2995 et
1798 2969 1955 3003 Qxaestoris
1970 2969 2062 3002 vrbis,
2076 2970 2143 3006 apud
2156 2970 2270 2997 Gorium
2284 2971 2410 2999 Monum.
2432 2993 2437 3002 .

1347 3006 1409 3032 Liu.
1426 3015 1450 3040 p.
1466 3007 1509 3038 163
1524 3005 1561 3039 sq.
1586 3007 1628 3040 qui
1647 3005 1734 3031 laudat
1749 3007 1837 3041 Not-isi
1849 3004 1885 3032 ad
1899 3005 1983 3032 Ccnot.
1999 3006 2085 3042 chszm.
2106 3017 2125 3039 1,
2140 3015 2165 3038 3.
2222 3007 2358 3034 Laurento
2377 3003 2411 3035 ad

1347 3042 1506 3077 Elephantos
1522 3043 1595 3068 Grut.
1653 3040 1844 3068 Liniticiorum
1859 3042 1925 3068 Not.
1940 3041 2000 3075 Dic.
2016 3043 2083 3076 Imp.
2139 3042 2208 3069 Ludi
2224 3044 2242 3070 s.
2259 3043 2410 3078 Ludorum,
2499 3058 2501 3062 Α

1348 3079 1440 3106 Tacit.
1457 3079 1523 3105 Anu.
1538 3085 1570 3108 ιι,
1585 3084 1622 3110 35.
1657 3093 1703 3098 —
1723 3078 1867 3111 matutini,
1889 3079 1993 3105 Rcines.
2011 3088 2028 3111 v,
2046 3086 2099 3114 157.
2156 3079 2409 3113 aMandatis‚Grut.
2446 3090 2448 3094 ’
2483 3084 2487 3098 -’
2507 3092 2510 3098 ·

1348 3114 1498 3147 Mausolei,
1521 3113 1559 3141 [d.
1624 3113 1723 3141 Metall.
1739 3114 1832 3141 Alboc.
1854 3114 1894 3148 (i.
1909 3114 2060 3141 Albocenfis
2079 3125 2107 3157 εἵη
2122 3115 2247 3152 Hispania
2267 3117 2410 3144 Tarracon.
2436 3135 2443 3150 .=
2515 3123 2517 3138 ³

1347 3152 1478 3188 Sparzhem.
1491 3150 1522 3177 de
1539 3149 1588 3186 Vsu
1596 3156 1619 3176 et
1633 3150 1728 3184 Praest.
1743 3161 1809 3177 num.
1821 3150 1878 3186 DJJI
1892 3161 1918 3184 13
1929 3158 1957 3187 p.
1972 3152 2037 3187 631)
2054 3152 2127 3178 Grut.
2147 3152 2338 3188 .Miniciae,s.
2357 3151 2411 3180 M'i-
2434 3182 2441 3189 ¹
2478 3153 2480 3155 ’
2512 3178 2517 3187 ,

1345 3189 1459 3221 nuciae,
1480 3187 1569 3224 ”fd-s·
1583 3188 1601 3213 Ι.
1656 3187 1813 3224 Monetacs.
1830 3188 2019 3221 Monetarum,
2041 3187 2077 3215 N.
2093 3186 2156 3214 DJ.
2197 3188 2410 3216 Ammian.Mar-
2441 3195 2444 3201 ¹
2478 3209 2495 3223 ·.
2511 3205 2517 3214 ι,

1345 3224 1403 3252 cell.
1422 3230 1505 3258 28,1.
1543 3221 1612 3259 conf.
1636 3224 1731 3260 Reines.
1751 3224 1785 3251 ad
1804 3226 1831 3257 6,
1852 3232 1902 3256 123.
1975 3224 2096 3257 Operum
2114 3223 2302 3258 publicorum,
2334 3225 2410 3253 Gru!-
2440 3234 2442 3236 ’
2475 3221 2484 3236 “’

1346 3262 1593 3292 ornamentorum,
1609 3258 1648 3287 Id.
1721 3269 1736 3287 a
1750 3261 1935 3293 Patrimonio,
1949 3266 1973 3286 et
1991 3259 2169 3293 Patrimonii,
2184 3261 2258 3288 Grut.

1346 3299 1407 3326 niae
1423 3298 1488 3333 Reg.
1502 3296 1568 3324 Vrb.
1581 3294 1620 3323 Id.
1676 3304 1689 3322 a
1709 3296 1907 3329 Pinacoffiecis,
1924 3296 2035 3322 Fahretr.
2057 3295 2137 3332 Insa.
2147 3302 2176 3332 p.
2191 3305 2251 3332 724.

1349 3336 1425 3362 Grut.
1487 3332 1520 3361 ad
1540 3331 1648 3360 Praedia
1666 3333 1818 3364 Gallicana,
1833 3332 1873 3361 ld.
1933 3331 2179 3366 Pracgtistatorun1‚
2195 3333 2233 3360 Id·
2296 3334 2412 3361 Prouin-

1346 3373 1403 3398 ciae
1425 3369 1595 3404 Britanniae,
1611 3369 1708 3405 Reimy.
1729 3372 1754 3401 6,
1770 3374 1818 3400 128.
1886 3368 2092 3395 Prouinciarum
2105 3367 2191 3404 Lugd.
2209 3369 2304 3406 Reimjfi
2325 3378 2351 3403 9,
2365 3371 2411 3398 60,

1352 3409 1429 3435 Tales
1442 3408 1569 3444 plurimos
1582 3404 1675 3432 dabunt
1690 3407 1841 3433 Gruteriani
1862 3404 1978 3437 Indices,
1992 3412 2016 3431 ct
2034 3406 2130 3440 Taciti.
2198 3406 2359 3433 Procurator
2383 3411 2412 3434 et

1349 3445 1452 3471 Praeses
1471 3442 1628 3470 Prouinciae
1644 3442 1796 3474 Sardiniae,
1812 3441 1885 3467 Grut.
1902 3450 1926 3476 p.
1939 3446 2003 3477 487,
2016 3450 2042 3475 9.
2113 3449 2127 3468 a
2142 3441 2319 3475 Rationibus,
2334 3442 2410 3470 Grut.

1353 3482 1428 3508 Talis
1442 3477 1475 3513 esi
1491 3480 1596 3506 Petron.
1610 3487 1630 3504 c.
1643 3486 1675 3509 30
1701 3478 1862 3505 Procurator
1880 3478 1998 3505 rationes
2018 3477 2166 3513 accipiebat
2180 3477 2209 3504 in
2229 3479 2314 3512 prima
2335 3482 2411 3513 parte

1346 3516 1470 3543 triclinii.
1499 3514 1558 3542 Viti.
1580 3514 1679 3549 Gonfizl.
1725 3527 1771 3533 —
1793 3514 1987 3548 Aurariarum,
2001 3515 2076 3541 Grut.
2121 3528 2167 3534 —
2192 3515 2409 3549 Prouinciarum,
2444 3524 2450 3538 ,ι
2464 3528 2472 3538 0
2487 3517 2494 3525 ⁶

1346 3555 1387 3580 Id.
1444 3551 1572 3587 Regionis
1592 3549 1748 3582 Calabriae,
1763 3549 1877 3581 Norici,
1891 3551 1966 3577 Grut.
2019 3559 2034 3577 a
2054 3549 2223 3584 Regionibus
2243 3550 2336 3584 vrbis,
2353 3549 2425 3578 vid:
2445 3551 2472 3579 ζ,

1349 3591 1409 3616 Gor.
1425 3588 1459 3616 ad
1471 3590 1582 3616 Monam.
1599 3588 1685 3614 Liuiae
1701 3593 1730 3621 p.
1742 3593 1784 3621 84.
1860 3587 1911 3614 Rei
1932 3587 2068 3622 priuatae,
2083 3586 2120 3613 N.
2135 3587 2167 3613 D.
2183 3587 2204 3614 1.
2276 3586 2408 3619 Sastuum,
2440 3593 2467 3620 Λή.

1348 3626 1384 3652 Ν.
1399 3626 1430 3653 D.
1448 3625 1468 3651 1.
1525 3623 1558 3651 ab
1573 3624 1667 3651 Scaena
1681 3620 1762 3649 theat.
1784 3622 1850 3658 Imp.
1872 3624 1974 3650 Domit.
1996 3624 2070 3649 Grut.
2133 3622 2314 3655 Tibicinum,
2330 3621 2407 3657 Idem,
2455 3619 2457 3623 ⁴

1347 3661 1467 3688 Tractus
1485 3659 1659 3696 Campaniae,
1674 3658 1903 3694 Carthaginenfis,
1918 3659 1958 3686 Id.
2021 3658 2254 3693 Vefflgaliorum,
2273 3664 2296 3685 et
2316 3658 2406 3685 Vecti-

1347 3697 1465 3731 galium,
1482 3698 1558 3724 Grut.
1613 3695 1679 3722 viae
1699 3695 1754 3721 Ost.
1769 3695 1934 3728 (Ostiensis)
1954 3702 1980 3723 et
1993 3696 2085 3729 Camp.
2102 3694 2142 3721 Id.
2198 3695 2258 3726 XX,
2273 3697 2290 3721 ι’.
2307 3694 2406 3722 Vicesi-

1346 3741 1404 3759 mae
1424 3731 1514 3760 hered.
1537 3734 1611 3760 Grut.
1665 3745 1710 3751 ——
1736 3730 1882 3765 Vmbriae,
1898 3731 1938 3758 Id.
2010 3730 2145 3758 Villarum
2178 3730 2407 3762 Tusculanarum,
2426 3736 2429 3737 ’
2458 3740 2474 3766 ,·
2490 3733 2497 3742 ¹

1344 3769 1418 3796 Grut.
1991 3773 1998 3776 .
2402 3770 2405 3771 ⁷

1382 3807 1700 3835 PROCVRATR1x‚
1725 3804 1783 3831 teis.
1811 3803 1831 3832 f.

2331 3261 2412 3288 Pecu·
2440 3270 2451 3288 ·.

2307 3297 2412 3330 Portus,
2442 3326 2445 3331 ,

1870 3803 1927 3832 Cic.
1946 3803 1978 3830 de
1996 3802 2056 3831 Fin.
2075 3810 2103 3836 4,
2119 3809 2149 3837 17
2170 3811 2192 3829 c.
2212 3811 2225 3835 7
2253 3801 2303 3828 Sed
2319 3800 2405 3838 quum'.

1062 3840 1119 3866 Cic.
1139 3848 1189 3874 pro
1203 3839 1502 3875 Rosc.1oosapientiam
1527 3840 1611 3867 totius
1636 3838 1754 3867 hominis
1777 3839 1914 3867 custodem
1936 3847 1962 3866 et
1988 3839 2198 3875 procuratricem
2222 3839 2272 3865 else
2293 3836 2405 3871 vellent,

1344 3885 1412 3912 quae
1427 3877 1488 3904 ess'et
1507 3880 1616 3903 naturae
1629 3883 1735 3909 comes,
1749 3883 1796 3903 etc.
2222 3909 2225 3910 .

1380 3919 1395 3938 ι’
1405 3919 1423 3939 R
1434 3920 1453 3940 o
1464 3919 1481 3939 c
1493 3920 1513 3939 v
1523 3920 1542 3940 R
1554 3918 1577 3940 Α
1588 3917 1714 3939 TOR1v
1724 3920 1753 3945 s,
1773 3920 1801 3945 a,
1819 3920 1876 3938 um.
1901 3911 1964 3939 Adi.
2000 3911 2108 3946 leian.
2122 3908 2180 3936 inl.
2200 3909 2217 3936 fi
2239 3910 2299 3945 quis
2319 3916 2403 3944 quum

1344 3949 1534 3982 procuratorio
1546 3948 1657 3974 nomine
1672 3947 1862 3975 condemnatus
1882 3943 1958 3981 esset,
1979 3947 2056 3974 heres
2067 3945 2198 3972 exstiterit
2212 3946 2325 3973 domino
2338 3944 2404 3976 litis,

1344 3991 1390 4010 etc.
1411 3984 1442 4011 D.
1464 3984 1497 4011 de
1512 3983 1732 4020 procuratoribus
1747 3985 1828 4011 Caius
1843 3985 1871 4010 in
1884 3984 1901 4011 l.
1920 3983 1938 4011 si
1952 3984 2013 4018 quis
2033 3983 2062 4009 in
2081 3989 2139 4008 rem
2159 3982 2230 4008 suam
2248 3985 2403 4015 procurato-

1342 4020 1386 4048 rio
1399 4020 1510 4048 nomine
1529 4026 1591 4056 agat
1603 4018 1662 4048 eod.
1678 4020 1721 4047 tit.
1757 4019 1828 4050 Λεία.
1842 4019 1862 4047 l.
1874 4027 1887 4052 3
1902 4019 1935 4048 D.
1950 4018 2034 4048 famil.
2050 4016 2121 4068 herc.
2144 4025 2168 4045 ee
2180 4017 2197 4044 l.
2212 4025 2230 4053 7
2243 4013 2407 4079 alstigni?
