2517 4231
66 189 156 229 ¹04¹
355 174 755 238 ,PRAE

66 269 94 299 6.
107 275 130 300 3.
241 264 321 293 Diem
340 263 445 292 millum
460 265 686 300 praetermittebat
723 265 814 300 Nepos
828 270 852 297 ς,
865 271 894 298 4,
908 270 931 303 3..
1043 262 1129 291 Nera-

65 302 120 335 tius
133 301 162 329 in
176 301 194 329 Ι.
208 303 255 337 qui
277 301 345 336 patri
360 301 391 327 D.
407 301 438 327 de
459 301 561 336 acquir.
581 302 624 328 vel
641 301 728 328 omitt.
746 299 835 327 hered.
873 300 929 332 Qu
959 298 1026 333 patri
1053 300 1127 326 heres

65 338 178 370 exstitit,
197 337 216 366 fi
231 337 302 364 idem
317 336 376 364 filio
388 337 524 373 impuberi
537 337 692 365 substitutus
706 337 759 369 est,
777 343 831 362 non
846 335 929 369 potest
948 334 1125 363 hereditatem

58 374 123 402 >eius
141 374 363 408 praetermittere.
479 375 580 400 Locum
606 373 710 400 nullum
730 370 853 398 laudandi
881 371 919 397 tui
943 372 1128 406 praetermitto

63 410 123 442 Cic.
139 410 212 436 Fam.
222 418 256 442 ιε,
271 417 315 443 24.
435 409 473 437 Id.
489 409 557 436 ibid.
572 418 604 441 tt,
618 417 646 436 21
665 406 773 442 ··Q¹id3
794 412 822 434 tu
837 407 912 434 illum
927 413 1016 434 tecum
1030 407 1127 440 solum,

63 450 110 474 aut
121 453 181 472 cum
195 445 323 477 Caesare,
355 445 403 480 qui
418 446 565 473 Neminem
578 443 804 480 praetermiserit,
825 443 933 479 quicum
945 444 1020 479 loqui
1036 450 1128 478 potue—

57 482 102 510 ⁴rit
109 501 126 516 ,.
138 481 180 508 cui
194 490 249 507 non
262 481 354 508 eadem
370 481 417 508 ista
430 482 547 510 dixerit?
601 480 641 508 Id.
649 478 717 506 ibid.
729 488 798 513 to,13
836 481 870 506 Vt
881 480 999 514 primum
1015 479 1126 514 potestas

63 516 124 545 data
142 517 179 543 est
198 517 334 552 augendae
354 518 492 552 dignitatis
504 524 581 548 tuae,
615 515 695 543 Nihil
717 515 879 550 praetermisi
900 516 928 542 in
949 523 976 542 te
994 515 1128 547 ornando,

63 552 136 590 quod
155 553 268 588 politum
291 554 328 580 est
346 562 392 581 aut
413 555 441 580 in
466 553 588 590 praemio
612 552 737 584 virtutis,
782 559 826 580 aut
845 553 950 579 honore
972 551 1126 578 verborum.

63 589 145 619 Nihil
165 589 329 624 praeterinili
349 596 478 625 quantum
498 589 564 616 eniti
583 588 677 622 potui,
711 588 778 624 quin
797 589 954 623 Pompeium
975 596 989 614 a
1008 587 1128 614 Caesaris
1143 592 1172 611 ιο

62 625 256 653 coniunctione
269 634 409 654 auocat-em
447 625 487 653 Id.
500 623 615 659 Philipp.
624 633 650 659 2,
663 633 702 657 23.
818 624 989 651 Occasionem
1013 629 1129 658 praeter-

60 662 172 690 mittere
209 662 270 688 Liu.
286 671 327 695 25,
341 667 372 693 28
384 667 450 688 extr.
563 661 659 696 Neque
680 660 764 687 vllum
779 658 988 695 Officiumxerga
1001 666 1026 686 te
1039 658 1129 686 homi-

41 698 104 726 uiis
126 697 294 724 amantillimi
316 695 493 733 praetermisit
534 697 592 723 Cic.
614 698 687 724 Fam.
703 706 723 729 i,
742 701 766 727 8.
788 710 791 711 ⁷
891 696 929 723 Id.
955 695 987 722 ad
1009 695 1080 723 Brut.
1102 703 1126 729 ις

54 732 112 762 ‘Sed
134 734 238 761 sceleris
255 731 370 761 Poena‘m
385 733 596 768 praetermittere
628 733 675 765 (id
693 732 766 759 enim
779 731 824 763 est,
839 732 911 766 quod
929 739 1040 759 vocatur
1055 733 1129 768 igno-

1188 334 1296 370 placet,
1320 343 1451 370 exponam
1467 346 1473 360 :

1592 172 1898 219 PRAE

1231 268 1276 289 PR
1286 268 1390 291 ΑΕΤΒ
1399 269 1419 290 R
1431 270 1452 289 v
1461 268 1505 289 ER
1515 267 1537 288 T
1546 269 1576 295 0,
1590 262 1623 296 ti,
1643 263 1709 295 sum,
1729 263 1784 290 ἔκ.
1879 268 1959 295 Huius
1971 272 2042 298 verbi
2054 272 2143 301 auffor
2157 275 2256 312 quidem

1196 299 1314 326 laudnur
1352 300 1408 326 Cic.
1425 299 1457 326 de
1472 299 1563 326 Dium.
1584 318 1591 330 ,
1607 307 1642 337 ιο,
1656 301 1703 326 c.6
1747 299 1787 325 De
1805 299 1902 335 quibus
1921 307 1983 337 quid
2006 308 2058 341 ipse
2080 311 2190 338 sentiam
2234 311 2254 341 fi

1519 334 1557 362 ita
1575 342 1663 362 tamen
1686 335 1704 362 fi
1723 343 1800 362 vacas
1819 337 1926 368 animo,
1945 348 2028 374 neque
2048 344 2128 372 habes
2141 331 2244 382 aliqiuid

1194 370 1267 405 quod
1289 370 1350 397 huic
1366 370 1482 399 sermoni
1497 371 1762 405 praeteruertendum
1785 375 1867 406 putes.
1921 374 1968 400 Sed
1987 377 2051 404 recle
2069 383 2162 417 legum·
2181 367 2256 410 Prae:

1195 406 1362 433 vertendum.
1460 407 1558 433 Corma
1573 407 1647 442 surtc
1665 407 1730 434 mad
1752 408 1854 441 Plin.2,
1873 417 1897 440 7¹
1932 408 2085 440 Philonides
2106 417 2187 445 solem
2207 418 2257 446 ob.

1191 442 1268 469 vium
1283 443 1420 469 contrario
1440 443 1666 477 praeteruertebat
1678 445 1764 470 cursu.
1823 445 1855 472 Le
1866 444 1909 472 h1'c
1927 450 2009 472 tamen
2024 449 2056 472 al.
2064 449 2247 482 Praeuertebat

1231 485 1246 505 P
1256 484 1274 504 R
1285 485 1305 504 A
1317 485 1333 505 E
1343 484 1363 504 ‘r
1374 484 1390 504 r.
1400 486 1417 505 R
1429 485 1446 504 v
1457 477 1476 505 ὁ
1487 486 1502 505 ι,
1512 486 1530 504 o
1538 499 1547 512 ,
1572 483 1626 505 are.
1681 480 1866 515 [nuptm-asum
1881 483 1891 515 ]
1964 481 2083 509 Celeriter
2107 474 2256 519 praeterire⁸

1193 520 1218 540 ee
1236 514 1303 549 quasi
1323 515 1392 542 vltra
1406 514 1514 541 volando
1531 514 1649 551 effugere.
1744 516 1801 543 Cic.
1817 516 1848 544 de
1863 517 1940 544 Orat.
1954 525 1978 550 3,
1992 525 2035 544 221
2056 527 2118 551 0-59
2153 511 2258 552 senten?

1192 549 1300 585 tiaeque
1323 551 1399 585 saepe
1418 559 1526 583 acutae,
1552 560 1606 577 non
1625 557 1764 577 acutorum
1787 552 1929 580 hominum
1949 553 2035 580 sensu·
2054 559 2259 588 praeteruolaut.

1192 585 1232 612 Id.
1249 586 1364 619 Acad.4,
1378 595 1408 617 24
1429 595 1485 618 αις
1531 588 1601 613 l-lace
1622 586 1675 613 duo
1694 588 1828 622 proposita
1848 598 1902 616 non
1917 590 2133 624 praeteruolant,
2160 593 2203 620 scd
2223 595 2261 622 ita

1194 620 1318 655 dilatant,
1338 630 1364 648 vt
1379 631 1431 648 non
1450 622 1613 648 mediocrem
1626 632 1716 649 curam
1730 624 1874 652 adhibeant
1887 630 1915 651 et
1934 625 2113 660 diligentiam.
2222 631 2260 657 ld.

1194 657 1222 684 in
1238 660 1370 697 Arat.412
1406 659 1459 684 Hie
1482 659 1505 684 se
1521 659 1573 684 iam
1588 664 1673 684 totum
1689 667 1776 685 caecas
1791 661 1880 696 Equus
1899 660 1975 688 abdit
1988 662 2016 688 in
2030 662 2147 696 vmbrat,
2172 664 2262 698 Quem

1193 694 1276 721 rutila
1290 694 1393 734 fulgetis
1409 694 1498 728 pluma
1512 695 1690 727 praeteruolat
1706 695 1775 721 Ales.
1874 697 1957 724 Parua
1972 706 2058 732 puppe
2079 699 2165 725 laeum
2186 709 2260 734 prac-

1194 729 1309 757 teruolat
1328 738 1404 756 ocius
1441 728 1536 756 Claud.
1557 730 1590 756 de
1609 730 1672 757 Bell.
1687 732 1748 757 Get.
1761 739 1812 764 3²1·
1902 745 1905 747 ·
1920 734 2001 760 Haila
2020 735 2200 767 praeteruolat
2217 745 2262 764 au—

2163 197 2255 238 ¹04²

8 795 9 798 ,
55 770 152 803 scere)
181 771 262 798 etiam
278 769 296 796 si
315 769 343 796 in
362 768 444 796 rebus
460 769 603 796 tolerabile
617 769 670 802 est,
689 769 717 795 in
733 767 784 794 hoc
800 767 872 795 bello
887 768 1064 802 pern=‹·iosum
1083 771 1135 802 pu-*
1148 776 1173 802 ις
1193 765 1235 794 ra's'
1263 765 1368 797 'Sil.10,
1385 773 1438 798 1¹4·

54 810 100 833 to.
207 806 248 832 Id.
262 805 343 832 Attic.
351 813 378 838 9,
394 813 415 831 u
455 804 528 838 Quid
542 813 569 831 tu
584 805 647 832 illuc
662 804 825 839 Scipionem,
845 804 910 838 quid
920 804 1054 836 Faustum,
1063 803 1129 839 quid

56 841 196 871 Libonem
216 841 461 877 praetermifl'urum
479 841 589 868 Sceleris
609 841 705 876 putas?
742 848 858 875 quorum
873 840 1021 866 creditores
1034 849 1131 866 conue-

58 878 122 906 nire
141 877 281 904 dicuntur:
318 877 384 911 quid
400 886 446 903 cos
466 884 572 909 autem,
591 885 675 912 quum
690 876 817 908 vicerint,
838 876 867 902 in
884 876 957 902 ciues
967 875 1130 903 effecturos!

57 914 133 942 Vitia
149 913 233 941 ammi
245 912 459 948 praetermittere
496 913 602 941 Lucrct.
611 923 640 948 4,
655 920 720 946 1¹45-
786 911 947 946 Voluptates
961 913 1128 946 praetermit—

59 955 118 978 tere
155 949 213 977 Cic.
230 948 263 978 de
277 949 343 976 Nat.
358 949 441 976 neor.
455 958 476 982 3,
496 954 534 982 38.

34 1008 37 1013 ,
94 991 110 1012 r
120 993 138 1013 R
147 992 170 1012 A
182 991 200 1012 ε
209 993 231 1013 T
240 991 257 1012 ε
269 992 319 1012 RM
331 991 340 1011 1
353 992 366 1012 s
377 992 389 1012 s
401 991 450 1018 10,
463 985 533 1012 onis.
553 984 585 1011 f.-
610 982 800 1020 [παράλειψις]
875 983 932 1010 Cic.
949 982 977 1009 in
989 982 1090 1017 Topic.
1105 992 1130 1016 31

24 1053 29 1062 1
56 1029 104 1056 e.7
142 1022 258 1049 Formae
279 1021 365 1057 igitur
383 1022 442 1048 sunt
454 1021 521 1054 hae,
547 1021 577 1047 in
595 1029 659 1056 quas
673 1028 771 1056 genus,
796 1017 851 1045 sine
865 1017 947 1046 vllius
962 1021 1132 1054 praetermis-

52 1057 130 1085 'fione
148 1057 293 1085 diuiditur.

50 1095 53 1098 ‘
92 1101 108 1121 r
117 1100 137 1121 R
147 1100 166 1119 A
178 1100 194 1120 Ε
207 1099 228 1120 Τ
239 1100 256 1121 E
264 1100 283 1120 R
292 1100 318 1121 M
327 1100 379 1120 οΝ
387 1099 400 1119 s
411 1097 434 1119 ‘r
444 1099 465 1120 R
474 1099 504 1124 0,
517 1096 570 1119 are.
607 1095 626 1119 i.
647 1093 719 1118 vltra
733 1088 872 1123 monstrare
883 1090 952 1126 apud
961 1091 1048 1123 alium,
1067 1090 1135 1127 quod
1190 1092 1278 1127 posisit
1300 1091 1338 1121 16,
1356 1098 1382 1123 9.

220 1132 259 1156 ias
266 1149 276 1163 ,
305 1132 491 1166 interpretatur
511 1128 621 1164 Ofilius
639 1127 709 1164 apud
722 1126 804 1154 Geli.
817 1135 866 1159 20,
887 1135 916 1154 10
955 1127 1003 1155 Se'd
1023 1128 1132 1154 Gronou.
1144 1136 1176 1163 25
1197 1126 1351 1162 agrestium.

56 1129 110 1166 flpft
139 1129 199 1166 defu

55 1167 134 1195 Pater
153 1140 287 1203 adsi-§mpsie
300 1164 477 1192 Praemonstr.
611 1180 618 1188 .

93 1198 460 1232 PRAETERNAvi’Go,
473 1204 527 1227 are.
564 1199 746 1235 [παραπλιω]

50 1239 154 1274 vigore.
225 1238 285 1266 Vet.
300 1237 380 1264 Gloss'.
397 1236 614 1270 Praeternauigo,
635 1235 780 1271 παραπλέω.

53 1273 195 1308 nauigauit
230 1273 338 1309 Apulei.
351 1273 384 1300 de
398 1273 457 1300 Deo
471 1273 572 1300 Socrat.
585 1278 652 1298 extr.

49 1322 53 1327 -
95 1316 111 1336 r
123 1315 352 1338 RAETERNA
364 1315 560 1341 VIGATIO,
578 1308 660 1334 onis:
674 1306 694 1334 s.
732 1305 906 1343 [nupia-2⁸⁵]

56 1344 100 1374 Ab
120 1345 168 1372 hac
183 1346 286 1380 Aegina
299 1345 402 1373 liberae
421 1343 587 1372 conditionis
600 1352 619 1372 x
629 1350 651 1370 v
663 1350 673 1370 1
684 1350 694 1369 1
716 1349 753 1370 M.
761 1349 786 1370 P.
806 1343 882 1370 cuius
900 1349 946 1369 xx
967 1349 1002 1370 Μ.
1012 1350 1037 1370 Ρ.
1057 1353 1133 1379 prae-

815 1199 908 1231 quta,
934 1199 976 1225 vel
995 1200 1065 1226 vltra
1085 1208 1130 1226 na-

887 1235 1000 1268 Scyllam
1013 1242 1130 1270 praeter-

55 1382 240 1416 ternauigatio
259 1381 305 1409 est.

48 1430 54 1437 -
90 1423 106 1443 r
115 1424 135 1445 R
145 1425 167 1444 A
178 1424 224 1445 ΕΤ
234 1415 252 1444 ἔ
261 1425 280 1445 R
289 1424 319 1450 o,
336 1417 415 1450 triui,
436 1419 542 1449 tritum,
563 1416 619 1442 bre.
728 1414 796 1442 Plin.
811 1423 845 1448 ιι,
865 1422 897 1449 37
917 1415 936 1442 s.
949 1417 980 1447 63
1017 1415 1130 1444 Timar-

49 1452 120 1480 chus
135 1454 259 1481 Nicoclis
276 1453 349 1480 lilius
364 1453 474 1488 Paphii,
499 1452 567 1479 duos
580 1450 690 1478 ordines
708 1450 804 1478 habuit
819 1451 1012 1478 maxillarium.
1069 1453 1130 1479 Fra.

51 1494 96 1517 ter
108 1490 166 1516 eius
179 1499 236 1517 non
247 1490 363 1517 mutauit
377 1489 526 1524 primores,
548 1487 667 1522 ideoque
681 1487 835 1523 praetriuit.

53 1524 121 1554 hanc
139 1524 276 1558 leflionem,
289 1533 314 1552 et
334 1527 414 1562 legere
432 1531 516 1551 tentat
534 1524 671 1558 pertriuit.
763 1523 811 1552 Sed
835 1531 909 1559 aeque
929 1525 1078 1550 commodum
1097 1523 1130 1559 est

53 1562 213 1597 praetriuit,
236 1572 292 1589 cum
307 1561 337 1588 de
350 1561 508 1598 primoribus
521 1560 638 1587 dentibus
643 1559 727 1597 firmo
738 1558 780 1592 sit,
794 1569 922 1596 qu01,cum
931 1561 1023 1596 sponte
1035 1570 1083 1587 non
1096 1570 1132 1588 ce-

55 1596 345 1634 derentficcceffbn'bus,
366 1599 428 1624 lima
438 1596 575 1633 praet-afit.
704 1597 741 1622 Vt
755 1596 883 1628 tunicam,
905 1597 1029 1631 quamuis
1044 1597 1132 1630 illico,

54 1639 86 1660 vt
104 1643 274 1669 acceperam,
313 1634 368 1661 tibi
386 1633 560 1666 destinatam,
599 1640 661 1659 meo
679 1636 770 1659 tamen
791 1632 887 1659 vestitu
907 1632 1044 1660 initiando
1056 1642 1131 1668 prae—

55 1674 174 1697 tererem
210 1669 323 1697 Paullin.
339 1670 404 1696 Nol.
419 1670 466 1704 Ep.
476 1678 508 1702 29
529 1669 582 1702 (al.
597 1670 645 1700 10)
665 1668 698 1694 ad
712 1668 840 1695 Seuerum
854 1675 906 1702 ας.

94 1711 283 1733 PRAETER
299 1711 508 1737 PROPTER,
552 1705 605 1731 vid.
627 1710 842 1731 PRAETER.

93 1747 110 1768 1>
120 1747 136 1768 R
146 1749 169 1769 A
178 1749 196 1769 E
203 1749 226 1770 'r
234 1749 250 1769 E
259 1749 278 1769 R
287 1749 337 1782 Qv
347 1749 368 1769 A
377 1749 412 1769 M.
449 1740 545 1776 [πλῆν,
559 1740 622 1770 πλήν
639 1739 725 1772 οἷλλὰ,
742 1736 853 1774 ἄλλ’ἣ]
890 1740 947 1778 Vna
959 1737 1078 1770 dimone,
1090 1749 1131 1765 ex-

54 1778 168 1814 cupiendi
175 1780 307 1814 particula
321 1776 364 1811 est,
386 1786 448 1814 quae
459 1780 567 1813 requirit
571 1775 671 1812 fimpcr
680 1776 868 1810 praecedentem
881 1774 974 1809 casum,
994 1778 1054 1809 quia
1067 1775 1131 1813 idern

54 1813 156 1840 verbum
169 1814 387 1851 flabintelligittaet
500 1813 616 1838 Terent.
633 1812 713 1837 Andr.
721 1819 751 1845 4,
768 1819 792 1843 ς,
806 1819 832 1841 1⁴
870 1809 991 1834 Verbum
1017 1809 1035 1834 fi
1056 1808 1126 1834 mihi

51 1858 137 1878 vnum
156 1856 343 1885 praeterquam
365 1847 438 1882 quod
452 1854 570 1881 tessrogo,
587 1847 672 1872 faxis:
709 1852 782 1872 caue.

52 1889 175 1920 terquam
189 1885 222 1911 ad
236 1891 262 1911 te
275 1883 335 1910 dedi
348 1883 438 1909 literas
475 1883 531 1909 Cic.
546 1883 651 1914 Fam.3‚
667 1889 694 1916 7.
804 1881 855 1907 Pro
874 1880 955 1907 tantis
975 1879 1056 1907 rebus
1069 1881 1128 1907 nul-

52 1920 110 1947 lum
134 1929 149 1947 a
169 1919 247 1947 vobis
265 1919 415 1955 praemium
437 1918 559 1951 postulo,
590 1924 777 1954 praeterquam
799 1916 880 1943 huius
893 1916 950 1943 diei
965 1917 1126 1944 memoriam

52 1956 243 1990 sempiternam
279 1955 319 1982 Id.
333 1956 362 1982 in
375 1954 456 1982 Catil.
466 1963 489 1987 3,
500 1957 547 1981 26.
666 1953 727 1980 Liu.
737 1962 757 1986 1,
770 1960 787 1986 9
824 1954 924 1980 Vocata
935 1952 968 1979 ad
982 1953 1126 1980 consilium

53 1988 247 2024 multitudine,
272 2001 341 2026 quae
355 1991 503 2018 coalescere
522 1991 550 2016 in
564 1989 660 2025 populi
672 1990 753 2016 vuius
767 1997 862 2023 corpus
875 1988 948 2015 nulla
961 1997 1000 2020 re,
1012 1995 1127 2023 praeter-
1158 1987 1161 1995 '
1185 1990 1269 2025 saris,
1290 1989 1344 2023 siue
1358 1987 1470 2022 Augusto
1490 1988 1601 2014 dicatum
1638 1987 1722 2014 Ouid.
1737 1987 1835 2020 Fast.5‚
1855 1990 1914 2022 567.

979 1306 1084 1341 Plin.4,
1101 1316 1129 1335 η
1144 1319 1177 1344 30

1184 1381 1309 1407 ‘Procera
1324 1381 1371 1406 svo
1385 1379 1548 1414 praetexitur
1562 1378 1619 1412 alga
1634 1378 1769 1412 profundo
1807 1378 1891 1404 Rutil.
1904 1379 1968 1405 Itin.
1985 1387 2005 1412 t,
2021 1387 2076 1415 537.

908 1487 990 1514 Hard.
1002 1487 1130 1524 sollicitat
1148 1496 1176 1522 ες

1139 1681 1178 1706 40
1188 1677 1245 1705 172
1281 1669 1448 1703 Coniugium
1462 1673 1553 1694 vocat:

881 1844 977 1871 Nullas
997 1844 1031 1870 iis
1052 1853 1125 1879 prae·
1140 1852 1174 1879 43
1193 1845 1322 1873 imbrifer
1345 1853 1417 1872 rcus
1438 1854 1545 1880 aquam.

1231 808 1272 828 PR
1282 810 1304 829 Λ
1313 808 1328 828 Ε
1339 808 1362 828 ¹1·
1373 808 1389 827 E
1398 808 1410 828 s
1421 806 1442 826 ‘r
1451 807 1511 833 οη,
1532 801 1596 842 ἔτί,
1653 801 1773 829 Tertull.
1785 801 1846 829 adu.
1859 803 1942 830 Marc.
1955 804 2044 831 Carm.
2053 814 2065 837 3
2084 815 2106 832 c.
2115 808 2133 832 6
2151 815 2178 833 v.
2189 815 2217 841 4.

1231 844 1247 864 P
1260 845 1279 865 R
1293 845 1315 865 A
1333 844 1349 864 Ε
1363 843 1385 863 T
1403 844 1418 863 E
1434 844 1452 864 x
1468 843 1487 862 O
1498 857 1506 869 ,
1527 843 1610 879 texui,
1629 842 1743 870 textum,
1768 841 1822 865 ere.
1897 840 2141 875 [προκαλιέπτομαι,
2161 844 2261 880 onim]

1196 875 1301 910 Proprie
1321 872 1353 907 est
1372 875 1435 899 telae
1453 879 1575 899 extremae
1589 875 1690 899 barbam
1706 882 1750 900 aut
1763 883 1832 900 oram
1851 880 1969 901 attexere.
2043 878 2263 914 Sedjrequemior

1189 911 1251 946 sere
1283 910 1435 946 metaphora.
1490 919 1515 935 υ.
1537 919 1562 946 g.
1591 909 1724 936 Ausonius
1757 910 1785 936 in
1812 910 1965 937 Gratiarum
1997 912 2104 939 actione
2136 914 2169 941 ad
2196 916 2262 943 Gra.

1143 957 1180 976 20
1196 947 1299 973 tianum
1313 947 1504 980 imperatorem
1523 954 1572 980 pro
1587 945 1748 977 Consulatu,
1775 946 1824 972 Tu
1840 946 1955 980 Auguste
1976 949 2153 981 venerabilis,
2174 951 2262 979 distri-

1196 982 1253 1009 &us
1267 983 1388 1009 maximo
1403 980 1484 1011 bello,
1505 981 1688 1008 affiiltantibus
1702 988 1743 1008 tot
1755 981 1876 1008 millibus
1889 981 2081 1017 Barbarorum,
2101 986 2198 1020 quibus
2212 988 2264 1014 Da-

1195 1018 1274 1045 nubii
1289 1027 1335 1045 ora
1349 1019 1522 1053 praetexitur.
1639 1017 1721 1044 Ouid.
1738 1018 1770 1044 de
1787 1019 1852 1043 Arte
1864 1019 1923 1044 Am.
1934 1027 1954 1051 1,
1975 1027 2016 1052 233
2051 1021 2126 1055 Qud
2146 1023 2264 1051 referam

1195 1054 1282 1087 Baias,
1303 1060 1491 1089 praetextaque
1505 1053 1585 1080 litora
1598 1054 1682 1080 velis?
1719 1055 1820 1080 Plinius
1833 1063 1926 1090 quoque
1939 1055 2073 1083 Praetexta
2090 1059 2263 1092 tuguriorum

1492 1091 1593 1116 Cortex
1608 1099 1622 1116 e
1635 1090 1714 1124 fago,
1737 1090 1812 1122 tilia,
1833 1090 1936 1122 abiete,
1959 1091 2031 1124 picea
2050 1092 2078 1118 in
2101 1103 2198 1128 magno
2215 1096 2262 1122 vsu

1409 1125 1475 1152 Vasa
1494 1125 1659 1160 corbesque,
1683 1135 1711 1152 ac
1727 1127 1878 1160 patentiora
1894 1126 2040 1160 quaedam,
2066 1129 2186 1157 messibus
2201 1140 2264 1158 con-

1193 1162 1333 1195 vehendis,
1353 1161 1554 1196 vindemiisque
1570 1161 1687 1194 faciunt,
1711 1168 1791 1196 atque
1811 1169 1945 1196 praetexta
1958 1164 2139 1198 tuguriorum.
2197 1169 2265 1204 Sept.

1193 1205 1278 1226 menta
1293 1199 1318 1235 s.
1341 1199 1454 1234 const-pm
1473 1200 1595 1234 intelugo.
1705 1198 1800 1225 Litora
1817 1204 1971 1233 praetexere
2007 1200 2104 1236 Virgil.
2122 1203 2221 1235 Aen.6,
2241 1211 2264 1237 5.

1194 1235 1352 1262 Praetexere
1373 1234 1487 1268 piscibus
1509 1240 1577 1260 retia
1614 1233 1681 1259 Plin.
1699 1236 1738 1266 16,
1757 1243 1776 1261 1.
1887 1235 1944 1261 Cic.
1966 1234 1999 1260 de
2013 1236 2088 1264 Orat.
2096 1246 2121 1270 2,
2139 1247 2182 1274 317
2198 1244 2264 1274 078

1195 1271 1237 1298 Sic
1250 1272 1343 1298 omnia
1358 1279 1426 1305 quac
1442 1269 1509 1296 tiunt
1518 1290 1527 1303 ,
1551 1277 1675 1305 quaeque
1688 1276 1804 1304 aguntur
1816 1271 1945 1297 acerrime
1959 1271 2109 1300 leuioribus
2123 1276 2264 1310 principiis

1194 1314 1290 1334 natura
1304 1308 1358 1342 ipsa
1373 1308 1512 1341 praetexit.
1640 1306 1741 1338 Plin.6,
1755 1314 1785 1339 23
1823 1306 1932 1340 Semper
1951 1307 2005 1334 fuit
2019 1309 2124 1335 Parthia
2144 1311 2172 1337 in
2193 1311 2263 1338 radi-

1195 1343 1270 1371 cibus
1291 1343 1423 1370 monrium
1444 1342 1546 1376 saepius
1566 1341 1720 1374 dierorum,
1746 1342 1794 1377 qui
1815 1351 1908 1368 omnes
1929 1351 1972 1369 eas
1990 1351 2083 1377 gentes
2095 1352 2263 1381 praetexunt.

2148 1383 2266 1409 Arundi-

1193 1425 1228 1443 ne
1249 1416 1381 1451 praetexit
1402 1416 1472 1449 ripas
1487 1415 1604 1441 Mmcius
1643 1414 1740 1448 Virgil.
1755 1414 1843 1457 Eclog.
1853 1423 1880 1450 7,
1900 1424 1937 1442 12.
2053 1416 2088 1442 Ea
2105 1416 2266 1446 Germaniae

1195 1453 1270 1479 velut
1284 1452 1360 1479 frons
1374 1451 1420 1484 est,
1435 1457 1563 1485 quatenus
1580 1450 1707 1477 Danubio
1724 1451 1888 1485 praetexitur
1923 1450 2014 1478 Tacit.
2036 1452 2162 1481 German.
2175 1463 2220 1489 42,
2240 1463 2265 1482 2.

1195 1489 1291 1516 Rheno
1308 1494 1496 1522 praetexuntur
1510 1493 1630 1513 nationes
1668 1487 1741 1514 Idem
1763 1495 1803 1520 34,
1817 1496 1843 1513 2.
1955 1488 2155 1516 Praetexuimus
2173 1490 2267 1518 aueto-

1194 1534 1237 1553 κς
1250 1534 1316 1560 quos
1331 1525 1485 1560 sequamur,
1521 1526 1540 1550 i.
1563 1526 1589 1549 in
1602 1526 1731 1558 principio
1751 1524 1811 1549 libri
1828 1522 1916 1549 ordine
1930 1527 2114 1552 nomirzauimus
2152 1526 2216 1554 Pltn.
2231 1533 2267 1559 18,

1196 1571 1209 1595 3
1228 1562 1276 1594 1⁶25,
1478 1557 1498 1597 ἢ
1520 1568 1536 1585 2
1575 1561 1649 1585 Noua
1663 1559 1816 1595 Metaphora
1867 1559 2023 1586 Praetexere
2060 1562 2266 1598 [προφασίζαν]

1195 1595 1228 1631 <fl
1250 1596 1396 1629 obtendere,
1421 1597 1524 1623 colore-n
1545 1603 1668 1631 quaerere.

1195 1635 1271 1661 Anna
1285 1632 1363 1660 nouis
1382 1639 1535 1666 praetexere
1551 1631 1645 1657 funera
1658 1630 1736 1657 sacris
1749 1631 1910 1658 Germanam
1932 1632 2027 1658 credit.

1591 1666 1642 1693 hoc
1655 1668 1789 1701 praetexit
1802 1667 1913 1693 nomine
1927 1668 2040 1701 culpam.
2160 1671 2218 1697 Cic.
2235 1671 2267 1697 in

1195 1706 1320 1738 Pison.36
1342 1714 1362 1731 c.
1376 1714 1406 1737 24
1443 1704 1541 1738 Neque
1556 1703 1629 1728 enim
1644 1703 1786 1736 quisquam
1802 1702 1887 1736 potest
1900 1703 2049 1730 exercitum
2063 1712 2169 1738 cupere,
2191 1714 2267 1740 aper--

1196 1747 1287 1775 teque,
1306 1747 1335 1767 vt
1347 1748 1403 1765 non
1418 1745 1552 1773 praetexat
1565 1737 1742 1771 cupiditatem
1759 1737 1902 1771 triumphi.

1230 1782 1273 1801 PR
1282 1782 1304 1801 A
1314 1781 1329 1800 E
1340 1781 1361 1799 Τ
1370 1781 1386 1800 13
1398 1780 1417 1799 x
1429 1780 1445 1799 Ε
1458 1780 1481 1799 N
1492 1780 1515 1803 s,
1527 1774 1606 1798 entis.
1634 1773 1727 1798 Partic.
1765 1772 2036 1808 [προκαλυπτᾶμενος]
2072 1774 2182 1802 Tibull.
2197 1784 2218 1809 1,
2235 1787 2266 1811 4,

1194 1817 1227 1844 37
1265 1810 1398 1844 Qtamuis
1418 1815 1574 1843 praetexens
1592 1808 1662 1843 pie‘ia
1677 1807 1813 1842 ferrugine
1831 1807 1949 1841 caelum,
1975 1809 2124 1836 Venturam
2143 1812 2268 1841 admittat

1655 1844 1754 1871 Patere.
1769 1853 1795 1876 2,
1813 1845 1855 1877 62,
1869 1853 1882 1877 3
1919 1844 2084 1881 Vbicunque
2110 1847 2159 1882 ipfi
2176 1850 2267 1883 ell'ent,

1192 1888 1375 1918 praetexentes
1397 1881 1445 1908 effe
1462 1879 1669 1915 rempublicam.
2141 1884 2147 1896 2

1230 1925 1244 1944 r
1257 1925 1275 1945 R
1287 1926 1307 1945 Α
1319 1924 1335 1944 Ε
1347 1925 1369 1944 Τ
1379 1924 1396 1944 Ε
1405 1925 1424 1944 x
1433 1923 1455 1943 ‘r
1467 1924 1486 1943 v
1500 1922 1525 1949 s,
1543 1925 1567 1948 a,
1587 1925 1642 1942 um.
1668 1915 1752 1942 Aliud
1764 1915 1859 1943 Partlc.
1902 1917 2125 1953 [προκαλυφθᾰς]
2178 1919 2267 1948 Tem.

1192 1954 1265 1989 plum
1281 1961 1448 1989 praetextum
1463 1952 1581 1987 Augusto
1597 1952 1724 1978 nomine:
1760 1955 1779 1977 i.
1801 1952 1954 1988 Infiriptum
1973 1957 2071 1980 nomine
2084 1953 2195 1991 Augusti
2206 1958 2266 1984 Cae-

2034 1990 2090 2016 Cic.
2104 1991 2134 2016 in
2148 1992 2229 2019 Catil.
2239 2002 2265 2025 2,

2134 1634 2176 1661 Id.
2196 1634 2265 1661 ibid.

53 2035 137 2060 quam
152 2026 267 2061 legibus,
280 2032 401 2060 poterat,
421 2024 481 2051 iura
494 2025 577 2051 dedit.
613 2025 683 2060 cmgs.
703 2026 812 2051 Sueten.
826 2025 892 2057 Aug.
911 2031 975 2056 c.4;
994 2027 1022 2049 in
1036 2025 1127 2051 MSS.
1144 2034 1176 2059 50
1192 2035 1211 2058 4
1232 2034 1279 2052 e.z
1316 2019 1480 2059 Tongilium
1502 2023 1571 2050 mihi
1591 2023 1698 2055 eduxit,
1725 2032 1806 2058 quem
1825 2032 1915 2050 amare
1934 2024 1962 2051 in
1975 2031 2112 2060 praetexta
2130 2027 2265 2057 calumnia

53 2062 164 2089 Praeter
177 2070 258 2097 quam
272 2062 400 2087 disiunxit
414 2061 537 2092 Plautus,
559 2059 706 2094 interposita
726 2060 808 2085 altera
823 2059 950 2091 dictione,
971 2061 997 2084 in
1015 2060 1090 2086 Persa
1105 2068 1127 2092 3,

56 2106 78 2129 1,
92 2102 120 2130 38
156 2098 243 2134 Virgo
262 2103 343 2132 atque
361 2096 461 2122 mulier
473 2095 547 2122 nulla
559 2095 628 2128 erit,
650 2095 717 2130 quin
736 2094 768 2121 fit
780 2094 865 2128 mala,
883 2103 951 2130 quae
963 2101 1070 2129 praeter
1089 2096 1127 2122 sa-

54 2133 122 2169 piet,
162 2142 223 2161 uam
237 2133 321 2166 placet
334 2131 499 2167 parentibus.
605 2133 794 2166 Praeterquam
808 2130 892 2165 quod,
919 2131 984 2158 idem
997 2132 1063 2168 quod
1076 2133 1125 2159 Ni-

54 2168 77 2205 Ιὶ
106 2179 162 2200 uo„
237 2170 355 2196 Terent.
369 2169 468 2195 Heaut.
477 2177 503 2200 2,
515 2177 543 2202 4,
558 2176 586 2201 19
624 2168 707 2200 Nam,
725 2167 789 2193 dum
805 2167 851 2194 abs
865 2173 891 2194 te
905 2167 1013 2200 absum,
1032 2177 1125 2194 omnes

54 2214 94 2232 mi
116 2205 243 2233 ilabores
256 2206 342 2238 suere,
361 2213 430 2240 quos
442 2204 500 2239 cepi
514 2204 601 2230 leues:
636 2210 823 2238 praeterquam
840 2203 880 2230 tui
894 2203 1038 2231 carendum
1051 2203 1124 2240 quod
1142 2210 1171 2237 55
1185 2209 1324 2241 pertinere.

54 2246 121 2268 erat.
230 2242 418 2276 Praeterquam
431 2239 503 2275 quod
517 2239 642 2278 Reipubl.
655 2239 793 2267 consulere
806 2238 943 2272 debemur,
964 2246 1053 2267 tamen
1064 2247 1125 2267 tuae

56 2276 184 2312 dignitati
197 2277 234 2304 ita
248 2277 384 2308 sanemus,
403 2283 432 2303 vt
445 2285 525 2303 omne
538 2276 660 2303 nostrum
676 2275 828 2308 confilium,
853 2276 978 2307 studium,
994 2275 1127 2310 officium,

56 2321 177 2348 operam,
197 2313 329 2350 laborem,
349 2313 518 2347 diligentiam
532 2312 565 2340 ad
578 2311 784 2347 amplitudinem
799 2317 873 2338 tuam
887 2312 1055 2339 conferamus
1068 2313 1125 2341 Cic.

54 2349 130 2378 Fam.
146 2355 185 2382 ιο,
206 2358 226 2376 1.
335 2349 402 2376 Non
421 2349 527 2380 faciam,
552 2356 654 2383 neque,
680 2347 754 2382 quod
773 2347 925 2381 displiceat,
946 2349 1124 2382 committam,

1193 2066 1325 2095 coeperat.
1400 2060 1446 2087 Sed
1458 2059 1560 2096 quaesit
1575 2066 1709 2094 praetexta
1723 2059 1856 2086 calumnia
1871 2069 1937 2086 nemo
1951 2060 2036 2098 facile
2049 2062 2154 2090 dixerit.
2214 2067 2265 2092 Ni.

1185 2096 1212 2132 fi
1225 2096 1357 2124 calumnia
1374 2097 1451 2132 plane
1463 2095 1496 2129 est
1510 2105 1521 2122 e
1534 2105 1646 2134 mqrgme
1661 2095 1826 2131 antiqufflimi
1839 2095 1948 2130 codicis,
1973 2099 2014 2124 cui
2027 2097 2091 2124 hanc
2106 2099 2264 2136 indignatio.

1190 2136 1233 2161 nis
1253 2140 1337 2159 notam
1357 2135 1449 2170 aliquis
1468 2134 1603 2166 comnnstt:
1638 2141 1687 2158 non
1705 2131 1878 2167 imprubabiIis
1897 2131 1930 2165 est
1951 2132 2095 2161 conieffura
2114 2135 2263 2164 alumnum.

1192 2168 1261 2196 Illud
1280 2169 1377 2205 quidem
1395 2169 1459 2196 mihi
1478 2176 1589 2199 certum,
1621 2167 1650 2194 in
1669 2174 1803 2202 praetexta
1824 2168 1866 2195 hic
1883 2168 1918 2194 ad
1940 2176 2044 2195 aetatem
2062 2170 2263 2207 significandam

1440 2205 1577 2231 Praetexta
1598 2203 1680 2239 pubes
1716 2207 1736 2230 i.
1747 2211 1910 2240 praetextata
1946 2206 2088 2239 Auson.18‚
2104 2217 2124 2233 ”.
2200 2209 2261 2236 Το-

1191 2251 1249 2277 gam
1264 2247 1427 2276 praetextam
1442 2242 1498 2267 texi
1511 2240 1618 2275 Oppio,
1638 2245 1704 2275 puto
1718 2240 1743 2266 te
1757 2239 1868 2272 audisse,
1903 2244 1921 2267 i.
1942 2243 2126 2278 Magistratum
2144 2248 2265 2272 maiorem

1184 2281 1281 2315 paraui
1317 2278 1373 2305 Cic.
1389 2278 1495 2307 Fama,
1509 2278 1547 2309 16,
1562 2284 1599 2309 19·

1224 2320 1240 2340 P
1248 2321 1268 2341 R
1277 2321 1298 2341 A
1306 2321 1324 2341 Ε
1334 2320 1355 2339 Τ
1364 2320 1380 2341 E
1389 2321 1408 2341 x
1417 2319 1439 2339 T
1448 2320 1469 2339 V
1480 2319 1503 2345 s,
1525 2311 1564 2339 ὓς.
1597 2321 1632 2338 m.
1682 2312 1695 2346 [
1708 2311 1864 2347 περέφασμκ
1877 2313 1891 2346 ]
1948 2314 1998 2340 Pro
2018 2314 2127 2342 Obtemu
2141 2319 2261 2352 podem,

1188 2350 1254 2386 quod
1267 2350 1364 2377 Cicero
1379 2350 1427 2375 Per
1441 2350 1561 2382 causam,
1580 2356 1605 2375 et
1621 2357 1666 2382 per
1680 2348 1878 2374 simulationem
1892 2348 1976 2376 dicere
1984 2350 2059 2386 Jblet.
2152 2353 2261 2380 Sueton.

51 2391 241 2421 praeterquam
257 2383 330 2419 quod
348 2385 469 2412 hominis
488 2384 558 2412 mihi
578 2384 787 2412 coniunfflffimi
806 2384 887 2410 doleo
905 2393 1015 2419 grauem
1035 2387 1122 2412 casum
1137 2388 1173 2413 60
1193 2387 1221 2412 in
1240 2385 1339 2412 Tiber.
1355 2390 1413 2416 c.28
1448 2386 1577 2412 Omnium
1592 2384 1752 2411 inimicitiae
1771 2384 1821 2412 hoe
1836 2392 1974 2419 praetextu
1987 2385 2020 2412 ad
2034 2395 2082 2413 vos
2095 2385 2262 2417 deferentur.

48 2421 153 2449 'Matius
174 2421 206 2448 ad
228 2422 286 2448 Cic.
300 2422 412 2452 Fannu,
427 2427 467 2450 28.
585 2421 643 2448 Cic.
666 2420 699 2448 de
713 2420 770 2447 Fin.
782 2429 803 2454 ς,
820 2423 847 2447 61
885 2421 946 2447 Hoc
959 2427 1048 2448 autem
1063 2422 1124 2449 loco

43 2456 155 2486 tantum
176 2458 356 2492 explicemus,
383 2456 448 2484 haec
462 2455 572 2484 honesta
585 2465 655 2492 quae
668 2457 730 2483 dico
739 2477 747 2489 ,
774 2463 960 2492 praeterquam
975 2457 1048 2493 quod
1062 2468 1123 2485 nos-

48 2494 179 2528 metipsos
193 2494 350 2528 diligamus:
385 2499 521 2528 praeterea
534 2494 624 2528 suapte
644 2499 739 2520 natura
752 2501 802 2527 per
815 2494 841 2520 se
854 2494 903 2520 etse
921 2494 1070 2529 expetenda
1084 2494 1124 2521 in-

29 2525 144 2558 dibeant
161 2529 256 2565 pueri,
283 2530 313 2556 in
334 2529 433 2565 quibus
447 2535 476 2556 vt
491 2529 519 2555 in
530 2529 644 2564 speculis
662 2535 756 2555 natura
769 2529 897 2556 cernitur.
1006 2530 1122 2557 Terent.

41 2565 118 2599 fEun.
128 2575 149 2600 ι,
164 2575 184 2598 1,
195 2574 224 2599 32
260 2565 358 2600 Neque
373 2571 561 2600 praeterquam
579 2573 643 2600 quas
656 2565 712 2600 ipse
726 2573 803 2592 amor
817 2564 950 2592 molestias
963 2565 1063 2598 habet,-
1080 2567 1122 2593 ad·
1136 2571 1168 2602 6,-
1187 2567 1228 2592 vel
1246 2566 1355 2601 insigne.

15 2620 17 2622 -
51 2602 106 2630 das.
188 2631 194 2633 ,
215 2600 281 2629 Plin.
296 2607 321 2634 8,
341 2609 372 2634 25

24 2666 25 2669 Ἴ
49 2643 239 2674 praeterquam
257 2637 274 2663 fi
291 2637 407 2664 humore
420 2637 534 2664 madeat.

45 2674 160 2711 semper:
239 2673 310 2700 Gell.
320 2682 355 2706 ις,
371 2682 380 2700 ι
417 2673 622 2700 Declamauerat
635 2674 768 2700 Antonius
783 2674 903 2700 lulianus
919 2673 1028 2707 rhetor,
1049 2684 1122 2709 prae-

51 2716 175 2743 terquam
190 2709 295 2743 semper
307 2709 386 2740 alias,
405 2715 463 2736 tum
477 2718 544 2736 vero
559 2709 703 2736 minimum
719 2718 799 2744 quam
820 2709 1017 2736 delectabiliter
1038 2717 1064 2737 et
1084 2711 1122 2738 fe-

52 2745 150 2773 liciter.
257 2744 326 2771 Cels.
336 2754 355 2777 1,
369 2753 386 2777 9

51 2782 85 2815 ti,
105 2781 188 2808 etiam
205 2779 342 2807 stomacho
355 2780 471 2815 prodestz
508 2784 527 2808 i.
548 2783 608 2808 Non
621 2787 719 2808 tantum
732 2781 883 2818 σφῆς-μά
899 2785 986 2815 etiam,
1000 2784 1038 2809 uel
1047 2791 1122 2818 prae-

45 2816 166 2854 ‘terquam
179 2817 245 2853 quod
261 2819 342 2853 capiti
355 2815 467 2852 prodest.
595 2817 658 2844 Liu.
672 2827 701 2851 4,
720 2825 750 2852 17
785 2818 855 2844 Cum
870 2818 1030 2845 Veientibus
1046 2820 1122 2846 Fide-

50 2853 213 2888 natibusque
227 2859 414 2888 praeterquam
427 2851 534 2887 populis
549 2852 689 2885 finitimis,
715 2853 749 2881 ab
764 2855 840 2881 causa
856 2855 937 2882 etiam
950 2860 1003 2882 tam
1018 2856 1121 2883 nefaria

50 2889 154 2919 bellum
168 2889 282 2922 exorsis,
302 2895 379 2916 atrox
393 2888 533 2915 dimicatio
547 2889 669 2916 instabat.
718 2914 721 2915 .

22 2946 24 2948 >
86 2932 190 2954 PRAE
203 2927 416 2957 TERRA'DO,
436 2924 501 2957 rasi,
519 2926 574 2952 ere.
629 2925 797 2960 [παραξύω]

32 2992 34 2994 ,
54 2964 84 2990 in
103 2961 221 2996 tranfitu.
314 2962 420 2988 Lucret.
433 2970 467 2995 4,
482 2969 521 2994 53¹
559 2961 736 2988 Praeterradit
754 2962 826 2989 enim
845 2972 898 2989 vox
925 2963 1013 2990 fauces
1034 2964 1119 2997 saepe.

35 2994 159 3036 ‘Legitpr
171 3004 196 3024 et
208 2998 345 3025 Praeterea
359 2997 430 3024 radit
445 3006 508 3030 vox,
522 3003 570 3024 etc.
622 2998 671 3026 Sed
680 2996 777 3025 ‘retium
790 3000 974 3034 praeterradit.
1011 2999 1122 3025 vid.Lu-

52 3033 134 3066 donia.
149 3033 248 3070 ersoll.
269 3035 358 3060 Vacat.
373 3035 493 3060 Autumn.
507 3041 531 3065 3,
545 3039 568 3063 8.
818 3061 821 3063 .

58 3075 59 3079 ¹
86 3076 129 3097 PR
139 3077 161 3097 Α
170 3077 187 3097 E
197 3076 218 3096 T
227 3077 243 3097 Ε
252 3077 270 3097 R
281 3077 294 3097 s
303 3077 324 3096 v
332 3077 368 3102 M,
383 3069 440 3096 effe.
477 3069 579 3106 Abfizm.
651 3069 772 3097 Tertull.
787 3070 900 3106 Apolog.
909 3080 931 3098 e.
939 3075 966 3104 38
1002 3070 1066 3106 Ipfis
1079 3079 1120 3098 re-

70 3105 150 3139 un‚de
163 3106 262 3142 quibus
275 3105 456 3140 transiguntur
468 3105 623 3140 spectacula,
641 3106 845 3140 praetersumus.

87 3149 105 3169 P
115 3148 134 3168 R
147 3149 169 3170 A
178 3149 194 3169 E
205 3149 227 3168 Τ
237 3150 254 3170 Ε
263 3150 282 3170 R
291 3149 312 3168 v
322 3140 340 3169 1}
350 3149 409 3177 HQ,
425 3143 498 3175 vexi,
512 3142 631 3174 veelum,
645 3144 699 3169 ere.
737 3143 749 3176 [
762 3143 901 3179 παρελαύνω
917 3145 928 3176 ]
969 3144 1066 3176 Trans,
1081 3145 1123 3171 vel

107 3188 124 3205 a
135 3179 231 3206 vehere.
321 3179 464 3205 Cic.Verr.
474 3187 497 3211 ς,
511 3184 543 3213 87
579 3178 703 3205 Tamdiu
718 3178 746 3205 in
760 3179 876 3214 imperio
892 3180 939 3205 suo
954 3179 1053 3206 class'em
1071 3180 1119 3207 isse

50 3225 54 3249 ⁴.
87 3219 161 3241 actor
173 3214 286 3250 diligent
298 3214 369 3241 vidit
380 3234 387 3245 ,
415 3215 542 3249 quamdiu
558 3215 718 3241 conuiuium
732 3215 789 3242 eius
804 3215 1028 3251 flagitiolissimum
1045 3225 1118 3250 prae-

54 3249 171 3275 terueeta
183 3250 228 3278 est.
300 3250 340 3278 ld.
354 3251 386 3278 de
400 3251 490 3278 Finib.
501 3259 521 3284 ς,
537 3259 573 3284 49
591 3260 613 3277 c.
624 3256 649 3281 18
685 3251 783 3285 Neque
798 3253 870 3279 enim
885 3261 981 3279 vocum
1004 3253 1118 3279 [inanita-

408 2601 545 2635 Tergoris
561 2601 596 2628 ad
614 2602 701 2631 scuta,
734 2601 874 2636 galeasque
898 2602 1123 2636 impenetrabilis,

556 2636 563 2649 ⁸
643 2638 833 2673 Praeterquam
849 2638 960 2672 semper,
976 2646 1026 2673 pro
1041 2640 1123 2674 Quum

54 3317 163 3350 solitae,
182 3321 230 3356 qui
248 3321 532 3357 praeteruehebantur:
568 3323 613 3350 sed
633 3323 695 3358 quia
714 3323 798 3350 multa
817 3325 842 3352 se
857 3325 937 3357 scire,
959 3324 1118 3357 profiteban-

53 3359 109 3395 tur.
142 3354 172 3381 de
191 3356 302 3385 Sirmium
322 3358 458 3386 cantibus.-
573 3359 661 3387 Claslis
680 3361 859 3395 praeterueFta
880 3360 1040 3387 continentis
1060 3371 1120 3389 oras

52 3390 116 3431 Liu..
132 3399 170 3426 22,
189 3400 231 3419 20.
308 3410 314 3415 ·
347 3394 443 3421 Litora
466 3396 664 3429 praeter-uetitus
687 3396 763 3431 aquis
801 3397 863 3424 Stat.
883 3396 975 3423 Theb.
998 3407 1028 3432 ς,
1055 3406 1116 3432 473.

53 3426 310 3489 Osttabpraeteruehi
346 3430 445 3465 Virgil.
460 3431 562 3464 Aen.4,
577 3434 633 3463 688.
743 3433 958 3463 Praeteruehere‚
977 3440 1026 3469 pro
1041 3435 1121 3462 Prae..

38 3469 158 3490 ‘lernau

53 3498 203 3529 teruehens‚
227 3499 296 3534 apud
310 3501 526 3535 Hierosolymam
539 3511 594 3530 non
605 3505 776 3540 supplicasset,
798 3505 969 3533 collaudauit.
1076 3505 1115 3533 ld.

52 3535 128 3562 Caes.
149 3542 216 3575 1:337
232 3572 237 3575 η
256 3535 407 3572 Triumphi
434 3537 479 3564 die
498 3537 645 3567 Velabrum
668 3541 881 3576 praeteruehens.
999 3542 1031 3567 Ee
1051 3550 1072 3567 c.
1089 3548 1117 3572 78

47 3570 183 3598 subsellia
204 3570 361 3606 tribunicia,
370 3573 583 3607 praeteruehens.
700 3577 762 3605 Liu.
773 3586 817 3612 22,
838 3587 874 3612 49
910 3577 1117 3604 Praeteruehens

47 3614 134 3642 equo.
239 3608 423 3636 Praeterueeta
440 3610 561 3644 scopulos
575 3611 681 3645 oratio,
701 3619 750 3649 per
766 3616 971 3644 translationem,
991 3619 1040 3648 pro
1055 3613 1115 3649 Dif-

45 3641 163 3679 ficiliora
182 3644 318 3679 explicauir
327 3663 334 3674 ,
353 3651 377 3671 et
384 3649 526 3680 percurrit.

52 3678 127 3705 niam
146 3679 274 3706 emersisse
292 3679 345 3706 iam
365 3689 380 3706 e
399 3680 490 3714 vadis,
523 3687 550 3708 ct
569 3681 689 3716 scopulos
708 3687 887 3718 praeteruec‘la
900 3684 1006 3712 videtur
1025 3686 1115 3713 oratio

15 3730 18 3739 .
47 3722 129 3745 mea,
152 3715 286 3750 perfacilis
304 3714 374 3743 mihi
391 3717 512 3752 reliquus
525 3717 615 3744 cursus
636 3718 793 3747 ostenditur.
910 3721 949 3748 Id.
967 3730 1016 3754 pro
1030 3722 1113 3749 Corn.

52 3749 127 3778 Balb.
136 3759 155 3784 4
167 3760 189 3778 c.
199 3760 209 3778 ι
245 3752 350 3779 Etenim
364 3752 390 3778 ei
404 3751 514 3779 succedo
531 3753 661 3787 orationi,
685 3763 752 3789 quae
764 3765 818 3784 non
831 3756 1012 3793 praeterite&a
1027 3757 1062 3784 sit
1070 3766 1116 3784 au-

12 3812 13 3815 ,
55 3788 98 3812 r'es
112 3785 224 3819 vestras,
242 3787 287 3814 sed
301 3788 329 3815 in
342 3788 447 3815 animis
458 3788 581 3815 omnium
595 3791 699 3824 penitus
711 3791 847 3821 insederit.
963 3793 1115 3821 Praeterue-

55 3820 120 3848 here
134 3821 236 3857 aliquid
251 3823 370 3856 silenti03
407 3824 471 3851 idem
484 3825 551 3859 quod
563 3827 703 3853 Praeterire
710 3825 819 3860 silentio.

55 3861 70 3888 8
87 3865 130 3897 ⁶23
167 3858 262 3890 Magna
279 3861 323 3894 spe
340 3860 480 3895 ingredior
499 3860 528 3887 in
547 3860 680 3896 reliquam
701 3863 866 3899 orationem,
899 3865 926 3892 P.
939 3865 970 3892 C.
985 3874 1114 3901 quomam

50 3892 298 3929 >periculol'illimum
312 3897 401 3924 locum
417 3896 522 3924 filentio
541 3897 597 3923 sum
610 3899 816 3932 praeterite&us.

90 3934 106 3954 Ρ
115 3934 133 3954 R
145 3934 166 3954 Α
176 3934 327 3959 ETERVE
336 3939 354 3960 C
366 3939 387 3959 T
397 3941 406 3960 Ι
416 3940 446 3966 0,
461 3932 531 3960 ouis.
553 3933 574 3960 f.
632 3934 793 3967 Cic.Verr.3,
801 3943 848 3972 170
864 3946 885 3964 c.
894 3939 1001 3964 66extr.
1018 3937 1114 3964 Monu-

53 3970 174 3990 mentum
189 3964 292 3992 sceleris
306 3968 485 4005 audaciaeque
499 3969 661 3996 suae'voluit
674 3970 724 3996 effe
735 3970 764 3996 in
778 3973 916 4008 conspeti‘tu
926 3972 1027 4005 Italiae,
1036 3972 1114 4001 vesti-

1183 2893 1293 2920 Porcius
1312 2894 1380 2920 Cato
1401 2892 1459 2926 plus
1480 2891 1603 2917 moribus
1623 2890 1675 2916 suis
1698 2896 1839 2924 praeturae
1860 2888 1966 2917 decoris
1986 2890 2150 2924 adieetunzs,

854 2926 922 2954 Idem
939 2927 1008 2963 quod
1024 2927 1121 2955 Radere
1138 2935 1170 2962 73
1183 2933 1322 2963 praetexto
1342 2929 1400 2953 eius
1415 2926 1562 2962 splendoris
1584 2926 1638 2961 ipse
1660 2926 1770 2953 laturus.

1200 3260 1313 3279 raetexta
1350 3254 1432 3279 ueriti.

56 3287 83 3309 te
98 3284 239 3319 videntur,
258 3292 304 3314 aut
319 3287 440 3313 nouitate
461 3287 576 3322 quadam
599 3293 624 3314 et
639 3287 770 3314 varietate
789 3288 910 3316 cantandi
923 3297 1052 3315 reuocare
1071 3298 1117 3316 eos
1135 3292 1164 3321 83
1178 3259 1285 3316 iuuatur
1304 3260 1360 3316 Cili:
1375 3289 1407 3315 de
1416 3288 1500 3316 Amic.
1515 3298 1537 3316 c.
1548 3298 1584 3316 ιε),

1180 3733 1239 3750 nore
1259 3723 1343 3759 usiam,
1366 3723 1411 3756 qui
1429 3723 1469 3746 ius
1481 3725 1630 3755 praetextae
1649 3717 1731 3745 daret.

1178 3763 1283 3786 coniicit
1303 3758 1394 3792 Scalig.

1180 3796 1228 3830 qui
1243 3795 1322 3821 funus
1336 3791 1460 3819 faciebat.

1178 3840 1210 3858 co
1230 3830 1338 3863 publico
1359 3827 1435 3854 ludos
1455 3827 1578 3855 faciebat.
2219 3857 2225 3861 Ι

1177 3874 1263 3894 textae
1285 3865 1325 3892 ius
1345 3864 1435 3891 datum
1451 3863 1487 3889 est
1501 3863 1565 3890 item
1581 3862 1741 3890 Consulibus
1761 3867 1788 3888 et
1803 3860 1971 3888 Praetoribus
1985 3867 2046 3886 vota
2066 3864 2239 3891 nuncupanti-

1177 3903 1227 3930 bus
1247 3908 1293 3928 etc.
2131 3928 2135 3932 ἑ

1176 3939 1291 3972 Philipp.
1301 3944 1323 3967 2,
1338 3944 1378 3962 uo
1397 3935 1426 3961 de
1440 3935 1610 3967 senatoribus,
1645 3933 1748 3965 Nescis,
1769 3932 1827 3960 heri
1843 3940 1966 3968 quartum
1980 3932 2006 3956 in
2022 3929 2093 3955 circo
2110 3928 2181 3968 d1em
2196 3929 2236 3954 lu-

1177 3974 1275 4001 dorum
1296 3973 1481 3999 Romanorum
1502 3972 1595 3998 fuisse?
1631 3976 1656 3996 te
1677 3975 1765 3996 autem
1785 3970 1870 4003 iprum
1891 3968 1922 3995 ad
1938 3965 2064 4001 populum
2079 3964 2179 3996 uniisse,
2204 3969 2234 3990 vt

912 3828 952 3855 Id.
962 3828 1077 3870 Philipp.
1087 3838 1114 3865 7,
1121 3836 1169 3856 ¹00

1190 2422 1283 2449 Tacit.
1299 2422 1400 2448 Histor.
1416 2430 1434 2451 r,
1449 2429 1490 2456 77,
1503 2430 1519 2447 2
1556 2422 1695 2448 Praetextu
1708 2421 1807 2447 vereris
1826 2422 1970 2449 amicitiae.
2007 2424 2077 2458 conj.
2099 2423 2168 2451 Ibid.
2180 2434 2199 2456 1,
2215 2428 2261 2460 76,

1211 2479 1218 2486 .
1325 2458 1462 2493 Agitatum
1482 2458 1581 2484 secreto
1594 2466 1659 2484 num
1674 2457 1734 2484 Piso
1750 2456 1973 2492 proficisceretur,
1993 2459 2098 2486 maiore
2111 2468 2261 2495 praetextu,

1186 2497 1204 2522 i.
1219 2494 1362 2531 splendore,
1384 2494 1510 2530 dignitate
1546 2494 1586 2520 Id.
1601 2492 1668 2521 ibid.
1680 2502 1699 2524 1,
1713 2500 1751 2526 19,
1761 2502 1789 2526 4.

1224 2537 1240 2556 P
1249 2538 1267 2556 R
1280 2538 1302 2557 A
1314 2537 1327 2556 ι·
1341 2537 1364 2557 T
1375 2538 1392 2558 E
1403 2538 1422 2558 x
1432 2537 1452 2556 T
1462 2537 1482 2556 v
1490 2537 1514 2556 M
1524 2550 1533 2563 ,
1564 2533 1639 2557 etiam
1659 2536 1746 2556 neutro
1759 2538 1846 2565 genere
1861 2528 1966 2561 dicitur,
1977 2537 2060 2566 nempe
2072 2530 2262 2560 vestimentum

1447 2567 1555 2595 Sueton.
1570 2566 1642 2593 Caes.
1663 2574 1724 2598 c.30
1762 2566 1793 2592 Et
1814 2572 1979 2603 praetextum
2001 2567 2111 2601 quidem
2133 2567 2174 2595 illi
2191 2569 2259 2595 ciui-

1188 2602 1255 2629 lium
1271 2611 1411 2629 armorum
1428 2602 1479 2630 hoc
1494 2603 1563 2629 fuit:
1600 2602 1687 2628 causas
1701 2607 1791 2628 autem
1807 2601 1870 2628 alias
1885 2602 1963 2629 fuisse
1974 2603 2056 2636 opina
2067 2609 2122 2630 *tur
2135 2610 2180 2630 etc.
2203 2605 2257 2632 vid.

1187 2637 1360 2675 Cafhubon.p.
1372 2647 1410 2669 25.
1446 2639 1517 2675 conf.
1531 2639 1624 2665 Tacit.
1635 2638 1736 2664 l-listor.
1747 2647 1767 2669 2,
1787 2646 1839 2671 ¹00,
1853 2647 1880 2671 4.
1982 2639 2148 2666 Praetextum
2163 2639 2258 2668 trium-

1188 2674 1235 2710 phi
1247 2682 1296 2710 pro
1309 2674 1451 2712 Insignibus
1468 2675 1592 2710 triumphi
1605 2673 1693 2708 dixiffi
1729 2674 1818 2701 Valer.
1831 2675 1902 2701 Max.
1912 2681 1936 2708 7,
1946 2682 1980 2704 1,1
2002 2674 2140 2710 obstruamt
2154 2676 2257 2713 Salmas:

1186 2710 1220 2738 ad
1233 2711 1340 2746 Vopisc.
1355 2720 1449 2746 p.4o,·.
1555 2711 1643 2738 Valer.
1661 2712 1732 2738 Max.
1747 2719 1770 2741 z,
1785 2719 1813 2736 10
1828 2718 1870 2746 pr.
1891 2710 1920 2735 de
1937 2709 2062 2743 maiestate
2077 2721 2084 2735 :
2133 2712 2217 2739 Grato
2231 2718 2258 2740 et

422 2745 500 2779 Aqua
521 2754 588 2772 vero
606 2745 707 2781 frigida
724 2745 828 2778 infusa,
846 2752 1030 2781 praeterquam
1051 2749 1120 2782 capi·
1135 2759 1170 2786 70
1186 2747 1306 2774 iucundo
1323 2747 1437 2775 introitu
1457 2747 1554 2774 animis
1582 2747 1724 2774 hominum
1754 2746 1877 2773 illabitur
1904 2744 2092 2775 admirationis
2119 2753 2257 2782 praetexto

1185 2784 1280 2811 velata.

1186 2827 1215 2855 71
1254 2819 1298 2847 vbi
1319 2819 1531 2855 pulcherrimum
1553 2819 1678 2853 Reipubl.
1691 2825 1856 2852 praetextum
1878 2817 1920 2852 (i.
1935 2826 2105 2845 ornamentum
2118 2829 2149 2846 ac
2160 2821 2256 2856 dms)

1184 2856 1337 2891 optimates,
1362 2866 1417 2883 vno
1431 2856 1534 2891 praelio
1557 2854 1776 2889 profligabantur.
1891 2853 1979 2880 Valer.
1992 2855 2063 2881 Max.
2073 2863 2100 2890 7,
2120 2865 2143 2889 ς,
2163 2858 2181 2882 6
2215 2859 2255 2884 M.

1335 2784 1376 2811 Sic
1392 2787 1481 2825 oprimi
1495 2787 1584 2820 quique
1599 2783 1674 2814 libani,
1690 2784 1812 2818 probante
1825 2784 1899 2808 etiam
1912 2782 2068 2809 Gronou:ad
2079 2783 2167 2810 Senec.
2179 2785 2258 2820 Epist.

2193 2901 2254 2919 uam

1879 2925 1918 2952 ld.
1931 2934 1958 2961 7,
1972 2936 1992 2959 3,
2006 2932 2019 2957 8
2057 2927 2130 2960 Qud
2149 2902 2195 2954 ἰΗῖι
2209 2937 2254 2954 ne.

1183 2963 1295 2990 ceffitate
1309 2963 1447 2995 miserius,
1477 2971 1544 2998 quae
1563 2962 1747 2997 magistratum
1768 2961 1865 2997 Populi
1881 2963 1993 2989 Roman.
2015 2962 2121 2989 abieelo
2140 2962 2254 2991 honoris

1185 3004 1341 3034 praetexto,
1374 2999 1542 3034 alienigenae
1561 2998 1702 3034 religionis
1722 2998 1891 3025 obscuratum
1913 2998 2076 3033 insignibus,
2095 3008 2142 3033 per
2156 3000 2252 3028 vrbem

1506 3035 1649 3067 Manil.131
1686 3034 1809 3061 Honoris
1828 3034 1974 3065 Conditio,
2001 3040 2027 3060 et
2043 3033 2131 3061 famae
2145 3037 2252 3069 modus,

1691 3072 1732 3098 Sic
1751 3071 1805 3097 MS.
1818 3071 1886 3106 apud
1903 3071 2011 3096 Gronou.
2026 3070 2044 3096 l.
2057 3080 2078 3097 c.
2114 3072 2184 3107 conf.
2199 3073 2250 3100 Ru·
2288 3085 2289 3090 ¹

1186 3035 1255 3062 iuffit
1271 3034 1404 3062 incedere.

1185 3077 1212 3098 et
1234 3071 1352 3107 specioso
1372 3071 1465 3098 Gratia
1485 3077 1634 3105 praetexto.

1135 3113 1168 3139 80
1178 3114 1248 3144 pere.
1262 3106 1395 3142 Dtſjkrtat.
1408 3107 1443 3134 ad
1455 3107 1542 3134 Valer.
1558 3108 1666 3142 Max.7,
1678 3116 1690 3140 3
1709 3116 1732 3142 p.
1743 3116 1806 3140 442.

1220 3151 1235 3170 P
1245 3152 1264 3171 R
1274 3152 1295 3172 Α
1304 3152 1321 3171 Ε
1331 3151 1352 3170 T
1366 3150 1382 3170 Ε
1393 3152 1410 3171 x
1420 3150 1441 3169 T
1452 3151 1483 3176 A,
1498 3153 1538 3170 ae.
1563 3143 1584 3170 f.
1627 3143 1833 3179 [περιπόρφυρος]
1869 3138 2026 3174 Substantias
2041 3141 2067 3177 s
2076 3149 2124 3177 per
2138 3141 2250 3177 ellipsin:

1183 3178 1216 3214 est
1231 3184 1294 3208 enim
1308 3181 1446 3207 Praetexta
1455 3187 1583 3216 purpureo
1593 3179 1667 3207 limbo
1678 3186 1749 3214 toga,
1774 3187 1821 3213 qua
1836 3180 1911 3212 pueri
1923 3178 2057 3203 utebantur
2071 3187 2146 3213 mque
2157 3177 2193 3204 ad
2205 3187 2250 3205 an—

1183 3226 1240 3243 num
1254 3217 1372 3244 decimum
1381 3217 1533 3253 septimum:
1568 3225 1615 3253 quo
1629 3223 1735 3252 tempore
1749 3221 1837 3248 togam
1853 3212 1962 3239 virilem
1970 3213 2117 3249 struebant,
2140 3213 2248 3249 depofita

1505 3253 1653 3280 Puerorum
1674 3259 1776 3277 amores
1796 3250 1870 3283 saepe
1895 3258 1954 3275 cum
1976 3249 2029 3283 ipsa
2048 3255 2183 3283 praetexta
2203 3259 2249 3283 po—

1623 3290 1710 3314 Locum
1726 3286 1835 3319 Liu.34,
1850 3294 1866 3320 7
1886 3294 1941 3311 mox
1954 3284 2074 3310 dubanus.
2169 3286 2246 3319 Apud

1183 3326 1305 3353 Etruscos
1320 3325 1454 3359 originem
1473 3325 1578 3352 inuenit
1613 3323 1680 3349 Plin.
1695 3327 1719 3354 8,
1736 3326 1778 3355 48.
1895 3321 1980 3347 Lucil.
2002 3321 2070 3348 Sat.1
2090 3321 2158 3357 apud
2171 3322 2246 3350 Non.

1186 3371 1225 3395 14,
1245 3371 1255 3389 1
1294 3363 1445 3389 Praetextae
1465 3370 1493 3388 ac
1513 3361 1618 3389 tunicae
1637 3359 1773 3391 Lydorum
1794 3365 1860 3391 opus
1881 3356 2018 3384 sordidum
2041 3366 2130 3384 omne.
2175 3358 2246 3386 Add.

1182 3398 1254 3424 Flor.
1269 3407 1290 3431 1,
1304 3406 1326 3432 ς,
1340 3400 1365 3425 6.
1442 3399 1500 3424 Fuit
1513 3403 1592 3424 autem
1601 3400 1736 3431 praetexta
1749 3400 1882 3431 puerorum
1894 3396 2066 3429 ingenuorum.
2141 3393 2199 3421 Cic.
2217 3394 2248 3422 in

1182 3435 1269 3461 Pison.
1284 3439 1297 3464 8
1334 3436 1386 3469 Qi.
1400 3434 1524 3461 Metellus
1540 3431 1685 3466 designatus
1704 3429 1809 3459 consul,
1836 3437 1919 3463 quum
1939 3429 2048 3464 quidem
2066 3428 2190 3456 tribunus
2209 3430 2245 3465 pl,

206 3492 210 3496 .
224 3464 227 3465 ⁷
248 3464 356 3492 Sueton.
371 3466 479 3502 August.
494 3475 516 3492 c.
524 3475 556 3499 93
590 3469 622 3495 C.
637 3469 788 3504 Nepotem,
808 3470 879 3505 quod
902 3469 1024 3496 Iudaeam
1044 3478 1117 3504 prae·
1129 3478 1165 3502 90
1182 3471 1229 3497 suo
1245 3470 1349 3497 auxilio
1364 3470 1505 3505 magistros
1519 3468 1596 3494 ludos
1612 3475 1702 3493 contra
1717 3461 1813 3492 senum
1828 3465 1914 3491 facere
1928 3465 2046 3491 iussiss'ct.
2066 3467 2185 3499 priuatus
2198 3467 2256 3494 fie-

1181 3515 1206 3533 ri
1228 3512 1323 3533 vetuit.

1397 3522 1441 3526 -
1462 3506 1526 3537 Tu,
1561 3513 1644 3538 quum
1666 3509 1714 3529 111
1732 3500 1851 3528 calendas
1873 3501 1976 3528 Ianuar.
1996 3501 2243 3536 compitaliciorum

1182 3542 1239 3569 dies
1253 3542 1421 3573 incidissent,
1447 3542 1505 3567 Sex.
1520 3539 1664 3570 Clodium,
1685 3538 1732 3572 qui
1747 3545 1882 3571 nunquam
1895 3544 1970 3564 antea
1985 3544 2163 3571 praetextatus
2179 3539 2245 3565 fuis-

1181 3579 1234 3609 set,
1259 3578 1336 3605 ludos
1356 3580 1459 3609 facere,
1483 3581 1510 3603 et
1531 3580 1722 3611 praetextatum
1743 3573 1858 3600 volitare
1872 3574 1953 3607 passus
1974 3582 2017 3604 cs;
2054 3574 2143 3608 quibus
2159 3576 2243 3600 verbis

1181 3614 1325 3642 Paedianus
1344 3616 1402 3642 baec
1412 3614 1564 3653 subiici-Qu,
1594 3610 1718 3638 Solebam
1733 3609 1852 3644 magistri
1867 3608 2043 3643 collegiorum
2056 3609 2132 3636 ludos
2147 3610 2192 3636 fac
2205 3619 2244 3642 re,

616 3647 671 3682 Cis·
689 3657 739 3682 pro
756 3650 827 3677 Cael.
844 3660 867 3684 51
884 3659 904 3676 c.
914 3658 941 3676 21
979 3648 1028 3675 Sed
1048 3659 1114 3684 quo·
1130 3651 1162 3677 95
1180 3650 1316 3678 faciebant
1338 3649 1533 3684 compitalicios
1559 3646 1726 3682 praetextati.

1179 3687 1268 3714 fuisset
1281 3687 1387 3717 indicat,
1414 3685 1512 3712 Sextum
1527 3683 1637 3710 Clodtum
1654 3682 1719 3708 nullo
1735 3688 1808 3708 antea
1821 3679 2107 3717 magtflratufunfium,
2123 3683 2187 3708 mallo
2200 3682 2242 3706 ho-

1812 3644 1880 3671 land
1903 3653 2038 3680 nunquam
2065 3652 2242 3680 praethtatus

1775 3716 1876 3745 Festus.
1904 3724 1933 3743 vt
1949 3727 1960 3743 e
1975 3715 2241 3754 .·qsl1'g1itfi·»·ipturaae

1469 3756 1604 3782 Praetexta
1625 3753 1712 3789 pulla,
1752 3753 1821 3779 nulli
1841 3752 1884 3778 alii
1901 3753 2000 3780 licebat
2014 3754 2069 3783 vti,
2109 3761 2184 3787 quam
2205 3751 2239 3781 ei,

1517 3790 1592 3818 Idem
1607 3791 1647 3818 ius
1663 3789 1830 3824 magistratus
1843 3788 1972 3818 habebat,
1993 3790 2038 3823 qui
2055 3790 2082 3815 in
2097 3789 2187 3821 aliquo
2200 3786 2238 3811 lo-

1651 3827 1721 3854 Nam
1744 3826 1765 3851 is
1786 3831 1918 3859 praetexta
1938 3826 2024 3852 vtitur
2165 3823 2239 3847 Prae-

1368 3899 1446 3926 Ludis
1460 3900 1587 3927 Senatores
1603 3908 1682 3925 omnes
1696 3897 1841 3923 Praetextis
1856 3898 1913 3933 usos
1922 3917 1930 3929 ,
1952 3897 2034 3923 docere
2051 3892 2151 3918 viderur
2177 3893 2235 3919 Cic.

51 3998 120 4027 ¹²¹¹¹0
134 3999 241 4027 Sieillae
253 4006 483 4034 praeterueeiione
495 4005 628 4039 omnium,
643 4005 691 4041 qui
704 4005 777 4034 vltro
789 4007 912 4045 citroque
924 4009 1091 4045 nauigarent.
1121 4018 1166 4044 ¹05
1176 4011 1286 4046 quintus
1304 4013 1440 4044 praeterea
1454 4007 1509 4034 dies
1523 4005 1630 4035 Caesari
1641 4005 1824 4034 tribueretur?
1859 4013 1906 4031 cur
1918 4010 1974 4029 non
1986 4001 2073 4026 sumus
2086 4005 2234 4035 praetexta-

213 4041 298 4063 νοι..
335 4038 399 4067 111.

1374 4046 1391 4070 6
1412 4044 1450 4076 Q
2191 4035 2232 4061 ti?

1761 1594 1860 1630 Virgil.
1882 1595 1948 1622 Aen.
1957 1605 1985 1629 4,
2006 1605 2056 1629 500
2092 1598 2157 1624 Non
2175 1605 2266 1626 tamen
2304 1602 2309 1608 ¹
