2517 4231
30 208 34 218 '
53 216 138 256 1017
453 207 483 249 P
536 208 569 250 R
623 210 664 250 A
717 208 751 250 E

53 295 186 331 Impedire.
223 296 292 325 Ter.
303 295 401 325 Heaut.
418 307 440 331 3,
453 307 472 331 1,
489 308 530 327 101
559 299 600 327 An
613 308 647 327 eo
661 298 707 332 fit,
721 298 784 333 quia
804 297 832 324 in
846 304 876 324 re
889 295 976 324 nostra
990 303 1034 325 aut
1047 307 1110 333 gau·

55 329 102 359 clio
115 332 203 359 sumus
216 331 365 368 praepediti
377 334 476 369 nimio,
492 341 538 363 aut
550 336 737 372 aegritudine?
766 333 935 367 Praepeditus
948 334 1027 361 latera
1041 335 1108 362 forti

54 366 146 400 ferro,
165 368 233 404 apud
242 369 324 396 Plaut.
336 369 366 396 in
379 371 461 398 Poen.
475 381 504 407 4,
517 380 540 405 2,
553 374 579 399 6.
634 372 696 398 Liu.
715 375 740 402 8,
757 374 786 402 38
798 376 863 396 extr.
892 370 953 396 Sine
969 371 1051 398 modo
1068 371 1109 397 in-

54 402 116 438 quit
129 404 182 429 sese
194 403 291 438 praeda
305 406 486 441 praepediant.
528 408 602 435 Idem
614 414 643 441 9,
655 408 672 434 6
691 404 780 433 Pudor
792 406 986 440 praepediebat.
1048 408 1110 440 Qta

53 438 261 479 pracpediantur
277 442 337 469 soni
364 444 426 470 Ace.
444 443 514 481 apud
525 444 599 471 Non.
613 451 640 476 z,
653 446 705 481 583-

53 473 192 502 vacillanti
205 476 310 504 Lucret.
325 488 348 512 3,
361 486 427 514 477.
500 479 614 506 Lumina
633 475 782 504 luminibus
800 478 1010 513 praepediuntur
1035 479 1110 505 Idem

52 517 78 544 Ξ,
91 512 145 543 365-
170 524 173 526 ·
212 512 335 541 Tremor
354 515 457 542 subitus
476 513 614 551 praepedit
626 513 678 540 ossa
697 513 779 540 Ouid.
792 513 872 548 Epist.
888 522 928 548 14,
944 519 979 545 18.
1052 514 1110 541 Cic.

37 553 104 610 ,ἓξ-ο
125 545 217 574 Rabir.
234 556 262 576 21
284 559 305 576 c.
325 557 343 585 7
381 551 527 579 Consedius
552 548 703 582 remonte,
731 550 900 584 praepeditus
927 550 1042 584 morbo,
1065 557 1111 577 etc.

85 587 156 609 entes
169 585 326 619 praepedire
342 586 440 615 timore
458 587 531 614 Hirt.
544 585 608 613 Bell.
623 585 699 620 Hisp.
714 595 736 612 c.
750 594 784 613 Ἳ.

89 623 190 646 PRAE
202 626 495 655 rEmMENTVM,
515 621 535 648 i.
576 630 603 649 n.
649 603 851 657 [ἕμποιῖισμός]

38 653 138 681 'Plane
152 656 233 684 Pocn.
247 666 271 690 3,
286 667 308 690 2,
321 664 353 690 28
374 660 418 687 Ne
430 657 550 686 fallaciae
565 658 814 693 praepedimentum
826 657 983 686 obiiciatur.
1018 657 1112 685 Sidon.

50 684 135 724 Epist.
149 691 177 726 7,
190 694 208 718 6
234 694 454 729 Praepedimento
466 693 548 721 alicui
558 695 616 721 effe.

90 731 371 763 PRAEPENDEO,
395 729 439 762 di,
466 730 539 762 sum,
567 734 620 757 ere.

51 760 176 790 Ancones
211 766 360 800 exsculptae
381 765 474 792 dextra
501 775 530 793 ac
556 766 658 793 sinistra
682 764 877 801 praependeant
912 765 1022 793 Vitruu.
1041 774 1068 799 4,
1088 767 1113 792 6.

47 797 173 826 Martial.
187 808 214 834 9,
228 809 260 835 50
275 803 333 835 (48)
351 801 514 837 Praependet
527 808 619 830 mento
634 810 682 828 nec
702 801 755 828 tibi
769 800 853 828 barba
866 800 967 828 minor.

51 833 118 860 Bell.
133 835 215 862 Ciuil.
233 845 256 870 2,
275 845 293 870 9
327 837 439 864 Circum
461 845 565 866 turrem
585 837 801 874 praependentes.
857 837 921 864 Item
940 836 1114 872 Tegumenta

47 871 234 906 :praependent
249 871 325 899 Idem
340 872 408 900 ibid.
423 882 449 906 2,
463 882 490 908 9.

93 912 109 932 1>
121 913 286 942 imerus,
306 909 365 937 etis.
404 910 467 937 Adi.
504 908 664 946 [ὠκυπέτης]
704 908 791 935 Velox.

50 942 104 968 106
114 943 301 977 'Praepetibus
321 945 432 980 pennis,
444 947 573 982 lapsuque
585 945 731 972 volantem.
751 944 788 971 Ex
802 944 889 970 Po'e'ta.

51 977 120 1012 petis
133 978 237 1013 plausus
251 980 313 1008 Stat.
327 981 422 1009 Theb.
437 991 461 1016 ε’,
475 991 516 1016 39.

48 1012 118 1040 Fast.
133 1016 158 1047 6,
171 1018 227 1048 196.
299 1017 366 1044 Auis
385 1019 442 1045 Cic.
456 1017 489 1045 de
503 1017 598 1045 Diuin.
612 1026 633 1050 1,
646 1019 702 1044 106.
773 1015 802 1042 Si
821 1014 916 1048 dinus,
942 1016 960 1042 fi
982 1015 1045 1043 diua
1063 1015 1114 1043 fibi

44 1054 205 1084 rpracpetem
222 1051 328 1081 misiffet
350 1053 412 1080 Liu.
425 1061 453 1089 7,
466 1056 506 1080 26.
528 1053 556 1080 de
574 1062 648 1080 coruo
667 1052 773 1080 Valerii.
846 1053 932 1078 Potiti,=
945 1049 979 1085 est
993 1052 1115 1088 saepenu-

44 1094 117 1112 mero
125 1107 134 1120 ,
151 1090 197 1122 qui
209 1097 225 1114 a
239 1089 343 1116 Graecis
355 1096 460 1117 vocatur
477 1089 565 1121 οἰωνδε,
585 1089 615 1116 id
631 1086 666 1123 qli
684 1090 741 1115 auis
757 1093 854 1123 rapax,
875 1094 905 1114 vt
916 1089 1001 1124 aquila
1014 1095 1037 1114 et
1049 1092 1115 1115 acci-

43 1124 134 1183 ξων,
151 1123 217 1158 quod
234 1126 319 1152 volatu
330 1126 442 1153 valeant.
498 1125 574 1160 Virg.
587 1127 654 1152 Aen.
667 1132 691 1158 ς,
706 1131 756 1165 254
783 1125 873 1158 Qlem
892 1133 1000 1159 praepes
1018 1124 1051 1151 ab
1066 1124 1115 1152 Ida

661 727 861 766 [προκρεμοίζω]
903 729 974 756 Ante
994 729 1112 766 pendere.

833 906 891 934 Cic.
912 906 946 934 de
969 907 1063 935 Diuin.
1091 917 1114 942 t,

961 943 1027 970 Alae
1040 953 1113 978 prae-

69 1157 200 1185 ublimcm
214 1161 303 1195 rapuit
316 1160 430 1196 pedibus
442 1161 514 1188 Iouis
533 1161 650 1195 armiger
662 1169 746 1187 vnc1s.
773 1162 793 1186 i.
816 1160 884 1186 Auis
901 1164 1045 1198 armigera:
1066 1160 1116 1197 sed
1132 1172 1165 1199 25

50 1199 77 1220 n
87 1196 116 1220 in
128 1196 237 1223 Marone
248 1203 346 1224 tamum
360 1201 443 1234 accipi
454 1204 479 1224 et
491 1200 582 1234 exponi
594 1195 677 1234 potest
688 1198 827 1234 Armiger,
847 1197 950 1224 Volans.
986 1198 1025 1224 At
1036 1198 1114 1225 multo

49 1230 148 1258 elarius
159 1234 198 1259 ita
211 1241 227 1259 a
239 1233 349 1260 Valerio
362 1234 500 1270 usurpatur
513 1238 536 1265 8,
556 1241 587 1266 32

179 1272 183 1274 “
206 1268 272 1295 Ecce
292 1276 382 1296 autem
402 1269 516 1305 pauidae
535 1269 620 1306 virgo>
634 1267 668 1295 de
688 1276 766 1295 more
786 1268 929 1296 columbae

208 1305 284 1338 Quae
302 1306 381 1341 super
399 1306 503 1341 ingenti
522 1305 685 1333 circumdata
705 1305 838 1340 praepetis
858 1305 956 1333 vmbra

208 1341 239 1367 In
260 1350 448 1378 quemcunque
467 1348 584 1370 tremens
602 1341 742 1368 hominem
763 1340 850 1375 cadit,
870 1348 917 1368 etc.

40 1373 150 1401 ·Nomen
172 1375 260 1404 babere
283 1377 403 1406 videntur
427 1379 566 1413 Praepetes
590 1387 607 1405 a
624 1377 790 1414 προπέτεσθαι,
817 1377 883 1414 quod
904 1374 939 1411 est*
954 1377 1113 1413 praeuolare.

41 1410 107 1436 >Hae
127 1420 185 1437 aues
203 1422 219 1439 a
236 1414 340 1441 Latinis
358 1415 471 1450 Magnae
491 1421 623 1441 vocantur.
678 1413 761 1440 Plaut.
774 1413 845 1440 Rud.
862 1422 885 1446 3,
905 1423 933 1447 4,
953 1416 985 1447 65
1011 1413 1113 1448 Teque

49 1444 408 1488 ambtistulaturnobiiciam
428 1451 531 1486 magnis
553 1450 649 1478 auibus
668 1448 806 1485 pabulum.

38 1483 135 1517 'inquit
147 1484 250 1520 Festus,
269 1487 380 1521 quidam
398 1487 453 1514 dici
470 1487 568 1520 aiunt,
589 1486 653 1522 quia
673 1485 815 1513 secundum
832 1486 981 1521 auspicium
1001 1486 1112 1512 faciunt.

49 1517 123 1550 Alii,
143 1521 217 1555 quod
237 1528 314 1550 antea
332 1532 413 1558 quam
432 1528 567 1559 petamus,
586 1521 721 1549 indicent:
745 1527 790 1548 aut
809 1522 884 1557 quod
904 1522 1113 1557 praeteruolent.

50 1555 107 1582 Aut
126 1564 159 1582 ex
178 1556 282 1585 Graeco
302 1559 418 1588 trao'uun
437 1565 551 1595 putant,
579 1558 652 1594 quod
679 1564 740 1585 ante
760 1558 931 1593 conspectum
950 1559 1043 1585 volent
1067 1567 1115 1584 no-

49 1590 149 1618 strum:
167 1592 256 1628 inepte
269 1595 384 1629 scilicet,
399 1605 431 1623 ex
449 1595 648 1630 Praepositione
661 1594 756 1621 Latina
773 1600 981 1629 componenteS,
995 1600 1020 1620 et
1034 1595 1116 1621 Grae-

50 1634 83 1653 co
103 1628 245 1657 vocabulo.
282 1632 426 1659 Caeterum
446 1633 545 1659 Poetae
566 1630 718 1666 promiscue
733 1639 826 1658 omnes
845 1639 907 1657 aues
921 1632 959 1657 ita
973 1630 1116 1665 appellant.

50 1663 150 1691 Cursus
162 1674 270 1701 praepes
285 1667 379 1695 Claud.
394 1669 423 1695 in
436 1667 534 1695 Ruffin.
551 1676 572 1701 1,
585 1669 646 1694 262.
714 1667 782 1693 Loci
796 1666 933 1708 praepetes
947 1667 1113 1702 metaphorice

0 1701 2 1707 ⁸
50 1698 173 1727 dicuntur
192 1702 223 1728 ab
236 1704 399 1740 Auguribus,
416 1705 482 1745 quod
498 1705 567 1731 velut
584 1711 658 1735 aues,
684 1711 754 1738 quae
773 1704 925 1737 prosperius
945 1702 1114 1737 praeuolant,
1122 1714 1160 1739 40

0 1743 1 1747 ¹
50 1742 188 1770 praepetes
202 1747 336 1773 vocantur,
347 1739 387 1775 fic
401 1740 469 1772 loci,
483 1749 551 1776 quos
564 1739 683 1773 capiunt,
697 1738 763 1774 quod
777 1738 868 1764 idonei
882 1738 1030 1772 felicessque
1038 1738 1112 1773 fluit.

50 1771 166 1806 Ennius,
192 1774 366 1809 Praepetibus
378 1776 477 1802 hilares
493 1777 560 1808 sese,
578 1774 752 1809 pulchrisque
769 1774 837 1799 locis
851 1773 921 1798 dant.
959 1775 1029 1798 Haec
1041 1772 1111 1798 Gell.

50 1809 78 1840 6,
91 1809 110 1834 6
128 1811 174 1845 qui
187 1810 277 1836 laudat
289 1814 363 1838 etiam
375 1812 456 1838 Ennii
475 1809 766 1843 Brundusiumpulcro
790 1807 975 1843 praecinetum
988 1813 1112 1841 praepete

47 1849 144 1878 portu,
168 1846 187 1871 i.
208 1845 303 1881 felici,
323 1847 418 1873 idoneo.
503 1846 611 1872 Subitae
637 1849 772 1879 praepetes
803 1843 885 1870 Ouid.
906 1843 972 1870 Met.
995 1851 1034 1875 13,
1053 1845 1112 1878 617.

48 1879 125 1914 Virg.
140 1880 207 1906 Aen.
221 1889 243 1912 3,
255 1883 304 1913 361.
327 1883 359 1908 Et
377 1881 509 1917 praepetis
527 1881 621 1908 omina
638 1889 749 1915 pennae.

47 1915 217 1950 exponensstc
228 1919 284 1943 ait:
310 1918 380 1945 Aues
393 1923 438 1945 aut
452 1918 555 1945 oscines
568 1919 641 1949 sunt,
654 1922 701 1943 aut
713 1922 859 1951 praepetes.

46 1949 139 1978 futura
154 1952 324 1986 praedicunt,
337 1954 372 1981 ab
386 1964 416 1981 os
429 1959 454 1980 et
468 1963 552 1981 cano:
591 1954 728 1987 Praepetes
736 1972 745 1985 ,
758 1952 850 1979 volatu
864 1950 1019 1987 significant.

47 1993 182 2021 praepetes
197 1994 243 2014 aut
261 1989 400 2023 superiora
419 1996 528 2022 tenent,
547 1995 573 2016 et
589 1994 725 2024 praepetes
738 1994 885 2020 vocantur,
904 1993 950 2014 aut
966 1987 1110 2019 inferiora,

46 2022 220 2049 et'd'icuntur
240 2023 352 2051 inserae.
390 2026 528 2059 Praepetes
549 2031 637 2051 autem
662 2023 742 2055 ideo,
763 2024 828 2058 quia
845 2031 939 2049 omnes
956 2031 1018 2048 aues
1036 2023 1110 2056 supe-

915 1916 1027 1942 Oscines
1036 1938 1044 1951 ‚
1061 1924 1111 1978 <prcel

1061 1970 1069 1977 .
1078 1960 1092 1977 e

47 2055 123 2084 riora
137 2063 231 2092 petunt
249 2060 379 2087 volantes.
415 2061 447 2086 In
467 2059 530 2086 illud
547 2068 606 2085 vero
619 2060 685 2086 Aen.
699 2062 726 2091 6,
742 2066 766 2091 13
787 2057 834 2090 lic,
856 2057 1028 2092 Praepetibus
1048 2066 1111 2092 pen·
1125 2071 1158 2097 50

41 2092 105 2124 nis,
126 2092 152 2119 h.
166 2102 191 2120 e.
212 2094 355 2123 Felicibus.
391 2096 526 2130 Praepetes
548 2096 622 2121 enim
642 2096 701 2122 sunt
722 2093 869 2121 auesboni
888 2093 1010 2128 augurii:
1036 2093 1110 2128 quod

47 2127 114 2155 huic
134 2129 192 2161 dat,
207 2131 270 2165 quia
288 2132 420 2166 peruenit.
457 2132 496 2158 De
515 2131 635 2158 Daedalo
654 2130 786 2165 loquitur.
829 2130 929 2157 Similia
948 2129 1017 2157 Gell.
1038 2132 1065 2162 6,
1083 2132 1108 2156 6.

47 2163 119 2192 Adae
134 2167 232 2193 Auson.
246 2167 336 2201 Epig‘t'e
353 2176 375 2200 1,
395 2176 420 2194 ω.
492 2167 617 2194 νὶᾶονὶει
635 2174 758 2202 praepes,
779 2169 797 2193 i.
821 2167 945 2192 Volucrir.
997 2166 1109 2193 Mattius

46 2200 115 2235 apud
127 2201 246 2228 Gellium
258 2205 285 2237 6,
302 2201 321 2230 6
339 2203 369 2230 in
387 2203 502 2231 secundo
514 2203 629 2235 Iliados,
648 2204 719 2231 Dum
739 2202 783 2229 dat
799 2202 920 2229 vincenti
937 2211 1047 2237 praepes
1069 2202 1110 2229 vi-

47 2236 137 2263 &oria
153 2238 280 2271 palmam.

85 2279 127 2299 PR
138 2280 159 2300 Α
169 2281 186 2300 Ε
196 2281 211 2300 Ρ
222 2273 313 2308 ἔΤΟ,
333 2274 372 2301 iui
382 2295 391 2308 ,
407 2278 476 2302 itum
485 2295 494 2309 ‚
512 2275 567 2301 ere.
604 2273 741 2310 [πρωίγω]
776 2273 859 2304 Ante,
880 2274 1004 2309 velprius
1012 2279 1109 2308 petere,

44 2307 76 2335 id
88 2306 122 2341 el}
136 2312 181 2336 ire.
218 2311 308 2338 Festus
320 2311 349 2337 in
357 2312 479 2346 Praepes:
502 2311 658 2345 Praepetere
671 2311 797 2337 dicebant
811 2316 913 2336 veteres
928 2318 977 2344 pro
985 2309 1108 2336 Anteire.

83 2351 208 2373 PRAEP
219 2355 228 2374 1
239 2345 392 2379 GN153R0,
409 2352 464 2374 are.
502 2348 598 2374 Partic.
617 2347 677 2384 vfiis
696 2345 730 2380 est
744 2345 879 2373 Ammian.
899 2354 944 2379 29,
961 2354 988 2373 12
1015 2345 1108 2373 Collo-

45 2381 118 2416 quiis
132 2384 351 2418 praepignoratus
363 2382 494 2416 abstrusis.

797 441 883 468 Crura
902 442 1112 477 praepediuntur
1134 445 1148 472 3

572 981 682 1008 Adunca
696 988 803 1016 praepes
817 979 907 1010 Iouis,
918 979 1014 1014 Aquila
1029 979 1112 1007 Ouid.
1124 993 1159 1012 20
1179 988 1218 1012 28.
1256 981 1330 1008 Idem
1345 983 1377 1008 de
1391 983 1451 1008 Inu.
1468 990 1477 1007 1
1492 991 1514 1009 c.
1528 991 1565 1015 3⁴.
1602 984 1677 1020 Conf.
1698 984 1735 1011 ib.
1750 986 1778 1017 63
1792 994 1814 1011 c.
1828 993 1865 1011 22.

1132 1352 1165 1377 30
1179 1342 1248 1369 iuste
1260 1342 1444 1377 sapienterque
1458 1342 1585 1377 disceptet
1599 1342 1673 1371 Idem
1685 1352 1735 1378 pro
1751 1344 1849 1372 Milon.
1863 1352 1902 1377 23.

878 1450 948 1476 Aues
968 1456 1115 1484 praepetes,
1136 1473 1137 1476 ,

807 1880 885 1915 ,Quem
904 1881 983 1906 Iocum
1002 1879 1112 1906 Seruius
1126 1886 1160 1913 45·
1177 1881 1299 1915 asperum
1334 1896 1381 1900 ———

1143 2249 1155 2275 ς
1175 2239 1311 2273 ciderant,
1331 2240 1416 2276 capite
1437 2240 1534 2275 punire
1555 2241 1627 2267 Suet.
1649 2241 1712 2268 Oth.
1733 2251 1754 2269 c.
1777 2251 1795 2268 1.

1577 209 1693 251 PR
1750 212 1866 254 AE
2143 232 2229 272 1018

1495 319 1502 326 .
1542 320 1550 329 .
1587 300 1748 336 Vbicunque
1772 309 1814 328 res
1833 301 1993 337 postulabat,
2013 310 2170 343 praesidium
2190 313 2229 342 est

1436 336 1603 372 l’racpofiui,
1622 344 1671 373 pro
1693 337 1837 374 Praeposui.
1880 338 1961 365 Plaut.
1981 344 2047 371 Rud.
2067 356 2093 380 4,
2116 357 2125 374 ι
2145 353 2183 381 (ς)
2205 359 2229 378 11

1176 371 1293 397 Lucrum
1314 371 1462 405 pracpofiui
1483 373 1574 408 sopori
1593 380 1619 400 ct
1639 373 1735 409 quieti.
1826 373 1919 400 Aditus
1933 376 2042 404 aedibus
2056 390 2218 418 praeponere

1175 405 1229 433 vid.
1248 405 1358 438 Adina,
1378 410 1405 433 in
1427 415 1548 442 Λῡιῑο,
1568 412 1618 435 ire.
1692 410 1749 436 Cic.
1770 409 1802 436 de
1818 410 1909 445 Arusp.
1924 410 2000 445 Resp.
2016 421 2045 445 23
2064 424 2085 441 c.
2101 426 2124 443 12
2152 404 2228 455 (2913

1175 441 1259 476 inagis
1274 442 1458 476 inquinatum,
1477 443 1668 478 deformatum,
1688 446 1857 480 peruerstun,
1870 447 2058 475 conturbatum
2072 451 2122 477 dici
2136 457 2219 487 pun-st

1175 486 1256 512 quam
1271 486 1351 504 omne
1371 480 1512 507 seruitium
1531 482 1654 515 permiss‘u
1670 481 1835 517 magistratus
1851 482 1996 510 liberatum
2010 484 2037 509 in
2058 485 2165 515 alteram
2180 477 2229 518 seez

1176 521 1239 540 nam
1253 513 1412 547 inuniffmn,
1432 517 1509 542 alteri
1524 517 1713 551 praepolitum,
1729 525 1776 545 etc.
1849 519 1950 546 Vltima
1964 518 2058 554 primis
2071 529 2230 557 praeponere

1179 549 1247 576 Hor.
1264 550 1345 576 Scrm.
1361 559 1381 583 1,
1395 560 1422 583 4,
1436 559 1475 584 59.
1546 553 1629 579 Toro
1648 551 1750 589 Effigies
1771 554 1918 589 praeposita
1936 555 2029 582 Tacit.
2045 557 2114 583 Ann.
2134 566 2156 591 3,
2171 568 2192 592 5,
2205 570 2229 595 7,

1178 585 1230 611 Via
1244 586 1390 620 praepolita
1403 587 1579 615 Ouid.Trist.
1596 597 1616 622 1,
1630 597 1650 620 3,
1664 597 1705 622 54.
1716 590 1790 624 forte
1797 590 1885 626 fuerit
1915 598 2029 627 raecepra
2040 592 2166 621 initmfla.
2188 596 2234 623 Sed

1175 298 1276 326 Sallust.
1292 297 1319 324 in
1333 298 1454 334 Iugurth.

1176 333 1364 369 praepositum.

895 620 1111 658 Impedimentum.
1130 631 1160 651 ιο
1179 621 1265 649 Burm.
1286 622 1428 657 Proposita.
1454 624 1611 658 [προκρίνειῃ
1637 626 1776 660 neor-mgr,
1800 627 1884 662 προῖξ-α
1908 630 1950 660 αι]
1971 630 2144 664 Ammonem,
2160 638 2235 666 prae.

1171 657 1257 695 ferre.
1293 658 1364 685 ‘sc-r.
1379 658 1460 684 Andr.
1478 667 1498 690 1,
1512 667 1530 689 1,
1544 664 1571 691 38
1597 660 1743 695 Nunquam
1757 670 1918 696 praeponens
1933 664 1958 689 su:
1973 664 2042 690 aliis.
2080 664 2154 692 Idem
2166 667 2232 694 Eun.

1178 702 1199 726 1,
1214 701 1238 724 2,
1252 701 1283 726 59
1309 693 1372 725 Ait,
1385 693 1402 719 si
1417 693 1498 720 fidem
1512 694 1622 729 habeat,
1639 697 1663 722 se
1678 698 1711 723 iri
1728 697 1903 732 praepotitum
1916 698 1967 725 tibi
1981 699 2051 734 apud
2064 710 2115 728 me.

1178 729 1271 756 citiam
1290 730 1390 764 patriae
1411 738 1573 764 praeponere
1592 731 1649 758 Cic.
1664 740 1713 766 pro
1727 733 1818 759 Rabir.
1834 734 1950 768 pet-duel.
1965 744 2012 761 reo
2024 745 2059 767 23.

1178 765 1229 792 fibi
1248 764 1331 792 Ouid.
1350 765 1438 792 Trist.
1457 775 1484 798 4,
1506 774 1544 799 10,
1563 774 1617 801 127.

2161 703 2237 731 Ami-

2132 738 2236 766 Multos

1709 770 1855 796 Hominem
1870 771 1931 797 loui
1960 771 2034 797 ldcm
2049 772 2114 800 Fast.
2131 782 2158 807 2,
2172 776 2234 810 676.

1038 802 1112 828 Caes.
1137 810 1166 837 ις
1179 802 1227 829 Vis
1243 807 1271 828 tu
1286 801 1427 834 homines,
1447 802 1594 837 vrbemquc
1608 802 1672 829 feris
1686 813 1848 839 praeponere
1862 805 1933 832 siluis
1948 808 2014 834 Hor.
2023 809 2105 835 Serui.
2119 818 2145 843 2,
2158 812 2186 844 6,
2194 819 2237 843 92.

1179 837 1249 865 Add.
1265 836 1304 864 Id.
1319 836 1372 865 Od.
1387 846 1407 870 1,
1421 845 1447 873 7,
1462 845 1488 872 7.

1563 838 1677 866 Salutem
1691 840 1753 874 Pop.
1764 841 1842 868 Rom.
1855 842 1926 871 vitae
1939 843 1998 869 suae
2011 846 2162 879 praeposuit
2178 846 2237 875 Cic.

1180 873 1296 909 Philipp.
1310 882 1337 907 9,
1353 881 1377 907 ις
1403 883 1425 900 c.
1442 881 1472 914 7:

1538 874 1612 901 Idem
1628 875 1699 902 Fam.
1723 883 1757 909 ις,
1776 885 1794 910 4
1831 877 1963 913 Quintum
1988 879 2100 907 fratrem
2125 883 2237 917 negotio

1180 910 1338 945 praeposui,
1357 915 1386 936 vt
1401 910 1430 936 in
1445 909 1511 936 Vicis
1525 917 1570 937 aut
1584 911 1682 945 captu,
1699 919 1743 938 aut
1757 912 1825 939 male
1839 914 1935 947 pacatis
1947 916 2078 942 exercitus
2093 918 2239 946 collocare-

1179 952 1232 973 tur.
1251 949 1270 972 i.
1288 946 1412 982 praefici.
1487 946 1562 973 Bello
1579 947 1740 982 praepolitus
1755 949 1901 984 imperator
1921 950 1978 976 Cic.
1992 960 2040 985 pro
2057 952 2127 988 Lege
2141 955 2237 982 Manil-

1235 1017 1240 1022 .
1368 1017 1372 1022 .
1446 1017 1451 1022 .
1938 986 2079 1015 Exadiioni
2095 991 2238 1025 praepositi

1178 1022 1283 1052 equites
1303 1018 1395 1044 Tacit.
1414 1018 1484 1044 H1st.
1505 1027 1524 1050 1,
1544 1027 1590 1053 20,
1608 1030 1636 1054 4.
1708 1020 1844 1047 Exercitui
1864 1029 2026 1057 praeponere
2047 1024 2239 1059 imperatorem

1179 1053 1325 1088 sapientem
1344 1059 1371 1080 et
1391 1053 1518 1081 callidum
1545 1055 1603 1082 Cic.
1619 1055 1652 1082 de
1670 1056 1776 1083 Inuent.
1790 1065 1812 1089 1,
1825 1061 1865 1087 68.
1935 1059 2044 1085 Muneri
2063 1061 2143 1088 alicui
2156 1072 2237 1098 quen-

1180 1089 1240 1116 dam
1258 1089 1331 1116 Idem
1347 1089 1380 1115 de
1392 1090 1468 1116 Orat.
1483 1098 1508 1121 2,
1521 1099 1552 1124 41
1566 1100 1587 1117 c.
1603 1100 1642 1118 10.
1710 1092 1836 1119 Nauibus
1849 1092 1968 1129 aliquem
1988 1096 2044 1122 Cic.
2063 1098 2140 1125 Verr.
2152 1106 2177 1132 ς,
2191 1107 2235 1134 99.

1180 1125 1302 1160 Negotio
1317 1125 1426 1160 publico
1441 1127 1572 1161 praeponi
1585 1127 1660 1154 Idem
1677 1127 1749 1155 Fam.
1765 1133 1789 1165 8,
1799 1136 1822 1162 ς.

1215 1169 1231 1189 Ρ
1245 1168 1264 1188 R
1276 1168 1297 1187 A
1306 1169 1321 1188 E
1334 1167 1349 1188 r
1360 1168 1379 1188 o
1389 1170 1401 1189 s
1411 1169 1420 1188 1
1431 1169 1452 1189 T
1462 1169 1520 1196 vs,
1541 1171 1555 1188 a
1564 1183 1572 1196 ,
1592 1172 1646 1190 um.
1673 1164 1767 1191 Partic.
1803 1164 1920 1191 Multum
1934 1168 1981 1198 (vt
1995 1166 2064 1194 inter
2071 1168 2238 1203 Germanos)

1179 1197 1293 1225 rationis
1314 1206 1344 1225 ae
1363 1198 1503 1231 solertiae,
1530 1207 1694 1234 praeponere
1715 1199 1831 1234 eleetos,
1850 1201 1945 1228 audire
1964 1204 2140 1238 praepositos,
2165 1204 2237 1233 noss‘c

1178 1234 1303 1265 ordines,
1322 1234 1475 1269 intelligere
1494 1234 1643 1262 occasiones
1669 1236 1761 1263 Tacit.
1776 1237 1867 1264 Germ.
1886 1246 1928 1270 30,
1947 1246 1969 1270 3.
2061 1239 2132 1267 Toti
2146 1240 2239 1270 officio

1178 1270 1318 1297 maritimo
1336 1270 1498 1305 praepositus
1517 1271 1591 1297 Caes.
1605 1271 1670 1299 Bell.
1686 1272 1770 1299 Ciuil.
1784 1282 1803 1304 3,
1819 1280 1841 1305 ς.
1912 1274 2030 1302 Oraculo
2045 1277 2190 1312 praeposita
2202 1279 2239 1305 sa-

1179 1306 1272 1333 cerdos
1297 1307 1354 1333 Cic.
1368 1306 1399 1333 de
1414 1306 1506 1333 Diuin.
1520 1316 1539 1337 1,
1552 1309 1587 1342 76
1600 1317 1621 1333 c.
1637 1317 1677 1342 34.
1750 1308 1909 1341 Qtaestioni
1928 1311 2091 1346 praepositus
2110 1314 2158 1348 qui
2173 1314 2240 1341 haec

1974 1347 2110 1382 Supplicio
2130 1358 2240 1384 praepo-

1178 1378 1239 1405 situs
1252 1379 1377 1405 centurio
1392 1379 1451 1405 Sen.
1466 1378 1497 1406 de
1506 1380 1548 1406 Ira
1562 1382 1629 1416 1,16.
1700 1380 1828 1412 Tyranni
1843 1381 1985 1416 praepositi
1999 1391 2013 1409 a
2023 1384 2241 1412 Lacedaemoniis

1179 1415 1250 1450 Nep.
1265 1420 1288 1447 8,
1303 1423 1321 1447 1,
1336 1422 1358 1448 ς.
1431 1414 1584 1450 Praepffla,
1599 1422 1647 1452 per
1660 1415 1814 1452 synaerqlim
1826 1424 1877 1453 pro
1893 1418 2052 1453 Praeposita‚
2064 1427 2087 1446 et
2100 1427 2130 1446 vt
2150 1423 2241 1458 vulgus

1178 1452 1307 1487 quuitur,
1323 1450 1474 1485 Praemiffiz:
1512 1451 1618 1478 Lucret.
1633 1454 1660 1484 6,
1674 1455 1727 1485 996
1752 1455 1924 1488 Qiapropter
1943 1454 2010 1481 bene
2027 1455 2074 1482 vbi
2095 1456 2158 1492 haec
2177 1466 2239 1485 con-

1179 1487 1297 1518 firmata,
1311 1493 1390 1522 atque
1404 1487 1489 1514 locata
1524 1488 1623 1514 Omnia
1638 1488 1806 1516 constiterint
1819 1489 1898 1516 nobis
1913 1490 2177 1526 praeposta‚parata‚
2192 1500 2236 1521 etc.

1132 1535 1161 1561 35
1179 1521 1200 1561 ff
1222 1532 1234 1549 2
1273 1523 1420 1558 Praeposita
1433 1521 1505 1550 diHa
1518 1525 1637 1559 Latinis,
1657 1527 1761 1561 itemque
1783 1525 1912 1552 Produ&a
1922 1545 1930 1558 ,
1945 1528 1987 1553 ve!
2001 1528 2141 1564 Praecipua
2151 1550 2159 1563 ,
2178 1539 2241 1566 quae

1179 1560 1319 1593 προηγμένα
1338 1560 1494 1595 appollabant
1515 1560 1601 1588 Stoici.
1638 1561 1718 1587 Locus
1737 1561 1848 1596 classicus
1867 1562 1924 1588 Cic.
1939 1561 1971 1589 de
1986 1564 2045 1590 Fin.
2067 1574 2095 1597 4,
2114 1573 2143 1600 71
2171 1575 2192 1592 c.
2209 1567 2242 1592 26

1178 1595 1290 1628 Valere,
1306 1595 1466 1631 locupletem
1481 1596 1546 1628 esse,
1560 1605 1615 1623 non
1627 1596 1735 1629 dolere,
1750 1597 1819 1624 bona
1832 1606 1888 1624 non
1905 1598 1983 1630 dico,
1998 1599 2041 1626 sed
2056 1599 2141 1627 dicam
2156 1602 2242 1629 Grae-

1179 1641 1208 1658 ce
1227 1633 1382 1667 προηγμένα,
1402 1632 1497 1659 Latine
1518 1638 1608 1659 autem
1629 1632 1771 1666 produfm:
1800 1632 1842 1661 scd
1862 1636 2008 1669 praeposita
2033 1641 2078 1663 aut
2098 1638 2243 1672 praecipua

1179 1667 1259 1694 malo.
1281 1667 1315 1694 fic
1335 1668 1505 1695 tolerabilius
1525 1674 1551 1695 et
1570 1668 1689 1694 mollius.
1714 1694 1722 1698 .
1734 1669 1784 1695 Illa
1804 1675 1909 1701 autem,
1926 1671 2084 1705 egestatem,
2103 1674 2242 1706 morbum,

1179 1703 1320 1736 dolorem,
1340 1713 1395 1730 nou
1409 1704 1513 1738 appello
1527 1704 1606 1736 mala,
1626 1703 1685 1736 scd,
1705 1703 1723 1730 ii
1737 1704 1805 1731 libet
1818 1705 1978 1733 reiectanea.
2016 1708 2110 1742 Itaque
2124 1708 2170 1735 illa
2186 1717 2242 1736 non

1178 1739 1241 1765 dico
1253 1748 1296 1765 me
1311 1745 1451 1773 expetere,
1470 1738 1515 1764 sed
1528 1739 1631 1773 legere,
1652 1747 1700 1764 nec
1719 1745 1827 1773 optare,
1845 1740 1888 1766 sed
1905 1742 2023 1767 sumere:
2046 1744 2182 1771 contraria
2195 1753 2242 1771 au-

1179 1778 1233 1799 tem
1253 1782 1309 1799 non
1322 1774 1433 1807 fugere,
1453 1774 1496 1799 scd
1515 1774 1587 1808 quasi
1608 1772 1752 1800 secernere.
1789 1789 1835 1793 —
1871 1776 1927 1801 Aut
1948 1777 2058 1810 doceat,
2079 1779 2244 1813 paratiorem

1178 1817 1222 1834 me
1240 1807 1273 1834 ad
1292 1808 1514 1835 contemnendam
1535 1809 1674 1844 pecuniam
1696 1809 1773 1842 sore,
1792 1809 1811 1836 fi
1833 1810 1907 1837 illam
1926 1811 1956 1838 in
1976 1813 2054 1839 rebus
2076 1815 2243 1850 praepositis,

1177 1853 1257 1879 quam
1279 1843 1296 1870 si
1317 1845 1344 1871 in
1366 1843 1446 1871 bonis
1464 1844 1584 1878 duxero,
1601 1845 1799 1881 fortioremque
1821 1847 1849 1872 in
1863 1848 1989 1882 patiendo
2009 1849 2120 1884 dolore,
2141 1852 2158 1878 ti
2179 1861 2242 1880 cum

1417 1881 1529 1916 quamsi
1547 1881 1648 1908 malum
1663 1881 1767 1909 dixero.
1823 1884 1917 1910 Facete
1936 1885 1974 1911 M.
1990 1885 2048 1912 Piso
2070 1901 2116 1907 ——
2136 1888 2243 1916 Stoicos

1177 1915 1318 1944 irridebat.
1362 1917 1437 1951 Quid
1456 1918 1546 1944 enim?
1565 1918 1668 1951 aiebat,
1683 1918 1786 1945 bonurn
1805 1927 1884 1954 negas
1899 1920 1948 1946 effe
1962 1921 2087 1956 diuitias,
2109 1925 2241 1959 praeposi-

1177 1958 1234 1979 tum
1248 1953 1297 1979 ess'e
1310 1952 1385 1979 dicis.
1423 1952 1497 1986 Quid
1510 1952 1637 1981 adiuuas?
1656 1954 1835 1981 auaritiamne
1848 1956 1966 1982 minuis?
1994 1958 2075 1992 Qiod
2091 1958 2108 1985 fi
2124 1962 2241 1988 verbum

1176 1988 1325 2022 sequimur,
1343 1989 1462 2022 primum
1475 1989 1580 2023 longius
1594 1989 1707 2016 verbum
1721 1990 1852 2026 (plurium
1860 1992 2036 2028 syllabarum)
2051 1996 2241 2031 praepositum,

1178 2032 1258 2057 quam
1281 2023 1392 2050 bonum.
1426 2023 1506 2050 Nihil
1519 2025 1552 2051 ad
1564 2033 1630 2051 rem.
1661 2026 1705 2052 Ne
1724 2025 1755 2051 fit
1777 2026 1852 2053 sane:
1875 2034 1902 2054 at
1922 2033 1993 2055 certe
2010 2031 2130 2063 grauius.
2165 2033 2240 2060 Nam

1176 2059 1281 2086 bonum
1295 2068 1326 2086 ex
1342 2068 1396 2095 quo
1410 2060 1572 2094 appellatum
1585 2060 1615 2087 fit
1628 2061 1732 2088 nescio:
1757 2062 1937 2097 praepositum
1951 2072 1984 2091 ex
1995 2073 2044 2097 eo,
2057 2067 2148 2101 credo,
2164 2069 2239 2104 quod

1176 2099 1353 2130 praeponatur
1367 2096 1428 2122 aliis
1442 2103 1489 2123 etc.
1525 2096 1595 2124 Add.
1608 2105 1621 2130 3
1635 2106 1656 2124 c.
1673 2100 1701 2123 16
1714 2104 1738 2124 et
1754 2106 1791 2131 17.
1812 2101 1841 2124 it.
1856 2098 1935 2126 Acad.
1951 2108 1961 2126 1
1975 2109 1996 2126 c.
2011 2109 2050 2128 10.

1213 2137 1230 2157 Ρ
1241 2138 1259 2157 R
1270 2139 1292 2158 A
1304 2138 1321 2159 Ε
1333 2139 1348 2158 1>
1360 2138 1379 2159 ο
1390 2138 1420 2159 31
1432 2138 1453 2157 Τ
1464 2140 1483 2158 v
1495 2139 1507 2159 s
1516 2152 1523 2165 ,
1544 2132 1563 2159 i.
1589 2142 1625 2160 m.
1664 2133 1814 2167 Praefectus
1832 2136 1963 2162 militaris.
2002 2137 2147 2174 Gregarius
2160 2139 2239 2168 miles

1176 2167 1267 2195 caueri
1280 2168 1388 2203 iusuper
1404 2168 1565 2203 praepotitos
1579 2168 1689 2196 iubebat
1708 2170 1799 2196 Tacit.
1812 2171 1882 2197 Hist.
1897 2180 1917 2203 1,
1931 2174 1971 2205 36,
1985 2181 2009 2199 2.
2066 2176 2151 2202 Ausus
2164 2177 2239 2204 mili-

1175 2209 1212 2229 tes
1228 2204 1374 2238 quosdam,
1396 2205 1469 2240 quod
1492 2210 1568 2231 motu
1581 2204 1692 2231 Camilli
1711 2214 1743 2232 ex
1763 2207 1927 2241 poenitentia
1940 2210 2100 2244 praepositos
2121 2212 2180 2238 suos
2194 2221 2239 2239 oe-

1842 2243 1918 2279 Conf.
1938 2245 2025 2272 Burm.
2045 2246 2080 2273 ad
2101 2248 2237 2281 Qintffil.

1153 2274 1158 2281 ‘
1173 2276 1291 2304 Declam.
1307 2285 1330 2309 3,
1345 2284 1370 2310 15
1384 2285 1409 2312 p.
1423 2284 1467 2311 72.
1539 2276 1704 2312 Praepositus
1725 2287 1810 2304 nomen
1825 2281 1939 2315 generale
1957 2284 2085 2310 variorum
2098 2283 2238 2318 officiorum

1167 2316 1267 2347 partim
1282 2314 1387 2347 Imperii
1399 2314 1470 2339 Rom.
1485 2311 1612 2348 sequioris
1632 2316 1702 2346 aeui,
1719 2318 1818 2350 partim
1837 2315 1922 2342 domus
1935 2316 2070 2354 Augustae.
2114 2320 2237 2348 Dabimus

1172 2348 1222 2374 hio
1229 2348 1379 2384 speciminis
1397 2349 1471 2385 causa
1485 2351 1585 2376 nomina
1597 2358 1651 2376 cum
1666 2349 1775 2382 indicio,
1793 2351 1858 2378 unde
1865 2355 1949 2387 petita
1960 2356 2025 2388 Jmt.
2064 2356 2169 2383 Gruteri
2181 2366 2236 2384 cor-

1163 2388 1219 2419 “pus
1232 2383 1429 2419 inscriptionum
1438 2405 1447 2417 ,
1467 2391 1490 2411 et
1504 2385 1641 2413 Notitiam
1653 2386 1823 2421 Dignitatum
1835 2388 1963 2424 Imperii,
1976 2390 2085 2417 breuiter
2097 2392 2168 2419 modo
2181 2392 2235 2420 bre-

80 2423 97 2443 Ρ
107 2423 153 2444 RA
164 2425 180 2445 E
191 2426 205 2445 Ρ
215 2418 226 2446 f
238 2426 254 2446 Ι.
265 2421 289 2446 A
298 2427 319 2447 T
329 2427 350 2447 v
359 2426 372 2447 s
382 2439 389 2451 ,
416 2428 445 2451 a,
469 2428 525 2446 um.
553 2418 614 2446 Adi.
652 2419 722 2446 Pilae
741 2416 824 2452 instar
841 2417 965 2446 rotundus
984 2420 1012 2443 in
1028 2419 1108 2444 altero
1126 2424 1161 2450 60
1171 2422 1265 2446 vitatis
1279 2420 1353 2457 caufiz
1366 2420 1521 2453 indicamus,
1539 2431 1593 2447 cum
1599 2421 1683 2457 facile
1701 2421 1734 2454 fit
1749 2423 1888 2450 volentibus
1901 2425 2052 2467 iudicisppe
2064 2429 2118 2454 ioca
2125 2432 2237 2464 propria

33 2459 168 2486 >extr-cmo,
183 2457 264 2490 pilam
281 2456 373 2482 habens
391 2462 439 2490 pro
452 2458 565 2482 acumine
576 2456 618 2482 vel
634 2463 757 2482 mucrone.
796 2454 864 2481 Plin.
880 2459 902 2486 8,
915 2457 933 2481 6
958 2453 1001 2480 Ab
1014 2462 1108 2488 opera-

36 2488 93 2517 iiis
112 2488 195 2517 hastas
210 2492 367 2527 praepilatas
387 2491 549 2519 habentibus
563 2499 611 2526 per
628 2491 730 2517 circum
750 2495 838 2517 totum
855 2490 937 2517 ειὸὶοε.
992 2491 1066 2517 [dein
1081 2499 1106 2523 9,

11 2543 17 2545 Δ
35 2527 77 2559 ³30
89 2526 108 2552 s.
126 2533 155 2552 ὀ
180 2527 209 2554 de
228 2526 345 2562 locustis,
367 2528 394 2554 Si
413 2527 504 2554 nullus
523 2528 631 2562 ingruat
650 2532 752 2557 metus,
770 2526 845 2553 retS’to
858 2532 948 2553 meatu
967 2526 1107 2558 cornibus,

22 2542 184 2596 '11quaei‘unt
197 2564 307 2599 propria
323 2564 487 2592 rotunditate
496 2563 652 2598 praepilata,
671 2562 704 2589 ad
718 2563 802 2589 latera
813 2562 955 2597 porrefifis,
968 2569 1014 2588 etc.
1046 2561 1106 2588 Vid.

10 2599 16 2602 ”
38 2598 115 2634 Lips-
133 2600 241 2633 Poliorc.
261 2610 279 2634 4
298 2601 369 2626 DiaI.
383 2610 410 2634 4.
437 2607 461 2626 et
481 2599 570 2626 cellar.
589 2599 625 2625 ad
642 2600 715 2626 Hirt.
737 2598 803 2625 Bell.
823 2598 907 2625 Afric.
926 2606 970 2632 72.

19 2645 29 2666 χ
45 2636 88 2666 26,
101 2641 129 2666 51
156 2635 260 2662 Tertio
279 2635 324 2662 die
342 2637 438 2662 milites
454 2634 566 2663 rudibus
583 2635 655 2661 inter
675 2636 700 2662 se
721 2634 750 2661 in
767 2635 878 2661 modum
897 2634 980 2661 iustae
1001 2643 1106 2669 pugnae

14 2674 22 2681 ⁴*
45 2675 251 2704 concurrerent,
271 2672 478 2706 praepilatisque
498 2670 637 2698 miffilibus
656 2671 766 2698 iaculati
782 2671 850 2697 sunt.
921 2670 1106 2705 Metaphorice‚

0 2715 1 2721 ¹
44 2705 178 2739 Quintiiil.
194 2714 217 2739 ς,
233 2715 266 2738 12,
282 2714 310 2742 17
335 2706 583 2734 Declamationibus
602 2707 722 2734 exerceri
735 2706 768 2734 ad
782 2715 896 2742 pugnam
912 2706 1047 2733 forensem
1061 2716 1106 2733 ve-

0 2748 20 2778 's
42 2741 84 2768 lut
101 2741 273 2777 praepilatis,
297 2742 342 2769 vbi
358 2744 477 2770 Burman.
487 2751 517 2780 p.
530 2754 576 2779 455
595 2743 684 2771 laudat
703 2742 806 2779 Salmas.
819 2742 849 2769 dc
862 2743 953 2775 Cruce,
966 2746 1009 2779 qui
1020 2749 1050 2778 p.
1062 2751 1106 2775 3⁰¹

42 2775 167 2812 ostendit,
193 2777 238 2812 effe
253 2779 304 2806 tela
321 2788 382 2815 quae
398 2781 485 2815 pilas,
509 2790 529 2806 z.
549 2780 654 2816 σφαίρας
673 2782 702 2806 in
720 2786 828 2807 extremo
847 2778 983 2812 haherent,
1008 2788 1038 2805 ne
1055 2780 1105 2806 lae·
1118 2788 1155 2817 70
1170 2781 1204 2808 tis
1217 2782 1260 2808 vbi
1273 2781 1328 2808 vid.
1342 2781 1358 2808 l.
1372 2785 1389 2808 6
1405 2783 1435 2809 C.
1451 2782 1483 2808 de
1497 2782 1625 2810 Censibus
1638 2790 1663 2810 et
1676 2784 1806 2811 Censitor.

40 2813 138 2841 derent.

78 2856 123 2877 PR
133 2857 156 2877 A
165 2856 182 2877 E
191 2856 206 2875 P
216 2850 229 2876 f
238 2857 254 2877 L
264 2856 283 2877 o
293 2870 302 2883 ‚
322 2853 375 2877 ᾗτε.
412 2852 479 2878 Pilis
496 2849 576 2878 iasii:
588 2851 689 2887 praelio
705 2849 861 2886 praeludere.
899 2850 1014 2877 Romani
1030 2860 1105 2886 prae-

41 2886 133 2922 pilatis
145 2885 286 2913 miffilibus
304 2896 352 2921 per
364 2887 561 2922 procursatores
573 2887 714 2922 principiis
728 2895 832 2922 pugnae
845 2888 953 2914 tentatis
968 2888 1101 2915 Ammian.

41 2930 88 2956 24,
101 2930 126 2958 7.
180 2923 255 2949 Idem
274 2925 313 2956 16,
334 2931 367 2956 29
389 2924 491 2955 (Gron.
508 2932 534 2950 12
554 2932 580 2957 p.
598 2926 661 2958 157)
687 2922 906 2958 Praepilabantur
929 2923 1048 2957 missilia,
1072 2924 1102 2950 de

4 2990 7 2994 .
34 2961 169 2994 principio
177 2966 286 2996 pugnae.
323 2959 372 2987 sed
386 2960 463 2986 Gron.
473 2959 688 2994 Propilabantur‚
702 2966 732 2986 vt
746 2966 769 2986 et
783 2959 900 2986 Lindcbr.
915 2960 1100 2994 Praepilaban-

41 3001 87 3022 mr
105 2995 223 3031 Sylburg.
266 2995 324 3022 Vid.
345 2995 415 3032 Lips.
435 2997 541 3022 Poliorc.
557 3006 574 3031 4
588 2996 659 3023 Dial-
673 3005 690 3030 4
705 3002 735 3032 p.
748 3005 802 3031 ¹7²-
837 2996 901 3023 Atia
912 2995 977 3030 sunt
995 2995 1101 3030 Praepi-

43 3030 97 3058 lata
109 3030 214 3058 miffilia
230 3031 321 3062 Liuii,
341 3031 370 3058 de
382 3032 470 3068 quibus
482 3031 552 3058 modo
566 3029 662 3058 ditium
675 3034 703 3057 in
721 3037 955 3059 PRAEPILATVS.

41 3096 45 3097 ⁷
78 3073 283 3095 PRAEP1NG
296 3074 376 3100 vis,
400 3076 424 3095 e.
450 3067 512 3094 Adi.
550 3069 708 3103 [παλαίων]
751 3068 827 3095 Valde
834 3069 952 3103 pinguis.
989 3067 1098 3094 Colum.

16 3105 44 3135 -ss
75 3111 92 3130 2.
119 3104 213 3138 Itaque
226 3112 281 3130 non
293 3103 330 3130 est
344 3104 429 3131 vineis
445 3109 519 3139 apta:
537 3105 582 3131 vix
602 3104 685 3131 etiam
701 3102 824 3138 arbusto,
836 3103 885 3130 nisi
901 3103 1061 3138 praepingui
1074 3110 1099 3132 et

26 3109 136 3169 &ida
147 3146 225 3168 terra.
298 3140 390 3167 Solum
409 3140 485 3175 Virg.
501 3141 566 3167 Aen.
580 3149 602 3173 3,
616 3142 676 3174 698.

51 3165 151 3213 ’ᾎΡΚΑ
163 3182 228 3203 Ero
239 3182 255 3202 L
265 3182 308 3203 LE
320 3183 339 3204 ο
348 3196 357 3209 ,
377 3176 421 3210 ui,
442 3181 497 3204 ere.
802 3177 872 3204 Ante
884 3178 947 3204 alios
962 3176 1004 3202 vel
1014 3176 1098 3211 pluri-

45 3216 111 3245 mum
125 3212 226 3246 pollere.
273 3212 335 3240 Liu.
350 3221 370 3246 1,
384 3220 416 3247 37
442 3213 555 3240 Ardeam
572 3212 666 3239 Rutuli
687 3211 835 3246 habebant,
855 3222 916 3248 gens
929 3218 958 3239 vt
972 3212 1000 3238 in
1013 3221 1044 3238 ea
1057 3220 1097 3238 re-

45 3243 140 3278 gione,
158 3253 237 3283 atque
248 3248 279 3274 in
300 3257 330 3275 ea
343 3255 435 3276 aetate.
446 3249 552 3276 diuitiis
572 3248 746 3284 praepollens.
799 3250 873 3276 Idem
888 3258 908 3283 ς,
923 3257 956 3282 34
987 3249 1097 3275 Virtute

45 3286 72 3306 et
84 3280 189 3309 fortuna
201 3284 372 3319 praepollens.
400 3288 404 3291 '
445 3286 560 3322 Compar.
578 3284 718 3320 Augustin.
730 3284 764 3312 de
776 3285 838 3313 Ciu.
852 3286 904 3313 Dei
918 3294 956 3318 22,
969 3293 1003 3318 29
1022 3285 1097 3312 Prae-

42 3315 190 3350 pollentior
209 3319 250 3345 vis
269 3320 421 3347 oculorum.

81 3359 96 3379 r
105 3358 124 3378 R
132 3359 154 3379 Α
164 3360 181 3380 Β
188 3352 240 3381 ῬΩ
248 3362 271 3382 Ν
280 3362 299 3382 D
310 3354 326 3382 ἑ
336 3363 355 3382 R
365 3363 385 3384 0
392 3375 402 3390 ,
421 3359 476 3383 are.
511 3356 707 3393 [προςαθμοίω]
743 3357 819 3384 Prius
826 3356 966 3394 ponderare
973 3378 981 3390 ‚
989 3356 1035 3393 seu
1055 3366 1096 3383 ex-

41 3391 164 3415 aminare.
198 3389 260 3417 Stat.
273 3391 367 3419 Theb.
381 3398 404 3425 8,
418 3393 462 3425 615
489 3394 577 3427 Qiem
591 3394 680 3420 vicisse
694 3393 793 3420 velint:
813 3394 890 3421 tacite
903 3392 1096 3427 praeponderat

0 3441 19 3447 s
40 3424 112 3451 exul·
241 3423 262 3462 ff
282 3435 298 3453 2
333 3428 498 3455 Grauiorem
514 3430 701 3457 effezNatura
716 3435 802 3465 partes
814 3431 872 3457 suas
891 3429 965 3455 velut
986 3429 1014 3455 in
1029 3437 1094 3463 pon-

24 3480 28 3481 .
41 3459 152 3488 deribus
165 3460 317 3489 constitutas
329 3463 532 3497 examinat‚ne‚
548 3467 707 3499 portionum
723 3466 858 3501 aequitate
877 3465 997 3498 turbata,
1017 3474 1094 3492 mun-

535 3177 626 3210 [πλέον
643 3174 769 3211 δύναμαι]

1119 2967 1152 2995 7,·
1168 2961 1204 2987 N.
1226 2961 1259 2986 D.
1280 2962 1300 2987 Ι.

1114 3324 1144 3355 85
1161 3331 1242 3357 quam
1257 3322 1382 3355 haberet,
1398 3323 1417 3350 fi
1438 3330 1476 3350 ΙΝ
1493 3323 1671 3360 praepolitum
1685 3332 1740 3349 non
1755 3323 1850 3349 fuilset.
1872 3335 1875 3339 ·

1171 2458 1294 2483 inuenire.
1333 2457 1478 2484 Occurrunt
1490 2454 1750 2494 igitzcrfflraepofitus
1759 2479 1767 2491 ,
1779 2461 1821 2487 vel
1832 2460 1878 2486 PP.
1917 2462 2040 2490 Arcarius
2048 2483 2057 2496 ,
2072 2465 2146 2491 Grut.
2185 2466 2236 2492 Ar-

1171 2492 1250 2527 genti>
1261 2488 1375 2528 potorii,
1388 2493 1451 2519 ibid.
1488 2493 1529 2519 Ab
1544 2494 1664 2529 Argento
1679 2495 1798 2522 scaenico
1811 2496 1908 2532 Reines.
1924 2497 2006 2534 Inscr.
2024 2507 2043 2531 1,
2058 2507 2115 2532 293.
2165 2501 2233 2528 Auri

1172 2528 1281 2560 escarii,
1296 2530 1370 2555 Grut.
1408 2545 1454 2549 --
1471 2530 1587 2564 potorii,
1604 2530 1644 2557 Id.
1682 2530 1723 2557 Ab
1738 2533 1813 2558 Auro
1827 2538 1971 2566 gemmato,
1985 2534 2059 2561 Grut.
2102 2535 2235 2572 Bastagae‚

1171 2563 1215 2591 vbi
1228 2564 1282 2591 old.
1339 2565 1605 2599 Barbaricariorum,
1617 2565 1702 2604 vass
1716 2568 1734 2594 I.
1755 2575 1778 2595 et
1793 2571 1822 2594 in
1835 2568 1902 2596 Not.
1915 2569 1977 2604 Dig.
1992 2571 2060 2606 Imp.
2120 2573 2235 2600 Cellarii

1043 2598 1106 2624 Liu.
1124 2603 1155 2636 65
1171 2601 1246 2626 Grut.
1284 2600 1307 2626 A
1321 2601 1503 2634 Crystallinis,
1523 2602 1665 2639 υἱώ-βψω
1686 2606 1714 2630 in
1730 2604 1768 2635 A,
1781 2613 1807 2632 n.
1822 2613 1862 2638 34.
1899 2605 2073 2643 Cubiculi,J2
2094 2607 2166 2635 Sacri
2180 2610 2232 2636 Cu-

1171 2635 1258 2663 biculi
1276 2637 1344 2663 Cod.
1359 2637 1471 2665 Theod.
1486 2640 1512 2670 6,
1528 2643 1550 2668 8.
1587 2638 1722 2666 Ammian.
1743 2641 1863 2668 Marcell.
1880 2649 1918 2674 14,
1933 2651 1974 2674 11,
1993 2646 2038 2678 qui
2056 2642 2167 2670 thalami
2188 2653 2232 2671 cu-

1170 2671 1272 2699 stodem
1287 2680 1361 2699 vocat
1374 2682 1414 2706 22,
1428 2683 1456 2707 4.
1493 2674 1562 2700 Adai.
1577 2675 1643 2702 Not.
1659 2676 1720 2710 Dig.
1734 2677 1802 2712 Imp.
1856 2678 2018 2710 Cursorum,
2033 2679 2106 2706 Grut.
2150 2681 2232 2715 Equi-

1171 2714 1229 2735 tum
1250 2709 1287 2736 N.
1301 2709 1334 2736 D.
1351 2710 1371 2735 1.
1416 2710 1535 2744 Gregum
1553 2711 1589 2738 N.
1604 2712 1636 2738 D.
1653 2712 1674 2738 Ι.
1724 2712 1875 2744 Labor-um,
1890 2713 1915 2748 f
1931 2713 2099 2741 Labororum
2113 2716 2231 2744 a.Laba-

1169 2754 1263 2773 rorum
1273 2765 1281 2778 ,
1302 2745 1331 2771 de
1344 2746 1385 2772 his
1394 2747 1470 2781 plena
1484 2756 1557 2773 manu
1572 2749 1625 2774 Iac.
1641 2747 1810 2783 Gothosredus
1824 2749 1858 2774 ad
1870 2749 1901 2775 C.
1916 2749 2027 2776 The-od.
2042 2754 2067 2783 6,
2081 2759 2120 2784 25.
2163 2753 2228 2780 Lae-

1851 2785 2039 2819 Largitionum
2053 2786 2070 2813 l.
2085 2796 2113 2814 10
2126 2788 2157 2815 C.
2168 2788 2228 2817 Th.

1169 2817 1202 2844 de
1215 2818 1365 2845 Veteranis.
1421 2818 1588 2853 Legionum,
1602 2820 1638 2846 N.
1652 2820 1720 2848 D..1.
1778 2820 1919 2852 Limitum‚
1934 2821 1970 2848 N.
1986 2823 2018 2848 D.
2032 2823 2053 2849 I.
2096 2824 2229 2859 Militum,

1168 2853 1206 2880 N.
1222 2854 1254 2880 D.
1271 2854 1292 2880 I.
1349 2854 1556 2887 Numerorum,
1576 2855 1612 2881 N.
1635 2856 1667 2881 D.
1687 2856 1707 2881 Ι.
1768 2855 1919 2891 Opificibus
1940 2857 2044 2884 Domus
2061 2859 2229 2894 Augustanae

1169 2890 1280 2917 Fabreet.
1296 2890 1379 2925 Inscr.
1398 2899 1422 2925 p.
1435 2898 1496 2924 297.
1559 2890 1745 2923 stabulorum,
1764 2891 1800 2919 N.
1817 2892 1849 2918 D.
1865 2893 1887 2918 I.
1948 2893 2120 2922 Tabularum
2136 2897 2228 2924 Ratio-

1167 2927 1208 2951 nis
1223 2925 1379 2956 Castrensis,
1397 2927 1463 2959 Aug.
1479 2924 1539 2952 Lib.
1555 2926 1650 2962 Reines
1664 2935 1692 2960 9,
1706 2932 1743 2957 28·
1798 2928 2022 2964 Thesaurorum,
2036 2934 2106 2958 varii
2118 2936 2227 2968 generis,

1366 2961 1538 2988 Velariorum
1571 2962 1674 2989 Domus
1701 2963 1867 2997 Augustanae
1900 2966 1974 2992 Grut.
2040 2967 2123 2993 Vestis
2149 2967 2225 2995 arbae

1165 2995 1351 3032 triumphalis,
1371 2997 1451 3033 Inscr.
1465 2997 1534 3032 apud
1546 2998 1649 3025 Gorium
1667 3001 1696 3025 in
1708 3001 1821 3027 Manum.
1835 3002 1892 3028 Liu.
1906 3008 1932 3038 p.
1945 3012 1993 3037 135.
2041 3004 2080 3029 De
2093 3003 2225 3039 Praeposi-

1164 3031 1385 3063 tisAEcclesiarum
1399 3039 1423 3060 et
1437 3033 1642 3062 Coenobiorum
1656 3034 1698 3062 hic
1715 3045 1764 3062 non
1777 3040 1883 3073 agimus.

1200 3074 1215 3094 r
1225 3075 1244 3095 R
1256 3076 1277 3096 A
1286 3075 1302 3095 E
1311 3076 1326 3095 P
1336 3076 1355 3096 o
1365 3076 1378 3096 s
1388 3076 1397 3094 1
1408 3077 1429 3096 T
1440 3076 1448 3095 1
1459 3076 1478 3096 o
1487 3089 1495 3102 ,
1522 3070 1591 3097 onis.
1621 3071 1641 3097 f.
1679 3071 1828 3108 [πρόθεσις]
1863 3070 1946 3100 Asius
1968 3073 2020 3108 ipst·
2039 3075 2224 3108 praeponendi.

1164 3104 1273 3140 leian.
1289 3105 1318 3132 in
1333 3105 1350 3132 l.
1367 3114 1375 3132 1
1392 3103 1415 3143 §.
1434 3106 1522 3140 Igitur
1535 3107 1566 3133 D.
1580 3106 1613 3133 de
1626 3108 1735 3134 exercit.
1756 3109 1854 3135 afflion.
1880 3108 1966 3142 Igitur
1986 3109 2146 3144 praepositio
2166 3120 2222 3138 cer-

1105 3145 1148 3171 ·80
1164 3147 1218 3168 tam
1233 3141 1318 3177 legem
1341 3141 1384 3168 dat
1404 3141 1635 3181 contrahentibus.
1655 3153 1739 3179 quare
1758 3144 1775 3170 ii
1795 3153 1857 3170 eum
1871 3145 2025 3179 praeposuit
2041 3146 2104 3171 naui
2118 3145 2150 3172 ad
2170 3147 2223 3173 hoe

1163 3177 1269 3211 solum,
1292 3184 1320 3205 vt
1338 3178 1461 3205 veeturas
1480 3179 1583 3213 exigat,
1597 3186 1645 3206 etc.
1699 3180 1757 3206 Cic.
1772 3179 1804 3205 de
1817 3179 1872 3205 Fin.
1889 3189 1899 3210 3
1921 3189 1942 3206 c.
1958 3182 1988 3206 16
2015 3180 2112 3216 Neque
2132 3189 2221 3210 tamen

1163 3213 1210 3240 illa
1228 3214 1392 3250 praepositio
1405 3213 1438 3241 ad
1451 3223 1512 3242 eum
1526 3224 1606 3251 quem
1619 3215 1676 3242 dixi
1691 3215 1770 3241 finem
1785 3215 1940 3250 pertinebit.
2069 3216 2090 3255 fl
2109 3226 2125 3244 2
2153 3220 2220 3246 Pars

1162 3253 1286 3277 orationis
1306 3250 1373 3286 apud
1393 3252 1591 3279 Grammaticos:
1610 3252 1638 3278 de
1657 3260 1705 3286 qua
1725 3250 1819 3277 abunde
1837 3251 1905 3286 apud
1921 3251 2084 3280 Priscianum
2102 3261 2126 3280 ct
2145 3257 2219 3283 alios.

1163 3285 1220 3312 Cic.
1240 3286 1268 3312 in
1281 3287 1385 3322 Topic.
1400 3292 1434 3320 48
1452 3296 1474 3314 c.
1489 3296 1511 3314 11
1545 3286 1706 3322 Praepofitio
1727 3287 1799 3313 enim
1820 3294 1871 3319 1N,
1895 3287 1984 3322 priuat
2002 3289 2115 3316 verbum
2135 3299 2165 3317 ea
2180 3292 2219 3324 vi,

1924 3324 1966 3350 Sic
1985 3331 2042 3351 ABs
2057 3326 2218 3361 praepositio

1160 3367 1212 3385 vna
1227 3359 1280 3392 est,
1299 3368 1383 3394 eaque
1395 3369 1464 3386 nunc
1485 3366 1586 3386 tantum
1607 3359 1636 3384 in
1650 3359 1749 3394 accepti
1770 3359 1867 3385 tabulis
1882 3366 1986 3392 manet,
2004 3369 2038 3386 ne
2050 3360 2091 3388 his
2106 3362 2217 3397 quidem

1147 3395 1299 3422 omnium:
1318 3395 1347 3422 in
1360 3396 1467 3431 reliquo
1481 3397 1601 3423 sermone
1614 3400 1714 3421 mutata
1728 3395 1765 3422 est
1779 3395 1834 3421 Cic.
1849 3394 1877 3421 in
1886 3395 1961 3422 Orat.
1975 3401 2014 3426 158
2028 3406 2049 3424 c.
2063 3405 2109 3432 47.
2147 3399 2216 3426 Cor.

1142 3439 1285 3467 ;rumpere
1297 3432 1519 3468 praepositiones,
1537 3434 1555 3457 i.
1576 3437 1679 3462 mutare,
1692 3438 1721 3458 vt
1733 3434 1760 3457 in
1773 3431 1881 3466 corrigo
1889 3450 1897 3463 ,
1909 3431 2031 3465 illustris,
2044 3440 2089 3460 etc.
2103 3435 2216 3469 Qiintil'.

1160 3475 1180 3499 1,
1193 3475 1214 3501 ς.
1251 3467 1321 3495 Add.
1335 3469 1402 3495 ibid.
1416 3479 1436 3494 c.
1451 3477 1477 3501 4.
1515 3466 1584 3493 Gell.
1598 3475 1633 3500 15,
1647 3475 1668 3499 3.

4 3513 5 3519 .
40 3496 89 3524 dus
104 3495 295 3531 praeponderet
312 3499 371 3526 Sen.
385 3500 470 3534 QN.
484 3507 506 3531 3,
520 3508 558 3526 10.
578 3503 598 3528 i.
611 3502 721 3538 pondere
744 3505 846 3534 vincat,
863 3501 993 3536 descendat
1010 3503 1038 3527 in
1057 3501 1093 3527 bi·
1113 3514 1150 3540 90
1195 3510 1267 3530 PRA
1279 3510 1295 3530 E
1308 3512 1351 3532 Po
1361 3513 1373 3531 s
1384 3512 1393 3530 1
1403 3506 1446 3531 Ti
1457 3510 1506 3530 vv
1517 3510 1547 3535 s,
1567 3511 1599 3534 a,
1617 3511 1672 3529 um.
1690 3501 1752 3529 Adi.
1790 3501 1865 3538 Quod
1872 3506 1995 3539 praeponi
2002 3502 2093 3539 potqli.
2129 3506 2215 3534 Voca-

28 3533 120 3560 bmce.
158 3534 228 3559 Hinc
236 3539 283 3568 per
296 3537 487 3562 translationem
495 3554 502 3566 ,
524 3536 609 3563 Pluris
620 3536 679 3571 effi,
692 3537 747 3572 fiue
762 3540 847 3575 pluris
859 3536 987 3570 aestimari
999 3537 1092 3564 debere.

41 3569 110 3596 Gell.
125 3578 143 3600 1,
158 3577 170 3602 3
190 3569 262 3596 Nam
277 3578 360 3604 quum
372 3571 401 3597 in
412 3571 493 3598 rebus
505 3578 551 3598 aut
563 3572 687 3607 paribus,
704 3580 750 3602 aut
764 3583 818 3601 non
831 3574 910 3608 longe
924 3573 1006 3606 secus,
1018 3572 1092 3600 vtili-

3 3603 5 3605 ’
38 3610 78 3633 tas
99 3605 196 3640 amici,
215 3610 261 3632 aut
274 3604 394 3633 honestas
413 3607 502 3634 nostra
520 3607 651 3642 consistit,
665 3609 786 3637 honestas
805 3610 897 3646 procul
915 3608 1001 3635 dubio
1018 3618 1093 3643 prae·
1112 3627 1115 3630 -

38 3640 177 3676 ponderat.
230 3641 287 3668 Cic.
301 3641 354 3668 Off.
368 3649 392 3674 3,
405 3647 431 3672 18
446 3651 468 3668 c.
481 3652 501 3676 4
537 3643 593 3677 Qui
609 3649 698 3675 autem
714 3647 807 3673 omnia
825 3646 973 3674 metiuntur
988 3645 1092 3672 emolu-

39 3677 137 3704 mentis
149 3683 175 3705 et
188 3677 355 3710 commodiS,
375 3686 462 3713 neque
476 3686 506 3704 ea
520 3679 616 3705 volunt
628 3682 834 3716 praeponderari
854 3681 997 3708 honestate.
1037 3683 1089 3723 Αεἶ
1104 3691 1137 3719 95
1156 3683 1333 3718 legationibus
1347 3688 1373 3709 et
1388 3682 1526 3708 ducatibus
1545 3681 1671 3709 venditis.

37 3715 134 3748 cipitur
152 3719 233 3749 etpro
249 3713 396 3749 Antcferre.
432 3713 565 3748 Quinctil.
584 3714 702 3743 Declam.
719 3722 733 3748 8
762 3719 835 3747 Inter
855 3718 920 3744 duos
939 3716 1011 3744 filios
1030 3726 1091 3752 pari

39 3748 222 3783 desperatione
234 3749 387 3784 languentes
402 3748 435 3776 da
448 3749 550 3776 bonum
564 3751 680 3784 p‘atrem:
703 3761 757 3779 non
771 3753 994 3790 praeponderabit
1013 3754 1090 3781 alter-

37 3789 149 3816 utrum,
165 3793 219 3812 non
232 3786 320 3821 eliget.
356 3786 418 3812 Alia
431 3782 614 3818 construi-‘tione
627 3786 694 3822 apud
705 3788 792 3816 Senec.
801 3790 834 3817 de
848 3789 998 3817 Clementia
1012 3797 1033 3822 1,
1053 3810 1060 3816 .
1081 3810 1088 3816 .

35 3818 182 3885 {Quidquid
200 3821 259 3855 plus
276 3830 363 3858 aequo
382 3821 505 3848 futurum
522 3820 574 3854 est,
592 3822 623 3849 in
639 3828 742 3857 partem
761 3824 948 3854 humaniorem
961 3834 1089 3860 praepon-

55 3861 121 3883 eret.

71 3898 88 3918 P
97 3897 195 3918 RAEP
203 3897 253 3919 ON
261 3900 281 3920 D
289 3899 307 3920 E
316 3901 336 3921 R
346 3893 368 3921 Ᾰ
378 3900 399 3921 T
407 3900 465 3926 vs,
485 3901 518 3927 a,
535 3901 591 3920 um.
611 3894 708 3922 Pax-tic.
744 3895 826 3925 Solin.
843 3907 866 3925 c.
881 3905 904 3925 11
923 3895 1088 3933 Praepende-v

33 3928 101 3956 ratis
120 3926 226 3953 sinubus
239 3928 328 3956 alueos
340 3935 458 3957 vertunt.

72 3969 171 4008 PNRAE
179 3968 195 3988 1>
203 3969 222 3989 o
232 3969 255 3989 N
266 3969 285 3989 n
293 3971 399 3994 ERAT
409 3972 420 3992 1
430 3972 450 3993 ο
459 3985 467 3998 ,
487 3964 555 3992 anis.
579 3963 601 3991 f.
646 3964 726 3992 Gloss'.
745 3965 803 3994 Lat.
822 3969 870 3996 Gr.
891 3966 1087 4003 Praependera-

32 3999 92 4034 Qio,
109 3998 177 4035 ῥοπή.
1024 4015 1029 4020 ·

68 4041 86 4063 1²
94 4041 115 4063 R
122 4042 147 4063 A
156 4040 172 4065 Ε
184 4039 200 4061 r
212 4033 234 4060 ὅ
240 4040 264 4060 N
273 4038 310 4067 0,
331 4036 426 4072 parui,
446 4036 565 4074 positum
572 4055 581 4070 ‚
600 4035 655 4064 ἕπε.
698 4033 871 4075 [προτίθὶμι]
907 4041 1000 4068 Ponere
1019 4045 1086 4068 ante.
1093 4053 1140 4081 ¹05
1149 4042 1270 4071 adnixum

188 4075 211 4097 v
220 4075 276 4098 οι..
309 4070 372 4100 111.

1096 3876 1144 3896 100
1153 3863 1224 3897 sigua
1236 3862 1336 3889 furoris
1357 3862 1463 3887 Lucret.
1476 3870 1499 3894 2,
1513 3864 1568 3889 621.

1157 3538 1195 3565 les
1213 3540 1406 3576 praepositiuae
1429 3539 1553 3566 Priscian.
1567 3547 1578 3565 1
1597 3547 1623 3574 p.
1641 3541 1694 3570 561.
1762 3538 1928 3566 Coniunctio
1950 3540 2127 3576 praepositiua
2147 3543 2214 3570 Dio·

1156 3575 1226 3602 med.
1244 3585 1253 3603 1
1274 3585 1298 3612 p.
1313 3585 1376 3610 409.
1397 3575 1432 3601 ed.
1449 3575 1550 3610 parilib.

1193 3617 1208 3637 P
1217 3618 1236 3638 R
1245 3619 1267 3638 A
1277 3619 1295 3638 E
1305 3620 1321 3639 p
1331 3619 1351 3638 o
1361 3620 1374 3639 s
1385 3618 1392 3636 1
1404 3617 1425 3637 T
1436 3613 1457 3637 xi
1465 3617 1484 3637 R
1494 3618 1516 3637 A
1525 3630 1532 3641 ,
1545 3618 1584 3637 ae.
1604 3610 1624 3636 f.
1663 3607 1781 3644 Officium
1792 3617 1816 3637 et
1827 3610 1943 3647 dignitas
1949 3612 2096 3647 praepositi.
2134 3613 2212 3641 Lam-

1155 3647 1226 3682 prid.
1242 3649 1352 3682 Hcliog.
1368 3656 1388 3674 c.
1403 3648 1421 3672 6
1450 3645 1615 3673 Militat-ibus
1636 3645 1717 3673 etiam
1738 3647 1925 3682 praepolituris
1944 3653 1971 3674 et
1989 3648 2170 3676 tribunatibus
2184 3656 2211 3676 et

1726 3682 1799 3709 Idem
1813 3682 1888 3709 Alex.
1900 3693 1922 3709 c.
1937 3685 1975 3719 46
1999 3685 2084 3711 Dabat
2099 3693 2209 3721 praepo-

1155 3718 1246 3747 lituras
1262 3720 1383 3746 locorum
1398 3718 1540 3750 ciuilium,
1552 3727 1607 3744 non
1619 3718 1745 3745 militum.
1770 3718 1827 3745 Vid.
1843 3719 1946 3756 Salmas:

1190 3761 1205 3782 P
1216 3762 1235 3783 R
1244 3763 1266 3783 A
1275 3762 1314 3782 ΕΡ
1324 3762 1343 3780 O
1353 3761 1370 3780 R
1382 3759 1405 3780 Τ
1417 3761 1451 3784 O,
1471 3758 1523 3780 are.
1559 3754 1713 3789 [προφορὲω]
1749 3754 1850 3789 Amese
1857 3755 1949 3790 serre,
1964 3757 2005 3782 vel
2013 3762 2123 3792 portare.
2149 3755 2206 3782 Cic.

1154 3791 1183 3817 in
1196 3792 1280 3818 Arato
1294 3798 1347 3824 434
1372 3791 1391 3817 E
1406 3788 1504 3824 quibus
1517 3790 1619 3824 ingenti
1634 3790 1722 3816 existit
1736 3799 1795 3816 curn
1810 3799 1923 3826 corpore
1937 3800 1998 3826 prae
2013 3793 2038 3818 se
2075 3791 2206 3825 Scorpios,

1153 3826 1249 3854 infesta
1270 3832 1442 3860 praeportans
1461 3825 1551 3852 flebile
1573 3835 1691 3853 acumen.
1764 3826 1891 3862 Telaque
1905 3832 2075 3863 praeponant
2089 3826 2204 3863 uiolenti

1623 3861 1720 3888 Catull.
1734 3863 1773 3894 63,
1788 3871 1837 3896 ¹94
1865 3863 1950 3890 Frons
1963 3864 2117 3897 exspirantis
2131 3869 2203 3896 prae-

1151 3904 1240 3935 portat
1261 3897 1376 3933 pedion-is
1396 3898 1459 3923 iras.

1187 3941 1202 3960 P
1210 3942 1230 3961 R
1238 3941 1260 3960 A
1272 3939 1288 3959 Ε
1299 3940 1313 3958 1²
1324 3940 1344 3960 ο
1355 3940 1367 3959 s
1376 3940 1388 3959 s
1398 3939 1419 3957 v
1427 3939 1452 3959 M
1461 3952 1470 3965 ‚
1494 3934 1585 3968 potes,
1608 3933 1685 3969 potui
1693 3952 1702 3965 ,
1727 3934 1806 3968 posse.
1855 3934 1999 3971 [2902'94612]
2040 3932 2202 3967 Praepollere,

1144 3971 1300 4006 praeualere.
1356 3968 1448 3995 Tacit.
1464 3969 1532 3995 Hist.
1550 3977 1573 4001 ς,
1591 3974 1613 3999 8,
1627 3978 1646 4001 4
1682 3969 1822 4005 Postquam
1839 3971 1999 3997 Macedones
2018 3974 2202 4001 praepotuere,

1150 4007 1198 4033 rex
1218 4004 1366 4032 Antiochus
1395 4003 1501 4035 demere
1535 4004 1750 4040 superstitionem
1780 4011 1806 4033 et
1836 4014 1926 4033 mores
1947 4004 2109 4030 Graecorum
2136 4003 2202 4030 dare

1343 4077 1359 4102 6
1386 4075 1416 4103 N
2098 4077 2201 4102 rizan-
