2517 4231
291 239 355 278 591
683 223 722 264 Ο
803 222 833 263 Ρ
914 222 957 262 Η
1822 220 1860 262 Ο
1942 218 2069 261 ΡΙ
2206 252 2210 254 -
2327 228 2478 274 „592

331 321 352 342 ο
363 319 427 341 Pul
437 314 480 342 ῦς
492 320 513 344 Α
523 334 532 348 ,
558 321 597 341 ac.
635 314 655 341 f.
693 314 777 341 Insula
797 312 863 340 olim
877 310 986 338 Rhodos
1001 309 1087 343 dieta,
1108 315 1138 335 vt
1156 308 1261 345 testatur
1286 308 1355 337 Plin.
1416 311 1533 346 Nomina,
1552 311 1640 346 quibus
1652 311 1780 347 iungitur,
1797 319 1852 346 age,
1869 309 2053 345 persequamur,
2149 311 2225 338 Acies
2238 311 2353 350 opimae,
2367 311 2388 340 ἰ.
2404 311 2479 349 Bella,

294 359 323 383 ς,
338 360 369 382 3¹·
568 348 589 387 q
611 359 622 377 2
660 350 699 385 Est
714 350 769 374 item
784 348 867 383 Insula
881 348 909 372 in
924 347 989 373 mari
1005 346 1143 378 Balearica,
1163 355 1195 372 ex
1208 346 1300 372 duabus
1314 346 1357 372 Pi.
1416 346 1444 371 in
1459 348 1544 380 quibus
1552 347 1636 382 spolia
1652 348 1835 383 quaerebantur
1845 347 1926 382 opima
1961 346 2022 374 Stat.
2036 344 2101 374 Silu.
2116 356 2139 380 4,
2152 349 2178 380 6,
2194 349 2233 378 65.
2341 348 2479 378 Accusatio

292 386 371 420 tynfis
386 386 466 414 minor
488 388 564 418 (nam
583 386 662 412 maior
674 384 765 417 Ebusus
783 383 897 415 dicitur)
923 389 1025 417 propter
1038 381 1182 417 serpentum
1204 382 1297 418 copiam
1317 382 1356 407 in.
1416 381 1507 415 opima
1538 383 1595 410 Cic.
1610 393 1660 419 pro
1673 384 1757 411 Flacc.
1772 388 1806 412 531.
1905 382 1974 417 Ager
1988 382 2093 417 opimus
2106 390 2132 410 et
2147 383 2247 410 fertilis
2277 383 2352 411 Idem
2364 383 2396 411 de
2408 383 2478 419 Lege

292 424 376 448 culta:
394 423 459 448 vmle
470 428 495 448 et
507 422 667 449 Colubraria
680 431 695 446 a
711 420 807 446 Latinis
820 418 966 453 appellatur.
997 418 1052 444 Vid.
1065 417 1164 452 Plin.3,
1174 427 1196 449 5.
1304 416 1325 454 fl
1343 426 1355 450 3
1417 417 1511 450 Agrar.
1525 427 1547 451 2,
1560 428 1602 453 49.
1624 428 1647 446 et
1662 428 1693 453 30
1706 429 1728 446 c.
1740 427 1776 453 ¹9·
1850 418 1920 444 Arua
1947 418 2023 452 Virg.
2036 419 2100 446 Aen.
2114 428 2138 453 2,
2151 425 2203 452 782.
2275 420 2332 447 Cic.
2343 427 2393 456 pro
2408 420 2476 455 Lege

293 457 335 492 Ifl
347 465 372 484 et
385 460 470 484 altera
482 460 588 485 eiusdem
603 456 707 483 nominis
720 454 823 489 Insula,
844 463 891 479 non
905 454 992 488 procul
1004 464 1020 479 a
1034 455 1123 485 Creta,
1141 454 1210 480 cuius
1221 454 1296 479 etiam
1309 463 1356 479 me·
1374 454 1388 482 5
1416 452 1511 479 Manil.
1529 463 1558 486 ¹4
1585 455 1640 482 Asia
1654 465 1721 482 vero
1734 462 1787 482 tam
1800 454 1891 488 opima
1905 453 1940 480 est
1953 460 1978 480 et
1991 454 2106 490 fertilis,
2125 461 2154 482 vt
2168 462 2194 482 et
2207 454 2326 483 vbertate
2343 462 2480 491 agrorum,

292 490 367 520 7721·an
394 494 460 521 ΡῙῑῃ,
476 504 500 528 4,
515 503 546 521 12,
764 488 785 527 ff
808 499 826 523 4
870 489 988 524 Ophiusa
1003 489 1067 515 item
1084 489 1222 524 Oppidum
1235 489 1287 516 fuit
1300 490 1356 516 Sar·
1415 495 1442 514 et
1455 488 1583 516 varietate
1596 491 1743 525 fructuum,
1762 497 1787 518 et
1800 489 1985 525 magnitudine
2002 490 2145 525 pastionis,
2163 497 2188 518 et
2203 490 2375 520 multitudine
2387 498 2478 519 earum
2511 490 2513 492 ’

293 530 389 557 inatiae
402 531 568 565 Europaeac,
588 527 619 554 ad
634 526 759 557 Thyrani
774 535 889 558 amnem,
908 527 938 551 de
954 534 999 559 quo
1014 524 1077 551 idem
1091 525 1158 553 Plin.
1174 526 1234 553 loco
1254 526 1306 552 iam
1321 527 1357 552 ci·
1416 533 1518 557 rerum,
1532 533 1599 558 quae
1612 534 1795 561 exportantur,
1811 527 1888 553 facile
1903 525 2030 553 omnibus
2042 527 2120 553 terris
2134 527 2281 554 antecellat.
2353 527 2395 554 Sic
2415 526 2479 563 Opi.

291 573 357 593 tato,
559 562 579 601 q
606 573 617 593 ς
675 562 795 595 Ophiusa
808 561 900 588 Herba
914 561 949 588 est
962 561 989 588 in
1006 560 1180 596 Elephantine
1195 562 1356 597 Aethiopiae
1415 569 1458 586 ma
1473 560 1589 594 praedia,
1608 564 1680 597 apud,
1692 564 1758 590 Plin.
1773 570 1797 597 3,
1812 573 1838 596 43
1858 570 1902 598 pro
1914 561 2078 598 Questmfis.
2151 563 2240 591 Varro
2253 563 2285 590 de
2298 563 2331 591 R.
2339 563 2371 591 R.
2380 573 2404 596 2,
2418 573 2439 596 1,
2447 571 2478 590 20

290 602 404 637 regione
417 602 531 632 nascens,
544 599 637 631 liuida,
655 597 825 632 difficilisque
837 597 956 632 aspcftu:
976 606 1027 632 qua
1042 603 1103 632 pota
1117 599 1201 624 minas
1214 604 1357 625 terrorem·
1415 597 1502 623 Boues
1517 595 1615 630 altiles,
1631 596 1662 623 ad
1676 598 1802 626 sacrificia
1814 599 1919 634 publica
1933 598 2052 632 saginati,
2073 597 2199 625 dicuntur
2212 600 2316 634 Opimi.
2340 599 2407 634 conf.
2421 598 2479 626 Cic.

290 647 343 673 que
364 637 523 672 serpentium
544 635 637 661 animo
656 633 794 661 obuersari
816 634 927 661 tradidit
939 634 1126 667 Democritus,
1146 634 1174 660 in
1189 640 1307 667 tantum,
1328 640 1357 660 vt
1372 636 1402 656 10
1414 632 1498 659 Tusc.
1514 642 1536 666 5,
1551 641 1605 659 100.
1683 634 1769 661 Eoum
1783 636 1940 670 opimorum
1954 634 2013 661 alba
2028 633 2098 661 eolla
2130 634 2213 661 Ouid.
2226 644 2259 662 ex
2271 636 2348 662 Pont.
2363 645 2386 668 4,
2397 644 2424 668 9,
2437 643 2478 666 50.

290 680 405 700 mortem
420 672 465 699 fibi
481 680 513 697 co
533 677 604 697 metu
617 669 734 696 damnati
751 671 924 698 consciscant:
945 678 1027 706 quare
1047 676 1073 697 et
1092 670 1224 705 sacrilegis
1239 670 1356 698 bibenda
1415 667 1552 695 Cadauera
1579 667 1667 695 Valer.
1683 671 1781 704 Argon.
1795 680 1817 704 3,
1831 680 1881 704 143.
1962 670 2045 698 Cibus
2072 667 2140 697 Plin.
2153 679 2193 703 22,
2206 680 2243 698 22.
2322 669 2408 706 Dapes
2421 670 2479 705 opi-

288 710 345 736 dari
360 706 497 736 consueuit
534 707 601 733 Plin.
617 715 658 739 24,
673 715 705 739 17.
760 716 763 717 ⁷
1414 713 1473 732 mae
1499 705 1575 740 Virg.
1592 705 1656 731 Aen.
1672 712 1692 738 3,
1705 713 1757 737 224.
1837 707 1948 734 Curtius
1962 717 1982 740 3,
1998 715 2027 739 11,
2040 716 2054 739 7
2087 704 2218 741 Opimum
2232 706 2318 734 Decus
2332 707 2405 734 caeso
2418 715 2481 741 rege
2496 712 2501 717 '

328 751 348 771 o
359 749 451 770 ΡΗιν
462 748 563 776 sivs‚
589 751 620 774 a,
641 751 698 769 um.
737 742 795 770 Adi.
834 740 993 776 Γοφιεύιος]
1031 742 1160 777 Ophiufia
1177 751 1241 770 arua
1272 742 1354 771 Ouid.
1414 746 1553 776 expetens,
1574 741 1592 769 i.
1612 741 1707 775 Spolia.
1780 740 1915 770 Diffionis
1929 743 2052 778 opimum
2070 742 2204 778 quoddam
2218 748 2243 769 et
2256 749 2380 778 tanquam
2392 741 2480 778 adipa-

287 781 351 808 Mct.
368 788 403 810 10,
417 787 462 811 2²9
479 785 525 813 pro
539 778 655 813 Cypriis:
676 781 741 815 quod
752 787 776 805 et
787 781 883 815 Cyprus
896 780 959 811 olim¹
967 777 1096 813 Ophiusa.
1413 783 1454 804 tae
1474 786 1556 811 genus
1595 777 1652 803 Cic.
1672 776 1700 803 in
1721 777 1796 804 Orat.
1815 777 1863 810 25?
1928 782 2003 806 Vocat
2022 786 2103 806 autem
2119 779 2248 814 Opimum
2268 778 2375 806 dicendi
2389 787 2481 814 genus,
2506 788 2509 794 ¹

325 821 345 842 Ο
358 821 373 840 P
385 821 432 840 HR
445 820 502 847 rs,
533 814 608 847 y'dis.
646 815 665 843 f.
703 812 814 849 [ἶφρυε]
850 814 943 842 Herba
969 815 1132 842 denticulato
1156 815 1227 842 oleri
1251 814 1354 850 similis,
1372 821 1399 849 ις
1412 815 1489 850 Qud
1503 812 1536 848 cst
1555 812 1693 846 tumidmn,
1714 812 1836 847 nimisque
1853 815 2012 847 redundans,
2029 823 2052 841 et
2071 816 2137 850 quod
2153 816 2286 841 luxuriare
2305 815 2481 850 quodammodo

284 851 358 878 soliis
373 850 488 883 duobus,
505 859 572 885 quae
586 851 687 886 capillis
703 851 871 886 nigredinem
886 851 989 878 inducit
1015 851 1081 878 Plin.
1096 854 1136 884 26,
1152 860 1183 882 ις.
1412 852 1532 880 videtur,
1546 849 1594 884 secl
1609 857 1633 875 et
1650 849 1743 884 pingue
1760 856 1784 875 et
1803 848 1925 883 crqffitm:
1947 852 2012 878 vnde
2024 851 2099 877 etiam
2113 851 2214 886 Pingue
2227 860 2357 887 vocamus,
2375 850 2406 876 id
2416 850 2497 886 quod*

321 894 340 913 o
351 892 367 913 P
377 893 397 912 Η
406 893 428 913 Τ
437 894 458 913 Η
467 894 489 913 Α
502 894 567 914 LMI
581 894 603 915 Α
616 910 625 923 ,
646 896 683 914 ae.
704 887 723 914 f.
746 889 757 922 [
765 888 908 922 ὀφθαλμία]
930 886 1222 921 ocal0r11n1A1241r1'tudo.
1295 884 1317 924 ff
1339 896 1352 913 2
1413 886 1526 920 imperite
1539 886 1630 911 dii‘Ium
1643 884 1673 920 est
1683 896 1690 909 .-
1714 892 1737 910 et
1752 884 1849 919 Pingui
1863 884 1906 910 vel
1918 887 1995 913 crassa
2007 887 2132 914 Minerua
2145 886 2233 922 loqui,
2253 887 2296 913 hoc
2309 886 2351 923 est,
2373 885 2482 922 Vulgari*
2494 884 2501 916 J

282 923 373 959 Piscis,
393 923 437 958 qui
449 934 465 950 a
480 923 568 950 Plinio
582 931 685 950 vocasuy-
700 924 810 950 Oculata
827 931 864 956 32,
878 930 904 957 7.
979 922 1144 957 Plaut.Capt.
1158 932 1182 955 4,
1198 932 1218 956 1,
1232 931 1264 956 70
1291 924 1352 950 Per·
1412 922 1481 947 modo
1494 921 1583 953 etsine
1596 922 1745 948 eruditione.
1819 920 1931 947 Fruems
1946 922 2066 956 opimior
2088 924 2166 960 Apul.
2175 924 2241 949 Met.
2252 932 2265 954 5
2277 932 2304 958 p.
2316 924 2369 949 166.
2442 920 2494 954 Ie·v
2508 940 2510 942 v

281 967 344 985 nain
358 965 436 994 atque
450 959 662 994 ophthalmiam,
682 959 812 987 horaeum
821 980 830 993 ,
850 958 1003 985 scombrum
1023 963 1049 985 et
1067 964 1196 993 trygona,
1213 964 1240 985 et
1254 963 1349 986 cetum.
1413 965 1476 983 core
1490 956 1584 991 opimo
1601 958 1685 984 fartus
1700 963 1725 984 et
1739 956 1844 983 satiatus
1870 956 1929 984 Cic.
1938 956 2022 984 Tusc.
2035 967 2059 991 2,
2067 967 2105 990 24.
2145 961 2183 985 Ex
2197 961 2283 985 Poeta.
2356 957 2482 985 Membra
2493 961 2510 1006 '3¹

279 995 346 1028 conf.
365 995 473 1021 Turneb.
487 999 555 1022 Ades.
571 1006 595 1029 4,
611 1005 645 1030 ¹9-
1364 999 1400 1019 20
1413 992 1481 1019 Gell.
1496 1002 1518 1026 5,
1533 1003 1567 1025 14.
1647 993 1739 1020 Mensa
1764 992 1809 1020 Sil.
1825 1002 1857 1026 11,
1872 998 1923 1024 283.
2011 992 2070 1020 Cic.
2085 994 2113 1021 iii
2127 994 2201 1022 Brut.
2214 1004 2251 1028 271
2278 994 2318 1022 T.
2332 994 2427 1022 Accius
2440 993 2485 1020 Pi·
2495 1012 2503 1025 ,ι

318 1037 338 1057 o
348 1037 364 1057 r
375 1037 397 1057 Η
408 1037 430 1057 Τ
440 1038 459 1057 Η
471 1039 493 1059 Α
505 1038 521 1058 1.
534 1039 558 1059 M
569 1031 582 1058 s
592 1038 609 1059 c
620 1039 640 1058 v
649 1039 678 1063 s,
712 1031 730 1058 i.
769 1040 805 1057 m.
843 1029 1035 1064 [ἐφᾶαλμικδς]
1073 1029 1189 1056 Medicus
1217 1029 1350 1056 oculorum.
1411 1029 1539 1065 saure-nsis
1553 1035 1579 1056 et
1592 1036 1709 1056 accurate
1723 1028 1837 1062 dicebat,
1856 1035 1883 1056 et
1896 1028 1955 1055 satis
1970 1029 2076 1064 copiose
2086 1051 2095 1064 ‚
2115 1037 2224 1066 eratque
2238 1037 2375 1066 praeterea
2387 1028 2482 1057 doetus
2498 1031 2517 1067 22.

279 1067 395 1095 Martial.
410 1074 434 1100 8,
449 1077 478 1101 74
515 1068 718 1103 Hoplomachus
732 1076 801 1093 nuuc
815 1076 858 1100 cs,
879 1066 967 1094 fueras
980 1065 1178 1102 ophthalmicus
1192 1071 1267 1093 ante:
1303 1066 1351 1094 Fe-
1411 1065 1598 1100 Hermagorae
1617 1066 1776 1101 praeceptis:
1805 1065 1905 1099 quibus
1930 1064 1975 1092 etss
1994 1066 2158 1092 Ornamenta
2178 1075 2233 1093 non
2253 1067 2315 1093 satis
2333 1067 2425 1102 opima
2443 1062 2517 1093 di-⁴..2‘⁴

279 1102 337 1129 cisti
351 1103 484 1137 medicus,
503 1104 576 1139 quod
593 1104 658 1131 facis
673 1103 876 1139 hoplomachus.
1411 1101 1499 1134 cendi,
1519 1110 1608 1128 tamen
1623 1107 1652 1128 vt
1668 1101 1754 1129 hastae
1767 1101 1894 1128 velitibus
1906 1107 2054 1129 amentatae
2064 1122 2072 1133 ‚
2092 1100 2125 1128 sic
2137 1108 2198 1136 apta
2212 1103 2340 1137 quaedam
2355 1109 2381 1130 et
2392 1091 2517 1142 paratu}

316 1145 336 1165 Ο
348 1145 364 1165 Ρ
376 1145 397 1165 Η
406 1145 428 1165 T
438 1146 459 1166 H
469 1146 490 1166 Α
499 1147 515 1166 L
526 1147 551 1167 Μ
562 1148 580 1168 O
592 1148 605 1168 s
636 1147 658 1167 T
669 1148 687 1166 Υ
700 1145 716 1167 P
729 1147 749 1166 Η
759 1147 777 1167 t)
790 1147 812 1166 Ν
823 1148 842 1166 o
854 1146 868 1167 S
879 1160 887 1174 ,
908 1138 1009 1166 Oculus
1023 1138 1188 1174 Typhonis,
1209 1139 1294 1172 herba,
1313 1139 1350 1166 nl.
1411 1136 1518 1172 singulis
1532 1138 1668 1164 causarum
1681 1137 1825 1173 generibus
1838 1144 1994 1172 argumenta
2008 1138 2158 1164 traduntur.
2229 1138 2296 1166 Non
2312 1139 2373 1166 satis
2390 1145 2484 1174 opima
2494 1127 2517 1166 ’ἢ

276 1174 395 1202 stoechas
421 1176 498 1211 Apul.
507 1176 539 1203 de
552 1177 635 1204 Herb.
653 1186 676 1203 c.
691 1185 734 1209 42.
1366 1186 1399 1213 25
1411 1173 1491 1206 dixit,
1511 1176 1578 1208 quod
1586 1181 1720 1209 praecepta
1734 1176 1904 1209 Hermagorae
1910 1173 1966 1206 fint
1978 1174 2072 1199 exilia.-
2085 1173 2124 1207 stc
2139 1174 2204 1200 enim
2217 1176 2247 1200 de
2259 1184 2285 1202 eo
2293 1174 2385 1209 scribit
2400 1174 2428 1200 In
2440 1174 2486 1200 hoe>
2500 1182 2517 1207 ,j

314 1218 333 1238 o
344 1217 360 1238 r
372 1217 394 1237 Η
406 1217 426 1238 γ
439 1218 457 1239 R
468 1219 562 1248 1VM,
576 1213 602 1250 s.
625 1218 645 1243 o
656 1220 671 1240 P
683 1217 705 1240 Η
717 1220 725 1239 1
737 1219 756 1240 R
768 1219 778 1240 i
789 1219 809 1240 v
819 1217 861 1246 M,
890 1210 910 1238 i.
946 1220 973 1239 n.
1011 1210 1127 1238 Materni
1142 1209 1209 1238 vitri
1222 1209 1350 1245 faciendi,
1410 1209 1461 1245 ipso
1474 1210 1558 1236 Bruto
1572 1212 1615 1242 263
1646 1210 1676 1237 C.
1692 1209 1806 1236 Sicinius
1825 1209 1974 1250 probabilis
1988 1215 2091 1250 orator,
2110 1218 2165 1236 iarn
2179 1208 2339 1250 vero-etiam
2354 1210 2483 1245 probatus
2499 1208 2517 1250 ξς

275 1249 345 1284 apud
357 1247 425 1277 Plin.
438 1250 481 1284 36,
494 1250 536 1275 26.
787 1258 789 1261 ¹
1409 1254 1442 1272 ex
1456 1245 1504 1272 hac
1520 1246 1597 1281 inopi
1611 1246 1642 1273 ad
1662 1245 1824 1280 ornandum,
1842 1245 1887 1272 sed
1902 1245 1936 1272 ad
1949 1245 2145 1273 inuenientium
2163 1245 2285 1280 expedita
2299 1247 2506 1281 Hermagorae,

704 1288 734 1319 O
808 1287 831 1319 p
901 1287 917 1318 1
1409 1279 1558 1316 disciplina.
1594 1283 1629 1309 Ea
1643 1282 1686 1309 dat
1700 1283 1818 1309 rationes
1834 1289 1933 1316 certaS,
1953 1288 1979 1309 et
1994 1288 2132 1317 praecepta
2147 1281 2267 1308 dicendi:
2284 1291 2352 1317 quae
2365 1281 2383 1309 fi
2395 1281 2497 1311 1111110..

1409 1326 1468 1344 rem
1482 1317 1580 1345 habent
1599 1324 1754 1354 apparatum
1773 1319 1852 1349 (sunt
1871 1318 1944 1346 enim
1965 1318 2063 1350 exilia)
2084 1325 2173 1345 tamen
2185 1317 2285 1345 habent
2298 1317 2440 1351 ordinem,
2455 1321 2482 1345 et
2505 1315 2513 1350 J

313 1362 335 1384 ο
345 1363 425 1385 P1C1
435 1364 452 1385 L
467 1364 484 1385 L
494 1363 568 1390 VM,
587 1359 654 1393 qm'd
664 1358 717 1392 sit,
734 1358 902 1393 quaerendum
922 1357 950 1383 in
971 1358 1018 1384 loeo
1038 1356 1170 1384 Varronis
1189 1355 1231 1384 Est
1251 1355 1347 1383 modus
1364 1367 1397 1393 30
1408 1354 1537 1388 quasdam
1550 1363 1639 1381 errare
1654 1355 1681 1381 iu
1696 1353 1812 1381 dicendo
1827 1363 1881 1381 non
1895 1355 2023 1390 patientes
2036 1355 2104 1381 vias.
2224 1355 2275 1382 Pax
2308 1355 2355 1382 Sil.
2369 1356 2408 1388 16,
2423 1355 2480 1386 685.
2491 1360 2513 1382 ’1

274 1393 405 1428 matulae,
425 1399 477 1427 περὶ
491 1396 563 1427 μέθης
577 1395 643 1430 apud
656 1394 730 1422 Non.
745 1403 767 1426 2,
782 1402 814 1424 113
840 1393 927 1427 Cupas
940 1393 1056 1420 vinarias
1071 1393 1170 1429 ssrpare
1185 1392 1243 1420 noli
1253 1412 1262 1426 ‚
1281 1391 1348 1419 adde
1409 1389 1510 1425 Pingue
1541 1391 1609 1417 Pers.
1625 1392 1676 1417 Sat.
1692 1400 1712 1423 3,
1726 1400 1760 1422 32-
1836 1391 1933 1418 Praeda
1966 1391 2035 1417 Hor.
2051 1389 2135 1425 Epod.
2150 1399 2187 1423 10,
2200 1398 2235 1417 21.
2309 1390 2408 1418 Praeda
2424 1391 2482 1424 opi-

273 1429 399 1461 cyathum
415 1430 474 1457 vini
488 1431 516 1457 in
530 1430 675 1458 vxorculae
696 1429 847 1465 opicillum.
891 1429 966 1465 QI-Al
976 1429 1007 1462 st
1017 1429 1051 1465 est
1064 1429 1261 1463 Diminutiuum,
1281 1429 1348 1464 Ops,
1408 1435 1450 1453 ma
1466 1426 1652 1462 praeclaraque
1678 1426 1735 1452 Cic.
1748 1435 1798 1461 pro
1812 1427 1888 1454 Rosc.
1904 1428 1993 1455 Amer.
2011 1433 2034 1457 8.
2072 1428 2149 1454 Curt.
2164 1435 2188 1459 ς,
2201 1435 2222 1461 1,
2234 1435 2262 1460 4.
2352 1425 2482 1460 Qmestu·
2499 1435 2504 1455 ζ

272 1465 390 1500 opicum,
411 1466 563 1501 opicillum,
585 1467 603 1493 i.
621 1474 728 1502 paruum
739 1466 863 1492 ancilium
873 1464 897 1499 s.
911 1465 1052 1490 remedium.
1120 1484 1124 1486 -
1408 1463 1474 1490 Plin.
1492 1471 1532 1495 10,
1546 1471 1579 1493 ςι.
1639 1463 1689 1488 Res
1721 1463 1790 1489 Hor.
1805 1463 1884 1498 Epist.
1901 1473 1920 1496 1,
1933 1473 1957 1496 2,
1970 1471 2008 1496 57.
2063 1462 2165 1497 Spolia,
2181 1463 2235 1489 vid.
2248 1463 2272 1489 h.
2283 1472 2311 1490 v.
2364 1462 2482 1490 Trium-

311 1508 332 1528 0
342 1508 378 1528 Pi
393 1508 411 1529 c
424 1509 467 1529 VS
477 1523 486 1536 ,
511 1511 542 1536 a,
570 1512 624 1529 um.
661 1503 720 1529 Adi.
760 1500 878 1536 [ἕπικας]
917 1501 1064 1533 Sordidum,
1085 1500 1254 1533 immundum,
1271 1504 1295 1525 et
1308 1500 1346 1525 ob·
1407 1497 1475 1533 phus
1505 1500 1573 1526 Hor.
1589 1499 1678 1525 Cariu.
1693 1507 1718 1532 4,
1732 1508 1756 1530 4,
1769 1506 1803 1531 51.
1896 1499 2015 1525 Viffima
2047 1499 2115 1527 Plin.
2129 1508 2167 1535 10,
2181 1506 2217 1525 21.
2311 1498 2410 1534 Opima
2431 1497 2482 1534 (sc.
2493 1517 2503 1528 ,.

263 1535 510 1573 scenumstgmsficat.
584 1538 655 1566 Nam
676 1544 724 1571 (vt
744 1539 782 1566 ait
803 1536 909 1568 Festus)
929 1535 1046 1571 Opicum
1065 1543 1116 1571 pro
1135 1536 1206 1562 Osco
1227 1534 1346 1570 ponitur.
1362 1545 1391 1572 33
1406 1534 1514 1568 Spolia)
1534 1535 1654 1561 dicuntur
1672 1535 1796 1569 absolute,
1821 1541 1851 1560 vt
1870 1535 1937 1562 Plin.
1958 1535 2052 1570 Paneg.
2072 1544 2094 1562 c.
2108 1542 2154 1570 17,
2172 1544 2192 1568 3.
2229 1535 2297 1569 conf.
2317 1537 2429 1571 Interpr.
2447 1533 2508 1573 asi,

269 1574 363 1606 Nempe
372 1574 502 1608 proprium
517 1583 602 1599 nomen
619 1576 757 1609 Campanae
772 1573 858 1608 gentil>
871 1572 938 1607 fuit.
1013 1572 1141 1600 Aristides
1157 1571 1292 1605 Qunftil.
1313 1570 1345 1597 de
1408 1570 1484 1596 Curt.
1497 1580 1517 1603 3,
1532 1579 1562 1603 11,
1577 1579 1599 1603 7.
1636 1578 1659 1596 ct
1679 1570 1725 1597 Sil.
1739 1578 1773 1604 12,
1787 1575 1843 1602 280·
1902 1570 1974 1598 Flor.
1989 1580 2012 1604 2,
2025 1579 2060 1604 17,
2074 1580 2103 1597 u.
2159 1571 2219 1598 Sen.
2231 1572 2312 1600 Herc.
2330 1571 2384 1598 fur.
2397 1580 2429 1598 v.
2441 1575 2490 1606 48„

269 1606 369 1636 Musica
393 1609 422 1636 L.
438 1618 451 1635 2
470 1618 495 1644 p.
508 1618 536 1642 72
563 1610 642 1637 Meib.
679 1610 825 1640 Ἀναιῶητοί
843 1612 886 1636 εἱσι
901 1614 943 1635 καὶ
956 1607 1162 1642 βοσκηματῶδεις,
1183 1607 1213 1638 ὥς
1231 1607 1280 1634 οἵτε
1292 1612 1345 1640 περὶ
1408 1605 1553 1640 Opimior,
1591 1606 1738 1641 [πιότεςος]
1775 1608 1888 1642 Compar.
1901 1609 1970 1642 apud
1982 1606 2051 1634 Gell.
2065 1615 2087 1641 ς,
2103 1617 2128 1638 ¹⁴
2154 1606 2226 1635 Nam
2241 1616 2345 1642 earum,
2357 1615 2422 1643 quas
2435 1610 2496 1640 ves

268 1643 313 1675 τήν
327 1644 434 1673 ’on-inim«
447 1651 486 1671 καὶ
499 1649 629 1674 λευκανίην.
667 1645 707 1682 12ss
720 1646 801 1681 igitur
816 1645 954 1671 conuicium
967 1646 993 1670 in
1000 1644 1114 1681 stupidos
1129 1652 1154 1670 et
1161 1644 1251 1678 ‚foedos
1269 1644 1344 1670 homi-
1407 1641 1522 1669 nabatui·
1538 1643 1616 1676 feras,
1636 1642 1757 1669 membra
1770 1642 1906 1678 opimiora
1919 1643 1951 1669 ad
1965 1643 2071 1678 specum
2086 1642 2155 1670 mihi
2169 1644 2333 1679 suggerebat.
2425 1643 2485 1670 Me·v
2499 1667 2501 1670 .

267 1689 320 1707 nes.
393 1681 460 1708 Plin.
474 1690 514 1715 29,
530 1691 537 1707 i
560 1683 577 1708 s.
591 1691 604 1713 7
625 1681 673 1717 sub
686 1682 787 1708 Catonis
799 1681 904 1716 prisona
917 1682 946 1707 de
961 1680 1081 1714 Graecis,
1107 1680 1167 1707 Nos
1184 1688 1293 1715 quoque
1306 1679 1344 1706 di-
1405 1680 1476 1714 tapb.
1515 1679 1580 1706 Non
1595 1678 1752 1705 substantiae
1764 1679 1812 1714 ipsi
1826 1678 1954 1707 alimenta
1967 1679 2112 1714 proficiunt
2126 1679 2288 1713 studiorum,
2309 1679 2353 1706 scd
2366 1678 2482 1715 discipli-¹

267 1715 364 1743 &itant
377 1716 521 1750 barbaros,
540 1722 567 1743 et
581 1718 700 1752 spurcius
712 1727 762 1745 nos
783 1726 861 1752 quam
884 1717 950 1743 alios
972 1717 1065 1752 opicos
1086 1715 1267 1752 appellatione
1287 1714 1344 1743 foe·
1361 1725 1398 1751 40
1406 1723 1472 1747 nae,
1492 1715 1554 1750 quia
1571 1724 1618 1742 nec
1633 1714 1799 1750 opimiorem
1819 1715 1936 1742 animam
1952 1714 2086 1748 efficiunt,
2107 1715 2151 1742 sed
2165 1716 2332 1743 ornatiorem
2360 1715 2480 1744 Tertull.
2495 1737 2499 1740 .

267 1751 340 1779 dant.
413 1754 506 1779 quen.
521 1753 572 1780 Sat.
586 1762 610 1788 3,
623 1763 671 1787 207
700 1754 800 1789 Opicos
814 1762 914 1785 mures,
933 1753 1002 1779 dixit
1014 1753 1142 1785 barbaros,
1164 1753 1208 1787 qui
1222 1761 1269 1778 non
1280 1759 1341 1787 par·
1404 1750 1437 1777 de
1451 1751 1547 1778 Anima
1561 1761 1582 1777 c.
1597 1754 1622 1778 6.
1696 1751 1860 1786 Opimiffimi
1874 1752 1958 1779 boues
1985 1751 2060 1779 Idem
2073 1751 2105 1778 ad
2119 1752 2183 1779 Nat.
2197 1761 2221 1786 2,
2234 1757 2257 1782 8.
2433 1784 2438 1785 .
2460 1758 2463 1762 ·
2481 1754 2485 1755 ⁷

268 1795 352 1813 terent
365 1788 439 1813 libris
453 1789 567 1815 Graecis.
677 1789 751 1816 Idem
764 1789 815 1816 Sat.
833 1792 859 1821 6,
874 1797 919 1821 454
956 1788 1014 1814 Nec
1030 1788 1147 1814 curanda
1160 1787 1229 1814 viris
1242 1787 1343 1821 Opicae
1442 1793 1461 1812 ο
1472 1792 1489 1813 P
1502 1793 1512 1813 1
1525 1793 1550 1812 M
1562 1785 1576 1813 ἴ
1585 1793 1606 1814 Τ
1615 1794 1636 1813 Α
1648 1793 1661 1813 s
1671 1806 1679 1819 ‚
1706 1787 1766 1814 atis.
1803 1787 1825 1814 f.
1879 1788 1965 1815 Solin.
1986 1798 2008 1815 c.
2023 1796 2053 1822 59
2085 1788 2158 1815 Nam
2170 1789 2293 1822 protinus
2307 1794 2387 1824 atque
2400 1794 2481 1824 poma
2510 1809 2511 1816 ,

266 1822 374 1857 castigat
393 1823 494 1849 amicae
531 1823 630 1851 Verba.
688 1827 706 1851 i.
773 1834 817 1849 uae
838 1833 884 1850 non
904 1822 993 1849 Lata'ne
1011 1824 1171 1858 loqueretur,
1190 1822 1241 1858 sed
1257 1824 1341 1858 Opice.
1403 1820 1462 1848 eius
1475 1822 1621 1848 ceciderint
1634 1822 1797 1857 maturitate,
1809 1823 1861 1849 alia
1873 1823 2064 1857 protuberant:
2082 1832 2166 1857 eaque
2180 1830 2282 1851 tantum
2294 1824 2333 1851 est
2343 1823 2480 1859 opimitati

266 1858 345 1886 Tiro
358 1860 428 1894 apud
440 1859 508 1886 Gell.
525 1869 556 1892 13,
573 1869 588 1891 9
619 1860 656 1887 Vt
672 1860 756 1887 nostri
771 1860 850 1894 Opici
866 1865 1041 1893 putauerunt:
1078 1860 1096 1885 i.
1116 1859 1227 1892 Plebeii,
1246 1857 1341 1894 rustici.
1404 1866 1497 1890 mora,
1516 1863 1545 1884 vt
1558 1858 1628 1884 fetus
1644 1856 1767 1884 decidant
1780 1864 1841 1883 ante
1856 1858 1920 1884 nati.
1959 1859 1998 1883 De
2010 1859 2099 1883 arbore
2112 1860 2224 1887 Medica.
2262 1861 2328 1894 conf.
2346 1860 2484 1889 Ammiani(

267 1894 336 1921 Gell.
354 1904 385 1928 11,
401 1896 436 1922 16.
524 1895 622 1930 Opicas
636 1896 762 1922 euoluere
776 1895 878 1922 chartas
907 1894 1005 1921 Ausou.
1022 1895 1069 1921 Ρη
1077 1895 1130 1921 “ess'.
1144 1893 1254 1929 Burdig.
1269 1903 1306 1927 23,
1319 1902 1341 1927 3.
1354 1901 1390 1929 45
1405 1903 1441 1927 ¹9,
1456 1902 1493 1920 22.
1567 1893 1650 1921 Plaut.
1666 1892 1736 1920 Asin.
1750 1902 1772 1927 2,
1785 1902 1809 1926 2,
1825 1895 1858 1920 26
1887 1891 2018 1920 Maximas
2032 1893 2195 1929 opimitates,
2215 1900 2241 1921 et
2254 1895 2352 1929 gaudio
2367 1891 2480 1924 effertis-¹

264 1930 343 1959 Panis
356 1930 396 1958 ibi
409 1931 501 1966 opicus
515 1940 564 1966 pro
578 1932 663 1958 ssmila
691 1931 817 1959 Bernard.
830 1931 981 1958 Bonacuall.
996 1929 1063 1957 Abb.
1077 1940 1106 1957 .·i
1121 1930 1176 1957 Vit.
1192 1930 1271 1957 Bern.
1292 1929 1309 1957 l.
1326 1938 1338 1957 2
1402 1930 1486 1958 fimas.
1559 1929 1635 1958 Idem
1650 1929 1726 1964 Capt.
1741 1938 1772 1963 4,
1794 1938 1820 1962 1,
1840 1937 1853 1955 2
1883 1930 2023 1956 Maxumas
2037 1928 2191 1964 opimitates
2205 1930 2383 1966 opiparasque
2397 1932 2478 1960 offer!

264 1967 284 1994 i.
305 1974 369 1993 ater.
443 1966 543 2002 Opicac
557 1972 648 2002 tegunt
665 1968 757 2003 papyri
791 1968 891 1994 Auson.
906 1966 986 2002 Epist.
1001 1978 1026 1999 4,
1037 1976 1080 2000 79.
1171 1966 1271 2001 opicus
1286 1975 1340 1992 ma·
1402 1965 1481 1993 mihi.

263 2002 345 2037 gister
369 2002 444 2030 Idem
458 2003 546 2038 Epigr.
563 2010 612 2036 128,
625 2014 646 2030 2.
684 2006 736 2030 Hoc
751 2004 847 2029 nomine
862 2005 955 2029 Eanum
969 2003 1127 2038 ligur-icorem
1142 2001 1258 2037 appellat.
1282 2003 1339 2030 Vid.
1439 2008 1459 2029 O
1472 2008 1488 2028 1²
1501 2002 1515 2029 ἵ
1525 2008 1550 2028 Μ
1565 2007 1594 2028 E.
1632 2001 1703 2029 Adu.
1743 1999 1864 2036 [κείνως]
1900 2000 2068 2027 Abundanter
2081 2008 2106 2027 et
2120 2002 2199 2028 laute.
2256 2001 2363 2028 Plautus
2384 2001 2475 2038 Bacch.

264 2039 359 2073 Scalig.
373 2040 411 2064 ad
421 2038 485 2065 Fest.
499 2046 523 2064 et
534 2039 633 2065 Auson.
661 2046 686 2064 et
708 2039 814 2065 Turneh.
827 2037 938 2073 Aduers.
953 2047 981 2065 10
990 2058 1000 2072 ,
1019 2047 1053 2065 12.
1090 2039 1136 2064 vel
1148 2037 1213 2073 Lips.
1226 2046 1249 2071 ς.
1285 2039 1337 2074 Q.
1400 2047 1421 2072 3,
1432 2047 1450 2071 1,
1464 2041 1478 2065 6
1508 2038 1639 2064 Omnium
1653 2037 1685 2064 ad
1700 2037 1849 2072 perniciem
1863 2035 1992 2063 instrue’ta
2006 2035 2102 2064 domus
2117 2038 2207 2072 opime
2221 2042 2300 2072 atque
2312 2038 2438 2073 opipare,
2449 2044 2471 2065 at*

262 2072 338 2110 Epist.
360 2075 386 2099 6.
1352 2079 1384 2104 50
1440 2079 1462 2098 o
1477 2079 1492 2097 Ρ
1503 2075 1517 2097 ι’
1527 2080 1553 2098 Μ
1569 2079 1589 2098 o
1600 2091 1609 2103 ‚
1629 2076 1683 2098 are.
1705 2073 1825 2106 [πιαινω]
1863 2072 2058 2106 PInguefacere.
2095 2073 2229 2100 Columel.
2244 2080 2267 2106 8,
2281 2081 2308 2106 9,
2324 2082 2337 2099 2
2363 2071 2467 2106 desti}

299 2116 320 2136 0
332 2115 348 2136 p
359 2117 368 2135 1
380 2114 397 2135 F
409 2114 425 2135 E
435 2115 454 2135 R
466 2114 488 2136 Α
498 2129 506 2142 ,
526 2109 582 2136 vid·
606 2115 682 2136 ops,
1401 2106 1442 2130 dis
1455 2105 1613 2136 turturibus,
1635 2106 1740 2136 Hyeine
1762 2111 1852 2130 tamen
1866 2106 1936 2131 offae
1956 2107 2030 2140 panis
2042 2108 2109 2135 vino
2121 2109 2299 2142 madefa&ae,
2318 2109 2382 2136 ficut
2390 2108 2464 2140 fflifi

299 2143 470 2178 opifex.
501 2145 561 2172 icis.
597 2154 620 2172 e.
659 2146 830 2180 [mamm.
850 2143 912 2169 vet.
926 2141 1009 2169 oioir.
1028 2141 1085 2169 Lat.
1101 2140 1169 2175 Gn]
1206 2149 1238 2166 ex
1262 2141 1338 2175 Opus
1400 2139 1552 2174 9³¹¹¹=¹¹b0⁵2
1574 2139 1687 2166 “el‘rius
1701 2139 1835 2173 0P³¹¹¹³m2
1855 2147 1936 2174 qum
1950 2143 2047 2168 ‘aeteri
2060 2144 2125 2171 ‘ibi-
2162 2147 2232 2171 aaa.
2246 2151 2381 2180 θῶς-’θ’
2391 2143 2465 2179 ⁶⁹⁸⁰·

261 2182 306 2207 vel
321 2181 410 2216 Opera
423 2189 448 2207 et
462 2181 540 2208 Facio
554 2181 721 2217 comptfitum,
743 2177 858 2214 latzffimi
870 2178 927 2214 ’ψει
939 2177 981 2214 est,
1000 2177 1128 2204 adomnia
1142 2184 1223 2212 opera
1233 2195 1241 2208 ‚
1260 2182 1339 2216 artes,
1400 2175 1433 2202 de
1447 2174 1553 2202 Mundo
1568 2183 1592 2210 p.
1606 2177 1646 2205 68.
1723 2175 1839 2201 Tralate.
1858 2175 2047 2215 AufonAEpist.
2060 2186 2085 2209 15
2096 2185 2140 2215 pr.
2160 2180 2186 2206 O
2198 2181 2246 2215 qui
2260 2180 2383 2208 venustos
2395 2179 2470 2208 vberi

261 2225 367 2252 operam,
387 2216 495 2253 honestas
507 2216 609 2252 pariter
622 2225 696 2252 atque
709 2216 814 2243 humiles
827 2215 951 2250 refl’rtur.
1025 2212 1082 2240 Cic.
1091 2212 1169 2240 Offic.
1178 2222 1197 2246 i,
1211 2221 1253 2244 150
1275 2213 1340 2246 Opi.
1399 2211 1524 2238 facundia
1562 2212 1633 2238 Sales
1645 2210 1749 2246 opimas
1760 2210 1886 2238 Tetradi.
2366 2228 2370 2233 .

261 2252 377 2287 ficesque
393 2262 487 2281 omnes
505 2254 533 2280 in
548 2251 656 2280 sordida
669 2258 725 2279 arte
738 2252 885 2279 versantur.
960 2250 1034 2277 Idem
1048 2258 1098 2284 pro
1115 2249 1197 2276 Flacc.
1216 2253 1242 2279 18
1271 2248 1337 2283 Opi.
1354 2253 1383 2281 ςς
1436 2255 1480 2275 01²
1490 2255 1499 2274 1
1511 2248 1569 2279 ΜᾹ
1578 2255 1600 2274 Τ
1611 2254 1633 2274 ν
1645 2253 1674 2281 s,
1695 2256 1724 2282 a,
1745 2250 1801 2287 '111115
1839 2247 1907 2275 Part.
1947 2246 2075 2283 Opimam
2087 2248 2201 2278 vinariis
2217 2250 2304 2280 ostrea
2324 2251 2413 2281 Sidoni.
2423 2250 2470 2288 Ep.

262 2289 324 2316 flces
337 2296 363 2316 et
377 2288 556 2322 tabernarios,
574 2296 655 2323 atque
669 2287 742 2315 illam
756 2296 864 2314 omnem
878 2286 978 2313 faecem
991 2286 1142 2319 ciuitatum,
1160 2285 1225 2320 quid
1240 2285 1276 2311 est
1292 2292 1337 2310 ne-
1399 2290 1424 2317 8,
1439 2291 1472 2310 12.
1546 2282 1835 2322 Opimatovabdomine
1846 2289 1942 2322 venter
1971 2285 2071 2312 A'uson.
2086 2286 2193 2314 Mosen.
2206 2296 2258 2319 105.

259 2325 331 2359 gotii
348 2325 500 2352 concitare?
573 2324 764 2352 Demosthenes
779 2323 871 2349 dolere
884 2322 910 2348 se
924 2320 1026 2354 aiebat,
1049 2320 1067 2348 si
1083 2321 1192 2356 quando
1206 2320 1336 2356 opificum
1436 2325 1457 2346 Ο
1469 2326 1503 2346 Pl
1516 2325 1539 2346 N
1550 2328 1560 2347 1
1570 2327 1605 2355 ο,
1634 2319 1705 2347 onis.
1743 2320 1763 2347 f.
1779 2348 1781 2351 y
1801 2317 1896 2354 [δέξῃ
1913 2323 1986 2355 σία-ις,
2004 2319 2116 2356 δόκησις]
2153 2324 2301 2350 Generatim
2317 2323 2474 2359 affinfionm

260 2361 415 2387 antelucana
431 2361 520 2388 vie'tus
535 2361 596 2388 esset
610 2359 738 2388 industria
766 2360 823 2386 Cic.
833 2359 917 2385 Tusc.
931 2370 944 2391 4
960 2368 980 2385 c.
994 2367 1029 2391 19.
1103 2358 1229 2385 Coronae
1243 2356 1336 2391 opifex
1397 2355 1679 2392 qufirtltatnfiqnificas‚
1691 2355 1930 2396 s'ententi'am‚“non
1950 2354 2025 2382 certis
2045 2358 2218 2392 argumentis,
2233 2357 2284 2392 sed
2294 2360 2350 2394 fide
2364 2360 2474 2386 aliorum

261 2398 333 2424 Hor.
349 2398 439 2424 Carm.
453 2407 474 2429 3,
489 2406 527 2432 27,
540 2407 581 2430 30.
655 2396 788 2423 Fulminis
802 2394 905 2424 trisulci
919 2393 983 2421 deus
996 2393 1089 2428 opifex
1121 2393 1210 2422 Senec.
1223 2391 1336 2427 Hippol.
1396 2391 1488 2426 dubia,
1508 2399 1554 2418 aut
1573 2393 1739 2427 qualicunque
1752 2390 1927 2425 fimilitudme
1939 2392 2012 2425 veri,
2026 2391 2102 2427 saepe
2122 2393 2198 2419 etiam
2219 2402 2322 2427 errore,
2341 2402 2387 2421 aut
2394 2393 2471 2430 falsa

261 2433 279 2460 s.
295 2442 317 2460 2.
396 2434 494 2468 Operis
509 2433 626 2468 optimus
641 2433 733 2467 opifex
764 2433 835 2459 Hor.
851 2431 934 2458 serm.
949 2438 968 2460 1,
981 2438 1006 2465 3,
1022 2438 1065 2456 122.
1158 2427 1335 2456 Persuadendi
1350 2427 1385 2453 60
1394 2426 1550 2462 persuafione
1564 2428 1666 2453 nixam:
1685 2428 1756 2454 cuius
1767 2433 1797 2453 vt
1804 2425 1867 2462 sum
1881 2426 1984 2462 diuersa
1993 2436 2107 2462 genera,
2124 2428 2162 2454 ita
2183 2427 2280 2462 opinio
2295 2429 2425 2456 interdum
2437 2428 2473 2494 ef

261 2469 365 2504 opiter,
386 2470 515 2496 Rhetorice
544 2469 677 2503 Qiinffil.
692 2478 718 2502 2,
731 2478 764 2503 15,
779 2478 802 2501 4.
878 2467 919 2492 Sic
932 2467 1012 2492 Stilus
1031 2464 1137 2492 dicendi
1152 2465 1245 2500 opifex
1276 2463 1335 2490 Cic.
1397 2463 1487 2497 Fama,
1507 2463 1667 2498 existimasse.
1740 2462 1839 2489 Cic.ad
1851 2462 1989 2490 Caesarem
2003 2463 2153 2494 Iuniorem,
2169 2463 2232 2489 Erat
2246 2463 2342 2498 opinio
2355 2463 2426 2492 bona
2457 2469 2474 2492 0

262 2506 335 2531 Fam.
349 2515 372 2539 7,
386 2514 424 2537 25.
513 2505 587 2533 Idem
602 2504 687 2532 Ture.
699 2515 722 2538 ς,
738 2515 767 2538 34
799 2502 848 2531 Etsi
862 2503 935 2530 Zeno
950 2501 1054 2529 Citieus
1068 2500 1170 2528 aduena
1184 2499 1294 2535 quidam
1308 2506 1334 2526 et
1397 2498 1504 2531 Planco,
1524 2498 1594 2525 bona
1610 2498 1642 2525 dc
1660 2498 1772 2534 Lepido.
1818 2500 1856 2525 Ex
1870 2497 1967 2525 Nouio
1979 2509 2004 2532 4,
2016 2506 2069 2533 329.
2143 2499 2200 2526 Cic.
2213 2499 2286 2527 Fam.
2299 2507 2320 2533 i,
2333 2508 2348 2533 7
2376 2501 2471 2536 Magn}
2483 2502 2485 2504 ’

260 2541 393 2575 ignobilis
407 2540 554 2568 verborum
569 2541 677 2576 opifex,
697 2540 835 2568 infinuass'e
849 2540 873 2566 se
888 2539 915 2566 in
931 2538 1068 2574 antiquam
1081 2536 1281 2572 philosophiam
1295 2536 1335 2562 vi·
1396 2533 1433 2561 est
1447 2534 1591 2562 hominum
1606 2534 1704 2569 opinio
1717 2534 1749 2563 de
1763 2540 1805 2568 te,
1825 2543 1919 2569 magna
1937 2534 2138 2563 commendatio
2154 2535 2332 2563 liberalitatis.
2418 2537 2468 2571 Ni?

262 2577 349 2603 detur.
422 2576 489 2610 Apes
504 2576 613 2612 opifices
647 2577 735 2604 Varro
752 2576 784 2603 cle
797 2577 828 2603 R.
841 2576 873 2602 R.
887 2585 908 2608 3,
923 2577 959 2602 16.
1034 2574 1151 2610 Opifex,
1171 2572 1336 2599 aedificator.
1397 2570 1452 2598 mia
1472 2571 1569 2606 opinio
1583 2571 1691 2606 Ingenii
1704 2577 1784 2606 atque
1798 2569 1915 2598 Virtutis
1945 2571 2015 2606 Nep.
2031 2581 2054 2605 7,
2069 2578 2097 2606 7,
2116 2580 2136 2604 ς.
2174 2572 2243 2598 Add.
2264 2571 2338 2599 Idem
2351 2576 2384 2607 18,
2396 2581 2427 2606 13,
2439 2574 2474 2600 ἐξ
2512 2604 2513 2608 ¹

263 2622 316 2648 que
328 2611 423 2639 mundi
437 2612 508 2639 Deus
538 2613 595 2640 Cic.
609 2613 641 2639 de
654 2612 718 2640 Nat.
732 2613 813 2640 Deor.
828 2622 847 2645 1,
861 2618 885 2642 13
905 2621 926 2639 c.
941 2618 964 2641 8.
1062 2611 1104 2637 Sic
1117 2610 1218 2637 Rerum
1233 2607 1335 2644 Opifex
1349 2605 1381 2639 63
1398 2606 1580 2634 Pseudo-Cic.
1593 2613 1718 2641 anteqam
1732 2607 1784 2632 iret
1797 2606 1825 2632 in
1839 2606 1902 2645 exil.
1919 2616 1945 2639 23
1977 2607 2012 2633 Ea
2031 2613 2137 2633 maneat
2153 2606 2250 2642 opinio
2262 2613 2288 2635 et
2300 2606 2464 2643 existimatio,

260 2650 292 2676 de
302 2650 346 2675 dea
375 2647 459 2675 Ouid,
474 2649 540 2676 Mes,
553 2659 572 2684 ι,
587 2658 626 2683 79,
1398 2646 1467 2676 quae
1480 2642 1582 2669 virtute
1595 2648 1678 2677 parta,
1698 2651 1754 2669 non
1768 2649 1836 2676 quae
1850 2640 2010 2668 infelicitate
2022 2642 2096 2668 illata
2110 2641 2155 2669 est.
2247 2645 2324 2677 Quae
2336 2643 2475 2673 ciuitatis,

301 2691 321 2712 o
333 2691 411 2711 1³1F1
423 2689 440 2711 C
452 2684 465 2712 i‘
470 2691 492 2711 N
503 2691 523 2711 Λ
533 2702 542 2716 ,
568 2694 607 2713 ae.
645 2685 666 2712 f.
704 2684 879 2719 [anama-raom
901 2682 1057 2723 iwani-4003]
1091 2688 1138 2718 pro
1152 2680 1272 2717 Opifici'o,
1292 2680 1337 2706 vel
1397 2678 1485 2706 Gallia
1498 2678 1641 2706 maximam
1655 2676 1734 2705 habet
1748 2677 1906 2712 opinionem
1919 2677 2035 2703 Virtutis
2064 2678 2138 2705 Caes.
2156 2679 2184 2705 B.
2198 2679 2230 2706 G.
2244 2689 2267 2713 7,
2281 2682 2326 2707 60.
2411 2679 2466 2708 eie.

261 2720 360 2752 officina
374 2722 442 2748 adeo.
517 2721 600 2748 plaut.
614 2721 673 2748 Mil.
688 2731 714 2754 3,
728 2730 754 2753 3,
769 2731 780 2753 7
815 2719 842 2747 Si
855 2729 886 2746 ea
901 2728 928 2746 in
943 2719 1072 2754 opificum
1085 2717 1198 2745 nesciam
1208 2723 1252 2744 aut
1266 2716 1336 2744 mala
1397 2714 1430 2741 de
1445 2714 1553 2746 Amicit.
1566 2722 1597 2749 37
1630 2715 1723 2748 Qium
1737 2713 1904 2740 conciliatrix
1912 2712 2051 2753 'amicitiae
2066 2713 2182 2741 Virtutis
2196 2715 2293 2751 opinio
2309 2715 2402 2754 fuerit,
2419 2715 2468 2744 disi

261 2757 328 2790 ess‘e,
349 2762 394 2783 aut
414 2756 595 2785 fraudulenta.
669 2758 726 2784 Cic.
743 2755 819 2785 Offic.
834 2766 852 2789 1,
871 2764 914 2787 130
934 2765 955 2783 c.
969 2764 997 2788 42
1025 2753 1083 2781 Nec
1099 2750 1173 2780 enini
1188 2752 1336 2789 quidquam
1397 2750 1469 2778 ficile
1483 2750 1520 2777 est
1533 2750 1680 2778 amicitiam
1694 2756 1812 2784 manere,
1828 2747 1846 2775 11
1861 2756 1875 2774 a
1890 2754 1991 2776 Virtute
2005 2747 2192 2777 defecerimus.
2250 2751 2343 2779 Ibidem
2355 2758 2390 2788 98
2413 2751 2467 2788 ¹38⁶.

262 2793 409 2827 ingenuum
424 2792 523 2820 habere
536 2793 621 2829 potest
635 2793 770 2829 opificina.
844 2790 959 2819 Officina
977 2795 1063 2817 editur
1076 2791 1155 2816 hodie.
1347 2792 1385 2823 70
1397 2793 1486 2814 autem
1500 2796 1557 2813 non
1573 2786 1605 2827 de
1619 2786 1721 2827 virtute
1734 2794 1804 2811 nunc
1816 2783 1931 2820 loquor,
1950 2784 1993 2811 sed
2014 2785 2046 2812 de
2066 2785 2176 2814 virtutis
2190 2787 2329 2822 opinione.
2418 2787 2467 2821 Aa.

300 2835 534 2864 0P1F1C1viu,
562 2831 581 2857 i.
619 2839 645 2857 n.
683 2826 872 2864 [δημιέργημα]
912 2830 979 2863 Opas
998 2827 1073 2863 ipfius
1092 2825 1193 2862 opifici5.
1246 2825 1336 2852 Varro
1398 2822 1457 2849 sunt
1470 2823 1553 2849 inulta
1565 2831 1622 2848 eius
1635 2831 1676 2848 rei
1689 2819 1827 2856 exempla,
1847 2827 1900 2848 tam
1920 2821 2001 2848 laesae
2019 2820 2111 2849 hercle
2125 2830 2205 2857 quam
2225 2824 2396 2852 conseruatae
2415 2824 2470 2854 sais*

261 2864 294 2892 de
311 2865 341 2891 R.
356 2866 387 2892 R.
401 2873 426 2899 3,
440 2867 466 2892 16
492 2870 523 2892 cle
535 2867 631 2901 apibus.
669 2865 729 2893 Nisi
742 2864 847 2900 opificii
861 2873 903 2891 eas
918 2869 994 2898 Vrget
1009 2869 1122 2897 tempus.
1197 2861 1238 2888 De
1257 2860 1336 2896 opifi-
1398 2858 1509 2885 ffiffime
1528 2857 1674 2893 vtrobique
1693 2862 1736 2891 (et
1751 2858 1779 2883 in
1787 2857 1881 2893 scholis
1894 2862 1918 2883 ct
1931 2858 2013 2898 dombi)
2037 2858 2178 2893 opinionis
2212 2858 2344 2894 Quinem.
2359 2871 2385 2896 1,
2398 2862 2494 2896 2',³4;,¹*=

262 2900 307 2929 (10
320 2901 370 2927 Dei
385 2901 515 2928 Laffimtjj
529 2903 623 2929 librum
638 2903 762 2929 habemus,
1396 2894 1471 2921 Idem
1485 2897 1517 2931 6,
1533 2902 1558 2928 1,
1573 2895 1602 2926 36
1639 2894 1666 2921 Si
1687 2899 1732 2921 aut
1754 2892 1819 2920 statu
1841 2892 1990 2929 periclitari
2009 2900 2054 2920 aut
2070 2895 2202 2930 opinione
2216 2896 2339 2931 litigator
2351 2897 2481 2929 videtur}¹

300 2943 321 2964 o
331 2944 347 2963 r
358 2944 366 2963 1
376 2944 392 2964 r
402 2945 411 2963 1
422 2943 438 2963 c
449 2945 456 2963 1
468 2946 488 2964 v
498 2945 527 2971 s,
559 2948 591 2973 a,
624 2948 679 2967 um,
718 2935 779 2965 Adi,
813 2936 892 2973 Apul.
914 2934 1016 2964 Florid.
1036 2945 1044 2962 1
1062 2943 1088 2970 p.
1101 2942 1144 2968 224
1176 2932 1282 2961 Exflare
1304 2933 1334 2960 in
1397 2931 1431 2957 Et
1451 2940 1485 2966 12,
1500 2941 1518 2962 1,
1533 2939 1558 2957 12
1585 2930 1663 2958 Malis
1677 2927 1836 2958 hominibus
1852 2937 1884 2957 ex
1899 2936 2035 2970 contemtu
2048 2929 2186 2966 opinionis
2200 2939 2225 2960 et
2237 2932 2389 2967 ignorantia
2401 2926 2479 2964 reae's

260 2972 378 3008 opificiis
395 2973 531 3006 operibus·
1347 2973 1380 3003 75
1397 2975 1452 2994 non
1466 2975 1602 3002 nunquam
1616 2965 1715 2993 excidit
1734 2965 1790 3001 ipsa
1802 2965 1944 2993 simulatio.
2019 2968 2052 2993 Et
2078 2976 2112 3000 12,
2127 2976 2152 3001 9,
2167 2977 2181 3000 4
2212 2970 2289 3003 Qiae
2304 2970 2396 2997 onmia
2412 2967 2480 3003 nois.

300 3015 366 3036 01³1
379 3008 459 3037 GEN
471 3016 513 3043 A,
540 3018 578 3036 ae.
615 3009 635 3038 f.
675 3009 776 3037 lunonis
795 3017 925 3045 cognomen
943 3008 1012 3044 apud
1022 3005 1128 3035 Festum
1148 3013 1173 3033 et
1190 3005 1270 3034 Mart.
1286 3005 1336 3033 Ca·
1397 3000 1461 3031 dum
1473 3001 1542 3030 fiunt
1561 3001 1717 3039 laudantur,
1738 3003 1781 3030 sed
1803 3011 1863 3030 cum
1882 3002 1953 3029 t'aCta
1973 3002 2048 3039 suutg
2067 3003 2139 3030 vnde
2160 3003 2241 3032 etiam
2260 3001 2350 3032 minus
2364 3004 2493 3045 cupidi&

262 3045 323 3082 pell,
346 3055 364 3072 ι,
1396 3038 1534 3075 opinionis
1546 3038 1604 3075 plus
1618 3038 1721 3066 frqus
1738 3038 1822 3068 venit.
1921 3036 2043 3074 Opinio,
2061 3040 2190 3075 Suspicio.
2248 3042 2352 3069 ·Varro
2368 3037 2482 3074 Eudae&

300 3088 321 3108 o
332 3087 458 3116 rimo,
487 3081 558 3109 onis.
596 3090 632 3108 in.
670 3080 794 3116 [ποιμὴν]
832 3081 928 3107 dicitur
948 3080 1021 3115 quast
1036 3078 1149 3114 Ouilio,
1168 3079 1211 3105 hoc
1223 3077 1269 3114 est,
1290 3077 1335 3112 qui
1394 3075 1522 3104 monibus
1534 3077 1603 3116 apufl
1613 3075 1687 3104 Non.
1702 3082 1731 3109 4,
1746 3084 1789 3109 329
1825 3073 1880 3112 Qi
1901 3084 1994 3102 omues
2010 3084 2053 3102 me
2067 3075 2150 3103 bilem
2164 3082 2249 3104 atram
2262 3078 2362 3112 agitare
2377 3077 2444 3105 clam

261 3126 317 3145 oues
331 3117 445 3154 custodit.
484 3119 550 3144 Sunt
563 3117 607 3154 qui
615 3117 719 3152 Vpilio‚
733 3126 779 3142 non
790 3117 884 3151 Opilio
894 3117 1020 3151 scribant,
1035 3117 1187 3142 auHoritate
1198 3114 1334 3146 Prisciani,
1395 3118 1495 3146 tantes,
1514 3112 1673 3147 opinionem
1687 3110 1755 3139 inihi
1773 3112 1889 3138 insaniae
1902 3119 1977 3138 meae
1995 3109 2163 3141 confirmant.
2238 3113 2354 3141 Terent.
2367 3114 2444 3142 Heaii
2498 3135 2499 3140 ,

261 3161 286 3180 et
300 3154 389 3180 Seruii
409 3156 445 3180 ad
459 3154 513 3182 Ecl.
529 3164 573 3188 10,
587 3163 613 3188 19
643 3153 688 3188 qui
698 3153 778 3179 aicit:
800 3159 819 3178 ο
835 3152 947 3179 breuem
967 3152 996 3180 111
1016 3150 1067 3179 hoc
1080 3152 1193 3179 nomine
1208 3150 1257 3178 ess‘e
1271 3158 1334 3177 con·
1346 3152 1380 3179 80
1396 3157 1423 3180 2,
1436 3157 1484 3182 2,3
1513 3148 1683 3175 Concurrunt
1702 3148 1801 3176 multae
1816 3148 1974 3183 opiniones,
1994 3155 2062 3184 quae
2083 3147 2152 3175 inihi
2172 3149 2293 3177 animum
2311 3157 2442 3186 exaugean

261 3190 366 3216 versam
381 3189 408 3216 in
424 3196 446 3215 V
462 3190 582 3226 longum,
602 3199 634 3217 ex
649 3189 790 3216 literarum
804 3187 941 3215 affinitate.
1038 3188 1172 3216 Columel.
1187 3195 1214 3222 7,
1229 3197 1240 3221 3
1274 3185 1335 3214 Post
1395 3183 1526 3220 Sententia
1539 3183 1661 3224 nonsatis
1676 3192 1759 3211 certa:
1796 3185 1852 3212 Cic.
1867 3184 1921 3213 Off.
1936 3195 1956 3221 3,
1970 3191 2013 3217 84·
2035 3183 2101 3212 Non
2120 3184 2207 3213 habeo
2223 3186 2255 3213 ad
2269 3185 2343 3221 vulgi
2359 3186 2454 3224 opinio
2471 3220 2473 3223 .

261 3225 396 3253 foeturam
417 3225 513 3253 deinde
535 3226 698 3261 longinquae
723 3224 842 3260 regionis
869 3225 960 3258 pascua
979 3225 1110 3260 petiturus
1130 3224 1219 3260 opilio
1232 3244 1241 3258 ,
1278 3223 1335 3250 fere
1395 3230 1466 3255 nem,
1487 3228 1554 3255 quae
1566 3228 1653 3247 maior
1667 3221 1769 3249 vtili'tas
1783 3229 1861 3256 quam
1875 3219 2003 3255 regnandi
2018 3221 2067 3248 essb
2081 3222 2165 3256 poffit.
2238 3221 2312 3249 Idem
2326 3223 2400 3250 Brut.
2416 3231 2442 3258 19
2475 3219 2480 3228 “

260 3270 372 3289 omnem
385 3262 506 3289 sobolem
520 3263 633 3298 pastioni
646 3263 762 3289 reseruet
783 3257 957 3287 suburbanae.
1069 3261 1145 3296 Virg.
1166 3261 1220 3288 Ecl.
1240 3269 1287 3292 10,
1306 3268 1333 3294 19
1394 3267 1417 3285 c.
1433 3267 1458 3289 5¹
1491 3256 1546 3291 Qii
1566 3256 1640 3292 vulgi
1661 3257 1791 3291 opinione
1810 3256 1970 3284 disertissimi
1990 3256 2076 3284 habiti
2089 3257 2163 3291 sunt,
2182 3257 2293 3286 eosdem
2312 3257 2460 3295 intelligeri,
2490 3285 2491 3292 ,

262 3298 346 3325 Venit
360 3303 386 3325 et
402 3298 500 3334 vpssio,
517 3305 564 3327 etc.
637 3298 719 3325 Gloss‘.
744 3296 850 3332 Opilio,
869 3299 974 3327 ἁιπὸλας.
1394 3295 1464 3321 tium
1478 3302 1585 3330 quoque
1600 3292 1703 3320 iudicio
1716 3294 1792 3320 fuiffe
1806 3293 2008 3329 probatiffimos.
2092 3292 2149 3320 Cic.
2162 3292 2194 3320 dc
2208 3295 2283 3322 Orat.
2298 3302 2323 3328 2,
2337 3304 2379 3322 210
2399 3305 2421 3324 c.

303 3339 324 3360 0
334 3341 367 3361 Pi
379 3341 396 3360 L
410 3340 430 3361 0
440 3357 449 3369 ‚
470 3335 553 3370 inquit
565 3334 664 3368 Festus,
684 3342 767 3369 genus
782 3333 846 3359 Auis
858 3330 902 3359 est.
1349 3334 1379 3365 85·
1394 3331 1442 3359 Illa
1455 3329 1581 3357 excellens
1595 3329 1726 3364 opinione
1740 3330 1864 3362 fortuna,
1883 3330 1931 3355 int.
1945 3328 2079 3362 hommum,
2098 3330 2180 3364 vulgi,
2267 3330 2372 3359 Ibidem
2386 3340 2410 3365 2,
2423 3339 2449 3358 ιο
2462 3338 2464 3341 ’

300 3375 478 3404 ΟΡιΜινε,
498 3372 620 3397 Romanae
628 3371 713 3406 gentis
726 3378 819 3397 nomen.
872 3366 939 3395 Plin.
955 3376 988 3401 ¹4,
1003 3378 1016 3400 4
1044 3367 1073 3394 L.
1089 3366 1201 3402 Opimio
1215 3366 1334 3401 consule,
1395 3377 1416 3394 c.
1430 3375 1463 3401 24
1491 3367 1522 3393 In
1535 3375 1589 3401 quo
1603 3365 1638 3391 cst
1654 3367 1700 3393 illa
1712 3366 1821 3401 quidem
1835 3372 1929 3400 magna
1941 3362 2052 3391 offensio
2078 3379 2125 3386 —-—
2150 3365 2199 3393 Sed
2213 3365 2293 3394 etiam
2315 3367 2359 3394 illa
2373 3367 2461 3394 maior

263 3414 348 3440 qumn
367 3406 398 3433 C.
411 3406 545 3434 Gracchus
563 3404 688 3434 tribunus
707 3405 776 3441 pleb.
796 3403 971 3432 seditionibus
989 3403 1095 3439 agitatis
1114 3405 1271 3431 interemtus
1287 3404 1334 3438 cst,
1393 3401 1524 3439 opinione
1534 3410 1598 3435 mea,
1608 3402 1680 3436 quod
1696 3412 1775 3429 nemo
1790 3400 1884 3436 potest,
1897 3408 1941 3427 etc.
2017 3399 2083 3427 Illud
2093 3410 2162 3437 inca,
2182 3405 2247 3437 quod
2259 3403 2332 3429 habet
2343 3404 2400 3431 Rob.
2410 3404 2461 3434 Sta,
2480 3411 2483 3415 ·

262 3449 293 3468 ea
307 3441 372 3468 caeli
392 3444 535 3476 temperies
550 3443 639 3476 fulfit,
660 3450 741 3478 quam
761 3442 898 3468 cocturam
911 3446 1025 3472 vocant,
1045 3440 1114 3467 Solis
1132 3449 1229 3475 opere,
1251 3441 1333 3466 natali
1388 3441 1497 3475 phanus,
1514 3437 1698 3474 probarumque
1712 3438 1827 3465 Nizolius
1839 3444 1863 3462 et
1875 3437 2018 3468 Ser-cham,
2040 3441 2189 3464 recentiores
2201 3442 2327 3467 ominum,
2402 3438 2450 3467 Cic
2480 3458 2493 3471 ·.

263 3476 338 3503 vrbis
354 3479 411 3510 634.
449 3479 604 3514 Durautque
616 3477 701 3506 adhuc
715 3477 778 3505 vina
792 3477 911 3504 ducentis
926 3477 983 3503 fere
997 3476 1090 3507 annis,
1110 3476 1162 3502 iam
1176 3476 1204 3502 in
1220 3475 1332 3509 speciem
1395 3473 1471 3503 Offic.
1486 3484 1506 3508 3,
1521 3483 1538 3500 u
1561 3474 1616 3506 Qu
1632 3475 1750 3509 primum
1764 3473 1828 3500 haec
1842 3478 1934 3498 natura
1948 3470 2118 3503 cohaerentia
2134 3473 2266 3509 opinione
2281 3474 2438 3502 distraxissen
2477 3487 2493 3507 ,1

263 3512 370 3540 redafia
389 3513 475 3540 mellis
498 3515 595 3549 asperi:
614 3515 732 3549 (etenim
754 3514 817 3542 hacc
830 3519 923 3540 natura
937 3511 1010 3540 vinis
1032 3511 1059 3538 iu
1072 3512 1199 3539 vetustate
1210 3512 1246 3539 est
1261 3522 1264 3539 1
1286 3521 1332 3539 nec
1345 3519 1381 3545 90
1393 3512 1466 3539 Idem
1480 3510 1511 3538 ad
1524 3509 1661 3537 Caesarem
1675 3510 1812 3538 Iuniorem
1834 3516 1873 3544 ap,
1889 3509 1962 3536 Non.
1979 3509 1995 3536 l.
2010 3519 2032 3538 c.
2069 3509 2178 3537 Posthac
2198 3511 2270 3545 quod
2290 3511 2365 3538 voles
2387 3519 2401 3539 a
2415 3519 2440 3538 m

263 3548 352 3584 potari
366 3558 413 3584 per
427 3550 451 3576 se
466 3558 582 3585 queunt,
599 3552 616 3578 si
637 3560 691 3579 non
710 3551 848 3587 pcruincat
870 3558 953 3583 aqua,
973 3557 1056 3582 vsque
1075 3548 1104 3574 in
1123 3547 1331 3576 amaritudinem
1392 3547 1453 3575 fieri
1473 3546 1584 3582 scripto,
1606 3547 1711 3573 vincam
1724 3545 1883 3580 opinionem
1903 3552 1983 3572 tuam.
2020 3546 2044 3572 h.
2057 3555 2076 3574 e.
2104 3547 2263 3581 Diligentim·
2275 3555 2325 3580 ero,
2346 3557 2418 3581 quam

263 3585 336 3612 carie
351 3585 491 3613 indomita.
565 3588 632 3615 Hinc
647 3588 718 3616 Vina
735 3592 953 3621 oriMiANA,
972 3586 1002 3611 de
1018 3585 1103 3620 quibus
1130 3585 1296 3620 Paterc.2,7‚
1309 3595 1331 3616 ς,
1392 3583 1513 3620 opinaris.
1585 3581 1643 3608 Cic.
1660 3583 1736 3608 Verr.
1754 3591 1781 3612 2,
1799 3586 1835 3612 182
1863 3582 1928 3608 Sane
1948 3580 2054 3608 homiui
2068 3588 2173 3616 praeter
2186 3581 2343 3615 opinionem
2358 3582 2413 3618 imp
2431 3584 2436 3615 j
2471 3596 2473 3598 -

262 3621 379 3649 Martial.
395 3631 421 3656 9,
434 3627 466 3655 89
480 3629 527 3650 ete.
564 3623 631 3652 Plin.
646 3633 679 3658 ¹⁴⁸2
695 3632 714 3658 4
726 3630 771 3650 etc.
809 3623 916 3650 Petron.
933 3631 954 3648 c.
969 3628 1004 3654 3⁴·
1393 3619 1452 3647 viso
1466 3616 1556 3646 incidi.
1631 3618 1669 3645 Id.
1684 3627 1733 3652 pro
1748 3617 1822 3644 Rosc.
1838 3620 1926 3644 Amer.
1942 3625 1975 3651 45
2001 3618 2155 3652 Contraque
2170 3616 2312 3653 opiniones
2326 3619 2460 3650 omnium*

300 3663 343 3684 ΟΡ
353 3658 366 3684 ι’
377 3664 400 3684 Μ
409 3665 429 3685 V
439 3664 469 3692 S,
487 3668 518 3690 a,
541 3667 596 3688 11111.
635 3659 695 3687 Adi.
734 3660 828 3694 [πίων]
866 3658 970 3692 Proprie
982 3657 1098 3692 pInguem
1112 3664 1136 3682 ct
1150 3657 1208 3683 hene
1221 3657 1331 3684 habitum
1394 3655 1524 3683 Omnium
1538 3653 1687 3689 opinione,
1728 3657 1759 3680 τί
1778 3664 1856 3680 omnes
1871 3653 2022 3694 existimant,
2043 3660 2068 3680 et
2081 3656 2191 3682 credunt.
2264 3654 2321 3682 Cic.
2336 3655 2363 3681 in
2377 3650 2456 3682 Vei-¹⁶5

263 3700 352 3723 natan
373 3693 462 3720 deinde
475 3694 588 3731 sollemni
605 3697 748 3731 metaphora
767 3695 893 3731 quidquid
907 3693 933 3719 in
941 3692 987 3728 suo
996 3702 1089 3727 genere
1102 3692 1217 3719 excellere
1234 3700 1258 3719 et
1271 3693 1330 3719 reli.
1343 3697 1376 3724 95¹
1392 3692 1451 3720 Aci.
1473 3702 1498 3725 1,
1516 3698 1532 3718 2
1568 3690 1661 3716 Homo
1682 3689 1734 3717 vita
1754 3696 1832 3724 atque
1853 3690 1930 3716 fac'tis
1949 3691 2074 3723 ‘omnium
2089 3689 2140 3716 iam
2157 3689 2289 3723 opinione
2304 3689 2463 3718 damnatus}

263 3729 320 3768 qais
331 3729 499 3769 praestantius
511 3731 556 3771 ‘ffi
567 3731 683 3758 indicare
696 3731 817 3758 volumus.
890 3728 987 3762 Festus,
1001 3728 1110 3756 Hostiae
1123 3729 1238 3765 opimae,
1259 3738 1332 3763 prae·
1391 3728 1517 3763 pecuniae
1531 3725 1712 3761 magnitudine
1730 3725 1772 3752 sua
1787 3727 1829 3760 spe
1844 3735 1872 3753 ac
1888 3723 2083 3760 praedicatione
2096 3724 2240 3751 absolutus.
2313 3727 2370 3754 Cic.
2382 3723 2451 3754 Fami

264 3772 341 3798 cipue
362 3773 487 3799 pingues:
508 3773 534 3793 et
550 3767 633 3802 spolia
651 3768 758 3803 opima,
776 3766 916 3798 magnifica
937 3772 962 3793 et
982 3765 1069 3800 ampla
1087 3764 1178 3800 spolia.
1252 3765 1330 3799 Virg.
1393 3774 1432 3796 12,
1448 3772 1472 3793 ¹5
1504 3761 1684 3797 Q1an10breui
1699 3762 1829 3796 opinione
1843 3762 1955 3790 celerius
1969 3761 2076 3788 confido
2092 3759 2311 3789 sceleratiffimum
2326 3762 2451 3798 latronem

264 3800 331 3826 Aen.
346 3808 384 3831 10,
400 3810 447 3833 449
480 3802 513 3828 At
532 3803 624 3837 spoliis
637 3813 687 3838 ego
701 3802 753 3829 iam
766 3796 847 3837 raptis
862 3801 992 3830 laudabor
1010 3800 1117 3835 opimis.
1155 3804 1194 3829 Ac
1207 3802 1238 3827 de
1252 3801 1290 3826 his
1303 3801 1331 3826 in
1391 3809 1488 3835 poenas
1500 3799 1629 3826 daturum.
1704 3799 1824 3825 Celerius
1839 3799 1970 3833 opinione
1984 3804 2110 3825 venturus
2124 3796 2224 3822 dicitur
2251 3797 2286 3824 ld.
2302 3797 2366 3826 ibid.
2374 3805 2409 3831 14,
2417 3804 2450 3830 23·

268 3841 282 3861 S
295 3841 340 3862 ΡΟ
353 3841 369 3861 L
383 3842 430 3862 ΙΛ.
537 3839 651 3866 Habitus
671 3839 792 3875 corporis
813 3839 935 3873 opimus,
968 3846 992 3864 et
1010 3837 1168 3870 Gracilitas,
1190 3836 1329 3862 contraria.
1391 3836 1449 3862 Cic.
1470 3835 1540 3862 Fam.
1561 3842 1604 3869 10,
1625 3843 1644 3866 3¹
1684 3834 1765 3867 Q1od
1786 3833 1947 3861 familiarem
1967 3842 2056 3861 meum
2069 3831 2097 3858 in
2112 3838 2221 3859 tuorum
2235 3842 2349 3861 numero
2363 3833 2448 3870 haberj,

264 3871 323 3897 Cic.
336 3871 368 3898 de
381 3871 452 3898 Clar.
467 3873 543 3900 Orat.
562 3877 593 3905 ⁶4
627 3873 715 3902 Habet
736 3875 808 3902 enini
826 3881 911 3902 certos
930 3874 969 3901 sui
983 3872 1127 3906 studiosos,
1147 3872 1195 3909 qui
1209 3880 1263 3899 non
1277 3877 1384 3898 tammo
1392 3871 1522 3906 opinione
1537 3877 1581 3899 tua
1593 3868 1661 3896 milii
1682 3870 1789 3897 Gratius
1804 3871 1848 3897 est.
1899 3871 1901 3875 ⁴
1918 3869 2003 3898 'Plana
2016 3868 2101 3896 Cafiu.
2112 3876 2133 3900 ε,
2149 3878 2170 3899 5,
2188 3878 2218 3900 30
2245 3870 2382 3903 Opinione
2396 3868 2448 3895 Me-

265 3907 372 3934 habitus
391 3908 512 3942 corporis
537 3909 659 3944 opimos,
681 3919 762 3946 quain
785 3910 943 3945 gracilitates
963 3908 1157 3937 consectentur.
1198 3909 1254 3934 Vid.
1274 3917 1329 3933 mox
1391 3906 1443 3937 lius
1459 3917 1498 3934 res
1512 3906 1561 3934 tibi
1576 3903 1669 3932 habeat
1683 3913 1742 3941 tua,
1761 3906 1844 3943 iilioc
1863 3906 2045 3945 impetramus:
2073 3906 2081 3910 ’“
2119 3902 2225 3944 Praeter
2240 3905 2396 3940 opinionem
2408 3909 2451 3943 res

266 3942 403 3970 Difflonis
416 3943 537 3978 opimum
552 3954 643 3979 genus.
752 3946 809 3974 Cic.
822 3947 900 3973 Verr.
915 3957 933 3979 1,
950 3955 985 3976 132
1019 3943 1162 3979 Indignum
1180 3943 1222 3972 isti
1239 3942 1329 3970 videri
1391 3943 1519 3970 ceciderat
1540 3941 1609 3976 Nep.
1626 3951 1644 3975 1,
1658 3950 1682 3973 2,
1696 3953 1718 3977 ς.
1823 3942 1898 3970 Prius
1912 3949 1955 3970 tua
1969 3940 2098 3975 opinione
2110 3937 2154 3966 hic
2166 3940 2258 3974 adcro,
2279 3941 2380 3968 bonum
2393 3946 2445 3979 ⁸¹3¹?

265 3979 351 4012 cepit,
370 3988 404 4006 ex
416 3985 486 4006 tanta
499 3979 580 4013 aede,
598 3986 724 4015 tantoque
740 3990 822 4016 opere
837 3982 860 4007 se
880 3991 934 4008 non
946 3981 1067 4017 opimum
1081 3981 1194 4016 pracda,
1213 3979 1328 4015 praescr·
1389 3988 1464 4007 11111111
1479 3977 1545 4006 habe
1572 3978 1652 4006 Plaut.
1667 3977 1763 4014 Amph.
1778 3987 1797 4011 i,
1811 3988 1832 4011 3,
1846 3987 1881 4011 111.
1989 3975 2132 4002 Pulchrior
2147 3975 2278 4011 opinione
2304 3977 2376 4004 Idem
2388 3972 2445 4002 Mil‘.

266 4014 315 4039 tun
329 4023 344 4040 a
360 4015 463 4049 pupillo
476 4015 617 4042 discedere.
673 4018 756 4053 Qafi
766 4018 834 4044 dicas
848 4019 993 4051 opulentum
1006 4024 1029 4044 et
1042 4018 1155 4051 craffiam.
1239 4013 1328 4042 Rebus
1389 4027 1413 4048 4,
1427 4017 1453 4048 «5,
1463 4023 1501 4048 23.
1517 4019 1523 4026 ‘
1575 4014 1657 4049 Supra
1670 4023 1779 4044 omnem
1793 4014 1949 4049 opinionem
1967 4009 2087 4039 Scribon.
2103 4020 2158 4045 107.
2230 4013 2312 4048 Supra
2326 4011 2445 4039 omnium

265 4048 343 4077 bonis
357 4052 448 4086 opima
461 4052 537 4088 regio
567 4052 671 4080 Lucret.
686 4062 710 4084 1.
732 4062 776 4085 729
802 4055 832 4081 d.-
846 4053 943 4080 sicilia.
1018 4048 1225 4081 Saed'i‘lementari
1241 4051 1327 4078 ordine
1336 4050 1546 4086 1050pinionem
1561 4050 1596 4079 cst
1617 4050 1655 4078 Id.
1672 4060 1724 4084 103·
1798 4049 1863 4077 Cels.
1878 4057 1887 4076 1
1902 4048 1930 4075 111
1942 4050 2066 4083 prooem.
2093 4046 2176 4075 Cuius
2190 4053 2278 4075 autem
2292 4049 2332 4075 rei
2345 4055 2398 4074 non
2412 4041 2445 4071 est

2373 4085 2445 4109 ,6οΓῐὸ
