2517 4231
181 1250 191 1254 -
226 1234 333 1259 Gronau.

637 242 857 288 LOC

577 341 622 364 aut
645 335 744 363 bellum
761 343 822 360 cum
833 341 867 359 eo
885 329 959 358 hoste
975 327 1149 360 haberemus,
1174 325 1203 353 in
1221 332 1275 361 quo

776 371 844 396 Dare
858 368 946 394 iocum
962 364 1072 391 Oratori
1086 363 1142 390 Cic.
1156 362 1187 389 cle
1201 362 1275 388 Orat.

982 399 1092 427 Rationi
1104 399 1165 425 dare
1178 398 1277 429 locum,

1057 434 1188 470 Segnitiae
1208 433 1278 460 nihil

218 267 270 305 115

222 344 249 371 Si
260 347 304 369 aut
316 348 405 375 pacem
417 339 447 366 in
460 339 552 372 Italia,

221 377 396 413 negligentiae
411 383 454 402 aut
466 375 554 402 errori
569 374 641 400 locus
654 372 721 398 esset.

222 423 243 447 1,
265 434 271 440 .
294 433 300 440 .
372 412 399 438 Si
412 413 518 438 Peccato
532 410 603 436 locus
614 407 673 433 essct
693 405 752 432 Sall.
765 405 822 430 Cat.
837 412 876 442 52,
889 409 927 434 33.

223 450 313 475 Cedere
330 448 426 474 rationi
443 454 468 473 et
487 446 582 472 ratiane
601 443 640 468 vti
670 442 726 468 Cic.
747 448 796 474 pro
820 440 914 471 Qunt.
935 445 971 469 53.

223 484 277 512 loci
295 484 365 510 Ter.
380 482 460 509 Andr.
476 492 495 514 i,
516 490 545 513 3,
564 488 583 506 ι.
1105 507 1110 510 ¹

223 520 327 556 copiam
348 519 387 545 Id.
402 517 483 545 Andr.
497 525 529 548 2,
543 524 570 548 1,
586 522 628 540 20.
700 508 847 537 Disserendi
863 509 935 535 locus
961 509 1017 535 Cic.
1037 507 1069 533 de
1082 507 1139 533 Fin.
1154 513 1172 530 1.
1233 504 1279 530 Fa.

223 555 330 583 ciendae
351 553 497 581 medicinae
515 560 570 577 non
583 550 635 576 erit
652 548 724 574 locus
756 546 811 572 Cic.
831 554 881 580 pro
902 544 995 578 Quint.
1013 549 1035 574 8.
1110 540 1149 580 ld.
1169 540 1224 566 Att.
1244 548 1280 579 ¹9.,

224 595 253 619 16
276 591 356 618 Bonis
370 590 435 617 viris
448 586 520 622 qnod
531 587 568 612 ais
583 583 691 619 probari
705 590 772 617 quae
784 580 868 607 adhuc
885 580 1042 609 fecerimus,
1064 577 1178 610 scirique
1199 574 1232 601 ab
1246 583 1293 614 ¹¹9·

224 636 279 655 non
293 625 421 662 pmfec‘hs
430 645 439 657 ,
456 623 530 649 valde
540 619 656 655 gaudeo:
695 617 712 644 fi
725 617 761 644 est
772 626 841 643 nunc
853 616 922 642 vllus
934 613 1064 650 gaudendi
1073 613 1154 639 locus.
1207 610 1283 638 Insti-

224 663 316 690 tuendi
336 668 380 688 aut
399 658 511 686 docendi
531 657 618 682 locum
634 654 735 680 millum
749 651 834 679 habeo
861 652 917 679 Cic.
930 653 958 677 in
973 651 1047 676 Orat.
1061 655 1115 681 143.
1142 648 1160 674 i.
1182 646 1283 673 Naum
1299 659 1329 680 ¹0
1344 648 1407 674 erit,

223 698 338 734 tempor-is
349 703 452 732 partem.
508 690 660 725 Respirand'
675 698 728 716 non
741 689 777 715 est
790 689 863 714 locus
890 687 944 714 Cic.
959 687 996 719 Q
1007 686 1076 711 Frat.
1089 692 1114 717 3,
1128 691 1148 710 i.
1204 681 1284 709 Nulli

224 732 349 769 improbo
365 732 436 758 locus
447 728 483 754 cst
496 726 529 753 ad
547 727 649 761 Rempu
671 725 745 751 licam
766 722 916 750 violandam
942 721 980 748 Id.
1000 721 1071 760 Fam.
1084 728 1152 760 .¹’.9·
1211 718 1283 758 l'atct

225 771 303 804 fugae
316 769 387 794 locus
396 786 403 798 ,
422 765 476 790 vid.
490 769 506 789 Ρ
515 770 538 790 Α
547 769 568 789 Τ
577 767 595 789 Ε
604 768 633 788 0.
707 759 863 786 Ter.Andr.
872 767 891 791 1,
904 767 923 792 i,
937 765 981 790 127
1002 757 1070 789 Qus
1082 761 1167 790 igitur
1175 753 1285 781 relictus

227 806 262 833 est
275 799 434 836 obiurgandi
449 799 540 826 locus?
596 797 689 824 Defuit
700 796 824 822 fortunae
839 792 996 820 Destruendi
1010 793 1067 818 eius
1080 792 1154 818 locus
1168 789 1237 816 Vell.
1253 797 1285 821 2,

290 848 314 866 2.

223 846 390 912 ssigcuratori
412 880 514 906 primus
533 870 607 896 datus
627 867 680 894 est?
720 868 738 893 i.
765 865 878 899 Occasio,
897 872 927 890 vt
948 864 986 891 ait
999 865 1119 890 Budaeus.
1194 860 1286 888 Existi-

223 909 312 938 mandi
324 907 449 937 nonnihil
465 906 517 933 loci
531 905 591 932 dare
605 904 683 930 alicui
695 904 765 929 secus
789 902 845 929 Cic.
860 901 931 927 Fam.
948 909 977 933 3,
997 902 1022 926 6.
1095 898 1219 925 Sermoni
1238 896 1285 923 ob-

223 945 395 974 tree‘tatorum
409 943 498 969 locum
512 950 567 968 non
580 941 689 974 reliquit
705 939 732 964 in
753 946 805 964 tam
827 936 964 971 suspiciosa
984 944 1012 961 ac
1031 934 1159 961 maledica
1177 933 1285 959 ciuitate

223 982 278 1008 Cic.
297 989 346 1016 pro
368 979 448 1006 Flacc.
470 980 510 1008 68.
582 977 682 1002 Locum
701 974 732 1000 ad
751 972 913 1000 occasionem
933 972 1045 1006 Aperite
1065 970 1123 997 Liu.
1139 979 1173 1003 4,
1193 977 1226 1002 31.
1243 976 1285 1004 pr.

223 1018 333 1052 Aperite
347 1015 436 1042 locum
449 1013 605 1048 suspicioni,
629 1011 683 1037 vid.
702 1016 747 1036 ΑΡ
757 1016 773 1037 E
783 1016 801 1036 R
811 1016 821 1035 1
830 1015 857 1036 Ο.

224 1053 281 1080 Cic.
299 1051 354 1079 Off.
373 1059 405 1083 2,
424 1058 461 1084 17.
533 1048 570 1075 Id.
590 1048 660 1074 Fam.
681 1055 722 1077 12,
741 1054 771 1079 14
797 1045 853 1080 Ego
871 1044 976 1071 nullum
993 1043 1082 1070 locum
1101 1040 1286 1077 praetermitto

224 1090 292 1123 (nec
312 1087 383 1114 enim
400 1086 506 1119 debeo)
533 1093 586 1110 non
601 1082 681 1109 modo
694 1080 818 1108 laudandi
831 1080 886 1114 tui,
914 1080 956 1106 sed
976 1088 1009 1106 ne
1030 1077 1144 1105 ornandi
1167 1076 1285 1112 quidem.

224 1124 355 1158 Qiinffil.
369 1131 389 1155 3,
408 1129 421 1154 ς
458 1122 540 1147 Erunt
553 1118 680 1153 quaedam
693 1124 811 1144 remotae
827 1116 860 1143 ab
873 1115 1029 1148 affectibus,
1051 1114 1098 1149 qui
1112 1120 1140 1141 vt
1157 1122 1212 1140 non
1227 1111 1286 1138 vbi-

225 1170 276 1195 que
305 1160 401 1186 habent
424 1157 532 1190 locum,
561 1157 596 1182 ita
626 1162 785 1188 quocunque
811 1152 983 1187 irrumpunt,
1019 1150 1166 1185 plurimum
1188 1149 1285 1175 valent.

225 1197 360 1230 Quaerere
377 1194 466 1221 locum
483 1191 584 1218 insidiis
603 1190 664 1216 Liu.
677 1189 784 1225 saepius.
921 1188 925 1192 ’

482 1225 503 1264 q
520 1236 536 1260 9
573 1227 658 1252 Locus
668 1233 728 1261 pars
735 1224 893 1260 argumenti,
910 1226 940 1249 de
952 1232 998 1258 quo
1009 1223 1110 1257 agitur:
1128 1219 1286 1256 parsscripti

226 1276 270 1294 au!
282 1266 344 1293 libri
353 1288 361 1301 ,
380 1274 442 1301 quae
455 1263 615 1300 describitur,
635 1261 745 1297 legitur,
764 1263 800 1287 ad
809 1270 881 1295 quam
891 1266 1047 1296 prouocatur.
1105 1256 1175 1284 Ter.
1183 1257 1211 1282 in
1219 1255 1287 1290 prol.

226 1303 338 1338 Adelph.
351 1311 367 1335 9
387 1301 442 1334 Qii
454 1299 546 1327 lenoni
558 1297 658 1333 eripuit
670 1297 836 1324 meretricem
851 1296 878 1322 in
888 1295 974 1330 prima
983 1293 1082 1321 fabula.
1110 1321 1112 1327 y
1132 1293 1198 1319 Eum
1213 1293 1287 1318 Plau-

225 1346 267 1371 tus
280 1339 367 1366 locum
380 1337 488 1371 reliquit
501 1335 641 1369 integrum.
673 1342 735 1359 cum
755 1331 799 1359 hic
817 1332 906 1358 locum
924 1330 1010 1357 sumsit
1028 1328 1076 1356 fibi
1095 1329 1124 1355 in
1144 1327 1287 1363 Adelphos

656 476 767 503 Consilii
788 475 874 501 locum
888 481 943 499 non
962 471 1059 499 habere
1079 478 1165 504 neque
1184 468 1279 495 auxilii
1302 482 1316 509 3
1341 469 1465 501 Loculus,
1480 469 1621 505 Ferarum,
1635 482 1663 498 m
1677 481 1722 506 quo
1733 472 1825 497 mortui
1840 471 2011 497 includuntur.

847 1187 978 1215 Seditioni
996 1187 1035 1214 Id.
1050 1194 1079 1220 3,
1097 1187 1143 1219 46.
1169 1185 1212 1211 vbi
1230 1185 1285 1210 vid.
1302 1195 1332 1221 23
1349 1191 1406 1211 tum
1419 1184 1475 1219 est)
1494 1184 1539 1211 fiat
1553 1184 1684 1212 foramen.

1749 236 1969 280 LOC
2327 239 2390 279 «16

1336 324 1451 356 Loculos
1464 328 1633 363 tabulamque
1645 326 1744 355 lacerto
1766 329 1834 355 Hor.
1848 329 1898 356 Sat.
1911 335 1931 362 ι,
1946 335 1966 362 ι,
1978 335 2025 364 74.
2038 337 2062 356 et
2075 329 2154 365 Epist.
2169 337 2195 363 ι,
2209 335 2231 361 1,
2246 329 2284 360 56.
2320 328 2341 354 i.
2362 333 2399 352 ta»

1338 362 1418 401 hislam
1434 365 1573 404 locqlutam,
1648 364 1731 390 Plaut.
1744 364 1828 391 Casiu.
1844 372 1875 398 2,
1895 370 1924 397 8,
1944 372 1965 390 11
1991 366 2024 391 At
2038 366 2189 392 candidatus
2203 364 2273 391 cedit
2291 361 2335 390 hic
2346 371 2400 388 ina-

1338 397 1430 432 stigia,
1456 399 1624 427 stimulorum
1646 400 1737 427 loculi.
1779 399 1798 427 i.
1829 402 1859 426 Vt
1879 401 1906 426 in
1925 400 2012 426 loculis
2025 401 2142 435 seruatur
2157 400 2278 436 pecunia,
2304 400 2342 425 ita
2361 397 2400 423 hic

1339 440 1462 466 meretur,
1475 442 1504 459 vt
1516 437 1542 461 in
1555 436 1605 472 ipso
1614 436 1714 472 stimuli
1726 437 1909 469 recondantur,
1929 444 1975 470 quo
1988 444 2094 462 vexetur
2106 437 2195 472 magis.
2341 431 2362 471 q
2382 441 2402 465 4

1401 505 1405 509 ι
1559 507 1565 511 Ι
1640 473 1645 477 ”
2071 471 2138 499 Plin.
2159 478 2192 507 7,
2213 481 2229 498 2
2256 471 2335 497 Hunc
2349 476 2402 495 cre·

1341 513 1494 545 mari-cum
1518 505 1623 540 reliquo
1644 515 1759 542 corpore
1777 516 1832 534 non
1851 507 1961 542 potuiss'e
1985 507 2114 540 tradunt,
2148 507 2340 541 conditumque
2365 504 2404 530 lo-

1342 541 1402 567 culo
1416 549 1444 566 in
1463 540 1575 574 templo.
1628 540 1633 548 ‘

1379 583 1396 602 L
1406 582 1425 602 O
1434 582 1450 602 C
1459 582 1476 602 E
1485 583 1501 602 L
1512 581 1557 615 Ly
1568 582 1581 602 S
1590 596 1599 609 ‚
1617 576 1637 603 ἰ-
1650 612 1655 617 q
1667 588 1702 606 m.
1740 581 1837 606 Pas-uus
1849 579 1948 607 loculus.
2005 577 2119 606 Martial.
2138 586 2177 611 14,
2190 586 2213 610 ¹3
2242 578 2269 605 Si
2282 575 2347 612 quid
2361 574 2405 602 ad»

1342 611 1394 638 huc
1408 610 1521 680 supgse}
1535 620 1562 637 in
1575 611 1659 677 ιιοὸίέιι
1672 614 1742 642 faece
1755 615 1859 649 locelli,
1877 615 1975 642 Munus
1988 615 2055 642 erit:
2082 613 2150 640 nihil
2164 613 2215 647 est,
2236 614 2288 648 ipse
2296 612 2405 640 locellus

1469 657 1497 673 on
1516 667 1522 673 .
1540 655 1583 681 ιο,
1634 667 1640 673 .

1382 689 1484 710 Locv
1495 690 1512 710 L
1523 684 1646 716 ATVS,
1664 691 1696 715 a,
1716 691 1771 711 um.
1808 687 1867 714 Adi.
1904 687 1983 723 Qud
2000 686 2072 712 habet
2088 684 2198 747 diueigsos
2215 684 2284 711 locos.
2326 684 2406 709 Varr.

1346 717 1377 745 de
1392 718 1461 745 KR·
1476 728 1499 753 3,
1513 727 1540 754 17
1563 719 1633 746 Nam
1646 725 1674 745 Vt
1683 718 1797 753 Pil-15³5,
1816 729 1841 748 et
1854 724 1949 750 caeteri
1962 722 2078 758 pictores
2091 721 2147 748 eius
2167 730 2208 747 eni
2223 719 2327 755 generis
2335 718 2407 744 locu-

1347 755 1410 781 latas
1423 764 1528 790 magnas
1543 754 1639 795 habent
1652 755 1776 794 arculas,
1802 755 1962 785 vbi>diuersi
1982 759 2086 785 colores
2107 756 2172 790 sint,
2192 762 2289 782 certas:
2326 752 2358 780 sic
2378 751 2409 779 hi

1346 790 1473 816 loculatas
1485 790 1582 818 habent
1595 792 1720 826 piscinas,
1742 790 1788 817 vbi
1809 791 1921 825 dispares
1939 794 2062 821 disclusos
2074 792 2187 820 habeant
2199 792 2288 827 pisces.
2335 790 2408 817 Vetus

387 836 451 875 Cic.⁴
469 843 518 870 pro
544 834 637 867 Quint.
657 835 685 859 61
718 832 773 864 Qui
799 831 870 857 locus
894 829 977 864 igitur
990 827 1103 854 absentis
1124 824 1285 853 defendendi
1305 837 1330 864 15
1347 827 1473 861 exemplar
1484 827 1570 859 babet,
1593 826 1647 853 Vbi
1659 826 1803 853 discolores
1816 827 1864 854 fint
1877 836 1958 854 cerae.

1382 868 1400 888 ι.
1411 867 1455 905 0Ὶο
1465 868 1485 888 v
1497 863 1609 888 LAius
1624 883 1633 896 ,
1652 872 1676 889 e.
1714 862 1774 889 Adi.
1827 864 1965 890 Locularis
1977 865 2057 892 resina
2072 863 2167 893 Pallad.
2186 863 2249 891 Feb.
2268 868 2288 890 t.
2301 868 2349 895 ις,
2369 868 2408 893 23.

1348 898 1400 926 Sed
1414 897 1512 933 Gesner.
1528 898 1591 923 hunc
1603 900 1680 924 locum
1688 898 1825 934 suspei‘lum
1838 900 1924 931 habet,
1944 906 1969 925 et
1974 899 2116 934 suspicatur
2128 901 2229 935 aliquid
2238 901 2268 925 de
2288 898 2374 923 larice.

1385 940 1403 959 L
1414 939 1515 973 OCVL
1525 940 1547 960 A
1557 939 1608 960 ME
1619 940 1640 959 N
1652 940 1703 960 TV
1713 941 1738 961 M
1753 955 1762 968 ‚
1786 935 1806 961 i.
1837 945 1864 961 ιι.
1901 936 1977 961 Locus
1995 934 2139 970 distinam,
2172 938 2199 961 in
2224 943 2283 961 cauo
2300 933 2409 961 maiores

1346 977 1363 994 a
1382 970 1477 996 loculis.
1537 969 1668 996 Coluniel.
1687 975 1717 1003 8,
1736 976 1749 1000 ε
1783 971 1832 997 Vel
1850 970 1867 997 si
1886 980 1942 997 non
1961 971 1997 997 ita
2018 972 2159 1005 competit,
2185 970 2289 1006 paxillis
2308 967 2410 995 adaffls

932 1008 1002 1034 Dare
1017 1007 1105 1034 locum
1121 1003 1285 1032 dubitationi
1298 1018 1333 1037 20
1349 1004 1453 1032 tabulae
1472 1006 1673 1046 supponuntur,
1702 1015 1769 1040 quae
1788 1007 1830 1033 vel
1850 1007 2042 1039 loculamenta,
2067 1005 2163 1040 quibus
2180 1005 2318 1033 nidificent
2335 1011 2414 1035 aues,

1348 1041 1391 1068 vel
1404 1040 1498 1068 fictilia
1515 1040 1681 1081 columbaria
1699 1042 1836 1077 recipiant.
1910 1042 1984 1070 Idem
2006 1052 2037 1076 9,
2058 1050 2084 1068 12
2110 1041 2345 1073 munumentum,
2367 1046 2413 1074 pro

1349 1078 1536 1112 Conceptatulo,
1550 1078 1605 1108 stuc
1618 1078 1696 1103 theca.
1769 1077 1877 1104 Vitruu.
1890 1086 1929 1111 10,
1942 1087 1972 1111 14
1997 1078 2079 1113 Super
2091 1082 2179 1104 autem
2193 1077 2301 1104 tertium
2314 1082 2414 1109 tympa-

1348 1122 1413 1139 num
1427 1113 1534 1148 plaiuun
1548 1112 1639 1139 cadem
1652 1112 1757 1139 ratione
1770 1112 1921 1147 dentatum,
1941 1114 2070 1141 inclusum
2083 1114 2110 1139 iii
2124 1113 2236 1139 alterum
2258 1111 2413 1138 loculamen-

1349 1154 1405 1175 tum
1420 1149 1576 1175 collocetur.
1640 1149 1705 1175 Ibid.
1724 1149 1808 1183 Inque
1822 1149 1878 1175 cius
1895 1150 2013 1184 tympani
2027 1149 2101 1176 theca
2126 1148 2199 1182 (siue
2213 1148 2241 1174 id
2258 1146 2415 1174 loculamen-

1758 1185 1949 1212 Loculamenta
1961 1185 2117 1221 appellantur
2137 1186 2227 1216 etlam,
2247 1183 2332 1210 Loculi
2344 1181 2416 1207 libris

1350 1221 1494 1256 diget-mdis
1512 1231 1561 1246 com
1580 1221 1635 1253 nsiti
1651 1222 1679 1246 in
1698 1220 1852 1247 bibliotheca.
1932 1221 2021 1248 Senec.
2037 1220 2069 1247 de
2087 1219 2244 1254 Tranquill.
2262 1218 2332 1245 vitae
2358 1226 2381 1244 c.
2399 1223 2416 1249 9

1349 1256 1426 1290 Apud
1441 1255 1545 1283 desidio
1558 1256 1651 1283 islimos
1663 1256 1779 1290 videbis,
1799 1256 1932 1292 quidquid
1946 1257 2102 1284 orationum
2119 1255 2344 1289 historiarumque
2364 1251 2418 1285 cst,

1349 1298 1374 1318 ct
1387 1291 1459 1318 tcCto
1467 1298 1541 1318 tenus
1549 1292 1679 1319 exstrudia
1693 1293 1878 1319 loculamenta.

1386 1334 1403 1354 L
1415 1334 1434 1354 o
1443 1333 1460 1354 c
1468 1335 1488 1352 v
1498 1334 1514 1354 L
1524 1329 1544 1355 ὁ
1552 1334 1565 1354 s
1574 1335 1594 1353 v
1605 1335 1617 1354 s
1628 1348 1636 1360 ‚
1656 1337 1670 1354 a
1678 1349 1687 1361 ,
1705 1338 1760 1356 um.
1783 1329 1844 1355 Adi.
1869 1328 1963 1354 Multis
1969 1329 2056 1354 loculis
2062 1329 2158 1363 plenus.
2195 1326 2262 1354 Plin.
2272 1334 2306 1359 ις,
2315 1333 2348 1352 22
2355 1323 2416 1352 Sola

226 1372 283 1402 Cic.
298 1374 329 1401 de
344 1372 436 1409 Legib.
450 1380 465 1399 2
485 1372 516 1398 Et
529 1370 598 1397 hunc
611 1370 700 1396 locum
714 1368 772 1395 satis
785 1368 813 1394 in
826 1367 859 1394 iis
872 1366 959 1399 libris,
972 1374 1038 1400 quos
1053 1365 1167 1400 legistis,
1187 1363 1288 1399 expres-
1302 1377 1334 1401 30
1351 1363 1502 1390 differentia
1519 1372 1649 1398 generum
1667 1364 1697 1390 in
1716 1364 1852 1399 putamine
1870 1364 1939 1391 duro
1957 1364 2084 1400 fragiliue
2097 1384 2106 1398 ,
2138 1369 2172 1390 et.
2183 1363 2258 1390 tenui
2275 1369 2304 1388 ac
2323 1360 2419 1391 crasso,

227 1411 256 1438 sit
275 1410 372 1445 Scipio.
444 1407 482 1436 Id.
497 1408 528 1434 de
548 1407 622 1432 Orat.
637 1414 669 1437 2,
688 1413 736 1437 203
755 1414 776 1432 c.
792 1411 823 1436 50
854 1403 909 1436 Qii
928 1402 1001 1428 locus
1021 1409 1036 1427 a
1055 1407 1080 1427 te
1094 1400 1288 1435 praetermissus

225 1447 262 1474 est
274 1447 303 1473 in
317 1445 480 1480 Cepionem3
537 1442 593 1477 Cic.
609 1443 636 1468 in
650 1442 759 1473 νει-ιτς,
773 1449 789 1466 2
814 1439 1002 1469 Nouilocuni,
1022 1436 1103 1463 video
1114 1436 1161 1462 vbi
1176 1437 1200 1462 se
1208 1435 1287 1462 iacia-

225 1489 299 1509 turus
314 1481 342 1508 sit
356 1479 519 1507 Hortensius.
557 1479 628 1505 Dum
641 1476 671 1503 ad
687 1477 787 1503 Locum
799 1475 889 1501 venias
902 1473 941 1502 id.
954 1473 1026 1500 Fam.
1039 1480 1062 1505 ς,
1077 1480 1112 1498 12.
1151 1471 1192 1497 Si.-
1223 1468 1244 1509 ἦ
1258 1479 1287 1497 ιο

226 1518 308 1550 Loci,
329 1525 424 1549 orum,
445 1517 515 1541 Sedes
533 1520 734 1548 argumentorum
746 1512 823 1547 sunt,
851 1521 912 1545 quae
931 1511 1002 1535 intra
1015 1508 1044 1543 sc
1063 1507 1190 1533 continent
1210 1515 1287 1541 argu-

225 1561 321 1585 menta,
340 1559 364 1577 et
378 1561 407 1577 ex
423 1551 508 1585 quibus
521 1550 574 1584 ipsa
588 1554 734 1582 argumenta
744 1549 853 1582 petenda
861 1546 931 1581 sunt.

225 1598 247 1616 c.
261 1597 292 1622 30
320 1586 425 1613 Habere
438 1591 530 1620 oportet
542 1590 627 1610 certos
642 1583 731 1615 locos,
758 1582 821 1617 qui,
840 1588 869 1608 vt
886 1581 979 1608 literae
994 1581 1026 1606 ad
1046 1578 1158 1607 verbum
1174 1577 1289 1605 scriben-

227 1625 306 1657 dum,
335 1622 366 1649 sic
380 1622 421 1649 illi
435 1620 467 1647 ad
479 1621 580 1647 causam
595 1617 775 1653 explicandam
794 1617 880 1644 statim
898 1622 1046 1643 occurrant.
1119 1614 1169 1642 Sed
1189 1615 1217 1641 hi
1233 1613 1287 1640 loci

225 1661 251 1687 ci
265 1660 370 1686 demum
385 1657 488 1684 oratori
503 1655 620 1691 prodesse
632 1654 751 1689 possunt,
772 1654 819 1688 qui
834 1652 870 1680 est
882 1653 998 1679 versatus
1014 1653 1042 1678 in
1055 1651 1150 1684 rebus,
1170 1651 1211 1678 vel
1226 1650 1288 1682 vsu,

227 1704 306 1731 quem
319 1699 388 1720 actas
408 1693 522 1727 denique
539 1691 615 1717 affert
635 1704 681 1709 —
716 1690 787 1716 Nam
802 1689 819 1715 si
833 1696 861 1715 tu
873 1688 943 1715 mihi
956 1688 1077 1723 quamuis
1089 1687 1226 1714 eruditum
1240 1685 1288 1712 ho—

204 1774 208 1783 *
227 1777 282 1794 non
295 1766 408 1792 multum
421 1765 446 1791 ei
461 1763 513 1790 loci
526 1761 672 1797 proderunt
690 1761 747 1794 illi,
777 1770 807 1787 ex
828 1760 924 1795 quibus
944 1768 1098 1795 argumenta
1118 1766 1287 1794 promuntur.

226 1804 281 1830 Cic.
296 1803 324 1828 in
339 1802 413 1828 Orat.
427 1802 463 1833 46
498 1798 624 1833 Idemque
637 1798 709 1824 locos
729 1796 780 1830 [sic
794 1796 866 1823 enini
880 1796 1007 1831 appellat,
1027 1795 1097 1831 quasi
1119 1801 1286 1829 argumento-

608 1833 674 1860 Ib'id.
696 1835 740 1859 162
769 1835 860 1867 Itaque
880 1832 950 1858 hunc
968 1832 1056 1858 locum
1069 1832 1164 1866 longe,
1191 1837 1216 1857 ct
1236 1830 1287 1856 late

226 1848 287 1867 rum
300 1839 396 1870 notas)
415 1835 533 1862 tradidit.

1007 1867 1082 1894 Idem
1101 1867 1130 1893 in
1149 1867 1250 1900 Topic.
1272 1870 1286 1895 8

228 1880 358 1910 patentem
378 1871 530 1907 philosophi
551 1870 633 1896 solent
651 1870 679 1895 in
699 1867 793 1895 officiis
815 1868 936 1895 tractare.

225 1912 314 1938 Locus
328 1909 363 1935 est
375 1907 523 1942 argumenti
538 1906 616 1932 sedes.

1239 1938 1289 1962 Sed

227 1990 290 2008 totus
304 1982 420 2006 nimii-um
434 1978 473 2003 illc
489 1978 565 2003 Tullii
579 1976 671 2002 libellas
685 1978 728 2001 huc
739 1977 854 2010 pertinet.
916 1974 1061 2000 Penet1·alia
1077 1974 1129 1999 loci
1155 1971 1287 2006 Quinctil.

229 2020 261 2050 6,
285 2025 310 2043 2.
382 2015 515 2048 Frequens
533 2012 606 2037 locus
634 2010 707 2036 Idem
726 2017 761 2043 7,
787 2019 808 2041 3.
882 2010 962 2036 Fusus
982 2009 1018 2035 cst
1043 2009 1121 2035 latius
1147 2009 1219 2036 locus
1245 2007 1289 2034 hic

226 2050 358 2086 Quinctil.
373 2052 403 2081 6,
424 2056 446 2081 ς.
524 2047 635 2080 Magnus
663 2044 736 2070 locus
758 2043 997 2078 philosophiaeque
1023 2044 1150 2075 Proprius
1177 2044 1235 2068 Cic.
1256 2043 1288 2067 de

226 2089 344 2115 Diuinat.
357 2095 371 2112 2
393 2094 413 2111 c.
424 2093 442 2111 1.
516 2081 647 2116 Quinctil.
660 2089 679 2114 4
699 2087 820 2114 prooem.

225 2124 352 2152 venissent
365 2122 462 2148 locum.
542 2120 653 2148 Laetus,
672 2123 751 2150 atque
767 2113 909 2149 plausibilis
922 2113 996 2139 locus
1026 2110 1159 2145 Quneui.
1173 2120 1201 2144 4,
1222 2119 1251 2143 3,
1272 2119 1289 2136 1.

226 2159 344 2194 Repetit'i
361 2157 414 2184 loci
437 2163 469 2182 ex
490 2155 584 2180 intima
603 2152 787 2186 quaestionum
806 2150 968 2176 naturalium
986 2147 1131 2174 subtilitate
1167 2146 1242 2174 Idem
1263 2156 1288 2178 i,

228 2205 257 2229 4,
271 2204 297 2228 4.
372 2192 412 2219 Est
426 2191 469 2217 hic
484 2191 556 2216 locus
569 2189 619 2214 late
633 2189 722 2213 Patens
740 2186 772 2211 de
791 2192 884 2211 natura
904 2186 1002 2219 vsuque
1023 2183 1170 2210 verborum
1189 2183 1246 2209 Cic.
1262 2182 1291 2208 in

229 2234 303 2259 Orat.
324 2239 346 2256 c.
365 2233 406 2261 48.
424 2233 490 2252 extr.
562 2221 674 2257 Speciosi
695 2219 827 2253 Qximffil.
841 2227 874 2253 7,
894 2228 921 2246 2.
994 2219 1095 2245 Vberes
1121 2218 1195 2246 Idem
1210 2227 1240 2252 ς,
1260 2226 1291 2250 ¹3-

228 2263 407 2294 Verboflffimi
427 2259 557 2294 Quneul.
576 2267 606 2292 2,
627 2267 654 2290 4.
875 2290 880 2294 Π

230 2302 311 2330 debui
327 2299 450 2336 quidem,
477 2297 566 2322 locum
580 2294 657 2321 istum
676 2293 704 2319 iii
716 2300 794 2318 vnam
814 2291 926 2325 speciem
945 2289 1113 2316 concludere.
1186 2288 1290 2316 Consti-

229 2345 303 2366 tuere
322 2337 410 2363 locum
444 2331 574 2366 Qiintstil.
593 2339 628 2363 4,
652 2338 676 2356 2.
760 2326 882 2353 Ediscere
901 2326 975 2352 locos
994 2324 1093 2352 eleetos
1119 2324 1191 2352 ldem
1211 2333 1242 2357 2,
1264 2331 1291 2358 7.

228 2376 356 2402 Excutere
380 2371 454 2397 locos
474 2372 693 2402 argumentorum
725 2362 858 2396 Qiinfflil.
876 2371 911 2395 4,
935 2370 973 2388 ιο.
1046 2361 1175 2388 Exercere
1201 2361 1291 2387 locum

228 2410 303 2439 Idem
323 2417 357 2441 4,
388 2415 410 2433 2.
494 2402 592 2431 Instare
613 2402 674 2428 loco
706 2397 839 2433 Quinctii.
858 2405 891 2432 7,
917 2405 949 2430 2,
967 2398 1006 2429 36.
1084 2397 1141 2423 Cic.
1162 2396 1193 2422 de
1214 2397 1291 2423 Orat.

229 2454 280 2478 104
300 2443 366 2471 Loci
381 2448 545 2471 communes,
558 2438 604 2473 qui
618 2437 649 2463 de
662 2436 784 2462 vniuersa
792 2443 820 2460 re
834 2433 943 2460 tractari
956 2433 1051 2465 solent,
1068 2438 1114 2466 vt,
1134 2440 1179 2459 etc.
1217 2432 1292 2459 Idem
1308 2437 1344 2462 60
1352 2442 1402 2468 pro
1416 2432 1492 2459 Rosc.
1511 2434 1589 2460 Com.
1603 2442 1651 2466 44.

229 2483 258 2509 in
272 2482 346 2507 Orat.
361 2482 404 2505 126
434 2477 542 2503 Tamen
556 2475 583 2500 in
595 2470 782 2500 communibus
795 2470 861 2497 locis
874 2469 987 2495 maxime
999 2468 1124 2495 excellet:
1160 2468 1208 2502 qui
1220 2476 1292 2493 com.

230 2525 322 2545 munes
347 2512 484 2549 appellati,
515 2519 547 2537 eo
567 2509 639 2545 quod
660 2508 785 2534 videntur
805 2505 948 2533 multarum
968 2504 1050 2531 iidem
1069 2505 1118 2530 else
1138 2505 1291 2536 causarum,

231 2552 274 2580 sed
295 2552 402 2587 proprie
424 2547 583 2582 singularum
606 2545 654 2571 esse
673 2543 816 2570 debebunt.
861 2544 900 2568 De
922 2541 1026 2573 Auxesi'.
1099 2539 1242 2566 Coniicere
1265 2539 1294 2565 in

233 2595 385 2616 communes
403 2585 477 2611 locos
507 2583 565 2608 Cic.
591 2581 620 2608 in
642 2579 731 2607 Parad.
758 2588 775 2605 1.
812 2579 867 2604 vid.
892 2582 1091 2604 CON11C10.
1166 2575 1293 2603 Tradere

232 2625 307 2652 locos
321 2629 482 2650 communes
499 2617 631 2651 Quinctii.
643 2625 656 2649 ς
667 2637 676 2649 ,
695 2624 715 2643 1.
751 2615 805 2641 vid.
818 2623 844 2647 2,
858 2622 878 2647 ι,
891 2622 916 2647 9.
929 2620 952 2638 et
967 2621 996 2639 ιι.
1007 2619 1053 2639 etc.

234 2661 321 2688 Locus
332 2666 376 2694 pro
387 2664 500 2692 tempore.
526 2656 628 2681 Interea
641 2652 694 2680 loci
715 2650 774 2678 Sall.
788 2651 845 2686 lug.
861 2652 900 2682 63.
914 2656 937 2675 ct
951 2656 993 2684 72.

233 2705 305 2729 rum,
319 2702 378 2721 tunc
390 2693 512 2720 locorum
525 2698 569 2717 etc.
610 2690 666 2715 Vid.
682 2689 791 2713 Gronau.
804 2689 840 2712 ad
852 2687 911 2713 Liu.
920 2693 963 2720 27,
975 2693 1001 2720 7.
1014 2692 1080 2711 extr.
1234 2686 1254 2722 ‘J
1267 2691 1295 2711 12

233 2732 322 2764 Loca,
340 2732 418 2760 δῆμοι,
439 2730 528 2759 naum:
564 2726 618 2752 vid.
629 2725 720 2751 Graeu.
734 2725 768 2748 ad
780 2722 837 2749 Cic.
850 2722 927 2756 Att.7
937 2742 944 2754 ,
958 2730 971 2754 3
992 2730 1017 2755 p.
1026 2722 1082 2755 673.
1220 2718 1241 2759 fl
1270 2728 1294 2753 13

224 2767 301 2795 ‘Loci
325 2764 467 2792 muliebres
487 2761 571 2796 ὖςέςκ,
592 2768 688 2793 abanan,
706 2761 794 2793 μῆτραι
813 2759 872 2785 Vet.
894 2758 973 2784 Gloff.
1021 2757 1085 2785 Sunt
1111 2763 1195 2792 nempe
1213 2757 1294 2789 Loci,

232 2802 371 2839 pluraliter
385 2808 488 2826 tantum.
530 2800 616 2824 Vterus
628 2795 754 2828 mulieris,
774 2804 842 2830 quem
850 2794 985 2820 Matricem
992 2793 1068 2818 etiam
1082 2800 1179 2818 vocant.

237 2838 332 2866 liebrcs
347 2836 399 2863 loci
413 2834 539 2862 durissiriii
558 2832 679 2860 Scribon.
692 2833 743 2864 156.
818 2831 896 2856 Varr.
917 2828 948 2855 de
966 2829 996 2855 L.
1011 2828 1040 2857 L.
1062 2835 1088 2861 1,
1106 2837 1119 2854 2
1138 2828 1166 2854 in
1186 2828 1292 2864 Origin.

235 2875 276 2902 Sic
291 2873 344 2900 loci
356 2871 497 2899 muliebres
510 2870 538 2896 in
552 2868 647 2904 quibus
669 2866 790 2894 nascendi
808 2866 885 2893 initia
904 2864 1053 2891 consistunt.
1127 2864 1194 2891 Plin.
1208 2872 1245 2898 11,
1262 2871 1294 2898 37

235 2909 352 2938 Feminis
372 2907 460 2934 eadem
475 2906 580 2938 onmia,
607 2910 710 2939 praeter
729 2902 826 2930 vesicae
841 2900 946 2928 iunctus
961 2900 1106 2933 vtriculus,
1126 2899 1195 2926 vnde
1208 2899 1295 2926 dicius

235 2952 340 2973 vterus:
378 2941 449 2978 quod
464 2942 516 2968 alio
530 2941 640 2967 nomine
658 2940 730 2966 locos
744 2938 889 2974 appellant:
924 2936 976 2964 hoc
995 2937 1023 2963 in
1042 2936 1153 2970 reliquis
1176 2936 1296 2962 animali-

235 2982 284 3009 bus
296 2981 414 3008 vuluam.
486 2976 567 3009 Loci,
587 2977 616 3001 de
634 2985 696 3009 equa
709 2975 782 3001 etiam
799 2974 901 3000 dicitur.

237 3018 254 3045 si
273 3015 434 3043 admissarius
450 3013 521 3040 iners
540 3011 568 3038 in
581 3011 711 3037 Venerem
724 3010 775 3043 est,
801 3009 885 3036 odore
893 3008 1053 3044 perfricatur
1066 3007 1170 3034 detersis
1189 3008 1299 3043 spongia

236 3053 351 3080 feminac
371 3050 453 3082 locis,
478 3055 503 3075 ct
523 3047 628 3074 admota
647 3046 709 3080 equi
728 3045 844 3072 naribus.
898 3045 985 3079 Loca,
1001 3046 1031 3070 de
1042 3044 1188 3080 pauonihus.
1246 3044 1299 3070 Co.

235 3089 326 3116 lumel.
339 3093 368 3120 8,
383 3095 403 3113 ιι
430 3084 590 3119 Saepiusque
610 3082 701 3117 digitis
719 3081 776 3107 loca
798 3081 960 3107 feminarum
985 3078 1108 3107 tentanda
1129 3080 1202 3106 sunt:
1239 3088 1300 3106 iiam

235 3126 265 3151 in
285 3129 410 3159 promptu
427 3127 523 3155 gerunt
539 3127 599 3146 oua.
673 3119 712 3143 De
731 3117 841 3142 virorum
857 3117 1009 3150 genitalibus
1029 3116 1061 3151 est
1080 3122 1120 3150 ap.
1142 3116 1248 3144 Lucret,
1266 3124 1301 3148 4,

238 3168 306 3192 1032.
321 3168 389 3192 1041.
403 3164 472 3190 1043.

236 3203 294 3231 pere
308 3196 334 3220 in
352 3197 445 3221 domum
460 3199 483 3217 et
497 3191 588 3217 irinum
602 3190 736 3226 praebere,
754 3189 782 3213 de
790 3188 918 3214 militibus.
1092 3186 1112 3226 Ἴ
1135 3197 1158 3221 ¹5
1198 3189 1296 3221 Locus,

240 3232 378 3264 Sepulcrum
391 3235 470 3255 notat.
507 3227 587 3252 Plura
600 3226 710 3260 exempla
733 3224 759 3249 in
773 3223 975 3258 ltffcrt'ptiom'bus
988 3223 1113 3257 antiquis:
1144 3231 1174 3250 vt
1194 3226 1295 3250 Romam

239 3265 376 3292 LOCVS
414 3262 654 3291 OPORTVNI
690 3258 953 3288 CIRCITORIS
989 3258 1295 3293 CONIVGISQVE

239 3301 334 3329 EIVS
366 3298 548 3326 ALBINAE
560 3318 569 3332 ,
600 3304 646 3323 etc.

207 3360 211 3361 .
278 3343 294 3362 L
304 3342 323 3362 Ο
332 3342 348 3362 C
358 3334 378 3362 ὗ
389 3341 405 3361 L
415 3341 435 3360 V
446 3341 458 3360 S
473 3355 480 3367 ‚
505 3335 525 3361 i.
556 3342 592 3360 m.
629 3331 731 3359 Dimin.
768 3331 781 3365 [
792 3333 891 3358 τυπίδων
904 3330 917 3366 ]
962 3331 1060 3356 paruus
1077 3330 1150 3356 Iocus.

242 3372 322 3399 Milit.
335 3380 358 3404 3,
373 3381 397 3404 2,
411 3376 439 3401 38
465 3370 511 3396 Sed
526 3371 554 3396 in
566 3369 631 3396 cella
649 3366 796 3402 paullulum
815 3372 870 3393 erat
890 3365 972 3393 loculi
998 3365 1105 3392 lubrici.
1178 3366 1295 3392 Loculus

241 3406 424 3434 Archimedius
437 3405 498 3439 qw'cl
510 3405 580 3440 istit,
598 3402 761 3430 iudicauimus
776 3402 803 3426 i'n
818 3402 843 3428 O
853 3401 1066 3429 SSICVLVM
1086 3408 1144 3428 n.2.
1238 3401 1258 3439 fl
1280 3410 1296 3427 ι

242 3444 454 3472 Lotulamentum,
471 3447 533 3475 pari·
547 3441 602 3466 caui
616 3439 718 3466 maiom's
730 3438 819 3464 Varro
833 3436 865 3463 de
879 3439 910 3464 R.
920 3438 949 3463 R.
963 3446 985 3470 3,
998 3445 1025 3472 17
1052 3436 1208 3464 Hortensius
1221 3437 1296 3463 fami-

240 3479 313 3505 liaris
327 3477 414 3504 noster
426 3486 507 3511 quum
523 3476 632 3510 piscinas
646 3473 755 3502 haberet
772 3481 864 3508 magna
884 3473 995 3507 pecunia
1014 3473 1161 3500 aedificatas
1178 3482 1206 3499 ac
1224 3473 1297 3500 locu-

240 3515 282 3541 los
291 3535 298 3547 ‚
318 3514 354 3540 ita
368 3514 439 3546 saepe
452 3521 511 3538 cuni
525 3521 556 3538 eo
569 3511 601 3538 ad
614 3511 705 3537 villam
719 3509 768 3537 iui.

241 3549 328 3576 ficatas
347 3548 378 3575 ad
398 3548 501 3574 Baulos.
678 3543 699 3584 Ἴ
725 3555 736 3578 3
774 3544 870 3572 Loculi
901 3545 913 3577 [
926 3539 1124 3580 φλωτῖοκομιῖοῐ]
1160 3545 1187 3570 in
1208 3545 1296 3579 quibus

238 3585 342 3621 petimia
350 3584 475 3617 seruatur.
529 3583 643 3610 Martial.
657 3591 696 3615 14,
710 3589 736 3608 12
755 3581 927 3616 describuntur
941 3580 1023 3606 loculi
1038 3579 1162 3614 eboreis.
1176 3580 1296 3607 eburnei.

241 3622 299 3647 Hos
314 3620 360 3646 nili
374 3619 405 3645 de
419 3619 483 3644 tlaua
498 3619 599 3645 loculos
613 3618 724 3652 implere
742 3623 847 3643 moneta
866 3616 931 3643 Non
951 3615 1024 3642 decet
1038 3626 1043 3641 :
1081 3622 1219 3650 argentum
1233 3617 1296 3643 vilia

240 3657 311 3691 ligna
325 3656 419 3682 ferant.
474 3654 569 3688 Lignci
585 3653 698 3681 Martial.
708 3660 747 3685 14,
759 3661 791 3684 13.
846 3652 949 3685 Loculi,
970 3652 997 3676 in
1012 3651 1109 3686 quibus
1123 3660 1196 3678 erant
1210 3653 1296 3678 claues

238 3692 358 3720 vinariae
372 3690 466 3722 cellae,
486 3699 545 3724 quas
564 3688 704 3724 resignauit
722 3695 842 3714 matrona
869 3687 989 3721 Plin.14,
1009 3695 1044 3714 12.
1064 3687 1080 3713 s.
1096 3696 1134 3720 14.

238 3727 321 3755 loculi
337 3736 368 3753 ex
387 3734 504 3761 quorum
524 3724 624 3751 tabellis
642 3723 835 3751 Mercuriolum
855 3724 951 3750 artifex
970 3722 1103 3757 expediuit
1122 3725 1199 3758 Apul.
1218 3724 1295 3759 Apol.

238 3773 263 3798 p.
282 3771 333 3797 301.
398 3763 438 3787 Sic
454 3762 531 3786 Varr.
553 3760 584 3786 de
606 3761 636 3786 R.
656 3760 687 3787 R.
701 3769 728 3795 3,
752 3767 766 3792 ς
798 3759 937 3791 Qicndam
955 3758 1144 3793 deprehensum
1164 3760 1295 3786 tesserulas

239 3799 426 3826 coniicicnteui
445 3796 474 3822 in
494 3796 619 3822 loculum.
692 3797 786 3822 quen.
798 3795 848 3820 Sat.
863 3802 903 3827 13,
924 3804 963 3829 ¹39
997 3795 1160 3828 Geminaque
1173 3796 1294 3830 princeps

240 3834 436 3867 Sardonychum
446 3852 454 3865 ,
474 3832 567 3858 loculis
579 3840 646 3866 quae
659 3831 804 3857 custoditur
811 3829 929 3857 eburnis.
1003 3830 1090 3857 Condi
1106 3830 1200 3856 loculis
1213 3831 1296 3857 Ouid.

240 3870 329 3897 Amor.
343 3878 375 3902 2,
395 3877 434 3901 ις,
456 3875 492 3900 19.

239 3912 290 3938 175.
346 3903 486 3940 Depromit
498 3902 616 3938 gramina
633 3901 725 3928 loculis
738 3901 847 3928 eburnis
868 3901 949 3927 Ouid.
967 3903 1029 3928 Fast.
1044 3904 1076 3935 6,
1091 3909 1154 3936 749.
1211 3901 1294 3928 Locu-

242 3940 280 3965 lus
293 3948 315 3966 ct
328 3941 451 3967 sacculus.
512 3937 628 3965 Martial.
643 3946 672 3973 ς,
690 3946 720 3971 ςι
756 3937 854 3963 Excuffi
871 3937 1026 3972 loculosque
1046 3938 1246 3972 saeculumque,
1276 3938 1294 3964 i.

239 3975 361 4009 quidquid
378 3975 481 4001 domiin
501 3974 585 4000 loculIs
605 3981 673 4006 erat,
699 3973 823 4008 quidquid
839 3982 928 3998 mecum
943 3974 1068 4008 gistabam
1087 3974 1114 3998 in
1127 3974 1226 4008 saccula
1238 3973 1296 4005 siue

240 4019 362 4036 crumena.
417 4010 533 4037 luuenal.
547 4017 568 4042 1,
586 4013 627 4041 89.
651 4010 783 4033 maximam
792 4007 910 4042 summam
923 4009 1106 4043 desi-›ipturus‚
1126 4010 1178 4041 ait,
1200 4009 1295 4042 Neque

1067 2648 1124 2682 Sic,
1142 2647 1174 2674 ad
1183 2647 1212 2675 id
1224 2647 1294 2674 loco-

239 4045 309 4071 cnim
319 4046 411 4072 loculis
424 4045 612 4072 comitantibus
626 4044 680 4070 itur
687 4043 727 4069 Ad
740 4043 826 4069 casum
840 4042 952 4074 tabulae,
972 4044 1051 4077 posita
1059 4044 1100 4070 scd
1111 4044 1213 4071 luditur
1225 4053 1346 4082 arca.105
1361 4045 1542 4083 locupletator.

239 4079 353 4113 Loculi,
376 4090 446 4115 quam
464 4080 586 4110 scatolam
603 4086 694 4107 vocant
711 4077 797 4111 hodic,
821 4084 881 4106 arca
898 4079 986 4106 maior.
1067 4079 1158 4108 Laeuo
1182 4079 1292 4116 suspensi

1004 1544 1059 1571 Cic.
1074 1543 1106 1570 de
1119 1543 1193 1569 Orat.
1207 1550 1233 1575 2,
1247 1550 1288 1574 130
1304 1554 1333 1564 ..-

226 1740 327 1759 minem
339 1728 478 1756 adduxeris
488 1748 496 1760 ,
514 1742 560 1747 --
579 1726 596 1752 li
610 1724 738 1752 eritidem
748 1725 774 1751 in
783 1725 970 1752 consuetudine
979 1724 1095 1750 ciuitatis
1116 1738 1162 1743 —-
1183 1723 1287 1757 hospes,
1302 1735 1337 1759 40

185 1942 187 1945 .
672 1906 703 1930 Izt
712 1912 737 1939 p.
752 1914 776 1930 a.
809 1904 849 1930 Sic
870 1903 977 1938 &LociJ
998 1903 1070 1929 enim
1089 1902 1234 1937 appellatae
1255 1900 1287 1927 ab
1304 1912 1333 1937 43
1351 1909 1442 1929 torum
1457 1902 1570 1930 domini.

227 1946 367 1974 Aristotele
381 1945 437 1970 sunt
453 1944 500 1969 liae
515 1941 584 1976 quasi
597 1941 683 1974 sedes,
708 1950 722 1967 e
735 1939 831 1974 quibus
845 1945 998 1974 argumenta
1011 1944 1181 1973 promuntur.

727 2256 800 2282 Idem
819 2256 852 2287 6,
876 2263 892 2280 2
923 2254 989 2280 Non
1006 2260 1094 2280 tamen
1115 2255 1191 2289 potui
1211 2262 1239 2280 ac
1257 2262 1290 2279 ne
1307 2264 1336 2288 53
1354 2256 1444 2289 Aeque
1457 2254 1616 2289 pauperibus
1629 2253 1752 2288 prodest,
1771 2254 1948 2289 locupletibus
1962 2264 2050 2290 aeque.

1235 2793 1294 2819 Mu·
1305 2805 1338 2830 70
1357 2792 1454 2818 Graeca
1475 2791 1530 2818 Cic.
1544 2791 1576 2818 de
1589 2792 1646 2819 Fin.
1656 2801 1675 2826 i,
1689 2801 1728 2820 10.

1211 3330 1294 3357 Plaut.
1313 3342 1341 3367 35
1357 3331 1515 3365 locupletem
1529 3329 1695 3358 tabellarium
1710 3331 1827 3365 accipiat.

824 3510 861 3534 Ex
874 3508 965 3544 vetusto
980 3510 1058 3534 codice
1073 3509 1181 3542 legitur,
1220 3509 1296 3535 Aedi·
1311 3521 1345 3546 90
1359 3519 1417 3535 nam
1432 3510 1498 3536 illam
1510 3511 1612 3536 locorum
1625 3511 1642 3536 i.
1652 3510 1811 3544 praediorum
1819 3513 2018 3546 notioimnplunt
2024 3512 2125 3537 videtur
2133 3507 2242 3542 antffiff?-

1191 3688 1296 3714 Hebeni
1311 3700 1342 3726 95
1360 3698 1516 3724 quacunque
1529 3689 1639 3715 ratione.

567 3867 713 3893 Demittere
732 3875 843 3893 numum
862 3865 891 3891 in
913 3867 1014 3894 loculos
1041 3867 1107 3893 Hor.
1126 3866 1205 3901 Epist.
1221 3875 1249 3899 2,
1269 3875 1351 3900 1,100

1352 1400 1473 1426 loculoso
1486 1405 1510 1426 et
1524 1399 1646 1434 simplici.

1387 1443 1404 1462 1.
1414 1442 1432 1462 o
1442 1436 1492 1463 Cf(
1500 1443 1515 1462 1.
1526 1442 1533 1461 1
1543 1442 1573 1471 s,
1583 1445 1605 1462 e.
1628 1434 1687 1462 Adi.
1708 1435 1980 1470 Adlocumpertinens.
2018 1435 2128 1462 Locales
2136 1442 2276 1462 aerumnae
2284 1431 2418 1460 Ammian.

1349 1478 1399 1504 14,
1413 1479 1438 1505 7.
1494 1471 1691 1498 Determinatio
1705 1471 1795 1498 localis
1822 1471 1942 1498 Tertuil.
1956 1470 2057 1498 aduers.
2075 1472 2159 1499 Marc.
2176 1480 2212 1505 4,
2232 1479 2277 1503 24.
2349 1467 2420 1495 Add-

1351 1507 1445 1534 Claud.
1459 1507 1582 1533 Mamm.
1595 1516 1625 1541 3,
1639 1517 1666 1540 4.

1387 1549 1404 1568 L
1415 1549 1434 1569 o
1443 1548 1490 1569 CA
1501 1549 1517 1568 L
1530 1541 1541 1569 i
1551 1550 1572 1570 T
1581 1550 1597 1571 E
1606 1550 1635 1569 R.
1674 1542 1742 1570 Adu.
1781 1544 1858 1569 Idem.
1894 1543 2027 1570 Localiter
2034 1543 2177 1579 appellatus
2199 1541 2376 1572 Ammian.i9‚
2385 1546 2420 1565 12.

1351 1579 1383 1604 Et
1396 1578 1517 1619 Tertull.
1536 1578 1568 1605 de
1589 1580 1670 1606 Pallio
1689 1587 1711 1606 c.
1724 1587 1740 1606 2
1772 1579 1859 1606 Mutat
1873 1585 1898 1606 et
1911 1589 1981 1606 nunc
1996 1580 2117 1607 localiter
2132 1578 2254 1611 habitus,
2280 1585 2341 1603 cum
2359 1574 2420 1602 situs

1351 1613 1475 1642 laeditur.
1535 1616 1607 1649 Conf.
1624 1616 1665 1642 Cl.
1679 1615 1801 1643 Mamert.
1816 1625 1844 1648 3,
1864 1624 1886 1648 3.

1387 1657 1458 1678 Loc
1472 1657 1494 1678 A
1506 1657 1523 1677 L
1534 1650 1548 1677 f
1557 1657 1647 1685 TAS,
1666 1652 1725 1678 atis.
1747 1652 1767 1678 f.
1806 1652 1953 1687 Neceffizria
1973 1652 2083 1687 corporis
2102 1651 2209 1687 affinio.

1351 1686 1521 1728 Mamert.ude
1534 1687 1605 1714 Statu
1618 1688 1721 1714 animae
1735 1697 1758 1720 3,
1768 1696 1782 1719 3
1795 1695 1819 1713 et
1833 1698 1854 1720 4.

1388 1730 1407 1764 L.
1415 1729 1434 1750 Ο
1444 1729 1461 1750 C
1470 1730 1491 1750 V
1500 1730 1515 1749 P
1524 1730 1541 1750 L
1549 1730 1566 1750 E
1575 1730 1588 1749 S
1597 1744 1606 1757 ,
1627 1725 1685 1750 ἕῐίε.
1724 1724 1916 1758 [πολυκᾶμμων,
1936 1723 2086 1756 nummum
2094 1743 2103 1756 ,
2122 1721 2238 1757 εὔπορος]
2274 1719 2363 1748 omnis
2380 1726 2423 1753 ge-

1350 1768 1423 1786 neris
1430 1759 1564 1795 secundum
1577 1760 1754 1786 Priscianuru:
1791 1761 1901 1786 ablatiuo
1916 1760 2048 1794 locuplete
2061 1761 2104 1785 vel
2124 1757 2259 1794 locupleti.
2316 1755 2422 1783 Ditltur

1350 1806 1366 1820 a
1379 1797 1432 1821 lata
1447 1796 1532 1828 humo,
1553 1796 1594 1821 boc
1606 1795 1639 1831 est
1654 1796 1776 1822 locorum
1790 1795 1895 1830 plenus:
1932 1796 1976 1830 qui
1989 1797 2079 1821 multas
2090 1792 2238 1830 pqffiffiones
2251 1793 2339 1824 babet,
2364 1790 2419 1815 vid.

1588 1832 1659 1858 Hinc
1678 1838 1703 1858 et
1718 1831 1875 1866 Locupletes
1895 1831 2016 1857 dicebant
2035 1831 2104 1864 loci,
2130 1830 2180 1856 hoc
2199 1829 2235 1856 est
2252 1827 2310 1863 agri
2329 1826 2423 1861 plenos

1556 1869 1628 1902 Conf.
1644 1867 1726 1894 Ouid.
1741 1867 1806 1894 Fast.
1821 1874 1850 1900 5,
1863 1874 1923 1902 279.
1944 1866 2009 1893 Fest.
2024 1866 2197 1901 Locuplctes,
2217 1866 2340 1892 locorum
2355 1860 2422 1888 miil-

1403 1939 1406 1941 .
1645 1903 1820 1936 Q1i11&11.5‚
1842 1912 1869 1929 ιο
1889 1904 2032 1929 'Praeterea
2053 1902 2161 1929 finimus
2179 1908 2223 1928 aut
2242 1901 2287 1932 vi,
2306 1898 2368 1925 sicut
2381 1897 2434 1924 su·-

1351 1947 1472 1972 periora:
1510 1944 1555 1964 aut
1574 1939 1732 1972 ἔτυμεληία,
1761 1945 1789 1964 vt
1808 1937 1934 1964 affiduum
1953 1938 1986 1964 ab
2001 1939 2050 1965 asse
2065 1937 2169 1970 dando,
2196 1943 2222 1964 et
2236 1935 2394 1970 locupletem
2406 1940 2422 1959 a

1351 1974 1491 2006 locorum,
1523 1974 1694 2007 pecuniosum
1713 1982 1727 2000 a
1746 1982 1874 2008 pecorum
1895 1973 1980 2008 copia.
2043 1975 2093 1999 Sed
2111 1975 2187 1999 latius
2198 1980 2280 2007 patet,
2301 1978 2324 1996 et
2340 1977 2422 2006 genu-t

1351 2019 1418 2035 omne
1433 2009 1581 2035 diuitiarum
1593 2009 1770 2044 compleliitur.
1845 2008 1901 2035 Cic.
1915 2009 1946 2035 de
1960 2008 2062 2035 Sene&
2074 2011 2120 2042 56*
2138 2008 2245 2042 Semper
2266 2007 2337 2033 enim
2355 2003 2422 2031 boni

1351 2045 1494 2078 assiduique
1507 2045 1613 2071 domini
1627 2045 1726 2072 referta
1739 2045 1802 2072 cella
1815 2044 1936 2078 vinaria,
1957 2045 2073 2078 olearia,
2096 2049 2123 2071 et
2142 2043 2264 2078 penaria:
2303 2040 2421 2073 villaque

2250 1648 2307 1677 Vid.
2327 1643 2422 1674 Claud.

1352 1831 1420 1858 Gell.
1439 1840 1484 1865 10,
1509 1839 1531 1864 ς.

1352 1868 1416 1893 Plin.
1427 1873 1460 1900 18,
1475 1876 1497 1900 3.

851 2078 942 2111 Quum
956 2076 989 2102 ad
1001 2076 1118 2110 aliquem
1132 2077 1288 2109 grauiorem
1304 2086 1337 2110 50
1353 2084 1409 2102 tota
1421 2079 1536 2111 locuples
1551 2080 1597 2110 est,
1618 2079 1733 2106 abundat
1746 2089 1846 2114 porco,
1867 2080 1974 2114 hoedo,
1991 2089 2079 2114 agno,
2099 2080 2194 2114 gallina
2204 2099 2212 2111 ‚
2232 2077 2315 2109 lafite,
2335 2075 2421 2106 caseo,

1353 2112 1445 2152 melle..
1500 2113 1569 2138 Hor.
1584 2113 1666 2139 Serm.
1686 2121 1718 2146 2,
1738 2119 1769 2145 6,
1790 2123 1836 2140 102.
1869 2115 1897 2139 in
1918 2116 2062 2148 Locuplete
2082 2115 2174 2141 doum.
2249 2110 2378 2144 Locuples
2397 2115 2422 2136 ct

1354 2147 1460 2174 Tenuis
1473 2155 1517 2187 qut
1529 2157 1624 2182 egens,
1643 2148 1782 2175 contraria.
1825 2148 1880 2175 Cic.
1897 2149 1977 2176 Verr.
1995 2157 2027 2182 2,
2050 2155 2098 2182 138.
2171 2149 2212 2175 Sic
2227 2154 2277 2182 pro
2290 2147 2375 2172 Plane.
2389 2144 2421 2174 86

1352 2183 1464 2217 Egentes
1478 2192 1506 2209 in
1520 2183 1679 2217 locupletes,
1699 2183 1800 2218 perditi
1817 2185 1844 2210 iii
1858 2184 1944 2212 bonos
1954 2205 1963 2217 ,
1981 2185 2052 2211 serui
2066 2185 2093 2211 in
2107 2184 2231 2212 dominos
2241 2182 2420 2209 armabantur.

1353 2219 1482 2254 Pauperes
1501 2226 1524 2244 rt
1544 2218 1716 2253 Locupietea,
1740 2221 1875 2245 contraria.
1950 2221 2019 2246 Hor.
2039 2221 2118 2254 Epist.
2139 2231 2164 2252 i,
2185 2228 2210 2252 1,
2232 2227 2262 2251 25
2296 2217 2325 2244 Id
2345 2213 2418 2251 quod

1486 2290 1491 2294 ”
2117 2256 2158 2283 Sic
2172 2253 2306 2281 festinanti
2319 2254 2420 2286 semper

1353 2290 1528 2330 Locupletior
1541 2289 1625 2316 obstat
1646 2290 1715 2330 Hor.
1729 2290 1782 2316 Sat.
1797 2301 1816 2324 i,
1830 2299 1850 2325 ι,
1865 2299 1909 2324 ¹13·
1984 2291 2082 2318 Census
2096 2291 2178 2318 institi
2188 2297 2246 2324 tus,
2263 2295 2292 2317 vt
2312 2285 2421 2323 insignis

1352 2325 1385 2351 ad
1398 2324 1528 2351 inuidiam
1544 2325 1764 2363 Locupletiorum
1783 2326 1893 2354 fortuna
1908 2328 1969 2354 esset
1995 2328 2056 2354 Liu.
2075 2338 2100 2361 ι,
2120 2336 2166 2362 47.
2186 2335 2252 2354 extr.
2286 2326 2287 2329 ’
2327 2326 2422 2352 Parum

1354 2360 1471 2401 locuples
1506 2361 1574 2387 Hor.
1593 2361 1684 2387 Carm.
1699 2369 1730 2394 2,
1751 2367 1794 2395 18,
1813 2371 1855 2389 22.
1930 2363 1980 2390 Tu
2000 2373 2043 2389 me
2060 2363 2146 2390 fecisti
2166 2363 2325 2397 locupletem
2353 2361 2423 2386 Hor.

1354 2396 1432 2432 Epist.
1447 2405 1467 2430 1,
1479 2404 1513 2431 7,
1529 2405 1562 2429 ις.
1635 2397 1765 2432 Locuples
1785 2398 1870 2432 copiis
1888 2399 1929 2425 rei
1947 2399 2106 2433 familiaris,
2133 2406 2158 2426 et
2178 2397 2333 2434 pecuniosus
2363 2394 2422 2422 Cic.

1380 2469 1384 2473 ²
1409 2467 1415 2473 .
1727 2435 1817 2459 Annus
1830 2433 1946 2469 locuples
1958 2434 2081 2467 frugibus
2108 2436 2178 2461 Hor.
2191 2433 2270 2468 Epist.
2285 2434 2317 2467 2,
2331 2440 2357 2466 i,
2366 2437 2421 2465 137-

1354 2469 1456 2508 Ciuitas
1470 2468 1588 2503 locuples
1601 2469 1686 2503 copiis
1711 2468 1768 2495 Cic.
1782 2469 1862 2495 Verr.
1876 2480 1895 2502 3.
1969 2470 2038 2496 Hor.
2052 2471 2134 2496 Serm.
2154 2478 2185 2502 2,
2199 2471 2215 2495 6
2224 2489 2233 2502 ,
2254 2477 2301 2494 102
2330 2469 2423 2500 Quini

1355 2510 1436 2544 ponit
1451 2511 1564 2539 vterque
1583 2505 1613 2531 In
1627 2505 1766 2545 *locuplete
1785 2503 1868 2532 domo
1886 2504 2004 2540 vestigia.
2079 2506 2171 2532 Homo
2189 2504 2264 2530 domi
2282 2505 2342 2530 suae
2362 2510 2424 2528 cum

1356 2548 1450 2575 primis
1463 2539 1580 2575 locuples
1601 2540 1658 2567 Cic.
1673 2542 1750 2567 Verr.
1766 2549 1790 2569 2.
1859 2542 2000 2568 Prouincia
2015 2542 2133 2576 locuples
2145 2550 2173 2568 ac
2187 2540 2286 2567 referta
2313 2539 2371 2566 Cic.
2391 2537 2423 2563 de

1357 2576 1433 2602 Orat.
1447 2584 1472 2609 1,
1492 2578 1540 2603 161.
1562 2584 1585 2602 ει
1603 2577 1681 2602 Verr.
1694 2585 1708 2610 ς
1739 2586 1761 2603 c.
1780 2585 1817 2610 19.
1892 2578 1978 2612 Regio
1991 2577 2188 2612 locupletissima
2209 2576 2279 2611 Nep.
2294 2582 2334 2609 17,
2353 2582 2382 2606 3,
2402 2580 2422 2599 1.

1234 2610 1254 2649 q
1274 2621 1293 2637 ιι
1310 2615 1341 2645 65
1357 2612 1428 2638 Villa
1447 2612 1503 2638 Cic.
1523 2612 1555 2639 de
1573 2613 1631 2639 Sen.
1654 2616 1685 2646 56
1719 2622 1740 2639 c.
1760 2615 1789 2640 16
1821 2623 1884 2648 quae
1901 2613 2016 2640 abundat
2038 2622 2141 2648 porco,
2161 2612 2267 2645 hoedo,
2289 2619 2360 2645 agno
2377 2617 2423 2635 etc.

1356 2648 1467 2688 Αγιίάξίι
1481 2649 1647 2682 transfertur.
1705 2648 1761 2676 Cic.
1777 2648 1809 2676 de
1823 2650 1898 2676 Orat.
1910 2658 1939 2682 3,
1954 2655 1993 2683 185
2013 2659 2034 2676 c.
2047 2655 2080 2683 48
2112 2648 2176 2676 lnde
2191 2649 2235 2675 ille
2257 2647 2383 2676 licentior
2396 2650 2424 2671 et

1356 2684 1473 2723 diiiitior
1495 2684 1572 2724 fluxit
1598 2684 1798 2716 dithyrambus:
1836 2686 1909 2712 cuius
1931 2684 2049 2712 membra
2068 2691 2093 2711 et
2113 2686 2208 2720 pedes,
2233 2690 2262 2710 vt
2279 2683 2316 2709 ait
2334 2682 2422 2713 idem,

1356 2720 1421 2759 sunt·
1439 2729 1469 2745 in
1493 2728 1569 2746 omni
1589 2720 1716 2755 locupleti
1735 2721 1859 2748 oratione
1879 2720 1980 2748 diffusa.
2055 2722 2214 2756 Eloquentia
2235 2719 2367 2754 locuples,
2395 2722 2423 2743 et

1356 2756 1470 2789 speciosa
1482 2756 1539 2782 vult
1553 2757 1602 2782 ess'e
1622 2756 1754 2789 Qiinc‘til.
1769 2765 1798 2791 5,
1817 2765 1855 2791 14.
1930 2758 2033 2793 Lingua
2054 2758 2144 2784 Latina
2163 2756 2322 2790 locupletior
2342 2761 2423 2788 quam

1377 2827 1380 2831 ⁴
1470 2827 1474 2831 ,
1584 2828 1587 2832 .
1803 2793 1886 2825 Lysias
1902 2794 2018 2829 locuples
2031 2794 2171 2826 oratione,
2191 2794 2270 2819 rebus
2284 2790 2343 2826 ipsis
2355 2789 2423 2816 ieiu-

1354 2836 1426 2867 nior·
1444 2827 1499 2854 Cic.
1515 2827 1617 2868 de.F¹¹‘·
1631 2837 1659 2861 ς,
1674 2838 1694 2860 3.
1769 2829 1914 2864 Locuples,
1936 2832 1971 2857 La
1983 2840 2015 2865 ge
2030 2831 2161 2866 instiufflus
2174 2836 2198 2854 et
2214 2834 2327 2863 cvpmJus.
2348 2834 2424 2851 meta-

1353 2863 1471 2899 phoricb's.
1528 2864 1586 2904 Cic.
1597 2864 1629 2890 de
1645 2864 1706 2891 Nat.
1720 2865 1801 2893 Deor.
1816 2874 1843 2898 1,
1856 2874 1895 2898 313
1920 2866 2094 2901 Locupletior
2113 2865 2196 2900 igitur
2217 2864 2357 2890 hominum
2379 2868 2422 2887 na·

1356 2905 1415 2939 tura
1428 2898 1460 2925 ad
1474 2899 1548 2926 beate
1561 2900 1706 2927 viuendum
1725 2901 1763 2928 est
1783 2910 1862 2936 quam
1882 2902 2010 2929 deorum:
2048 2901 2120 2938 quod
2142 2900 2263 2936 pluribus
2281 2897 2423 2934 generibus

1357 2935 1461 2962 fruitur
1474 2936 1649 2970 voluptatum.
1724 2937 1870 2972 Locuples,
1898 2938 1994 2964 I-irmus
2013 2946 2140 2973 certusque
2159 2939 2194 2964 ad
2210 2946 2261 2962 rem
2279 2934 2422 2970 quamlibet.

958 2971 1090 2999 Columcl.
1106 2974 1137 3004 6,
1156 2979 1188 3006 27
1216 2970 1296 3011 Qiqd
1313 2984 1340 3009 75
1359 2980 1384 2997 v.
1395 2980 1424 3006 g.
1455 2971 1550 2998 Testes
1570 2981 1600 2998 ex
1614 2973 1684 3008 censu
1697 2974 1897 3008 “facultatibus
1907 2974 2067 3010 speHantur‚
2094 2974 2159 3009 quod
2177 2973 2281 2998 homines
2303 2979 2385 2997 tenues
2400 2975 2423 2994 et

1358 3014 1454 3048 egentes
1463 3007 1547 3041 facilc
1559 3009 1637 3043 pretio
1650 3009 1687 3035 ad
1691 3009 1788 3045 falsum
1801 3010 1933 3036 dicendum
1947 3012 2114 3037 adducantur.
2173 3010 2240 3035 Vnde
2261 3007 2355 3034 Testes
2374 3006 2425 3030 idv-

1358 3052 1397 3083 ”ff
1408 3063 1416 3075 ,
1439 3043 1596 3078 Locupletes
1609 3044 1677 3081 testes
1690 3045 1843 3072 dicebantur.
1914 3046 1970 3074 Cic.
1989 3047 2018 3073 in
2031 3046 2132 3080 Topic.
2147 3051 2177 3079 73
2209 3043 2357 3078 Opulentos
2375 3040 2423 3066 ho-

1358 3087 1461 3112 mines,
1487 3086 1513 3105 et
1533 3081 1625 3106 aetatis
1645 3081 1728 3116 spatio
1746 3081 1887 3116 probatos,
1913 3081 2008 3117 dignos
2028 3082 2124 3117 quibus
2147 3079 2269 3106 credatur
2291 3084 2423 3114 putamus.

1359 3123 1414 3140 non
1432 3114 1504 3141 reete
1523 3115 1642 3143 fortasse:
1677 3116 1720 3143 sed
1742 3118 1815 3152 vulgi
1838 3118 1934 3152 opinio
1953 3119 1997 3145 vix
2023 3117 2121 3144 mutari
2149 3115 2241 3149 potest.
2315 3114 2362 3140 Cic
2391 3112 2424 3139 de

630 3152 651 3191 fl
669 3162 700 3187 14
735 3152 805 3179 Loca
818 3157 844 3178 et
856 3152 937 3178 lautia
949 3151 1009 3179 dare
1024 3153 1127 3184 Liu.28‚
1142 3160 1178 3186 39.
1199 3152 1216 3178 i.
1236 3152 1297 3178 reci·
1315 3160 1348 3185 80
1360 3150 1453 3177 Diuin.
1467 3159 1492 3183 2,
1506 3160 1545 3185 1¹9
1566 3162 1587 3179 c.
1598 3157 1625 3185 58
1650 3154 1705 3180 Iani
1721 3153 1880 3189 Pythagoras
1894 3160 1920 3180 et
1932 3154 2005 3180 Plato
2017 3151 2210 3187 locupletissimi
2222 3149 2355 3183 auctores,
2368 3158 2424 3185 quo

1358 3186 1387 3213 in
1405 3186 1504 3213 somnis
1517 3188 1632 3214 certiora
1651 3188 1806 3222 videamus,
1838 3194 2019 3224 praeparatos,
2047 3197 2092 3215 etc.
2170 3186 2208 3214 Id.
2229 3185 2304 3213 offic.
2326 3195 2337 3218 3
2364 3195 2383 3212 c.
2406 3194 2424 3213 2.

1356 3230 1423 3249 extr.
1460 3223 1566 3262 Accedit
1578 3223 1672 3250 eodem
1685 3225 1755 3251 testis
1776 3225 1891 3259 locuples
1910 3224 2078 3251 Posidonius:
2117 3223 2165 3258 qui
2183 3223 2263 3249 ctiam
2282 3221 2373 3249 scribit
2392 3221 2423 3248 in

1357 3257 1469 3293 quadam
1488 3259 1611 3293 epistola,
1642 3268 1687 3287 etc.
1759 3260 1931 3287 Tabellarius
1950 3260 2082 3295 locuples,
2106 3266 2152 3294 pro
2174 3259 2270 3291 fideli,
2293 3266 2373 3291 certo,
2398 3263 2422 3282 et

1357 3295 1454 3328 idoneo,
1475 3296 1516 3320 cui
1529 3296 1591 3320 reae
1603 3296 1691 3322 literas
1704 3297 1854 3323 committere
1863 3293 1943 3330 poffis.
2019 3296 2075 3323 Cic.
2088 3297 2127 3330 Q
2136 3296 2204 3322 Frat.
2219 3303 2230 3327 3
2258 3294 2306 3321 Sed
2322 3300 2420 3327 quaero

1381 3368 1385 3371 ,
1456 3367 1461 3371 .
1533 3366 1537 3370 ,
1590 3367 1594 3371 ,
1901 3331 2032 3368 Locuples
2052 3332 2084 3358 ad
2102 3330 2252 3366 augendum
2271 3330 2420 3357 facultatem

1360 3365 1464 3393 dicendi
1485 3366 1616 3398 Qiinc‘til.
1630 3375 1675 3400 10,
1689 3375 1697 3393 1
1727 3367 1767 3392 De
1781 3367 1912 3394 Varrone.

1389 3409 1410 3443 >L
1419 3408 1439 3429 O
1448 3408 1465 3429 C
1476 3408 1495 3442 y
1506 3408 1521 3428 Ρ
1534 3409 1549 3427 L
1560 3409 1578 3429 E
1587 3409 1608 3429 Τ
1619 3410 1626 3429 1
1636 3409 1648 3429 S
1658 3409 1670 3429 S
1680 3409 1689 3428 1
1698 3409 1721 3429 M
1732 3408 1758 3429 E.
1803 3403 1869 3431 Adii.
1914 3403 1981 3430 Filia
2011 3403 2209 3438 locupletissime
2233 3403 2319 3429 dotata
2352 3399 2420 3436 Epit.

1360 3438 1466 3465 V16t0r.
1479 3447 1508 3464 in
1520 3439 1596 3478 Vesp.
1671 3438 1881 3473 Locupletiffime
1894 3444 2046 3466 muneratus
2058 3440 2186 3474 Spartian.
2200 3437 2280 3465 Hadr.
2296 3445 2317 3462 c.
2326 3444 2347 3468 3.

1396 3481 1412 3500 L
1423 3481 1442 3501 O
1452 3480 1470 3502 C
1483 3480 1502 3500 V
1513 3480 1552 3500 PL
1564 3480 1580 3500 Ε
1589 3480 1609 3500 Τ
1619 3480 1639 3501 O
1652 3495 1661 3507 ,
1687 3478 1741 3500 Ere.
1779 3475 1924 3510 [πλκτίζω]
1961 3477 2127 3510 ζοιιφίεεεηι,
2160 3476 2177 3502 i.
2199 3472 2306 3533 diuitvg
2315 3472 2418 3505 facere?

2309 3507 2418 3534 olnmel.

1358 3554 1383 3579 3,
1398 3555 1409 3578 3
1428 3554 1469 3581 pr.
1506 3546 1542 3586 Vt
1553 3552 1614 3586 ante
1626 3546 1799 3585 perpensum,
1820 3553 1845 3573 et
1858 3547 2025 3582 exploratum
2045 3546 2201 3575 habeamus,
2227 3549 2255 3569 vt
2275 3543 2419 3578 locupletet

1360 3588 1463 3616 patrem
1476 3581 1591 3608 familiae
1606 3589 1743 3607 vinearum
1763 3583 1855 3609 cultus.
1930 3583 1986 3610 Cic.
2008 3584 2086 3609 Verr.
2101 3590 2129 3613 3,
2151 3586 2191 3609 185
2218 3578 2260 3605 Ob
2281 3579 2355 3605 haste
2376 3587 2417 3605 res

1360 3618 1488 3657 quoniam
1503 3624 1528 3644 te
1539 3616 1712 3651 lociiplctaui,
1739 3617 1789 3644 hoc
1808 3619 1908 3646 annulo
1928 3627 2010 3645 aureo
2023 3618 2102 3645 dono.
2158 3615 2230 3641 idem
2250 3613 2326 3641 Offic.
2340 3623 2364 3647 1,
2384 3623 2418 3647 43

1360 3653 1397 3679 Ηι
1410 3653 1573 3680 arbitrantur
1584 3653 1609 3678 se
1625 3652 1755 3679 beneficos
1768 3654 1796 3680 in
1808 3655 1866 3681 suos
1881 3656 1980 3681 amicos
1994 3654 2076 3680 visum
2090 3651 2142 3683 iri,
2167 3650 2184 3676 fi
2197 3651 2357 3685 locupletent
2371 3659 2418 3676 eos

1410 3725 1414 3729 ,
1715 3689 1771 3716 Cic.
1784 3690 1816 3715 de
1829 3691 1900 3717 Clas,
1917 3693 1991 3718 Orat,
2002 3695 2037 3720 33¹
2065 3686 2119 3719 Qu
2132 3695 2186 3712 non
2202 3686 2319 3721 linguam
2334 3685 2418 3712 modo

1359 3726 1464 3751 acuisses
1477 3724 1665 3751 exercitatione
1679 3724 1799 3758 dicendi,
1820 3726 1863 3752 sed
1876 3734 1900 3753 et
1915 3727 1993 3761 ipsam
2011 3721 2191 3756 eloquentiam
2210 3721 2417 3756 locupletanisset

1360 3761 1517 3794 grauiorum
1535 3761 1632 3786 artium
1652 3760 1837 3788 instrumento.
1911 3755 2107 3788 Multitudincm
2129 3757 2324 3785 excursionibus
2345 3758 2417 3783 locu-

1358 3796 1552 3858 pletauit‘lleep.
1564 3803 1584 3828 1,
1597 3803 1629 3828 2,
1645 3805 1661 3822 i.
1735 3798 1860 3824 fortunis
1880 3794 2037 3828 locupletare
2056 3794 2112 3821 Cic.
2133 3793 2165 3820 de
2188 3795 2256 3828 Lege
2275 3794 2369 3827 Agrar.
2388 3800 2417 3825 2,

1378 3839 1393 3865 7
1420 3840 1440 3857 c.
1461 3840 1477 3857 2
1498 3852 1504 3858 .
2152 3843 2155 3847 s

1401 3874 1416 3893 1.
1430 3873 1448 3893 O
1461 3875 1477 3894 c
1490 3873 1510 3893 V
1522 3873 1537 3894 P
1549 3874 1566 3894 1.
1578 3873 1595 3894 Ε
1610 3869 1663 3894 TA
1674 3874 1696 3894 Τ
1707 3873 1750 3895 vs
1764 3887 1772 3899 ,
1792 3877 1817 3901 a,
1837 3876 1890 3895 um.
1927 3864 1984 3891 Cic.
1998 3866 2076 3892 Verr.
2092 3874 2114 3896 5.
2128 3871 2161 3895 80
2181 3875 2201 3892 c.
2214 3873 2237 3897 31
2266 3865 2324 3890 Hac
2345 3869 2415 3890 tanta

1360 3902 1456 3938 praeda
1470 3904 1571 3938 ansius,
1593 3905 1743 3939 mancipiis,
1757 3909 1875 3939 argento,
1894 3902 1964 3927 Velle
1978 3901 2161 3936 locupletatus,
2182 3907 2226 3926 etc.
2299 3898 2416 3926 Praediis

1360 3939 1532 3979 locupletatus
1564 3940 1632 3965 Suet.
1659 3940 1764 3967 Neron.
1788 3949 1826 3972 30.
1919 3937 2047 3971 Voluptas
2074 3938 2232 3972 locupletata
2249 3935 2416 3971 perfeciione

1360 3982 1432 4001 vitae
1452 3975 1507 4003 Cic.
1521 3974 1553 4002 de
1568 3975 1626 4002 Fin.
1645 3985 1667 4009 2,
1683 3984 1718 4008 38-

1398 4018 1413 4036 ι.
1424 4018 1443 4037 0
1455 4017 1472 4037 c
1483 4017 1504 4037 v
1516 4017 1531 4037 ι»
1545 4017 1561 4038 ι.
1575 4017 1592 4038 E
1603 4013 1657 4038 ΤᾹ
1670 4019 1692 4038 Τ
1706 4019 1726 4039 o
1739 4017 1775 4042 R,
1793 4008 1859 4034 c'm's.
1881 4017 1916 4034 m.
1972 4009 2082 4043 Eutrop.
2103 4017 2141 4042 10,
2155 4017 2179 4041 7,
2192 4017 2208 4041 9
2227 4005 2415 4035 Familiarium

1601 4048 1632 4075 Bt
1653 4047 1745 4075 Numo
1764 4036 1897 4072 Hadriani
1911 4047 1980 4081 apud
1992 4046 2116 4073 Vaillant.
2136 4051 2203 4072 tom.
2219 4054 2227 4071 i
2252 4052 2278 4078 p.
2291 4042 2415 4105 {21:⁴¹6}
2430 4049 2432 4051 ’
