2517 4231
24 207 132 255 ‘985
429 187 736 244 PRAE
1556 197 1963 243 PRAE.
2146 209 2230 260 93⁶

58 292 129 327 Nep.
151 299 193 326 25,
208 301 239 327 4,
256 296 300 327 4.“
356 291 451 320 Fidem
476 291 618 320 mendacio
649 291 757 320 Petron.
774 298 798 317 e.
817 295 869 325 ιι7.
940 288 1007 316 Plin.
1027 296 1065 324 35,
1083 297 1113 317 ιο
1172 286 1333 330 Praecordia
1344 288 1464 324 praebita
1481 287 1564 317 Ouid.
1576 288 1642 317 Met.
1656 297 1680 324 3,
1693 291 1758 325 746.
1830 289 1947 320 Praebiti
1965 295 1993 321 in
2010 296 2066 324 acie
2077 298 2232 327 Vitelliani·

58 328 209 357 Alexander
217 328 245 356 ei
258 329 400 357 Honorem
413 329 554 357 elarislimo
566 327 690 364 praebuit
703 325 836 361 exemplo.
906 325 1053 361 Imaginem
1067 335 1113 353 an-
1174 324 1230 352 eibi
1244 325 1337 352 Tacit.
1352 325 1420 353 Hist.
1442 334 1466 358 3,
1478 334 1519 359 32,
1532 336 1556 359 ⁴·
1627 326 1748 363 Absolute
1768 325 1890 353 Praebita
1909 336 1981 355 uocat
2001 332 2071 359 Suet.
2085 334 2186 364 Tiber.
2205 345 2230 362 e.

58 363 192 400 (iquitatis
204 365 310 393 Senatui
322 365 467 399 praebebat
484 365 578 393 Tacit.
590 366 658 391 Ann.
671 372 696 396 3,
706 364 751 390 60.
822 360 1037 396 indignationem
1051 362 1113 389 Liu.
1176 368 1209 395 50
1231 360 1280 387 Sed
1293 366 1318 387 ct
1332 361 1436 395 peculio
1448 362 1568 389 conccss'o
1581 371 1596 390 a
1609 368 1684 399 patre
1697 361 1879 398 praebitisque
1893 364 1987 390 annuis
2002 368 2127 400 priuauit.
2154 371 2231 399 Simi-
2260 368 2262 371 ’

57 402 104 432 26.
116 407 150 436 37
161 407 228 428 extr.
263 424 279 439 s
299 401 444 429 Infamiam
460 401 567 437 leian.
579 401 609 428 in
620 401 638 427 l.
656 400 725 426 Item
745 396 815 433 apud
829 397 981 427 Labeonem
993 397 1112 436 §.Aliud
1175 398 1235 424 liter
1248 396 1306 432 usus
1320 397 1471 424 Columella
1485 398 1577 435 supra.
2281 424 2286 427 ,

9 438 23 446 ·’
58 434 97 463 est
110 436 144 463 D.
158 434 191 462 de
203 435 286 464 iniur.
299 442 326 465 et
338 438 435 465 samos.
452 437 540 465 libell.
612 437 667 464 Iter
692 433 827 462 Coliuuel.
840 442 861 466 3,
879 438 916 462 16.
987 434 1044 462 Ci'c.
1058 433 1112 461 off.
1134 436 1148 464 ς
1215 438 1231 459 ι’
1242 438 1262 459 R
1272 439 1294 459 A
1303 439 1319 459 E
1328 439 1344 460 Β
1354 440 1370 460 Ε
1379 440 1399 460 N
1411 440 1428 460 ι)
1439 441 1459 460 A
1469 454 1478 467 ,
1498 436 1587 462 orum.
1613 442 1640 461 n.
1677 433 1816 470 [παρις-ἔα]
1853 432 1923 460 Gell.
1943 441 1978 467 ις,
1997 443 2016 466 4
2042 437 2233 472 comparandi,

58 471 80 505 ’1,
91 479 119 504 41
143 471 186 499 Est
197 472 291 500 intima
303 474 427 502 conditio
440 480 467 502 et
478 474 587 502 fortuna
600 472 754 499 seniorum:
774 469 872 505 quibus
891 479 944 498 uon
959 471 1028 498 male
1041 478 1115 505 prae·
1178 468 1273 501 mulis,
1287 474 1314 496 et
1333 469 1464 497 vehiculis
1477 470 1692 505 magistratibus,
1712 470 1759 506 qui
1774 469 1864 498 sortiti
1877 471 2031 504 prouincias
2045 471 2148 506 forent,
2161 485 2234 509 prae-

57 507 172 543 cipiunt,
180 508 230 543 qui
240 509 279 536 ita
291 509 404 544 iubent,
416 511 458 538 vti
476 516 507 538 vt
523 506 712 538 mercenariis,
726 515 836 541 operam
851 507 1010 543 exigendam
1018 527 1027 540 ,
1046 506 1116 533 Iusta
1176 503 1264 531 bcnda
1278 504 1384 540 publice
1397 506 1558 534 conduxisse.
1602 506 1650 534 Vbi
1662 510 1788 542 interpret
1794 526 1802 540 ,
1815 507 1965 534 Praebenda
1979 507 2084 542 publice
2098 510 2234 539 conduxis.

58 543 219 580 praebenda.
292 546 481 574 Iusiurandum
499 544 579 573 alteri
597 543 665 570 Plin.
678 542 708 570 in
722 544 816 579 Paneg.
837 552 859 571 c.
876 546 918 576 64.
989 541 1115 570 Latebras
1176 541 1219 568 se:
1242 543 1261 567 i.
1282 542 1416 580 &Actaea
1425 543 1546 578 parochis
1554 542 1697 579 praebenda
1711 549 1792 570 erant.
1806 542 1836 569 de
1849 542 1941 579 quibus
1954 544 2022 571 Hor.
2031 543 2114 571 Serm.
2131 552 2150 576 ι,
2164 552 2186 578 5,
2199 550 2237 581 46

58 579 169 616 praebet
186 586 259 610 creta
278 583 445 618 serpentibus
462 582 540 616 Virg.
558 580 657 614 Georg.
677 588 704 613 2,
720 582 776 606 216.
868 580 972 607 Locum
989 577 1116 615 peccandi
1178 576 1305 604 Praebuit
1321 585 1346 604 et
1361 578 1471 612 parochi
1491 587 1560 614 quae
1572 578 1683 611 debent,
1698 578 1769 613 ligna
1786 579 1928 614 salemque.

58 615 193 644 Columel.
208 625 240 650 11,
254 627 272 645 1.
290 621 310 645 ι’.
323 619 492 656 facultatem,
505 614 660 650 occasionem.
730 614 821 643 Ludos
838 615 908 643 Ter.
925 617 992 643 Eun.
1008 623 1032 649 5,
1045 621 1072 650 7,
1088 622 1114 648 9.
1130 625 1160 644 10
1216 618 1232 639 Ρ
1246 619 1264 639 R
1277 614 1430 641 ΛΕΒΥΤΟ
1442 621 1477 647 R,
1498 615 1564 642 bris.
1591 623 1629 643 ιιι.
1665 613 1797 650 [mets-72⁵]
1832 614 1889 642 Cic.
1904 615 1958 642 Off.
1979 624 2002 644 2.
2016 623 2043 648 53
2062 624 2085 642 c.
2100 623 2125 649 15
2150 616 2190 642 An
2210 621 2239 643 tu

56 651 164 679 Lumen
175 653 286 688 praebet
297 655 411 682 fenestra
423 655 511 681 Varro
524 651 557 678 de
570 652 601 681 R.
615 653 647 679 R.
660 661 682 685 3,
694 660 720 686 9.
757 650 839 680 Ouid.
847 651 927 686 Epist.
942 657 977 685 ιε,
991 659 1022 685 59
1041 651 1118 678 Luna
1179 647 1207 676 id
1220 649 1288 683 agis,
1301 655 1330 676 νε
1347 649 1506 678 Macedones
1520 658 1576 678 non
1588 656 1614 679 te
1628 659 1718 687 regem
1734 651 1823 684 suum,
1839 650 1883 679 sed
1898 652 2051 680 ministrum
2065 657 2092 679 et
2105 652 2239 687 praebito-

57 687 129 716 mihi
142 690 290 717 tremulum
302 691 407 719 Lumen
419 687 563 724 praebebat
577 688 662 715 eunti.
733 689 829 716 Manus
848 687 1007 715 verberibus
1034 686 1118 714 Ouid.
1178 693 1236 713 rem
1258 686 1369 719 putent?
2083 699 2086 705 .

58 723 93 750 de
108 724 172 752 Arte
185 727 245 754 Am.
263 735 283 760 ι,
297 729 335 754 16.
405 725 468 752 Liu.
487 733 510 757 3,
529 726 566 758 46
580 731 623 760 pr.
656 725 751 758 Qunn
770 724 872 759 Appius
892 733 947 750 nou
968 723 1117 758 Virgilium
1214 726 1396 748 PRAEBIT
1408 727 1463 758 ιο,
1490 720 1561 748 finis.
1588 721 1610 748 f.
1646 722 1754 757 leian.
1780 723 1813 749 D.
1836 721 1869 750 de
1892 721 1964 751 offic.
1990 723 2116 758 prat-feet.
2134 723 2200 752 vrb.
2221 724 2241 754 l.

57 759 170 788 defendi
191 761 225 789 ab
246 762 343 796 Icilio,
362 761 407 789 sed
428 761 581 797 inquietum
601 760 755 790 hominem,
777 766 803 786 et
823 759 1012 786 Tribunatum
1035 759 1118 786 ctiam
1179 757 1272 785 omnia
1286 754 1310 794 §.
1326 758 1397 785 Cura
1411 757 1513 790 carnis,
1533 758 1606 785 Cura
1619 760 1704 786 caruis
1720 759 1824 791 omnis,
1838 764 1866 785 vt
1881 758 1950 787 iusto
1969 761 2057 794 pretio
2072 760 2243 795 praebeatur,

56 804 128 822 nunc
142 797 303 832 spirantem,
321 798 412 824 locum
425 797 564 825 seditionis
582 804 712 832 quaerere
730 795 846 823 diceret:
863 804 918 821 non
932 795 1119 830 praebiturum
1134 797 1160 824 15
1179 793 1213 821 ad
1232 802 1324 821 curam
1343 793 1527 829 praefecturae
1547 793 1672 829 pertinet.
1728 795 1792 822 Ideo
1812 799 1839 821 et
1856 794 1947 821 forum
1968 796 2085 823 suarium
2101 797 2149 824 sub
2162 796 2242 832 ipsius

56 832 85 859 se
97 832 142 860 ilii
155 842 189 861 eo
201 833 246 861 die
259 833 410 861 Materiam.
480 833 623 860 Materiam
637 831 766 868 praehere
779 832 827 858 suo
840 829 939 858 damno
955 831 1037 858 Ouid.
1051 832 1118 858 Met.
1180 839 1243 857 cura
1261 829 1313 857 est:
1340 829 1385 856 sed
1402 836 1428 856 et
1447 838 1633 863 caeterorum,
1646 829 1699 856 siue
1720 839 1865 865 pecorum,
1878 830 1931 857 siue
1950 838 2150 866 armentorum,
2169 832 2245 868 quod

55 875 84 900 2,
98 877 149 902 213.
219 870 362 897 Materiam
376 869 434 905 igni
446 868 509 896 Liu.
524 878 560 902 21,
597 889 605 895 .
642 888 650 895 .
720 867 795 894 Idem
804 874 851 903 Κ23,
866 875 894 900 19
919 867 1036 902 Vtrique
1050 867 1120 901 parti
1180 866 1214 895 ad
1227 866 1384 895 huiusmodi
1398 866 1596 901 praebitionem
1609 865 1717 902 spectat,
1731 866 1762 893 ad
1778 866 1857 900 ipsius
1870 875 1960 894 curam
1976 868 2116 902 pertinent.
2154 870 2243 897 Varro

57 912 151 939 parem
164 905 268 933 Merum
279 905 420 942 praebuit,
439 914 474 932 ne
487 905 574 932 hostes
587 904 655 931 noui
667 902 851 931 aduentarent.
926 903 1015 929 Metus
1035 902 1120 929 Ouid.
1180 902 1250 939 apud
1262 902 1337 931 Non.
1353 911 1378 935 2,
1392 904 1448 937 647
1479 902 1560 936 Quod
1578 911 1608 930 ea
1623 902 1667 929 die
1681 911 1740 929 mea
1758 908 1814 931 crat
1830 902 1974 937 praebitio.
2065 905 2181 933 Grauari
2199 914 2243 932 eo.

31 956 42 962 ν
56 939 92 967 de
103 942 168 968 Arte
181 941 240 967 Am.
263 949 283 975 1,
299 949 361 977 754.
433 941 598 969 Miraculum
617 939 684 968 Plin.
697 945 735 973 28,
747 947 771 972 3.
841 938 956 966 Modum
976 938 1120 974 praebente
1182 940 1289 974 piarum
1328 938 1479 967 raebitione
1500 939 1592 966 lullin.
1608 944 1646 972 38,
1662 947 1701 971 10,
1716 944 1738 969 8.
1810 938 1874 966 Olei
1891 938 2077 976 frumentique
2096 941 2244 976 praebitio.

36 1001 41 1006 ,
56 976 153 1003 rudem
167 976 394 1012 tibicineTusco,
411 977 516 1010 Ludius
527 982 667 1012 aequatam
680 981 721 1003 ter
730 974 797 1010 pede
809 974 895 1010 pulsat
909 974 1021 1002 humum
1035 975 1119 1002 Ouid.
1132 981 1168 1001 20
1183 984 1244 1007 nes,
1260 949 1359 1011 qulbus
1373 974 1538 1009 angebantur
1552 975 1644 1003 Aurel.
1660 973 1729 1002 vict.
1746 973 1778 1000 de
1792 975 1866 1002 Caes.
1881 983 1903 1002 c.
1916 983 1957 1008 41.

55 1012 114 1040 Art.
122 1013 184 1040 Am.
198 1021 219 1047 1,
233 1022 281 1041 112.
352 1014 525 1042 Munimenta
537 1013 613 1040 Caes.
623 1012 690 1040 Bell.
704 1011 773 1039 Gall.
785 1019 812 1044 2,
827 1019 865 1046 17.
938 1012 1049 1038 Nomen
1062 1011 1119 1038 Ta·
1221 1017 1238 1038 ι’
1250 1017 1271 1039 R
1282 1018 1304 1038 A
1313 1017 1331 1038 E
1342 1018 1359 1038 Β
1368 1019 1377 1037 1
1387 1017 1409 1038 v
1420 1018 1445 1037 M
1455 1030 1463 1044 ‚
1485 1011 1504 1037 i.
1530 1020 1557 1038 n.
1593 1010 1703 1039 Praebia
1712 1031 1720 1044 ,
1734 1010 1860 1048 Remedia.
1897 1010 2002 1043 Festus,
2023 1011 2058 1039 Ea
2080 1021 2147 1040 vero
2169 1021 2245 1048 prae-

42 1047 102 1075 ·tit-
116 1049 187 1076 Ann-
205 1050 291 1083 13313.
381 1050 519 1078 Notitiam
537 1049 644 1077 Lucret.
661 1055 750 1083 5,125.
839 1046 936 1074 Nudus
955 1047 1046 1084 positis
1067 1047 1120 1075 tibi
1181 1047 1260 1082 cipue
1278 1047 1388 1082 praebia
1405 1046 1588 1082 appellarunt,
1613 1056 1682 1083 quae
1703 1047 1815 1074 amuleti
1834 1047 1893 1074 vim
1911 1047 2046 1074 habebant
2060 1068 2067 1080 ‚
2093 1049 2246 1078 cuiusmodi

40 1106 49 1109 -
74 1084 291 1120 racbeor‚arnxis
318 1085 402 1114 Ouid.
416 1087 510 1113 Amor.
531 1094 554 1118 2,
566 1094 591 1119 9,
606 1092 642 1118 33.
733 1084 852 1119 Operam
870 1083 1015 1119 praebere,
1029 1085 1120 1112 lauare
1180 1089 1257 1111 erant
1271 1083 1346 1117 lora,
1363 1092 1431 1118 quac
1445 1083 1477 1110 de
1490 1092 1635 1119 puerorum
1650 1083 1721 1110 collo
1734 1082 1969 1118 suspendebantur.
2029 1082 2107 1112 Varr.
2122 1085 2153 1111 de
2166 1086 2197 1112 L.
2212 1086 2244 1113 L.

55 1093 142 1149 iglaut.
157 1121 219 1148 Mil.
234 1131 258 1155 2,
272 1124 299 1156 6,
313 1128 365 1152 108.
438 1122 556 1157 Operam
576 1121 654 1155 Reip.
673 1119 734 1148 Liu.
755 1127 779 1153 5,
792 1129 820 1154 4.
892 1120 975 1149 Plaut.
994 1121 1075 1148 Poen.
1094 1127 1119 1153 5,
1182 1122 1209 1153 6,
1223 1122 1239 1146 6
1252 1129 1277 1155 p.
1293 1124 1333 1153 82,
1348 1127 1375 1152 33
1397 1117 1518 1147 Naeuius
1533 1120 1560 1147 in
1570 1119 1722 1154 Stigmatia:
1742 1118 1852 1146 Praebia
1866 1128 1881 1146 a
1894 1119 2047 1156 praebendo
2059 1126 2088 1148 vt
2104 1121 2134 1148 sit
2147 1127 2246 1155 tutum,

54 1164 86 1190 4,
99 1165 131 1191 52.
142 1184 146 1185 ι
158 1159 195 1185 Vt
210 1158 329 1186 modeste
347 1157 507 1186 Orationem
525 1157 659 1191 praebuit.
730 1155 801 1183 Ter.
816 1155 892 1183 Adel.
910 1165 935 1188 2,
949 1165 975 1190 2,
988 1164 1006 1192 7
1045 1155 1120 1191 Qud
1133 1161 1164 1189 25
1182 1156 1257 1191 quod
1272 1155 1321 1183 sint
1333 1155 1453 1183 remedia
1468 1156 1497 1183 in
1509 1155 1580 1183 collo
1592 1156 1691 1191 pueris.
1728 1155 1777 1183 Sed
1789 1156 1902 1192 Scaliger
1916 1156 1949 1182 acl
1966 1156 1991 1183 h.
2004 1157 2022 1183 1.
2035 1156 2195 1192 scribendum
2207 1160 2247 1184 ait

53 1193 136 1228 potui
149 1194 255 1232 melium
266 1195 379 1229 (morem
397 1203 482 1231 gerere
499 1193 648 1229 adolescenti
649 1193 670 1228 )
682 1191 731 1228 qui
750 1191 832 1219 hodie
845 1194 927 1227 Vsque
940 1194 978 1220 Os
992 1193 1122 1229 praebui?
1182 1192 1297 1220 Proebia
1316 1201 1332 1218 a
1350 1191 1539 1227 prohibendo,
1553 1198 1577 1219 et
1593 1191 1663 1220 Festi
1681 1193 1762 1219 Iocum
1782 1193 1820 1217 ita
1835 1194 1975 1227 proponit,
1998 1192 2111 1220 Proebia
2132 1193 2248 1221 Verrius

54 1229 92 1256 ad
98 1229 245 1265 serendum.
279 1230 398 1266 metaph.
416 1229 446 1258 de
457 1230 515 1263 his,
534 1232 579 1266 qui
591 1233 669 1256 nimis
677 1231 809 1265 patienter
814 1228 910 1264 ferunt
930 1229 1064 1256 Verborum
1077 1235 1123 1257 aut
1183 1229 1278 1256 vocari
1291 1228 1329 1256 ait
1347 1237 1378 1255 ea
1394 1227 1512 1256 remedia
1522 1248 1530 1261 ,
1551 1236 1619 1263 quae
1632 1228 1697 1255 Cata
1713 1227 1831 1255 Caecilia
1849 1236 1919 1255 vxor
1933 1228 2086 1264 Tarquinii
2106 1229 2187 1257 Prisci
2208 1230 2248 1256 in-

51 1264 185 1299 irrissonis
201 1267 381 1294 contumcIIam.
429 1266 487 1293 Cic.
502 1267 580 1293 Verr.
594 1275 615 1298 3,
631 1273 662 1299 41
687 1264 746 1299 Qi
759 1264 836 1292 testes
850 1265 1015 1302 interrogari
1027 1265 1121 1300 priore
1183 1265 1283 1292 venisse
1302 1264 1485 1297 existimatur,
1504 1270 1531 1291 et
1546 1264 1716 1292 immiscuisse
1737 1272 1822 1290 zonae
1845 1264 1923 1296 suae,
1943 1273 1994 1299 qua
2016 1265 2168 1299 praecincta
2189 1266 2248 1293 eius

53 1300 165 1328 mitione
178 1302 315 1336 nolueris‘,
333 1308 361 1330 et
379 1302 415 1329 iis
427 1303 538 1330 tacitum
552 1303 590 1329 Os
601 1308 678 1328 tuum
692 1300 820 1336 praebere
834 1301 976 1334 malueris,
996 1301 1121 1338 quamuis
1183 1301 1269 1329 statua
1284 1300 1321 1327 est
1339 1300 1369 1328 in
1386 1300 1452 1328 aede
1469 1300 1565 1336 Sangi,
1578 1300 1626 1337 qui
1639 1300 1705 1327 Dius
1720 1299 1812 1327 Fidius
1825 1304 1951 1327 vocatur:
1978 1308 2011 1326 ex
2027 1309 2078 1335 qua
2092 1302 2164 1328 Zona
2178 1302 2250 1336 peri-

44 1342 82 1364 ,εε
97 1343 124 1364 te
137 1343 164 1364 et
176 1344 302 1373 patronos
316 1344 377 1366 tuos
391 1339 547 1373 ingeniosos
561 1339 611 1366 esse
627 1333 722 1368 dicito.
757 1338 800 1367 Sic
818 1336 848 1363 de
864 1338 964 1375 repulsa
977 1337 1121 1370 candidati,
1134 1345 1167 1370 3ο
1185 1337 1306 1365 ditantes
1320 1342 1441 1364 ramenta
1460 1338 1579 1364 sumunt.
1613 1337 1650 1364 Ea
1668 1336 1763 1364 vocari
1776 1336 1814 1363 ait
1826 1335 1957 1368 Proebia,
1976 1337 2050 1371 quod
2070 1337 2139 1364 mala
2158 1337 2251 1372 prohi-

54 1373 93 1400 Os
108 1375 236 1408 praebere
251 1374 284 1402 ad
297 1375 492 1402 contumeliam
506 1375 568 1401 Liu.
583 1367 612 1408 4,
626 1382 652 1407 35
666 1380 733 1400 extr.
807 1373 864 1401 Cic.
879 1375 933 1401 Att.
951 1384 972 1407 1,
987 1383 1009 1408 ις
1032 1375 1123 1409 Qiam
1183 1373 1273 1402 beant.
1310 1373 1446 1409 Comparat
1467 1373 1554 1400 deinde
1573 1372 1686 1409 Scaliger
1705 1373 1792 1399 anulos
1809 1372 1846 1408 ph
1858 1372 1926 1406 ficos
1944 1372 2103 1400 Graecorum.
2140 1373 2252 1401 coniicit

53 1408 152 1472 dignus
165 1411 214 1446 qui
228 1411 365 1444 Palicano,
381 1410 448 1439 sicut
460 1410 542 1443 facit,
561 1412 599 1439 Os
616 1411 648 1437 ad
662 1410 733 1436 male
753 1409 919 1438 audiendum
935 1410 1036 1438 cotidie
1049 1419 1123 1446 prae-
1184 1419 1278 1447 quoque
1295 1409 1423 1447 legendum
1437 1408 1554 1437 Proebra
1566 1415 1596 1436 vt
1606 1408 1637 1436 ab
1655 1407 1806 1436 inhibendo
1822 1410 1843 1443 ς]
1869 1408 1975 1436 Inebra.

54 1444 74 1473 b
108 1451 127 1473 ε.
199 1446 298 1474 Pabula
319 1448 426 1475 Lueret.
440 1456 468 1480 2,
481 1454 540 1481 597.
550 1457 564 1463 f
595 1446 707 1473 Pectora
721 1445 849 1482 praebent
864 1447 937 1473 ferro
951 1447 1014 1474 Stat.
1026 1446 1124 1474 Theb.
1220 1453 1235 1473 1>
1245 1452 1265 1472 R
1276 1452 1348 1473 ΑΕΒ
1359 1452 1398 1472 1A
1408 1465 1416 1479 ,
1436 1454 1474 1472 ae.
1496 1445 1516 1472 s.
1551 1444 1730 1482 φυλακτήριον,
1744 1443 1931 1477 ἰειιιᾱεοιίιιιιι,
1945 1443 2252 1479 οιιιοίἰιιιεηειιιιι,ᾱιιιιι-

53 1489 83 1516 9,
96 1484 160 1518 674.
229 1484 388 1520 Perfugium
401 1489 428 1511 et
445 1484 572 1512 solatium
585 1482 701 1510 aduersis
719 1482 799 1510 rebus
815 1483 943 1518 praebent
957 1482 1043 1510 studia
1061 1483 1120 1510 Cic.
1185 1481 1286 1515 letum,
1299 1481 1410 1517 praebia
1429 1482 1512 1508 GlosI'.
1533 1482 1598 1514 cyr.

74 1526 107 1546 ro
117 1518 199 1546 Areh.
214 1522 253 1547 16.
324 1520 490 1555 Pigneranda
510 1527 611 1555 poenae
629 1518 765 1554 praebere.
777 1518 850 1546 bona
870 1519 931 1546 Liu.
946 1528 991 1553 29,
1009 1521 1041 1552 36
1054 1525 1121 1546 extr.
1139 1525 1168 1553 35
1222 1526 1238 1546 ι»
1248 1525 1325 1545 RAE
1335 1525 1350 1545 ιι
1360 1516 1372 1544 f
1383 1524 1399 1545 Β
1409 1525 1427 1545 0
1437 1538 1446 1551 ,
1463 1520 1517 1545 ere.
1555 1516 1632 1545 Offer
1651 1515 1765 1552 parasito
1778 1525 1855 1549 mco,
1869 1515 1963 1550 simul,
1978 1516 2052 1553 quod
2065 1517 2092 1544 ei
2110 1516 2253 1553 praebibe-

71 1563 152 1586 uuen.
166 1555 218 1584 Sat.
233 1558 260 1589 6,
274 1561 317 1589 383
356 1558 541 1592 Frontemque
561 1563 725 1590 manumque
762 1555 903 1582 Praebebit
921 1557 979 1582 vati
997 1555 1125 1583 crebrum
1186 1555 1254 1588 rim,
1267 1560 1439 1582 commoneto
1455 1553 1535 1589 Apul.
1551 1562 1579 1581 ιο
1594 1563 1619 1589 p.
1634 1554 1708 1587 246.‘
1737 1554 1827 1582 Vtitur
1841 1559 1865 1580 et
1878 1552 2001 1581 Scribon.
2015 1561 2062 1586 135.

53 1590 202 1626 poppysma
214 1593 331 1628 roganti.
354 1592 415 1622 Vid.
433 1598 609 1620 POPPYSMA.
680 1591 741 1623 Cic.
757 1591 812 1618 Att.
824 1600 848 1625 3,
862 1601 871 1618 1
892 1592 975 1627 Qiod
987 1591 1125 1618 antecess'e-
1224 1598 1239 1617 P
1251 1597 1327 1618 RAE
1337 1597 1353 1617 Β
1364 1589 1376 1617 s
1387 1597 1409 1617 T
1420 1597 1439 1617 ο
1448 1610 1458 1624 ,
1484 1592 1539 1617 ere.
1576 1590 1714 1625 [ἀναιρεῖν]
1752 1590 1802 1617 Pro
1831 1590 1970 1621 Perimere,
2003 1590 2136 1626 vfizrpauic
2168 1589 2254 1617 Plaut.

55 1633 98 1654 rat
112 1628 224 1660 Statius,
245 1636 275 1656 vt
297 1629 444 1656 Prandium
463 1628 544 1655 nobis
559 1626 707 1662 praeberet.
727 1628 760 1654 al.
776 1628 897 1655 Videt-et.
990 1629 1080 1662 Quam
1099 1628 1127 1654 se
1187 1626 1280 1655 Pseud.
1295 1636 1318 1660 3,
1331 1635 1353 1660 ι,
1367 1635 1396 1653 ιο
1427 1626 1616 1654 Interminatus
1637 1625 1674 1652 est
1690 1634 1704 1652 a
1717 1625 1835 1653 minimo
1854 1625 1886 1652 ad
1901 1626 2064 1657 maximum,
2078 1626 2096 1652 si
2117 1624 2178 1660 quis
2198 1634 2255 1652 non

58 1663 237 1726 praebuerant
253 1665 330 1692 ferro
352 1665 485 1700 patienter
502 1670 530 1692 et
550 1663 608 1699 igni
626 1663 656 1690 de
669 1665 772 1699 capillis
789 1664 872 1692 Ouid.
888 1664 985 1691 Amor.
997 1673 1016 1698 1,
1031 1673 1073 1698 14,
1086 1672 1126 1697 25.
1186 1663 1270 1690 hodie
1290 1672 1388 1689 munus
1406 1662 1513 1689 misisset
1528 1662 1576 1689 fibi
1586 1681 1595 1695 ,
1616 1670 1678 1688 eum
1699 1670 1755 1688 cras
1775 1661 1895 1688 cruciatu
1916 1662 2034 1688 maximo
2049 1662 2074 1687 se
2093 1661 2255 1695 praebitere.

81 1699 192 1727 raebere
203 1700 234 1727 Se
248 1699 283 1735 esi
295 1702 325 1729 Se
337 1700 471 1735 asieridere.
529 1700 589 1728 Cic.
604 1698 684 1727 Aead.
700 1708 720 1732 1,
733 1707 770 1733 24
782 1708 804 1726 e.
819 1702 836 1726 6
875 1701 916 1727 De
927 1706 1021 1727 natura
1037 1703 1170 1729 autem40
1186 1700 1292 1726 Plautus
1302 1706 1352 1735 prp
1365 1700 1525 1730 Praeterire,
1538 1701 1566 1723 in
1580 1698 1660 1723 Poen.
1676 1704 1697 1730 5,
1711 1705 1733 1728 3,
1747 1705 1786 1730 44
1827 1695 1902 1730 Οὲιίᾰ
1920 1696 1939 1723 si
1954 1705 2044 1723 eamus
2058 1696 2113 1722 illis
2126 1696 2257 1724 obuiam}

55 1734 96 1762 ita
114 1735 254 1770 dicebant,
276 1743 307 1764 νε
326 1745 385 1764 eam
400 1736 554 1764 diuiderent
566 1736 595 1762 in
607 1743 650 1763 res
665 1734 745 1768 duas,
763 1742 794 1761 vt
811 1735 897 1762 altera
916 1737 978 1762 ess‘et
996 1734 1126 1767 efficiens,
1188 1742 1214 1761 P.
1227 1741 1254 1761 at
1268 1743 1301 1761 ne
1315 1735 1388 1761 inter
1399 1734 1457 1759 vias
1470 1732 1652 1767 praebitamus
1666 1738 1768 1758 metuo.
1796 1732 1844 1759 Seri
1857 1733 1935 1758 Gron.
1952 1732 2186 1759 Praeterbitamns.

55 1770 141 1799 altera
152 1778 242 1799 autem
257 1773 330 1808 quasi
349 1773 415 1801 huic
441 1774 473 1800 Se
491 1771 640 1807 praebens,
663 1779 711 1803 ea,
727 1779 806 1805 xquae
831 1770 984 1797 efficeretur
1008 1770 1124 1803 aliquid.
1224 1775 1324 1795 PRAE
1335 1774 1408 1794 BLA
1419 1773 1499 1793 Νῦν
1510 1775 1538 1798 s,
1559 1775 1592 1799 a,
1613 1775 1667 1792 um.
1695 1767 1757 1793 Adi.
1801 1766 1887 1793 Strab.
1902 1767 1974 1793 Gall.
1989 1768 2071 1795 Hert.
2084 1768 2168 1803 praef.
2197 1767 2258 1797 Te·

54 1807 115 1834 Cic.
129 1808 205 1840 Fam.
214 1817 243 1841 2,
259 1817 269 1835 1
301 1809 348 1835 Sin
366 1817 410 1835 me
422 1808 451 1834 id
465 1808 553 1835 facere
567 1807 658 1838 noles,
677 1812 704 1832 te
718 1806 789 1832 mihi
807 1814 925 1840 aequum
938 1805 1068 1840 praebere
1080 1805 1125 1831 de·-
1188 1812 1310 1839 nuesque
1325 1803 1402 1830 fouet
1413 1801 1577 1838 praeblanda
1592 1801 1704 1829 viciffim
1742 1802 1818 1828 Luna
1832 1811 1930 1829 comas.

53 1842 143 1870 bebis.
214 1844 291 1870 Idem
305 1845 390 1871 Tusc.
411 1852 438 1876 2,
457 1845 490 1876 65
529 1844 619 1877 Atque
637 1842 666 1868 in
687 1841 783 1876 primis
801 1841 966 1868 meditemur
987 1841 1073 1873 illud,
1094 1846 1125 1867 vt
1223 1845 1269 1866 PR
1281 1846 1386 1867 AECA
1400 1845 1416 1864 L
1427 1838 1499 1865 iDv
1511 1844 1524 1864 S
1535 1858 1545 1872 ,
1565 1847 1596 1871 a,
1616 1847 1672 1865 um.
1692 1837 1754 1866 Adi.
1790 1839 1885 1866 Tacit.
1901 1839 1970 1865 Ann.
1986 1847 2021 1871 13,
2036 1840 2074 1872 16,
2088 1847 2101 1872 3
2128 1839 2258 1868 Praecali-

53 1878 121 1906 haec
139 1879 270 1914 patientia
288 1878 430 1910 dolorum,
449 1887 531 1913 quam
550 1879 626 1912 saepe
645 1877 701 1903 iam
714 1877 865 1905 intentione
880 1877 940 1904 dixi
952 1878 1002 1904 esse
1014 1877 1165 1909 firman-45
1185 1875 1218 1903 da
1226 1876 1314 1911 potio.
1352 1874 1477 1902 Prudent.
1487 1881 1580 1902 contra
1588 1874 1739 1907 Symmach.
1749 1882 1841 1908 2,320.
1858 1881 1882 1902 et
1896 1875 1924 1901 in
1932 1875 2078 1908 Symmach.
2087 1876 2171 1910 praef.
2181 1884 2255 1912 1,47.

53 1913 133 1948 dam,
153 1915 182 1941 in
196 1916 274 1942 omni
286 1923 390 1949 >genere
404 1916 435 1941 Se
454 1913 624 1950 aequabilem
643 1912 777 1948 praebeat.
849 1913 881 1940 Se
902 1919 1035 1941 attentum
1048 1913 1125 1940 audi-
1226 1918 1243 1938 P
1254 1918 1274 1939 R
1286 1918 1306 1938 Λ
1317 1918 1334 1938 E
1345 1917 1363 1938 C
1374 1919 1394 1938 A
1405 1918 1421 1938 L
1430 1918 1446 1937 E
1459 1917 1476 1938 F
1488 1916 1562 1938 ACT
1574 1917 1594 1938 V
1606 1918 1636 1943 s,
1654 1920 1687 1945 a,
1705 1920 1761 1939 um.
1792 1910 1854 1938 Adi.
1893 1912 1967 1938 Cael.
1982 1911 2075 1939 Aurei.
2090 1912 2166 1939 Acut.
2183 1921 2202 1944 1,
2216 1921 2255 1948 17.

0 1957 4 1979 ξ
53 1955 143 1978 torem
154 1951 213 1986 Cic.
229 1951 263 1978 de
277 1951 342 1979 Nat.
357 1952 440 1979 Deor.
455 1959 478 1983 3,
493 1959 513 1978 ι.
585 1950 618 1977 Se
632 1949 772 1976 auctorem
791 1949 874 1976 alicui
888 1950 930 1976 rei
942 1950 1037 1977 Tacit.
1052 1949 1123 1976 Hist.
1185 1947 1270 1975 Scrib.
1285 1948 1363 1982 Larg.
1378 1947 1504 1982 Compos.
1519 1949 1561 1980 15⁶
1575 1953 1599 1974 et
1611 1953 1663 1979 238.
1700 1947 1784 1976 Mare.
1797 1948 1873 1982 Emp.
1888 1957 1910 1974 e.
1923 1954 1964 1981 25.
2001 1948 2212 1982 Fraccalfaems,
2225 1958 2257 1977 a:

53 1994 79 2020 3,
93 1995 130 2014 12.
148 1990 169 2014 i.
191 1989 296 2014 Ducem.
370 1987 428 2014 Cic.
440 1987 495 2013 Att.
511 1993 547 2020 ις,
560 1989 590 2013 ι6
616 1986 667 2024 ἵζει
682 1985 767 2013 verba
780 1985 840 2012 dari
854 1986 924 2012 mihi
941 1985 1021 2012 facile
1034 1986 1125 2019 patior
1185 1982 1220 2017 est
1233 1984 1300 2019 opud
1313 1982 1437 2009 Scribon.
1803 2002 1809 2008 .

47 2023 86 2050 -in
99 2022 167 2054 hoe,
186 2031 284 2057 meque
298 2022 415 2050 libenter
434 2021 552 2057 praebeo
565 2021 713 2048 credulum.
786 2021 818 2046 Se
837 2021 950 2054 dignum
967 2021 1019 2047 suis
1039 2020 1125 2046 maio·
1222 2025 1238 2044 P
1247 2025 1323 2045 RAE
1333 2025 1379 2045 CA
1388 2024 1404 2043 L
1415 2024 1435 2044 V
1445 2024 1467 2044 V
1476 2024 1506 2049 S,
1527 2025 1557 2050 a,
1577 2026 1633 2044 um.
1653 2015 1716 2044 Adi.
1754 2016 1965 2054 [προφοίλοικρος]
2001 2018 2092 2046 Calum-
2105 2021 2132 2045 in
2145 2022 2256 2048 anterio·

55 2056 134 2085 ribus
148 2057 208 2085 Cic.
220 2059 294 2084 Fam.
306 2066 333 2091 2,
347 2062 381 2088 ιε.
452 2057 485 2083 Se
506 2056 622 2083 docilem
642 2056 719 2082 Idem
732 2056 818 2082 Tusc.
832 2064 855 2088 2,
878 2064 903 2088 ις
916 2065 937 2082 c.
950 2058 976 2082 6.
1048 2055 1125 2082 Idem
1138 2058 1170 2085 50
1186 2063 1213 2081 re
1238 2057 1332 2090 capitis
1351 2060 1438 2091 parte.
1494 2053 1565 2081 Suet.
1583 2052 1617 2080 de
1636 2053 1722 2081 Galba
1742 2062 1764 2080 c.
1785 2062 1814 2081 21
1854 2054 1960 2082 Statura
1980 2054 2036 2083 fuit
2055 2054 2141 2088 iusta,
2167 2056 2255 2092 capite

56 2095 113 2121 Att.
129 2102 170 2127 14,
184 2102 209 2126 13
234 2093 317 2128 Qiod
335 2093 362 2120 Si
381 2091 523 2120 duriorem
536 2097 563 2118 te
576 2092 689 2119 miserae
702 2096 728 2118 et
741 2091 855 2118 afflictae
867 2091 994 2119 fortunae
1005 2091 1127 2126 praebes,
1185 2090 1337 2126 praecaluo.

54 2137 114 2156 non
134 2129 294 2156 contendum
312 2138 364 2164 ego
383 2128 509 2156 aduersus
530 2134 566 2156 ta.
634 2128 668 2154 Se
689 2127 769 2154 dietis
788 2127 934 2163 praebere,
954 2130 973 2154 i.
991 2129 1127 2154 Attentum
1223 2133 1240 2153 P
1250 2133 1300 2153 RA
1310 2131 1327 2152 Ε
1337 2122 1458 2158 ΕᾸΝΟ,
1480 2125 1533 2152 ere.
1569 2123 1692 2152 Tertull.
1705 2124 1765 2152 adu.
1780 2126 1864 2154 Marc.
1877 2134 1907 2160 4,
1920 2134 1965 2160 40.
1987 2131 2012 2154 et
2029 2126 2091 2155 adu.
2104 2126 2165 2155 Iud.
2179 2137 2201 2155 c.
2215 2136 2254 2156 10.

54 2164 102 2199 esth
119 2168 238 2202 iis,q2cae
251 2165 374 2192 dicuntur
392 2165 500 2192 Lueret.
514 2173 538 2198 2,
552 2166 593 2192 6ς.
663 2165 695 2190 In
709 2172 742 2190 eo
756 2164 912 2198 magistratu
933 2163 991 2198 pari
1003 2163 1126 2198 Diligen-
1225 2168 1243 2189 P
1253 2170 1272 2190 R
1281 2169 1303 2189 A
1313 2169 1330 2189 Ε
1339 2168 1387 2199 CA
1397 2169 1418 2189 N
1433 2168 1455 2188 T
1468 2168 1487 2188 O
1496 2182 1505 2194 ,
1526 2164 1581 2189 are.
1618 2160 1705 2188 Lucil.
1722 2162 1789 2198 apud
1803 2163 1877 2191 Non.
1892 2171 1916 2195 2,
1929 2164 1989 2189 260.

54 2202 95 2228 tia
109 2201 141 2228 Se
152 2201 280 2236 praebuit
292 2201 364 2236 Nep.
378 2209 418 2234 23,
433 2208 459 2236 7,
474 2209 496 2235 ς.
569 2200 601 2226 Se
613 2199 731 2226 nimium
748 2199 918 2226 exorabilem
931 2200 988 2232 Cic.
1003 2201 1039 2234 Q
1053 2200 1125 2227 Frat.
1227 2204 1243 2224 r
1255 2205 1305 2226 RA
1314 2204 1331 2225 E
1341 2204 1357 2225 c
1366 2205 1419 2226 AN
1428 2205 1481 2225 TA
1492 2203 1514 2225 Τ
1526 2203 1548 2224 ν
1557 2204 1570 2225 s
1583 2216 1593 2230 ‚
1621 2205 1638 2224 a
1651 2216 1660 2229 ‚
1692 2205 1749 2227 um.
1791 2199 1862 2227 Part.
1897 2198 2062 2227 Praecantati
2091 2199 2179 2235 lapilli
2206 2200 2254 2228 Pe-

53 2245 77 2268 ἰ,
93 2245 119 2264 2.
191 2238 224 2265 Se
238 2237 347 2264 facilem
360 2235 489 2272 praebere
501 2235 598 2263 dicitur
610 2245 652 2263 res
664 2235 756 2271 aliqua
770 2236 839 2267 Plin.
854 2245 889 2269 ι3,
904 2246 932 2270 4.
996 2237 1054 2263 Cic.
1070 2238 1126 2262 Att.
1142 2242 1171 2269 55
1186 2239 1258 2262 tron.
1281 2244 1304 2261 c.
1321 2242 1375 2267 134.

54 2281 97 2307 14,
111 2281 135 2305 13
158 2272 216 2308 Ego
230 2278 320 2300 autem
335 2273 457 2300 Antonio
469 2272 631 2299 facillimum
645 2278 689 2298 me
702 2271 826 2306 praebui.
883 2272 915 2298 Se
929 2271 1038 2298 facilem
1051 2281 1127 2307 prae·
1224 2277 1241 2296 P
1253 2277 1271 2297 R
1282 2277 1328 2297 ΑΕ
1339 2276 1357 2297 C
1368 2276 1390 2297 A
1399 2276 1422 2296 N
1432 2275 1455 2296 Τ
1467 2269 1521 2296 AT
1531 2275 1551 2296 O
1561 2274 1580 2296 R
1591 2288 1600 2301 ‚
1620 2268 1685 2297 ὃιίε.
1706 2277 1742 2296 m.
1779 2269 1832 2304 Qui
1846 2268 1905 2306 sitis
1923 2272 2119 2298 incantamentis
2137 2271 2205 2299 mala
2221 2271 2254 2301 ab

51 2308 120 2337 bere
131 2308 174 2335 sm
200 2308 361 2336 hominibus
387 2308 547 2342 audiendis,
564 2306 793 2344 admittendisque
824 2307 882 2335 Cic.
901 2309 940 2343 Q
951 2309 1036 2335 Fratr.
1058 2317 1080 2341 1,
1102 2317 1124 2335 1.
1183 2306 1327 2335 haminibus
1339 2303 1517 2341 amoliripoſjk
1531 2305 1653 2332 creditur.
1681 2305 1741 2333 Vici.
1758 2306 1978 2343 Gronowolafiru.
1987 2313 2016 2343 p·
2029 2317 2073 2342 94·

53 2345 87 2373 Se
101 2345 243 2372 hominem
263 2345 402 2372 strenuum
426 2345 496 2373 Ter.
509 2344 624 2372 Phorm-
635 2353 657 2376 3,
671 2353 692 2377 ι,
706 2353 743 2371 ι2.
837 2344 868 2370 Se
882 2351 988 2379 gratum
1007 2344 1041 2371 de
1053 2344 1123 2371 bene
1222 2350 1265 2369 PR
1275 2350 1298 2370 A
1307 2349 1324 2369 Ε
1333 2348 1411 2369 CAN
1421 2347 1442 2367 T
1451 2348 1474 2368 Α
1486 2347 1508 2368 Τ
1519 2348 1528 2367 1
1539 2348 1575 2375 0,
1592 2342 1661 2368 finis.
1680 2341 1700 2368 f.
1725 2340 1884 2377 [προιπῳὸἡ]
1911 2353 1927 2368 α
1939 2342 2144 2370 Praecantando.
2163 2343 2253 2377 Qiin-

43 2382 160 2423 queritis
180 2382 238 2408 Cic.
252 2390 302 2416 pro
314 2381 400 2409 Plane.
415 2389 456 2414 91.
524 2380 601 2407 Idem
615 2377 668 2407 Off.
683 2390 704 2413 1,
720 2389 764 2414 114
793 2381 877 2408 Suum
896 2380 1013 2416 quisquo
1031 2381 1123 2407 noscat
1185 2377 1242 2405 elil.
1257 2378 1331 2405 Decl-
1346 2387 1378 2411 14
1406 2377 1480 2405 Diris
1495 2377 1590 2412 vtique
1610 2377 1790 2408 carminibus,
1812 2385 1839 2405 et
1858 2378 1986 2406 feralium
2006 2380 2253 2414 praecantationum

39 2417 195 2452 >eugenium
208 2438 218 2451 ,
242 2422 387 2453 acremque
407 2417 439 2444 Se
458 2422 484 2443 et
505 2415 644 2452 bqnorum
664 2422 691 2443 et
715 2416 851 2444 vitiorum
872 2418 985 2444 suorum
1003 2413 1165 2444 iudicem60
1184 2420 1291 2443 terrore
1311 2414 1477 2450 permistum.
1549 2413 1644 2443 Herba
1663 2414 1927 2449 praecantationibus
1950 2415 2080 2451 legitimis
2103 2416 2256 2446 consecrata

38 2473 44 2480 .
72 2453 189 2487 raebeat.
261 2454 294 2480 Se
307 2453 467 2481 lenislimum
480 2453 576 2480 Caesar
588 2453 680 2488 Oppio
688 2453 742 2480 Att.
757 2461 784 2489 9,
799 2458 822 2483 8.
895 2453 926 2480 Se
940 2452 1048 2488 legibus
1061 2453 1123 2480 Sen.
1184 2451 1269 2478 Solin.
1291 2460 1313 2478 c.
1329 2450 1362 2478 de
1376 2450 1477 2478 Africa.

0 2499 2 2506 >
15 2494 21 2502 ‘
56 2489 135 2534 :yist-
148 2497 184 2524 70
196 2498 221 2524 p.
236 2497 292 2523 255.
363 2490 395 2517 Se
413 2489 551 2516 ministros
565 2490 694 2524 praebent
714 2488 870 2516 oratoribus
890 2489 980 2517 infimi
997 2489 1122 2517 homines
1221 2495 1237 2515 Ρ
1248 2495 1267 2515 R
1277 2494 1299 2514 A
1307 2494 1324 2514 E
1333 2493 1350 2514 c
1359 2494 1381 2514 A
1389 2494 1412 2513 N
1421 2494 1442 2514 T
1453 2494 1475 2513 A
1484 2493 1505 2513 T
1514 2491 1535 2512 R
1544 2492 1554 2511 1
1565 2493 1584 2513 x
1592 2505 1602 2519 ,
1620 2484 1646 2522 s
1667 2492 1682 2513 Ρ
1690 2492 1710 2512 R
1721 2493 1743 2513 A
1754 2492 1770 2512 Ε
1780 2491 1798 2513 C
1808 2493 1861 2513 AN
1871 2492 1894 2514 Τ
1902 2492 1923 2513 R
1931 2493 1942 2512 1
1950 2494 1970 2514 x
1979 2506 1988 2518 ,
2004 2486 2062 2514 icis.
2082 2487 2104 2514 f.
2132 2487 2253 2522 [προειῳ-

48 2526 125 2562 ‚apud
141 2526 258 2553 Graecos
278 2525 431 2554 mercedula
449 2524 559 2552 addu&i
581 2525 639 2551 Cic.
654 2525 687 2551 de
699 2525 775 2551 Orat.
791 2533 810 2557 1,
826 2530 879 2558 198.
971 2525 1123 2552 Semiseri-
1184 2521 1242 2557 δός]
1280 2524 1370 2551 Varro
1381 2522 1414 2550 de
1429 2522 1536 2550 Liberis
1552 2521 1712 2556 educandis,
1735 2524 1770 2549 Vt
1782 2522 1884 2550 faciunt
1897 2522 2051 2558 pleraeque,
2064 2530 2093 2551 vt
2106 2523 2254 2553 adhibeam

52 2559 164 2590 &ot-dem
177 2562 208 2589 in
220 2571 265 2595 re,
280 2562 310 2589 in
324 2562 481 2589 testimonio
495 2561 656 2595 religiosum
669 2560 798 2596 praebere
812 2560 887 2587 Idem
901 2569 951 2596 pro
960 2561 1068 2588 Caecin.
1078 2563 1121 2588 26.
1183 2559 1395 2593 praecantrices,
1408 2567 1457 2586 nec
1475 2557 1583 2585 medico
1597 2557 1741 2585 ostendunt
1761 2559 1836 2586 Non.
1846 2577 1848 2580 .
1857 2565 1881 2592 8,
1894 2567 1938 2592 92.
1993 2559 2077 2588 Plaut.
2089 2560 2117 2586 in
2131 2560 2214 2587 Milit.
2229 2569 2252 2593 3,

0 2603 5 2621 ¹.
53 2597 87 2626 Se
99 2598 269 2626 moderatum
281 2598 312 2626 in
324 2598 416 2634 aliqua
429 2606 458 2624 re
475 2597 538 2624 Cic(
549 2598 629 2624 Verr.
643 2604 668 2630 5,
682 2604 727 2632 27.
801 2597 833 2623 Se
844 2596 1039 2632 obsequentem
1059 2597 1119 2624 Sen.
1135 2601 1167 2634 65
1186 2603 1207 2627 1,
1222 2603 1257 2628 99
1283 2595 1477 2627 Praecantrici‚
1491 2594 1655 2627 colleRriei,
1669 2595 1788 2628 ariolae,
1805 2601 1885 2631 atque
1898 2595 2062 2630 haruspieae.
2080 2598 2114 2623 al.
2128 2605 2251 2631 praecan-

0 2634 5 2655 ὓ
30 2652 32 2655 ν
53 2634 202 2669 Ηίρρομίῖ
217 2643 269 2667 132.
341 2635 374 2662 Se
393 2633 539 2670 patientem
558 2638 585 2660 et
603 2633 752 2668 impigrum
777 2632 836 2660 Cic.
849 2634 928 2660 Verr.
944 2640 966 2666 ς,
979 2643 1017 2665 27.
1089 2633 1122 2659 Se
1184 2631 1285 2658 tatrici.
1323 2631 1464 2668 Nempefic
1477 2631 1588 2663 dicitur,
1599 2640 1662 2668 quae
1675 2631 1837 2659 cantionibus
1850 2634 1950 2666 utitur,
1962 2632 1992 2658 id
2008 2630 2041 2666 qs?
2060 2633 2213 2659 carminibus
2226 2639 2251 2659 ec

0 2661 5 2708 ζ
52 2669 215 2706 placabilem
228 2670 312 2697 alicui
327 2671 403 2698 Idem
416 2671 470 2698 Att.
487 2679 529 2703 14,
544 2678 579 2702 ι3.
635 2671 668 2696 Et
682 2670 763 2696 Verr.
775 2677 797 2700 2,
810 2678 843 2703 70
878 2669 963 2704 Atqui
984 2678 1018 2696 eo
1039 2669 1123 2696 etiam
1182 2669 1397 2700 incantamentis,
1410 2667 1498 2704 quibus
1504 2668 1644 2704 plurimum
1656 2666 1828 2704 superstitiost
1840 2674 1934 2695 veteres
1945 2668 2095 2695 tribuebant.
2119 2668 2229 2695 Turneb.

0 2736 7 2741 ff
54 2706 156 2741 magis,
174 2705 248 2740 quod
264 2706 313 2732 iste
326 2715 438 2742 quoquo
449 2706 531 2733 modo
546 2706 579 2733 Sc
596 2705 626 2732 in
639 2705 795 2741 quaestione
810 2705 970 2740 praebebat,
986 2711 1077 2733 tamen
1091 2705 1122 2732 in
1218 2710 1234 2730 P
1245 2710 1294 2731 RA
1304 2711 1321 2731 E
1333 2710 1351 2730 C
1362 2704 1413 2730 ᾸΝ
1423 2710 1485 2738 VS,
1502 2712 1533 2736 a,
1553 2712 1608 2730 um.
1635 2703 1696 2731 Adi.
1734 2703 1900 2739 [προπολιδς]
1936 2705 1989 2739 Qi
2002 2710 2060 2730 ante
2072 2713 2152 2730 annos
2170 2703 2260 2738 iustos)

0 2749 7 2778 ,ἢ
54 2741 171 2770 consilio
184 2741 299 2768 habebat
315 2741 440 2770 homines
454 2742 580 2769 honestos
595 2750 609 2768 e
628 2747 765 2769 conuentu
777 2741 949 2774 Syracusano.
1020 2742 1052 2769 Se
1067 2742 1122 2777 spe·
1181 2749 1261 2767 canus
1279 2738 1323 2774 effe
1342 2743 1445 2777 incipu.
1482 2741 1552 2767 Hor.
1567 2739 1648 2776 Epist.
1663 2748 1683 2772 1,
1697 2749 1739 2775 20,
1752 2749 1788 2774 24
1814 2739 1944 2776 Corporis
1960 2739 2065 2775 exigui,
2079 2749 2250 2775 praecanum,

0 2789 6 2793 ·
55 2779 173 2806 &atores
192 2778 294 2805 otiosos
308 2777 423 2805 alicuius
441 2777 598 2805 calamitatis
618 2778 676 2805 Cic.
689 2777 744 2805 Off.
758 2787 782 2810 2,
795 2779 836 2805 26.
906 2777 983 2805 Idem
996 2778 1051 2806 Att.
1064 2783 1089 2811 8,
1103 2785 1164 2814 470
1183 2776 1287 2803 solibus
1307 2784 1409 2811 aptum.

54 2814 206 2850 Superbum
225 2815 252 2841 se
267 2813 392 2849 praebuit
411 2814 453 2840 irr⁴
461 2813 587 2846 fortuna,
604 2822 686 2848 quam
699 2813 805 2848 putauit
817 2810 934 2841 nostram
948 2814 1017 2841 fore.
1089 2815 1121 2842 Se
1223 2815 1484 2846 PRAECARVS,
1505 2821 1533 2845 a,
1553 2821 1609 2839 um.
1640 2812 1704 2839 Adi.
1743 2813 1845 2845 Nimis,
1857 2811 1912 2848 fine
1931 2812 2034 2839 multum
2053 2821 2138 2839 carus.
2173 2811 2246 2840 Ter.

0 2867 3 2875 ι
55 2856 181 2887 vegetum
193 2858 336 2886 acremque
353 2850 386 2877 ad
405 2849 512 2885 aliquid
529 2849 661 2884 agendum
674 2849 803 2884 praebere
823 2849 880 2877 Cic.
893 2850 926 2877 de
940 2850 1036 2878 Diuin.
1049 2859 1069 2883 1,
1083 2854 1120 2878 61.
1182 2847 1292 2878 Phorm.
1306 2857 1330 2882 3,
1343 2858 1366 2883 3,
1379 2857 1410 2883 25
1434 2850 1572 2883 Quintum
1586 2857 1653 2882 opus
1667 2848 1704 2874 est
1717 2848 1768 2874 tibi
1784 2849 1902 2884 argenti?
1921 2847 2059 2883 eloquere.
2075 2855 2099 2875 Ρ.
2114 2848 2185 2876 solae
2198 2849 2247 2876 tri-

0 2887 7 2910 ’ἃ
55 2887 131 2916 Idem
145 2887 218 2914 Fam.
234 2894 258 2920 5,
274 2892 300 2918 ιε
329 2887 381 2914 Pro
399 2893 493 2913 amore
512 2885 604 2913 nostro
619 2894 688 2921 rogo
709 2891 788 2921 atque
807 2894 876 2919 oro,
894 2892 920 2913 te
933 2886 1059 2922 colligas,
1078 2888 1120 2914 vi·
1181 2886 1256 2919 ginta
1276 2886 1375 2913 minae.
1398 2892 1429 2912 G.
1443 2885 1573 2919 triginta?
1598 2884 1662 2916 hui,
1676 2893 1800 2918 praecara
1819 2884 1865 2912 est.
1889 2892 1915 2912 P.
1931 2884 2010 2912 istaec
2029 2893 2096 2914 vero
2115 2885 2180 2912 vilis
2200 2884 2246 2911 est.

6 2923 8 2928 '
54 2924 172 2959 tumque
189 2923 324 2958 praebeas.
416 2922 476 2950 Pari
489 2922 520 2949 Se
539 2922 643 2949 virtute
661 2922 750 2956 postea
770 2922 892 2957 praebuit
913 2923 983 2958 Nep.
997 2932 1035 2957 14,
1048 2932 1064 2950 2
1072 2930 1118 2959 pr.
1181 2921 1308 2957 ‚Qzaedam
1327 2923 1479 2957 exemplaria
1493 2921 1602 2947 Percara
1616 2921 1712 2956 legunt.
1900 2941 1901 2947 ,

0 2966 3 2985 ῑ
51 2959 124 2994 ‘llud
137 2960 162 2986 se
174 2959 300 2987 interdum
313 2961 460 2991 omittitur,
476 2964 508 2985 vt
520 2958 587 2985 Pli'n.
602 2958 682 2993 Epist.
693 2966 721 2992 9,
735 2966 773 2992 33,
785 2960 802 2985 6
823 2959 953 2994 Taugunt
967 2959 1048 2986 etiam
1062 2968 1119 2994 per·
1131 2967 1164 2994 73
1218 2965 1234 2983 P
1243 2963 1263 2983 R
1272 2963 1295 2984 A
1307 2963 1323 2983 Ε
1335 2963 1352 2984 c
1363 2955 1386 2984 Ᾱ
1395 2963 1441 2983 VE
1451 2963 1470 2983 o
1479 2975 1487 2988 ,
1508 2956 1584 2987 caui,
1602 2962 1725 2989 cautum,
1743 2959 1797 2983 ere.
1833 2955 2087 2993 [πραφυλείττομαι]
2121 2956 2190 2982 Ante
2202 2963 2245 2982 ca.

0 3004 5 3031 g
54 2996 224 3030 (teclamque
244 2995 416 3031 praebentem
431 2995 594 3031 Delphinum.
630 2996 715 3021 Etiam
731 2997 760 3020 in
779 2995 895 3023 Venereis
915 2995 998 3022 Ouid.
1017 2995 1075 3021 Art.
1095 3003 1118 3028 2,
1179 3001 1246 3020 vere.
1283 2992 1355 3020 Ter.
1363 2992 1446 3020 Andr.
1475 3012 1483 3025 ,
1498 3000 1521 3026 5,
1537 2998 1562 3022 18
1582 2992 1707 3027 Namque
1720 2992 1802 3019 hoece
1816 2997 1920 3028 tempus
1935 3000 2090 3027 praecauere
2103 2991 2173 3018 mihi
2189 3000 2244 3026 me,

0 3034 2 3042 '
57 3034 106 3066 586
126 3032 198 3065 Odi,
212 3041 280 3067 quae
293 3031 419 3067 praebet,
433 3032 499 3066 quia
511 3030 543 3058 sit
555 3030 684 3066 praebere
695 3031 802 3058 neeesse.
871 3031 1001 3058 Somnum
1014 3030 1118 3057 silentia
1131 3035 1133 3038 ⁴
1179 3027 1252 3055 haud
1265 3033 1291 3056 te
1305 3028 1398 3056 vlcisci
1412 3000 1481 3056 finft.
1553 3029 1714 3056 Praeeauere
1732 3028 1766 3055 ab
1779 3027 1881 3056 insidiis
1899 3029 1961 3056 Liu.
1974 3037 2001 3061 9,
2016 3036 2049 3059 17·
2120 3027 2178 3054 Cic.
2193 3037 2243 3062 pro

53 3067 184 3103 praebent
198 3068 279 3096 Ouid.
293 3067 359 3095 Fast.
373 3075 396 3102 5,
409 3076 470 3100 429.
541 3067 666 3094 Sonitum
679 3066 741 3093 Liu.
755 3074 782 3102 7,
795 3068 824 3099 36
831 3073 877 3104 pr.
951 3067 1020 3093 Plin.
1034 3075 1077 3100 24,
1092 3075 1117 3100 15
1178 3065 1255 3092 Rosc.
1270 3065 1362 3092 Amer.
1376 3067 1416 3092 116
1441 3064 1526 3099 Atqui
1546 3073 1576 3092 ea
1590 3064 1651 3091 sunt
1663 3064 1900 3092 animaduertenda
1918 3069 2021 3099 peccata
2034 3062 2159 3095 maxime,
2172 3073 2242 3099 quae

87 3104 185 3132 ascitur
198 3105 228 3132 in
241 3104 366 3141 petrosis,
381 3103 537 3131 orbiculato
553 3104 651 3130 florum
665 3102 785 3136 ambitu,
804 3103 921 3139 Speciem
936 3103 1000 3130 leffi
1018 3103 1116 3137 pedum
1178 3100 1341 3129 difficillime
1357 3106 1557 3136 praecauenttu:
1630 3099 1704 3127 Idem
1720 3101 1775 3128 Att.
1790 3110 1810 3132 2,
1824 3110 1834 3128 ι
1875 3099 1955 3133 Q1od
1970 3108 1984 3126 a
1998 3108 2041 3125 me
2061 3099 2099 3125 ita
2119 3108 2243 3134 praecau-

95 3168 102 3173 ,
119 3140 193 3168 bena.
265 3141 385 3176 Speciem
397 3139 541 3167 exstinctae
559 3139 664 3166 animae
684 3139 753 3166 Plin.
767 3147 812 3172 20,
824 3149 851 3174 9.
922 3140 1043 3175 Speciem
1064 3146 1115 3167 ter·
1128 3145 1161 3172 80
1179 3144 1236 3164 tum
1255 3144 1336 3173 atque
1355 3138 1394 3166 ita
1406 3138 1547 3173 prouisum
1564 3136 1617 3170 est,
1636 3146 1690 3164 non
1705 3145 1733 3164 νε
1756 3146 1806 3171 ego
1824 3136 1857 3163 de
1870 3136 1973 3170 optima
1993 3135 2040 3161 illa
2059 3143 2118 3161 mea
2133 3136 2239 3162 tatione

59 3175 129 3202 roffi
140 3177 201 3205 Liu.
214 3185 260 3211 24,
273 3186 315 3210 30.
388 3176 509 3212 Speciem
527 3176 669 3211 triumpho
688 3175 763 3202 Idem
774 3184 817 3210 34,
830 3183 861 3210 52
874 3182 940 3205 extr.
1013 3175 1117 3211 Specta-
1178 3174 1345 3202 decederem.
1419 3174 1523 3201 Asturia
1538 3173 1705 3209 intelligendi
1718 3172 1749 3198 ad
1765 3171 1974 3207 praecauendum
1983 3170 2081 3205 quibus
2095 3170 2177 3204 abest,
2189 3171 2241 3200 fibi

61 3209 150 3238 culum
161 3213 259 3240 laetum
281 3213 343 3240 Liu.
356 3221 398 3246 30,
413 3221 438 3240 12
448 3220 494 3248 pr.
566 3212 644 3248 Spem
664 3211 740 3239 Idem
759 3220 805 3246 24,
820 3222 852 3246 24
865 3219 910 3249 pr.
984 3212 1116 3247 Spiritum
1179 3210 1283 3239 iniecto
1295 3216 1401 3238 terrore
1415 3210 1527 3244 mortis,
1539 3209 1696 3237 horrescunt
1711 3209 1766 3236 Cic.
1782 3207 1814 3234 de
1822 3208 1880 3234 Fin.
1895 3216 1918 3240 ς,
1934 3215 1969 3239 3ι.
1991 3210 2028 3234 Ex
2041 3207 2167 3234 Pacuuio.

60 3245 170 3274 vitalem
182 3254 209 3276 et
218 3249 359 3277 salutarem
372 3249 481 3285 praebet
494 3248 674 3276 animantibus
688 3250 735 3276 a'e‘r
747 3253 908 3283 temperatus
931 3248 987 3276 Cic.
1001 3247 1034 3275 de
1048 3249 1114 3276 Nat.
1214 3254 1256 3274 PR
1265 3254 1287 3274 A
1296 3253 1313 3273 E
1322 3253 1340 3274 C
1349 3246 1372 3274 A
1382 3254 1402 3273 V
1412 3253 1428 3273 E
1439 3254 1483 3274 Ns
1493 3266 1500 3279 ,
1522 3246 1599 3274 entis.
1633 3245 1726 3273 Partic.
1765 3243 1981 3283 [neomenia-my]
2020 3243 2075 3269 Cic.
2087 3251 2137 3277 pro
2152 3242 2239 3270 Plane.

57 3281 142 3308 ‘Deor-
155 3291 181 3316 2,
193 3291 243 3318 117.
313 3284 391 3312 Idem
411 3287 450 3320 Q
460 3285 531 3313 Frat.
552 3294 578 3316 2,
592 3293 606 3319 5
643 3284 687 3312 Ad
707 3291 770 3311 vm
790 3285 850 3312 Idus
865 3285 965 3320 Aprilis
979 3284 1116 3320 Sponsalia
1178 3291 1206 3317 53
1220 3292 1243 3310 e.
1256 3292 1290 3310 22
1308 3283 1365 3317 Qi
1385 3288 1411 3310 te
1432 3284 1568 3310 incautum
1583 3282 1688 3310 fortasse
1700 3289 1770 3307 nune
1789 3285 1836 3306 tuo
1848 3279 1910 3306 loco
1928 3279 2069 3306 dimouere
2083 3284 2240 3314 potuerunt,

61 3316 205 3352 Crssffipedi
221 3320 340 3354 praebui.
366 3324 386 3348 i.
410 3321 538 3349 Celebraui
568 3324 709 3349 conuiuium
731 3321 926 3357 sponsaliorum.
1009 3321 1115 3348 Sumtus
1130 3327 1159 3357 83
1178 3319 1369 3355 prouidentem
1382 3326 1443 3347 ante
1462 3325 1488 3347 et
1503 3323 1702 3355 praecauentem
1716 3325 1852 3352 nunquam
1866 3321 1936 3342 certe
1950 3315 2110 3355 monebunt:

56 3353 207 3416 {racbetur
224 3355 296 3385 mibi
313 3366 346 3384 ex
364 3366 393 3384 re
412 3357 487 3383 auita
507 3358 577 3385 Hor.
590 3358 674 3385 Serm.
694 3366 715 3390 1,
728 3360 754 3389 6,
767 3362 808 3388 80.
879 3357 1024 3393 Suspendia
1042 3366 1117 3392 prae·
1214 3362 1230 3382 P
1239 3363 1259 3383 R
1268 3363 1291 3384 A
1301 3363 1317 3383 E
1327 3362 1345 3383 C
1356 3363 1379 3384 A
1388 3363 1410 3383 v
1421 3362 1443 3383 Τ
1455 3363 1476 3384 ν
1485 3363 1497 3384 s
1506 3376 1514 3390 ,
1535 3364 1548 3382 a
1558 3375 1566 3388 ,
1593 3363 1648 3381 um.
1685 3353 1779 3380 Partie.
1817 3351 2040 3387 [προφυλαχθειὲ]
2077 3351 2136 3377 Cle.
2156 3350 2237 3378 Verr.

82 3395 122 3416 uit
141 3390 189 3418 illa
206 3390 287 3419 arbor
299 3393 398 3421 misero
417 3391 489 3419 collo
513 3394 595 3421 Ouid.
609 3395 701 3422 Amor.
722 3402 742 3427 1,
756 3402 790 3424 12,
804 3400 842 3428 ¹7.
932 3393 1117 3429 Suspicionem
1176 3401 1206 3426 4,
1219 3400 1255 3425 90
1269 3401 1291 3419 c.
1304 3401 1341 3427 42
1366 3394 1547 3420 Veruntamen
1563 3391 1601 3418 ita
1615 3398 1655 3416 res
1671 3388 1741 3415 mihi
1755 3394 1811 3416 tota
1824 3388 1931 3422 prouisa
1944 3394 2023 3422 atque
2038 3392 2177 3422 praecauta
2190 3387 2238 3421 est,

22 3449 37 3454 e
59 3428 155 3458 Tacit.
168 3425 236 3453 Hist.
250 3435 270 3459 ι,
282 3432 322 3459 28.
367 3433 373 3439 ⁸
387 3429 531 3463 Tempora
542 3431 637 3458 mollia
648 3430 830 3466 praebuerunt
843 3429 914 3457 mihi
928 3430 1012 3457 Ouid.
1025 3430 1115 3457 Trist.
1176 3428 1217 3455 vti
1232 3428 1250 3455 si
1267 3429 1384 3456 maxime
1397 3430 1459 3456 essct
1477 3429 1617 3458 inuentus,
1632 3426 1695 3461 qui,
1709 3431 1754 3452 etc.
1828 3424 1943 3451 Discessu
1965 3430 2107 3464 praecauto
2119 3423 2238 3463 ‘quenc-

59 3474 90 3500 4‚
104 3470 128 3499 8,
142 3471 178 3497 3²·
238 3462 333 3498 Terga
350 3464 445 3492 Tsscit-
457 3465 526 3491 Ann-
547 3473 588 3499 14,
603 3474 643 3502 37.
708 3467 863 3494 Terrorem
883 3467 943 3493 Liu.
957 3475 979 3499 3,
993 3471 1016 3497 8.
1043 3466 1114 3493 Add.
1177 3473 1198 3498 1,
1211 3473 1270 3498 259.
1342 3466 1486 3493 Praecauto
1505 3471 1571 3498 opus
1590 3461 1627 3488 est
1654 3462 1735 3489 Plaut.
1748 3461 1831 3488 Merc.
1850 3469 1875 3493 2,
1889 3468 1917 3494 2,
1931 3461 1972 3487 62.
2043 3460 2143 3487 Peritta
2161 3468 2237 3495 prae·

57 3502 100 3530 Id.
114 3502 159 3533 26,
173 3505 195 3532 5·
265 3499 323 3526 Cic.
336 3500 414 3528 Verr.
428 3510 447 3533 1,
461 3505 490 3530 82
521 3501 614 3533 Quum
630 3503 659 3530 in
673 3503 780 3538 oppidis
801 3508 827 3529 et
840 3502 997 3530 ciuitatibus
1015 3502 1115 3529 amico·
1125 3507 1162 3533 90
1176 3507 1252 3528 cauta
1266 3500 1434 3529 medicorum
1449 3502 1475 3528 P.
1490 3498 1739 3533 Chrysolog.Serm.
1754 3499 1796 3530 136
1805 3503 1849 3532 pr.

0 3552 9 3563 ιι
55 3546 120 3566 tum
133 3544 188 3564 non
200 3535 316 3569 legatum
328 3536 425 3572 Populi
437 3537 516 3564 Rom.
529 3535 576 3563 sed
586 3538 748 3571 Tyrannum
762 3539 952 3572 libidinosum,
966 3538 1114 3566 crudelem·
1211 3544 1255 3564 PR
1264 3545 1286 3565 A
1295 3545 1312 3565 E
1321 3544 1395 3566 CAV
1406 3545 1428 3564 'r
1437 3543 1456 3564 o
1465 3543 1483 3562 R
1494 3556 1503 3568 ‚
1523 3535 1589 3562 oris.
1627 3543 1663 3562 m.
1699 3534 1712 3567 [
1720 3530 1913 3569 προφυλακτὴς]
1950 3530 2034 3558 Plaut.
2056 3530 2146 3558 Pseud.
2164 3540 2191 3564 2,
2209 3539 2236 3563 2,

59 3582 112 3608 que
125 3571 289 3609 praebueris.
304 3574 324 3599 i.
343 3570 449 3606 (ἕψει-ῖς
461 3579 559 3607 testum
570 3578 688 3609 emiquam
699 3577 813 3613 legatus,
826 3575 875 3612 sed
881 3577 968 3611 potius
988 3581 1019 3602 vt
1030 3575 1115 3610 fhlent
1176 3581 1205 3600 12
1227 3573 1299 3602 Nam
1314 3583 1365 3609 ego
1378 3577 1550 3609 praecautor,
1573 3576 1599 3598 et
1611 3576 1738 3606 patronus
1750 3568 1857 3597 foribus
1869 3566 1977 3604 procesli
1991 3567 2074 3595 foras.
2088 3566 2138 3604 sed
2148 3568 2236 3595 melius

51 3611 86 3651 sq
93 3618 180 3647 gerere
191 3610 297 3649 tyranni
309 3607 445 3641 lihidimfi.
501 3608 578 3635 Idem
591 3609 664 3637 Fam.
677 3617 704 3647 7,
713 3613 742 3638 16
763 3611 866 3638 Deinde
882 3610 953 3647 quod
970 3611 998 3637 in
1012 3611 1115 3638 Britan·
1172 3610 1221 3647 leg.
1242 3617 1374 3644 precator.
1851 3610 1853 3612 ’

6 3630 12 3666 *¹
58 3654 105 3672 ¹¹¹³
117 3654 172 3673 ¹¹0ss
191 3652 281 3672 ¹1¹¹¹¹1¹S
300 3643 447 3679 Φῑλθθὲωξῡϊ
464 3648 492 3671 te
508 3644 663 3679 praebuisti,
729 3648 812 3675 Ouid.
826 3649 891 3675 Met.
908 3656 939 3678 11,
954 3654 996 3680 515
1032 3647 1114 3674 Rima
1211 3652 1227 3672 Ρ
1238 3652 1258 3673 R
1269 3654 1291 3675 A
1301 3654 1344 3674 Ec
1354 3650 1435 3672 AVT
1446 3651 1455 3670 1
1466 3649 1502 3675 O,
1521 3643 1591 3671 onis.
1618 3642 1639 3669 f.
1675 3640 1799 3669 Paffionis
1818 3638 1976 3668 auertendae
1991 3638 2145 3674 praecautio
2159 3637 2233 3668 Cael.

29 3700 31 3703 -
78 3686 146 3714 atet,
166 3681 328 3716 praebetque
342 3679 424 3706 Viam
436 3679 560 3706 letalibus
572 3680 659 3707 vndis.
711 3683 807 3710 Vicem
818 3684 885 3711 Plin.
899 3685 937 3716 16,
951 3685 991 3715 36.
1047 3684 1112 3711 Vim
1123 3689 1157 3717 95
1174 3681 1265 3710 Aurel.
1282 3684 1359 3710 Acut.
1375 3689 1395 3713 1,
1411 3687 1437 3713 15
1457 3689 1483 3706 n.
1497 3688 1539 3711 ¹3¹-
1891 3711 1898 3716 ·
2113 3711 2118 3715 1

75 3717 135 3744 dem
148 3726 182 3750 13,
196 3726 234 3744 12.
305 3716 385 3744 Vires
398 3715 485 3742 fluuio
497 3714 581 3743 hiems
595 3715 737 3751 praebebat
749 3719 850 3748 Lucan.
867 3729 888 3754 1,
901 3727 958 3755 217.
1025 3720 1112 3747 Vsum
1210 3725 1226 3745 Ρ
1236 3726 1255 3746 R
1265 3726 1312 3746 ΑΕ
1322 3724 1339 3744 C
1352 3724 1403 3743 AT
1412 3723 1429 3743 Ε
1438 3721 1528 3743 CH1Z
1538 3722 1559 3742 A
1569 3719 1591 3739 Τ
1602 3719 1625 3741 v
1634 3720 1648 3741 s
1661 3734 1670 3747 ,
1695 3722 1726 3750 a,
1752 3721 1808 3740 um.
1847 3710 1909 3738 Adi.
1950 3709 2195 3739 Praecatechizatun
2215 3717 2230 3736 a

15 3734 19 3815 Ι
56 3753 125 3783 Plin·
144 3761 234 3786 ¹3‚22·
762 3764 773 3776 ⁸
978 3765 980 3769 ’
1172 3754 1312 3791 prophetis
1333 3754 1392 3780 Vet.
1406 3753 1519 3786 interpr.
1538 3752 1608 3777 Iren.
1622 3759 1649 3783 4.

95 3795 112 3815 P
120 3795 195 3815 RAE
203 3795 274 3816 BEN
283 3795 297 3816 s
305 3807 314 3820 ,
333 3786 411 3814 entis.
441 3786 536 3815 Partic.
578 3788 630 3821 Vt,
647 3788 778 3817 Praebens
798 3791 908 3820 Phoebo
932 3797 1006 3826 terga
1028 3791 1111 3818 Ouid.
1214 3797 1230 3817 r
1239 3798 1258 3819 R
1267 3798 1287 3818 A
1297 3797 1314 3818 r
1325 3796 1342 3817 c
1351 3791 1370 3815 E*
1377 3794 1396 3814 D
1406 3794 1426 3815 o
1434 3808 1443 3820 ,
1475 3787 1500 3814 [Η
1508 3807 1517 3820 ,
1545 3787 1610 3813 ιΓιιιιι
1621 3790 1633 3818 ,’
1655 3787 1710 3813 ere.
1757 3782 1874 3819 [προέγω
1882 3803 1890 3815 ,
1909 3784 2027 3819 προβαίγω
2035 3803 2043 3815 ,
2057 3777 2227 3820 προέρχομαι]

2 3819 19 3855 'i
49 3825 127 3852 Met.
139 3832 167 3857 4:
179 3830 236 3861 7¹5·v
269 3823 338 3852 ΛΜ·
353 3823 421 3851 ibid·
436 3832 475 3856 12,
491 3831 543 3850 101·
598 3824 692 3852 Iustin-
714 3833 736 3858 1,
754 3833 784 3860 4,
797 3835 827 3854 ιο
864 3827 975 3856 Femina
995 3827 1112 3863 paruulo
1173 3827 1335 3853 Antecedere.
1381 3824 1449 3851 Plin.
1466 3832 1500 3856 ιι,
1514 3831 1543 3858 37
1579 3821 1664 3849 Nulla
1681 3820 1854 3857 praecedente
1872 3820 1983 3846 iniuria.
2056 3821 2230 3845 Praeteritum.

58 3860 144 3889 Vbera
157 3859 293 3894 praebens,
324 3859 385 3889 Vid.
399 3861 478 3896 plura
489 3859 580 3896 supra.
1118 3863 1251 3892 100Varr.
1265 3862 1298 3888 de
1311 3860 1389 3895 Ling.
1405 3860 1461 3886 Lat.
1476 3868 1499 3893 ς,
1517 3867 1530 3892 5
1554 3859 1589 3885 Vt
1603 3859 1675 3885 enim
1695 3856 1762 3884 ceffit
1775 3864 1855 3890 atque
1873 3855 1987 3886 recellit,
2008 3854 2041 3881 sic
2055 3850 2178 3880 successit,
2200 3854 2228 3876 et

96 3893 346 3929 PRAEBi'rvs,
372 3905 404 3931 a,
430 3905 485 3923 um.
524 3894 620 3922 Partie.
656 3892 842 3934 [ἓκποριδὲῖς]
884 3898 1017 3927 Columel.
1051 3907 1073 3932 1,
1098 3904 1113 3929 8
1173 3898 1292 3934 decessit,
1309 3903 1335 3924 et
1353 3895 1490 3928 concessit,
1510 3900 1535 3921 et
1549 3894 1690 3930 praecellit.
1760 3893 1863 3927 Agmen
1885 3891 2039 3927 praecedere
2063 3887 2136 3920 Visg·
2159 3886 2225 3911 Aefl-

58 3930 208 3966 Tantoque
219 3930 348 3959 curiosior
361 3932 502 3968 inquisitio
515 3931 714 3968 patrisfamilias
727 3931 806 3960 debet
823 3935 871 3962 else
885 3945 934 3971 pro
948 3935 996 3962 tali
1015 3943 1112 3969 genere
1173 3943 1200 3969 9,
1214 3940 1252 3966 48-
1324 3933 1374 3959 Per
1391 3932 1598 3963 translationem,
1628 3940 1655 3956 ro
1669 3929 1825 3956 f’raecellere.
1879 3928 1961 3955 Plaut.
1978 3926 2046 3953 Afin.
2065 3930 2086 3954 3,
2099 3930 2120 3953 32
2134 3929 2164 3953 39
2188 3921 2225 3947 Vt

54 3968 268 3999 seruorumrne
280 3972 326 3993 aut
338 3967 368 3994 ln
380 3969 530 4001 vestiariiS,
551 3973 595 3996 aut
610 3967 638 3993 in
651 3968 761 3994 caeteris
777 3970 902 4003 praebitis
918 3971 1049 3999 iniuriose
1061 3977 1112 3998 tra·
1172 3970 1274 3997 vestrae
1288 3968 1412 3995 fortunae
1426 3967 1493 3993 meis
1509 3975 1600 4002 praece
1621 3972 1667 3992 unt
1681 3965 1775 3991 Litane
1789 3964 1879 4000 longe,
1894 3971 1941 3990 etc.
2011 3957 2169 3985 Praecedese
2181 3963 2226 3995 ³¹}-

57 4002 173 4030 &entim
245 4002 418 4030 Frumentum
431 4010 458 4032 et
473 4005 525 4032 alia
538 4003 639 4031 affatim
653 4003 774 4037 praebita
787 4004 888 4032 Sallust.
901 4007 1021 4042 Iugurth.
1037 4016 1058 4033 e.
1069 4014 1110 4041 54.
1172 4006 1314 4037 dimicate,
1328 4005 1436 4038 sapore,
1451 4003 1597 4035 suauitate,
1611 4007 1636 4028 et
1651 4000 1781 4028 similibus
1794 4000 1860 4028 Plin.
1876 4008 1920 4033 29,
1936 4006 1954 4024 ι.
2006 3993 2080 4020 Idem
2094 4001 2122 4024 4,
2137 3994 2153 4018 6
2176 3992 2225 4017 Vt-

18 4060 19 4092 ς
56 4039 196 4077 ΡΙἭΓΕΡΠΙ
209 4046 265 4103 ¹:7⁰3
272 4037 398 4105 Il-'faelfifi
410 4040 586 4078 scriptoribus
598 4039 708 4068 facult&
720 4039 828 4070 videtur
840 4041 950 4074 Huc-B.
958 4044 991 4072 G.
1001 4049 1015 4077 8
1026 4043 1162 4083 Praef.105
1172 4051 1236 4070 num
1249 4041 1322 4070 aliud
1335 4040 1448 4105 ὃῦῐῗῑίιιι
1461 4039 1635 4076 germanitate
1650 4037 1794 4073 Praecedit.
1865 4030 1994 4065 Columel.
2009 4038 2032 4064 3,
2044 4037 2061 4057 2
2087 4028 2225 4094 ’ξὲῐέῑῦὺῖῗὲ
