2517 4231
2334 0 2345 3 ..
2384 0 2517 42 ww,

260 203 333 245 599
665 185 702 223 Ο
782 182 813 223 Ρ
892 181 922 222 Ρ
1781 176 1819 217 Ο
1909 176 1938 218 Ρ
2019 176 2049 218 Ρ
2220 216 2221 219 ,
2373 180 2480 239 600.

263 283 383 314 paratum
399 274 540 303 autem'est
555 272 597 308 id,
617 273 690 310 quod
709 272 741 300 :ib
754 272 842 306 aliqua
858 280 888 297 re
906 277 954 304 per
969 267 1164 304 oppositionem
1179 267 1328 302 negationis
1388 266 1478 295 Valer.
1494 267 1592 302 Argon.
1607 277 1628 300 3,
1642 276 1679 299 2⁴·
1784 265 1954 293 Mentioneni
1969 266 2086 302 aliquam
2102 266 2255 302 opprimere
2287 266 2349 293 Liu.
2363 272 2400 300 38,
2414 276 2455 300 50.

264 316 398 349 separatur
416 312 467 339 hoc
479 311 579 345 niodo,
599 311 694 346 Sapere
708 317 733 336 et
747 318 802 335 non
815 308 911 341 sapere.
1083 336 1097 347 ,l
1390 303 1449 330 Nec
1468 303 1608 339 plerosque
1627 304 1768 337 opinantes
1789 302 1978 338 oppressimus,
1997 303 2044 338 qui
2063 302 2140 330 occili
2158 303 2280 337 captique
2301 304 2361 329 sunt
2399 303 2455 332 Cic.

304 356 323 377 0
338 356 354 376 P
367 356 383 376 P
397 354 417 375 0
428 355 446 375 R
459 354 481 375 'r
493 348 544 374 VN
559 354 579 373 v
590 353 620 379 s,
647 356 659 373 a
669 367 677 379 ,
702 355 757 372 um.
794 343 855 369 Adi.
894 338 1059 375 [ἐπιτῆὅεωὴ
1070 348 1204 380 levamque,
1230 344 1328 373 tempe·
1391 339 1464 366 Fam.
1478 347 1514 373 13,
1527 350 1552 372 4.
1626 340 1700 367 Idem
1716 338 1748 365 de
1761 338 1863 365 Sene&
1876 348 1908 372 49
1926 348 1947 366 c.
1963 347 1990 371 ¹4
2023 340 2138 373 Qioties
2159 339 2236 365 illum
2251 339 2296 365 lux
2315 338 2396 365 11οᾶ11
2411 339 2458 366 ali.

265 386 347 413 stiuus
361 385 440 412 Gloss:
454 385 509 411 Lat.
522 384 591 419 Gr.]
627 384 703 419 Qod
712 388 758 416 pro
769 378 889 411 desiderio
902 375 980 411 nostro
993 376 1101 400 accidit:
1121 374 1152 400 ab
1168 373 1212 401 Ob
1228 381 1251 399 et
1261 375 1329 414 *Por-
1394 373 1459 407 quid
1473 375 1621 402 describere
1637 375 1790 411 ingressum,
1809 374 1915 409 quoties
1927 374 1992 402 Nox
2007 376 2138 410 oppressit,
2153 384 2236 410 quum
2251 383 2327 401 mane
2340 375 2459 410 cepisset?

266 429 324 456 tiis,
344 423 410 457 quod
421 420 599 455 nauigantibus
614 418 718 444 maxime
732 415 823 446 miles,
843 413 972 451 aptatique
984 410 1051 444 fint.
1122 410 1205 437 Plaiit.
1221 410 1295 445 Epid.
1309 420 1331 443 3,
1354 413 1368 440 ς
1394 410 1563 438 Occasionem
1578 412 1742 447 opprimere,
1764 411 1931 446 Suppiimere,
1951 417 2042 446 tacere,
2063 413 2144 437 celare
2172 412 2255 438 Plaut.
2270 410 2338 437 Asin.
2353 419 2375 444 2,
2388 420 2410 443 2,
2425 420 2458 442 ις.

266 469 288 494 3,
302 468 330 491 44
353 456 432 484 Nihil
447 456 553 484 homini
565 454 651 481 amico
664 452 699 478 est
713 454 868 484 opportuno
882 448 1002 488 amicius.
1032 447 1063 487 st.
1074 456 1094 474 e.
1113 447 1168 482 Qi
1180 446 1207 471 in
1221 453 1331 486 *tcmpore
1395 445 1634 485 Onere'oppriiiii,
1653 449 1708 474 vid.
1729 454 1748 474 O
1761 454 1781 474 Ν
1797 454 1816 472 v
1830 454 1853 473 S.
1929 446 1986 474 Cic.
2000 454 2050 482 pro
2064 447 2139 474 Rosc.
2154 449 2243 476 Aiiier.
2257 455 2287 473 10
2320 446 2367 479 Id,
2388 447 2460 481 quod
2475 463 2477 466 .

259 495 398 532 succurrit.
495 492 561 518 plin,
576 493 612 522 ,6,
625 497 662 521 40
690 485 827 519 Qiaedam
842 485 914 524 enim
927 492 956 509 in
970 491 1056 516 mari,
1077 481 1205 518 quaedam
1219 491 1247 508 in
1261 489 1332 509 terra
1394 481 1504 521 suscepi,
1525 484 1611 516 quoad
1626 491 1731 518 potero,
1756 483 1905 519 perferam:
1946 481 2000 509 uod
2014 483 2032 510 fi
2045 483 2165 517 perferre
2178 493 2232 510 no„
2246 487 2351 518 potero,
2372 483 2461 517 Oppri-

266 529 341 558 vitiis
356 528 560 565 opportuniora.
631 525 664 549 Et
684 528 748 562 i8‚·7
769 521 835 548 Non
848 520 900 547 alia
915 519 947 545 de
963 519 1037 546 causa
1050 519 1248 554 opportuniora
1262 527 1333 552 11101.
1394 525 1433 544 1111
1446 526 1488 543 ine
1502 517 1592 545 Oiiere
1608 519 1691 547 officii
1705 520 1776 547 malo
1786 540 1794 552 ,
1818 528 1897 555 quam
1912 492 1950 553 id,
1970 518 2043 555 quod
2060 519 2130 545 mihi
2144 529 2204 546 cum
2219 520 2270 546 fide
2284 518 2362 545 semel
2376 519 2461 553 impo.

266 566 308 594 bis
322 574 437 600 corpora
449 563 572 591 existunt.
643 559 763 586 Iniuriae
779 563 946 592 opportunus
976 555 1037 582 Sall.
1052 556 1110 590 Iug.
1123 564 1166 590 20,
1181 564 1202 582 2.
1242 555 1332 581 Plures
1396 553 1472 579 situm
1486 553 1535 593 est,
1551 559 1595 580 aut
1608 561 1718 590 propter
1730 555 1870 591 perfidiam
1883 554 2018 588 abiicere,
2039 560 2084 581 aut
2098 563 2207 590 propter
2220 555 2303 582 animi
2318 554 2462 581 infirmita·
2492 560 2496 562 '

267 604 304 629 ibi
316 604 405 628 laudat
420 603 487 628 Cort.
560 596 736 629 Opportunus
751 593 799 624 ad,
820 593 976 624 Commodus,
1000 593 1110 618 idoneus.
1183 591 1253 618 Ter.
1267 591 1334 617 Eun.
1351 598 1381 617 io
1395 595 1450 615 tem
1465 588 1609 623 deponere.
1699 592 1756 619 Cic,
1769 592 1801 618 de
1814 591 1903 619 finib,
1920 600 1941 624 2,
1955 600 1985 623 30
2014 591 2089 624 Qffie
2102 592 2155 617 iam
2170 592 2266 618 Oratio
2281 600 2336 617 „011
2350 599 2364 616 a
2378 590 2463 625 philo,

267 647 292 672 ς,
305 647 331 673 9,
345 646 379 670 47
414 635 451 663 Ad
466 632 558 660 omnia
579 631 645 658 haec
659 630 743 664 magis
757 634 943 664 opportunus,
962 636 1011 654 nec
1025 627 1109 662 tnagis
1122 636 1153 654 ex
1166 627 1213 654 vsu
1228 634 1276 654 tuo
1289 635 1335 661 ne·¹
1397 625 1482 660 sopho
1495 624 1599 659 aliquo,
1618 624 1661 651 sed
1673 634 1686 652 a
1702 627 1817 655 Censore
1831 625 2007 663 opprimenda
2019 627 2063 653 eli.
2138 627 2204 654 Pede
2217 627 2372 662 opprimere
2397 626 2464 653 Cato

268 684 314 702 mo
326 673 370 701 est.
443 669 482 697 Ad
496 668 597 694 veratri
610 667 750 702 potionem
764 664 948 700 opportunior
967 662 1088 691 Scribon.
1103 672 1145 697 99.
1165 664 1241 699 vulgo
1254 662 1335 698 magis
1397 671 1418 688 c.
1434 663 1474 694 46·
1550 661 1663 689 Penuria
1679 662 1764 695 vietus
1778 664 1908 699 opprimit
1921 673 1982 690 eum
2012 663 2081 692 Hor.
2095 663 2177 690 Serm.
2195 673 2213 696 1,
2225 672 2245 696 i,
2259 669 2298 696 93,
2370 663 2464 689 Poten-

266 710 404 745 Aisposttus,
478 705 653 739 Opportunus
668 703 705 729 ita
717 702 764 735 est,
783 701 802 729 fi
815 701 887 728 forte
900 706 926 727 et
939 699 1052 726 idoneus
1065 700 1118 725 Aer
1143 699 1222 726 Lucr.
1236 708 1259 733 5,
1273 700 1336 725 606.
1397 698 1462 724 tiam
1476 697 1588 724 alicuius
1603 697 1760 731 extinguere
1773 705 1798 725 et
1809 700 1964 735 opprimere
1990 699 2047 726 Cic.
2062 708 2112 733 pro
2126 699 2199 725 Rosc.
2213 700 2303 725 Amer.
2317 699 2354 731 36.
2426 696 2465 726 Id.

267 748 344 773 Aetas
356 740 575 778 opportuniffima
602 740 658 767 Cic.
671 739 743 765 Fam.
757 747 781 772 7,
794 747 817 771 7.
906 735 980 777 Idem
994 737 1073 776 Verr.
1087 734 1146 776 ᾼᾶὶ.
1160 744 1179 768 1,
1193 744 1214 768 ¹3
1241 735 1336 762 Classes
1398 732 1470 774 Fam.
1484 745 1514 768 4,
1528 743 1539 766 3
1571 733 1734 768 Qicunque
1753 734 1841 767 postea
1853 736 1947 771 Remp.
1961 735 2118 770 oppressisset
2132 735 2223 767 armis,
2243 735 2329 761 multo
2341 734 2467 761 intolera-

267 781 384 816 optiniae
401 784 479 812 atque
500 775 752 811 opportuniffimae,
771 783 832 801 cum
850 781 945 807 magna
963 780 1114 806 ignominia
1136 772 1200 807 Pop.
1220 771 1335 798 Roman.
1354 777 1379 803 15
1398 769 1527 797 biliorem
1542 770 1674 798 futurum,
1746 769 1835 796 Ruina
1848 772 1966 806 opprimi
1990 771 2088 799 Cic.de
2102 771 2274 805 Diiiin.2,2o.
2349 771 2465 798 Terent.

267 816 369 844 amissae
382 820 407 840 et
424 812 551 848 perditae.
625 810 739 838 Latebra
764 810 848 838 Ouid.
862 810 928 836 Met.
940 817 964 842 3,
979 817 1032 840 442.
1105 807 1192 835 Locus
1206 813 1336 842 opportu-
1398 807 1467 834 Eun.
1483 816 1505 839 3,
1519 815 1542 839 ς,
1555 816 1581 840 53
1615 806 1720 832 Interea
1733 805 1846 832 Somnus
1859 807 1996 842 virginem
2008 807 2149 843 opprimit.
2241 807 2333 834 Terra
2347 806 2467 842 opprimi

267 860 315 879 nus
330 856 356 878 et
368 856 472 884 tempus
485 848 615 875 idoneum
627 848 659 874 ad
671 856 729 874 eam
742 855 817 880 rem,
837 846 869 873 de
890 854 942 880 qua
959 849 1085 871 narratur
1112 844 1170 872 Cic.
1184 844 1216 871 de
1230 845 1336 870 [nuent.
1399 842 1456 871 Cic.
1470 842 1503 869 de
1517 843 1610 869 Diuin.
1626 851 1650 874 2,
1663 851 1696 872 51.
1770 841 1950 876 opprimere,
1966 844 2132 877 Praeuenire‚
2149 850 2339 879 praeoccupare.
2394 842 2468 870 Idem

267 897 292 920 i,
305 896 345 920 29·
452 886 524 912 Loco
545 885 742 919 opportuniore
760 883 837 910 nullo
858 882 907 908 esse
924 880 1034 915 potuisti
1064 879 1140 906 Idem
1153 880 1227 907 Fam.
1246 882 1277 912 6,
1296 888 1337 906 20.
1398 879 1473 906 Fam.
1488 888 1522 914 15,
1536 881 1562 905 16
1590 878 1673 911 Puto,
1692 884 1718 904 te
1732 877 1786 903 iam
1800 878 1961 912 suppudere,
1981 888 2064 914 quum
2077 879 2141 906 haec
2161 887 2186 906 te
2200 879 2277 905 tertia
2290 879 2344 906 iarn
2358 877 2480 914 epistola>

266 923 346 950 Locis
360 920 603 957 opportunioribus
616 919 783 947 munitiones
798 920 939 953 imponere
959 916 1020 942 Liu.
1034 917 1074 955 36,
1088 925 1122 947 17.
1196 916 1271 948 Qiae
1286 914 1339 941 tibi
1400 920 1461 941 ante
1476 914 1610 949 oppressit,
1630 922 1710 947 quam
1724 920 1752 940 tu
1768 912 1921 940 schedulam
1934 921 1977 941 aut
1993 915 2107 943 literam.
2181 915 2238 941 Cic.
2255 915 2376 942 Diuinat.
2390 916 2470 942 Verr.

267 959 374 993 cognita
390 958 441 984 Res
456 957 484 984 in
501 957 609 990 multis,
628 965 645 983 o
659 956 748 986 bone,
767 955 847 982 rebus
867 952 942 979 vtilis
962 952 1119 978 inuenietur
1139 956 1165 977 et
1185 956 1338 985 opportuna
1351 957 1386 976 20
1401 960 1431 982 44
1457 950 1604 985 Nunquam
1625 950 1671 976 ille
1687 959 1731 976 mc
1746 949 1882 984 opprimet
1894 950 2021 984 consilio,
2040 961 2177 987 nunquam
2198 951 2254 978 vllo
2273 950 2388 978 artificio
2410 958 2489 985 per-.

267 994 368 1023 cluebit
394 994 500 1020 Lucret.
514 1003 535 1027 3,
546 1002 602 1026 207.
673 992 749 1026 Seges
763 995 917 1026 opportuna
930 988 1023 1023 pecori
1050 987 1128 1023 Virg.
1143 987 1275 1022 Georg.4‚
1288 995 1338 1020 129.
1400 992 1496 1013 vertet.
1589 985 1762 1021 Opprimere,
1778 993 1825 1021 pro
1838 987 2019 1021 deprehendere
2030 987 2057 1012 in
2067 988 2168 1023 flagitio
2197 988 2278 1015 Plaut.
2293 987 2350 1014 Cas.
2363 997 2385 1021 5,
2399 997 2422 1019 4,
2438 990 2480 1019 17.'

267 1032 392 1066 Tempus
405 1029 601 1065 oppam-timum,
622 1029 784 1060 Commodum,
797 1033 917 1061 optatum,
934 1023 1074 1059 proprium.
1128 1023 1185 1050 Cic.
1200 1023 1262 1049 Fam
1279 1031 1303 1055 2,
1313 1028 1338 1052 18
1402 1021 1459 1048 Cic.
1475 1031 1526 1057 pro
1539 1022 1613 1048 Rosc.
1623 1024 1713 1048 Amer.
1728 1031 1762 1048 121
1783 1021 1823 1048 Est
1837 1021 1974 1057 quiddam,
1989 1022 2060 1056 quod
2075 1024 2236 1050 occultatur:
2255 1023 2340 1058 quod,
2354 1031 2408 1058 quo
2421 1016 2489 1049 stus*
2516 1024 2517 1031 ¹

266 1069 340 1101 Qias
355 1066 372 1094 si
386 1067 446 1093 satis
460 1072 615 1101 opportuno
631 1070 751 1098 tempore
763 1060 902 1097 accepisti,
922 1059 1095 1095 gratissimum
1109 1060 1178 1086 mihi
1194 1059 1299 1092 feceris,
1321 1058 1339 1085 fi
1401 1058 1499 1085 diofius
1513 1057 1547 1085 ab
1560 1057 1620 1093 ipsis
1634 1058 1800 1092 opprimitur
1813 1066 1839 1085 et
1854 1057 2035 1090 absconditur,
2056 1067 2088 1084 eo
2103 1060 2186 1093 magis
2200 1059 2300 1086 eminet
2314 1066 2340 1086 et
2354 1063 2485 1094 apparet.'

265 1104 299 1130 ad
310 1112 354 1130 me
368 1103 396 1129 in
411 1102 538 1128 Ciliciam
551 1100 752 1137 quamprimum
763 1098 879 1125 veneris.
971 1095 1097 1130 Tempus
1110 1095 1226 1122 aeiioiiis
1241 1103 1339 1130 oppor-
1401 1095 1575 1129 Opprimere,
1591 1101 1637 1129 pro
1651 1096 1810 1126 extundere,
1829 1095 1988 1129 peruincere:
2026 1094 2044 1120 i.
2068 1095 2192 1120 Violenter
2205 1096 2355 1130 impetrare,
2376 1102 2401 1122 et
2418 1095 2475 1120 vio·,
2491 1108 2496 1121 t

267 1146 364 1167 tunum
389 1138 447 1166 Cic.
461 1137 517 1165 Off.
531 1147 550 1170 i,
564 1146 606 1170 ¹42
625 1146 646 1163 c.
661 1145 703 1168 40.
795 1134 848 1160 Vir
861 1132 974 1159 minime
989 1139 1158 1167 opportunus
1172 1132 1285 1158 nouanti
1298 1139 1340 1158 res
1355 1137 1386 1164 25
1400 1130 1478 1156 lentis
1489 1131 1613 1166 prerIbus.
1711 1129 1794 1156 Plaut.
1809 1130 1867 1156 Mil.
1881 1140 1906 1163 4,
1921 1140 1943 1162 ς,
1956 1140 1984 1157 10
2014 1130 2087 1157 Nam
2100 1129 2118 1156 si
2132 1130 2187 1156 ν110
2201 1131 2283 1158 111οά0
2296 1133 2377 1166 posset
2390 1131 2475 1165 impe·
2488 1123 2492 1135 ⁷

266 1175 328 1204 Liu.
346 1186 372 1210 4,
389 1184 419 1207 ¹3-
493 1174 563 1201 Vrbs
578 1179 738 1207 opportuna,
755 1171 870 1203 munita,
890 1168 1058 1204 propinqua,
1078 1167 1285 1195 fortissimorum
1300 1166 1339 1194 vi·
1400 1166 1484 1200 trari,
1505 1173 1577 1193 nete
1591 1165 1744 1200 abduceret,
1765 1165 1826 1192 dedi
1839 1175 1963 1202 operam:
1985 1175 2082 1193 verum
2095 1166 2227 1201 oppressit.
2334 1165 2474 1202 Opprimi,
2489 1161 2503 1172 ⁹

268 1221 378 1244 rorum,
404 1210 614 1238 fidelissimorum
627 1209 747 1241 ciuium,
767 1213 846 1242 atque
865 1205 1036 1240 optimorum
1064 1204 1122 1232 Cic.
1137 1204 1252 1239 Philipp.
1269 1214 1281 1235 4
1292 1224 1300 1237 ,
1314 1205 1339 1230 6.
1401 1212 1432 1229 ex
1445 1199 1575 1238 improuiso
1588 1204 1657 1228 velut
1673 1203 1831 1237 deprehendi.
1900 1202 1957 1229 Cic.
1968 1205 2021 1228 Att.
2033 1211 2064 1238 12,
2079 1211 2104 1235 32
2130 1201 2199 1230 Illud
2214 1208 2312 1236 autem,
2327 1203 2398 1237 quod
2413 1203 2499 1231 fores*

267 1247 377 1275 Vtilitas
391 1253 543 1282 opportuna
569 1246 675 1272 Lucret.
689 1245 716 1279 6,
731 1249 786 1277 893.
859 1242 1048 1276 Opportunus,
1067 1240 1185 1276 absolute.
1234 1240 1292 1267 Cic.
1309 1239 1341 1266 de
1402 1238 1495 1271 video,
1511 1238 1597 1273 ipsum
1610 1239 1674 1265 volo
1689 1239 1786 1270 vitare,
1806 1247 1840 1265 ne
1852 1238 1914 1265 illae
1928 1239 1961 1264 ad
1975 1248 2018 1265 me
2032 1239 2149 1265 veniant.
2199 1239 2229 1265 Et
2244 1248 2297 1265 vna
2311 1240 2348 1266 est
2362 1238 2460 1266 vitatio
2467 1230 2491 1265 ἐκ

268 1284 340 1311 Clar.
355 1284 430 1310 Orat.
443 1290 508 1309 extr.
528 1282 546 1309 s.
561 1291 598 1315 333
626 1281 751 1307 Tantum
765 1279 842 1311 dico,
862 1277 880 1304 fi
895 1277 964 1303 mihi
978 1275 1122 1309 accidisset,
1139 1283 1169 1303 vt
1182 1284 1341 1303 numerarer
1403 1282 1428 1301 et
1443 1284 1494 1310 ego
1510 1275 1627 1301 nollem:
1646 1275 1687 1301 scd
1704 1275 1804 1301 necesse
1817 1274 1868 1307 est,
1888 1280 1918 1301 vt
1932 1275 2065 1309 explores,
2086 1275 2117 1301 ad
2131 1283 2210 1310 quam
2224 1274 2296 1302 diem
2310 1274 2353 1302 hic
2367 1275 2403 1302 ita
2418 1283 2476 1310 pos·
2508 1304 2510 1307 q

268 1321 298 1348 iii
312 1321 403 1347 multis
419 1321 438 1342 *
453 1318 472 1346 fi
486 1318 598 1353 operosa
612 1317 648 1344 est
664 1315 829 1343 concursatio
847 1313 932 1348 magis
950 1320 1179 1348 opportunorum.
1215 1314 1266 1339 Sed
1276 1313 1342 1338 locus
1357 1318 1390 1343 30
1403 1310 1449 1338 sim
1464 1312 1521 1344 esse,
1538 1317 1567 1337 vt
1580 1320 1612 1337 ne
1625 1311 1773 1346 opprimar.
1811 1312 1829 1338 i.
1851 1312 1891 1337 Ne
1905 1312 2020 1337 Publilia
2034 1318 2058 1337 et
2071 1319 2151 1336 mater
2163 1311 2279 1343 veniant,
2294 1321 2368 1346 quum
2381 1314 2411 1337 de
2423 1305 2489 1340 illm-².-

268 1369 280 1385 ι
315 1356 428 1384 mutilus.
536 1354 673 1381 Locorum
686 1358 838 1387 opportuna
872 1350 965 1377 Tacit.
980 1351 1050 1375 Anii.
1063 1359 1093 1380 4,
1106 1357 1151 1381 24.
1243 1349 1341 1383 Superl.
1403 1356 1459 1373 rum
1474 1349 1582 1373 aduentu
1596 1347 1792 1383 nihilsuspicer.
1850 1347 1907 1374 Cic.
1916 1348 1967 1373 Att.
1979 1357 2010 1381 34
2030 1348 2122 1381 Qium
2137 1347 2234 1373 scribas
2246 1347 2392 1374 videndum
2407 1345 2476 1374 mihi
2516 1363 2517 1375 2

268 1357 360 1424 ‘filimss
380 1392 421 1419 Ad
437 1390 486 1418 hos
499 1389 676 1425 proferendos
689 1393 714 1414 et
727 1394 841 1421 ternpus,
853 1391 879 1412 et
892 1385 981 1412 locum
993 1384 1245 1420 opportunissimum
1260 1384 1342 1419 elegi,
1404 1383 1498 1410 essene
1512 1383 1660 1418 opprimar,
1677 1392 1709 1410 ex
1726 1392 1780 1419 quo
1795 1383 1954 1418 intelligam,
1968 1391 2109 1417 refertum
2124 1384 2196 1410 illius
2211 1383 2390 1419 profeffionis
2404 1383 2489 1413 diem.
2516 1403 2517 1408 ,

268 1438 316 1457 etc.
352 1428 420 1462 confi
442 1427 516 1454 Caes.
529 1426 594 1453 Bell.
609 1424 678 1452 Gall.
695 1433 713 1456 1,
726 1433 764 1455 30-
783 1430 807 1448 et
827 1433 856 1454 4,
869 1430 901 1453 13-
1012 1421 1074 1447 Liu·
1089 1423 1129 1454 26,
1142 1430 1171 1454 43
1202 1421 1342 1448 potiemur
1403 1428 1460 1445 non
1472 1417 1585 1445 habere:
1606 1419 1717 1453 putaui,
1737 1426 1782 1444 etc.
1838 1419 1882 1446 Ne
1898 1419 2047 1454 opprimar,
2065 1430 2080 1445 a
2096 1420 2208 1446 Publilia
2223 1427 2356 1447 amatre:
2369 1417 2477 1455 fineste-

269 1471 406 1502 praeterea
418 1473 477 1490 cum
491 1462 671 1498 pulcherrima
685 1457 932 1494 opulentissimaque
944 1456 1030 1489 Vrbe,
1050 1463 1107 1483 tum
1120 1455 1343 1491 opportunissima
1403 1456 1454 1482 bito
1469 1463 1492 1481 et
1505 1455 1631 1490 insperato
1649 1454 1776 1481 Publilius·
1791 1456 1908 1482 aduentu.
2466 1454 2484 1487 .‘
2516 1465 2517 1479 1

268 1508 350 1537 portu
364 1500 489 1535 egregio,
515 1500 533 1526 i.
560 1500 628 1524 Vnde
640 1505 711 1523 terra
727 1495 856 1529 rixarique,
876 1503 939 1528 quae
953 1491 1009 1519 belli
1021 1492 1079 1528 vsus
1087 1491 1210 1528 poscunt,
1224 1492 1342 1528 suppedi-
1358 1497 1388 1523 35
1445 1497 1465 1518 0
1475 1498 1491 1517 1>
1502 1497 1518 1517 i·v
1529 1498 1599 1518 Ritu
1609 1497 1625 1516 E
1636 1498 1657 1517 N
1669 1497 1698 1523 s,
1720 1490 1798 1518 entis.
1835 1490 1930 1517 Partic.
1966 1490 2110 1525 Virginem
2124 1491 2152 1518 vi
2174 1492 2279 1526 Vulgat.
2295 1490 2389 1518 Gener.
2402 1499 2442 1524 34,
2454 1482 2493 1518 2.,“
2516 1494 2517 1498 ’

267 1543 364 1565 rentur,
1405 1528 1472 1554 Non
1485 1527 1641 1554 erubescitis
1656 1526 1841 1561 opprimentes
1854 1535 1897 1552 me
1923 1525 1998 1553 Idem
2014 1527 2073 1555 Iob.
2088 1537 2124 1561 19,
2138 1536 2158 1560 3.
2464 1546 2466 1550 .
2516 1526 2517 1548 l

308 1579 328 1600 o
342 1578 357 1598 1²
367 1579 383 1598 r
393 1577 414 1598 0
426 1578 444 1597 R
454 1577 476 1597 'r
485 1571 506 1596 <t
515 1577 537 1597 N
549 1576 575 1596 r.
611 1568 680 1595 Adii.
717 1565 868 1601 [ἰυκαίςως]
905 1564 924 1591 ἰ.
946 1565 1006 1591 Loco
1024 1570 1049 1590 et
1067 1569 1174 1600 tempore
1187 1563 1247 1599 suo,
1267 1570 1292 1590 et
1305 1563 1345 1589 rei
1444 1569 1464 1589 o
1476 1569 1492 1589 P
1506 1569 1523 1589 P
1535 1570 1553 1589 R
1566 1569 1583 1589 E
1595 1570 1608 1589 s
1617 1570 1630 1589 s
1639 1570 1658 1590 v
1669 1570 1682 1589 s
1692 1583 1701 1595 ‚
1733 1571 1764 1593 a,
1795 1571 1850 1588 uni.
1887 1562 1980 1589 Partic.
2019 1563 2032 1597 [
2040 1566 2296 1597 uaroeaumfffvasismae]
2352 1561 2481 1597 Oppressa
2516 1549 2517 1579 l

269 1616 342 1645 apto,
362 1609 429 1643 quod
441 1605 624 1641 etfimpliciter
638 1604 734 1629 dicitur
752 1606 781 1628 in
801 1603 851 1628 loco
867 1609 890 1627 et
911 1601 938 1626 in
955 1607 1070 1636 tempore.
1144 1599 1215 1627 Ter.
1231 1598 1346 1634 Adelph.
1405 1604 1479 1626 nietu
1493 1598 1587 1625 ciuitas
1617 1599 1678 1625 Liu.
1691 1607 1733 1631 24.
1823 1600 1892 1625 Aere
1910 1598 2000 1625 alieno
2015 1600 2133 1635 oppressa
2145 1601 2232 1626 Gallia
2266 1600 2322 1626 Cic.
2335 1608 2387 1634 pro
2401 1599 2485 1626 Pom-¹
2516 1620 2517 1623 ,

269 1654 294 1679 2,
306 1653 335 1679 4,
351 1652 366 1670 2
392 1646 568 1678 Opportune:
587 1646 612 1667 te
625 1640 712 1675 ipsum
724 1638 858 1674 quaerito.
929 1635 1005 1664 Idem
1016 1635 1099 1663 Andr.
1111 1645 1133 1672 3,
1146 1646 1175 1669 4,
1191 1645 1211 1662 ii
1239 1637 1344 1671 Oppor-
1405 1644 1427 1661 c.
1443 1644 1450 1661 i
1463 1642 1503 1670 pr.
1576 1635 1720 1670 Oppressus
1734 1643 1747 1660 a
1761 1634 1944 1668 praedonibus
1958 1640 1983 1661 et
1995 1644 2085 1670 captus
2098 1636 2134 1662 est
2154 1635 2228 1663 Ideni
2243 1637 2352 1669 Verr.5,
2361 1643 2396 1662 122
2409 1644 2430 1660 c.
2438 1635 2478 1668 46.

270 1687 334 1709 tune
349 1680 393 1707 hic
408 1679 437 1706 fit
450 1678 519 1705 mihi
532 1676 651 1704 obuiam.
745 1675 803 1702 Cic.
817 1683 867 1709 pro
881 1674 958 1701 Rosc.
974 1674 1064 1700 Amer.
1077 1676 1108 1703 68
1140 1673 1266 1707 Tempus
1286 1671 1344 1698 ido-
1356 1677 1393 1703 40
1407 1672 1551 1706 Oppressus
1565 1671 1611 1704 est,
1631 1680 1687 1698 non
1701 1671 1785 1704 causa,
1806 1669 1850 1696 sed
1864 1677 1986 1705 tempore
2012 1672 2068 1698 Cic.
2076 1681 2127 1707 pro
2141 1672 2246 1699 Cliient.
2259 1681 2296 1706 91.
2371 1669 2478 1698 Catenis

269 1726 362 1749 neum,
382 1717 456 1742 locus
469 1720 621 1749 opportune
635 1717 726 1747 captus
741 1710 774 1738 ad
787 1719 844 1738 cam
858 1718 925 1736 rem.
1017 1710 1178 1744 Opportune
1191 1709 1279 1735 facere
1303 1707 1342 1735 Id.
1405 1707 1514 1734 vinetus
1529 1714 1555 1735 et
1570 1708 1706 1742 oppressus
1733 1707 1824 1734 Senec.
1837 1707 1918 1734 Herc.
1932 1707 1986 1734 fur.
2001 1717 2028 1734 v.
2040 1717 2078 1741 52.
2172 1709 2239 1736 Casu
2253 1708 2349 1735 acerbo
2382 1704 2478 1734 Catull.

270 1753 303 1780 de
315 1752 405 1779 Finlb.
419 1761 439 1784 3„
453 1754 489 1777 61.
597 1750 757 1783 Opportune
770 1746 871 1773 nuntiis
883 1745 970 1772 allatis
993 1746 1067 1773 Caes.
1081 1745 1146 1772 Bell.
1160 1745 1244 1772 Cinil.
1258 1754 1281 1778 3,
1294 1753 1344 1772 101.
1405 1746 1455 1776 66,
1469 1753 1488 1771 1.
1597 1744 1654 1770 Cic.
1669 1744 1742 1770 Fam.
1755 1751 1781 1776 9,
1795 1752 1820 1775 14
1853 1744 2023 1778 Qiamquam
2037 1750 2093 1771 erat
2106 1746 2240 1779 oppressus
2260 1745 2343 1771 totius
2356 1742 2478 1778 corporis

271 1788 392 1815 Reddere
406 1793 559 1822 opportune
572 1784 653 1810 alicui
668 1783 758 1810 literas
786 1783 844 1809 Cic.
861 1784 912 1808 Att.
927 1791 964 1814 14,
981 1789 1015 1814 ¹9-
1089 1780 1158 1807 Illud
1171 1781 1230 1808 satis
1245 1788 1343 1815 oppor-
1405 1778 1566 1806 Doloribiis.
1638 1778 1713 1806 Idem
1726 1779 1781 1805 Off.
1790 1788 1816 1812 2,
1829 1787 1861 1812 24
1885 1779 1934 1806 Sed
1949 1780 1992 1812 iis,
2013 1781 2061 1814 qui
2074 1782 2209 1816 oppressos
2223 1781 2342 1815 Imperio
2356 1781 2478 1807 coercent

270 1831 334 1852 tune
356 1822 429 1850 Idem
445 1821 511 1848 ibid.
527 1823 562 1853 16,
575 1822 601 1846 6.
694 1819 856 1853 Opportune
870 1816 965 1843 venire
990 1816 1029 1843 Id.
1049 1816 1081 1842 de
1094 1816 1158 1843 Nat.
1172 1816 1254 1843 Deor.
1270 1825 1291 1849 i,
1308 1824 1343 1846 ις.
1404 1814 1435 1842 fit
1449 1815 1508 1841 sane
1521 1814 1671 1841 adhibenda
1684 1814 1803 1840 saeuitia.
1875 1815 2032 1848 Repressum
2047 1825 2141 1850 magna
2155 1826 2186 1843 ex
2199 1823 2283 1851 parte,
2302 1826 2357 1843 non
2371 1823 2478 1851 oppres-

270 1861 384 1895 Compar.
423 1856 550 1884 Accidere
563 1854 742 1890 opportunius
757 1852 825 1879 nihil
840 1853 938 1887 potuit,
959 1858 984 1878 te
1002 1852 1088 1886 ipsum
1103 1853 1183 1887 cupio
1204 1852 1260 1878 Cic.
1270 1851 1342 1877 Fam.
1356 1855 1390 1881 43
1404 1851 1461 1877 suin
1475 1850 1593 1884 aliquem
1607 1850 1763 1883 relinquere
1798 1848 1854 1875 Cic.
1869 1857 1918 1882 pro
1932 1849 2055 1876 Muraen.
2068 1859 2107 1882 32.
2180 1853 2254 1878 Idem
2274 1853 2307 1878 de
2321 1853 2430 1879 Amic-it.
2445 1856 2477 1886 78
2492 1849 2499 1858 '

273 1905 297 1930 ι,
312 1905 337 1929 9.
410 1894 511 1929 Super-l.
530 1892 602 1918 Caes.
611 1889 767 1917 Bcll.Ciuil.
781 1899 801 1923 3,
816 1897 857 1915 101
884 1887 1111 1923 Opportunissime
1128 1888 1231 1915 nuntiis
1246 1887 1340 1914 allatis.
1406 1886 1592 1919 Qianiobrem
1605 1886 1724 1920 primuni
1740 1883 1776 1910 est
1791 1883 1874 1910 danda
1889 1893 1986 1918 opera,
2006 1894 2040 1911 ne
2058 1895 2109 1920 qua
2123 1886 2274 1914 amicorum
2288 1888 2388 1915 diffidia
2402 1886 2486 1914 fiant?

271 1931 334 1960 Liu.
349 1939 393 1963 32,
409 1936 433 1959 ¹8
465 1928 593 1960 Anticyra
607 1925 829 1961 opportunissime
842 1924 896 1952 sita.
1404 1921 1443 1949 sin
1457 1922 1508 1948 tale
1521 1921 1624 1956 aliquid
1637 1920 1774 1949 euciierit;
1797 1926 1824 1946 vt
1838 1919 1981 1947 exstinctae
1994 1921 2084 1955 potius
2098 1922 2257 1954 Amicitiae,
2277 1931 2357 1957 quam
2373 1931 2480 1959 oppres-

310 1974 377 1995 or?
389 1972 409 1993 0
421 1973 440 1992 R
450 1971 500 1991 'rv
510 1971 533 1991 N
546 1962 559 1990 ἰ
570 1970 593 1990 'r
603 1970 626 1990 A
636 1970 666 1997 s,
699 1962 757 1989 atis.
794 1961 813 1987 f.
853 1962 991 1994 [ἓνκαιριὴ
1026 1962 1130 1995 καίριον]
1167 1959 1343 1990 Commoditas,
1404 1959 1446 1985 sae
1460 1959 1509 1985 esse
1523 1957 1676 1986 videantur.
1751 1957 1831 1982 Arces
1851 1956 1948 1983 Lucan.
1963 1965 1985 1990 2,
2000 1959 2057 1990 654.
2130 1959 2256 1985 Carmina
2272 1959 2391 1993 oppressu
2405 1960 2480 1986 silent

268 2011 316 2041 pro
327 2004 425 2030 ratione
437 2001 492 2029 loci.
513 1999 630 2034 temporis
644 2006 668 2024 er
679 1998 846 2033 personarum.
899 1996 955 2023 Cic.
971 1996 1003 2022 de
1016 1995 1106 2023 Fiuib.
1118 2005 1141 2029 3,
1152 2005 1181 2028 45
1206 1995 1237 2022 Et
1250 2004 1343 2029 quem·
1405 1995 1509 2022 Lucret.
1526 2003 1551 2030 2,
1566 2002 1622 2028 505.
1721 1992 1814 2020 Herba
1847 1991 1933 2023 Ouid.
1944 1992 1976 2019 de
1990 1994 2055 2020 Arte
2071 1994 2129 2020 Am.
2143 2004 2163 2026 3,
2180 2003 2228 2025 721.
2320 1995 2449 2022 quencus
2461 1989 2476 2021 a

269 2038 416 2066 admodum
429 2036 615 2071 opportunitas
637 2033 689 2067 (sic
710 2033 783 2059 enirn
801 2032 965 2066 appellemus
984 2033 1121 2066 ἒιικαιριαν)
1142 2041 1197 2059 non
1211 2031 1240 2057 fit
1255 2030 1343 2057 maior
1358 2036 1390 2063 50
1405 2031 1470 2065 lupo
1500 2031 1562 2057 Stat.
1577 2029 1669 2057 Theb.
1683 2035 1707 2062 8,
1722 2031 1779 2063 692.
1859 2029 1925 2055 Plin.
1940 2028 2019 2064 Epist.
2033 2038 2059 2063 9,
2073 2035 2098 2060 18
2129 2030 2172 2056 Ne
2187 2030 2262 2056 istam
2276 2029 2361 2064 ipsam
2374 2023 2483 2059 Menios

270 2073 450 2111 produffione
466 2070 595 2103 temporis
616 2068 732 2100 (habent
747 2067 820 2092 enim
839 2068 915 2092 suum
928 2067 1042 2092 moduni
1056 2075 1229 2099 quaecunque
1244 2074 1342 2098 oppoc-
1405 2067 1491 2094 riam,
1518 2066 1562 2090 cui
1574 2065 1752 2098 gratias-fago,
1771 2063 1931 2097 affiduitate,
1951 2071 1977 2091 et
1995 2067 2073 2100 copia
2092 2065 2213 2092 turbem:
2241 2072 2426 2100 oneratamque
2443 2069 2468 2091 et

270 2119 333 2139 tuna
347 2108 491 2139 dicuntur)
513 2105 546 2132 sic
559 2104 632 2131 1·οἇὶὸ
644 2102 763 2129 effee'iio.
837 2101 992 2127 Consultrix
1005 2107 1031 2126 et
1052 2099 1168 2134 prouida
1182 2100 1342 2130 vtilitatum‚
1405 2099 1477 2132 quasi
1491 2098 1656 2132 oppressam,
1676 2106 1770 2131 cogam
1789 2095 1913 2130 pluribus
1934 2100 2049 2133 singula,
2068 2101 2264 2136 posterioribus
2276 2101 2367 2134 prjora
2383 2099 2465 2132 dimit.

269 2145 557 2182 opportunitatumque
570 2139 694 2167 omnium
707 2144 802 2164 natura
826 2136 884 2163 Cic.
899 2136 932 2163 de
944 2136 1007 2163 Nat.
1021 2135 1104 2161 Deor.
1120 2144 1142 2167 2,
1156 2140 1193 2166 58.
1268 2134 1343 2159 Aeta-
1405 2139 1472 2160 tere.
1546 2132 1633 2158 Patria
1647 2132 1767 2166 oppressa
1780 2139 1795 2157 a
1808 2132 1949 2163 tyrannide
1975 2135 2069 2168 Nepos
2086 2146 2128 2169 20,
2144 2146 2190 2170 1³1,
2264 2137 2355 2164 123&OE
2367 2135 2480 2172 (ψῃ-ρὰ..

271 2183 305 2210 tis
318 2179 505 2217 opportunitas
531 2176 632 2204 Sallust.
645 2176 673 2202 in
689 2172 818 2209 Iugurtha
836 2182 858 2199 c.
872 2174 896 2199 6.
970 2171 1052 2198 Anuli
1067 2171 1127 2197 vsus
1141 2169 1344 2205 opportunitate
1406 2170 1464 2195 sum
1492 2168 1584 2195 Senec.
1599 2167 1682 2194 Herc.
1697 2167 1751 2194 fur.
1768 2176 1799 2194 ii.
1890 2168 2047 2203 Respublica
2061 2172 2180 2204 oppressa
2193 2179 2322 2207 captaque
2356 2172 2411 2201 Cic.
2424 2179 2472 2207 pto

271 2219 359 2253 Gyges
390 2216 498 2251 reginae
512 2214 632 2248 stuprum
647 2211 740 2238 intulit
764 2209 821 2237 Cic.
840 2209 894 2236 Off.
906 2217 927 2244 3,
941 2214 977 2240 38.
1069 2207 1202 2242 Corporis
1214 2211 1343 2246 opportu-
1360 2209 1389 2236 ςς
1407 2206 1498 2232 Domo
1514 2208 1553 2232 26.
1625 2204 1735 2230 Senatus
1748 2203 1883 2239 oppressus
1898 2210 1925 2231 et
1937 2205 2052 2233 affliditus
2076 2206 2151 2234 Idem
2165 2208 2224 2243 post
2238 2209 2293 2236 red.
2307 2209 2337 2235 in
2350 2209 2474 2240 Senam-1.

271 2242 369 2282 nitates’
379 2252 585 2284 habilitatesque
616 2247 690 2276 Ideni
705 2246 737 2273 de
751 2245 846 2279 Legit).
862 2255 881 2280 i,
896 2252 936 2279 27.
1028 2242 1154 2270 Faciendi
1165 2241 1268 2277 aliquid
1285 2241 1344 2268 ido-
1405 2242 1469 2268 Vita
1484 2240 1603 2276 oppressa
1620 2240 1688 2267 iacet
1717 2240 1823 2266 Lucret.
1838 2248 1857 2272 1,
1865 2243 1917 2274 64.
2092 2262 2094 2264 ,

271 2300 322 2318 nea
337 2287 524 2325 opportunitas
533 2307 540 2319 ‚
560 2290 605 2312 aut
617 2293 673 2311 non
687 2281 802 2309 faciendi
828 2281 885 2308 Cic.
899 2281 931 2307 de
944 2281 1048 2307 Inuent.
1063 2288 1083 2314 i,
1093 2289 1125 2312 40
1141 2288 1164 2306 c.
1173 2288 1210 2312 27.
1283 2277 1344 2317 Flu·
1444 2283 1464 2303 0
1476 2282 1491 2303 Ρ
1501 2284 1515 2303 P
1528 2284 1547 2303 R
1559 2283 1575 2303 E
1585 2283 1597 2302 S
1609 2283 1622 2303 s
1634 2283 1644 2302 1
1655 2283 1675 2303 ο
1684 2297 1692 2309 ,
1719 2276 1788 2303 onis,
1826 2275 1846 2302 f.
1920 2277 1991 2304 Ter.
2006 2278 2121 2313 Adelph.
2134 2288 2159 2311 2,
2175 2290 2199 2314 2,
2215 2290 2246 2314 30
2274 2282 2324 2308 Per
2338 2279 2476 2316 oppreffio-

271 2327 377 2355 minum
393 2323 609 2360 opportunitates
634 2319 709 2347 Idem
725 2318 758 2345 de
771 2317 834 2345 Nat.
849 2317 931 2344 Deor.
946 2325 968 2349 2,
984 2324 1029 2348 ¹3?-
1104 2315 1170 2342 Loci
1185 2319 1345 2349 opportuni.
1407 2322 1469 2340 nem
1479 2333 1486 2345 ,
1505 2318 1533 2339 vt
1547 2312 1614 2339 hanc
1630 2312 1699 2339 mihi
1714 2312 1819 2347 eripere
1833 2311 1960 2346 postulet,
1988 2314 2006 2339 ι’.
2028 2320 2103 2339 vtem
2124 2317 2324 2349 opportunitate,
2344 2327 2397 2342 cum
2411 2316 2478 2352 [εἰπε
2516 2321 2517 2326 ’

272 2370 311 2390 tas
338 2362 410 2389 Caes.
419 2359 483 2387 Bell.
491 2358 635 2390 Gall.3‚i9.
708 2355 842 2381 Locorum
856 2352 1071 2387 opportunitates
1099 2351 1268 2384 Flin.Patieg.
1283 2358 1345 2378 1.]ς.
1407 2349 1470 2375 mibi
1487 2349 1660 2383 discedendum
1676 2349 1731 2384 ff.
1811 2348 1912 2375 Curiae
1931 2349 2061 2384 oppressio
2091 2349 2147 2377 Cic.
2160 2359 2209 2384 pro
2223 2351 2314 2377 Domo
2333 2360 2355 2381 5.
2429 2353 2479 2378 Le.

273 2400 331 2427 Cic.
343 2398 375 2424 de
388 2398 450 2424 Nat.
458 2397 567 2427 Deoni,
582 2401 611 2426 93
641 2391 685 2419 Ne
699 2389 751 2417 hoc
766 2389 875 2424 quidem
889 2397 938 2415 vos
952 2393 1043 2414 mouet
1056 2387 1260 2419 consideraiiteS,
1277 2393 1345 2419 quae
1358 2384 1393 2409 60
1406 2393 1470 2420 gum
1484 2391 1510 2410 et
1523 2384 1653 2411 libertatis
1667 2384 1804 2416 interitus,
1818 2393 1962 2420 earumque
1977 2384 2108 2420 oppressio
2123 2393 2190 2413 tetra
2203 2393 2229 2412 et
2243 2386 2401 2413 detestabilis
2419 2387 2479 2414 Cic.

274 2435 305 2463 sit
318 2434 428 2466 volitas,
444 2439 564 2466 quaeque
577 2426 764 2464 opportunitas
779 2426 807 2452 in
821 2424 932 2451 homine
946 2423 1146 2456 Membroruni,
1160 2430 1204 2451 etr.
1258 2422 1345 2448 Tem·
1408 2421 1463 2447 Off.
1478 2430 1499 2453 3,
1511 2426 1539 2452 83
1557 2430 1578 2446 c.
1592 2429 1624 2447 21.

273 2471 349 2508 poris
374 2470 431 2497 Cic.
447 2468 502 2495 Off.
520 2475 541 2499 i,
556 2473 607 2498 ¹4²-
679 2463 759 2495 Viae,
775 2462 896 2488 Facilitas
915 2459 983 2486 Plin.
997 2459 1076 2500 Epist.
1086 2467 1153 2491 ¹⁷24·
1208 2493 1213 2498 ι
1226 2457 1283 2497 Cic.
1293 2459 1345 2484 Att.
1445 2463 1487 2497 01)
1499 2463 1514 2482 P
1525 2463 1544 2482 R
1554 2463 1571 2482 Ε
1581 2463 1593 2482 s
1604 2463 1616 2482 s
1630 2462 1639 2482 1
1653 2462 1734 2497 YNC
1746 2453 1839 2491 V⁰1.A‚
1869 2465 1909 2483 ae.
1947 2455 1967 2483 f.
2005 2456 2111 2484 Dimin.
2167 2456 2250 2484 Plaut.
2268 2456 2359 2484 Pseud.
2374 2466 2392 2492 1,
2409 2467 2429 2492 i,
2443 2459 2479 2487 66

275 2514 301 2541 8,
316 2515 339 2539 ¹3
360 2506 387 2533 Si
400 2503 541 2532 tenendam
553 2501 619 2528 hanc
634 2508 710 2526 orani
722 2504 808 2533 putas,
824 2505 890 2528 quae
904 2497 1135 2536 opportunitatem
1149 2500 1174 2520 et
1188 2493 1346 2528 dignitatem
1408 2493 1569 2528 Papillarum
1584 2491 1788 2532 horridularum
1801 2492 2034 2527 oppreinunculae.
2355 2500 2358 2502 -
2392 2519 2393 2523 Ἰ
2458 2517 2460 2522 .

275 2542 367 2574 habet,
386 2547 412 2567 et
425 2539 545 2574 egregios
560 2537 641 2567 ciues.
658 2542 704 2561 etc.
813 2532 887 2560 Idem
902 2532 1060 2572 Phsswr-a.
1074 2540 1104 2564 34
1138 2531 1273 2557 Praeclara
1289 2536 1346 2556 timi
1449 2535 1469 2556 Ο
1479 2534 1518 2555 FP
1530 2535 1549 2555 R
1564 2535 1581 2555 ε
1592 2535 1605 2554 s
1615 2536 1627 2554 s
1639 2535 1658 2555 ο
1670 2535 1690 2555 R
1700 2549 1709 2561 ‚
1736 2532 1802 2555 oris.
1840 2538 1876 2554 m.
1913 2529 1969 2555 Cic.
1982 2529 2015 2556 ad
2030 2529 2104 2556 Brut.
2118 2531 2148 2557 16
2180 2527 2297 2562 Petitur,
2317 2535 2346 2556 vt
2357 2529 2475 2558 vindices

276 2579 330 2606 fuit
342 2577 452 2604 Senatus
471 2576 499 2602 in
525 2574 574 2600 illo
594 2573 653 2606 ipso
671 2571 714 2597 die
734 2569 884 2604 vespertina
905 2577 1107 2603 prouinciarum
1128 2566 1253 2601 religiosa
1269 2565 1346 2592 sorti·
1360 2564 1392 2596 ὅς
1410 2572 1490 2600 atque
1502 2566 1667 2600 oppressores
1688 2564 1884 2592 dominationis
1903 2565 1968 2591 salui
1983 2565 2049 2592 sint?
2087 2565 2184 2592 Nazar.
2201 2565 2295 2601 Paneg.
2311 2565 2396 2593 Const.
2415 2573 2472 2600 231

276 2615 332 2643 tio:
354 2612 454 2639 Diuina
472 2619 538 2637 vero
553 2607 757 2643 opportunitaS,
779 2612 806 2632 vt
826 2613 894 2640 quae
912 2604 1009 2638 cuique
1029 2610 1087 2639 apta
1101 2603 1179 2644 essct,
1198 2611 1227 2629 ea
1248 2602 1345 2636 cuique
1412 2600 1551 2629 Ludibriis
1566 2601 1724 2636 oppressoris
1741 2600 1780 2626 sui
1793 2601 1923 2634 auspicari
1938 2600 2087 2627 libertatem
2100 2599 2219 2627 iuuabat.

277 2649 431 2678 obueniret.
503 2646 621 2674 Cic.Att.
632 2650 655 2676 8,
669 2649 683 2673 8
707 2643 778 2677 Fuga
792 2647 818 2668 et
833 2641 968 2668 Maritima
984 2647 1171 2676 opportunitas
1184 2639 1239 2665 visa
1254 2637 1348 2673 quaeri
1450 2644 1470 2664 0
1482 2644 1496 2664 Ρ
1507 2643 1523 2663 Ρ
1538 2644 1558 2664 R
1572 2643 1590 2664 E
1601 2643 1705 2671 ssvs,
1734 2634 1774 2663 sis·
1811 2645 1847 2662 ni.
1903 2636 1995 2662 Sidon.
2008 2636 2088 2670 Epist.
2107 2645 2135 2670 9,
2151 2645 2170 2663 ii
2187 2644 2253 2662 extr.
2286 2636 2362 2664 Saxei
2379 2635 2471 2664 montis

278 2684 470 2721 desperatione.
546 2680 690 2710 Adiun&a,
708 2679 762 2704 vid.
786 2684 807 2704 Α
816 2684 835 2704 D
846 2685 854 2703 1
866 2685 886 2704 v
896 2685 917 2703 N
929 2682 950 2704 G
962 2683 990 2703 O.
1072 2674 1208 2702 Aduenirc
1221 2681 1349 2710 opportii-
1411 2674 1544 2710 oppressu.
2516 2698 2517 2707 ἵ

279 2723 373 2754 nitate,
391 2728 436 2756 pro
451 2721 480 2745 ln
493 2725 599 2753 tempore
627 2715 711 2743 Plaut.
725 2713 800 2750 Epid.
815 2723 837 2746 2,
851 2722 873 2746 2,
887 2723 920 2747 ¹9-
993 2714 1175 2746 Corriimpere
1189 2709 1350 2746 opportuni·
1449 2717 1469 2737 o
1480 2716 1496 2736 P
1506 2717 1521 2736 P
1531 2716 1549 2736 R
1560 2715 1580 2736 Ο
1590 2715 1606 2736 Β
1617 2715 1634 2736 R
1647 2714 1735 2742 IVM,
1761 2707 1780 2734 i.
1815 2716 1842 2733 n.
1880 2703 1999 2741 [ὄνειδος]
2038 2707 2167 2741 Infamia,
2188 2709 2307 2742 dedecus,
2327 2709 2403 2743 quaſs-
2414 2709 2475 2736 obie-
2516 2708 2517 2715 ¹

279 2765 377 2790 tatem,
396 2756 452 2782 vid.
473 2760 491 2781 C
504 2760 523 2781 0
533 2761 553 2781 R
563 2759 583 2780 R
593 2759 615 2778 V
625 2759 648 2778 Μ
659 2758 674 2778 P
685 2757 716 2777 O.
789 2749 895 2776 Habere
914 2749 1143 2783 opportunitatem
1164 2747 1196 2774 ad
1209 2747 1348 2781 negotium
1360 2750 1397 2778 70
1411 2747 1475 2773 Ham
1483 2746 1612 2781 probrum.
1655 2746 1711 2771 Vid.
1730 2743 1802 2769 viros
1813 2742 1891 2768 dot‘los
1902 2744 1938 2768 ad
1949 2742 1966 2770 l.
1981 2752 2009 2775 4²
2026 2743 2054 2770 ff.
2068 2743 2100 2770 de
2114 2744 2145 2770 V.
2161 2744 2185 2771 S.
2198 2746 2268 2779 apud
2282 2744 2376 2773 Duker.
2390 2747 2420 2772 de
2430 2745 2478 2774 ια,-
2515 2718 2517 2775 l

279 2791 519 2821 administrandum
553 2788 609 2816 Cic.
624 2787 656 2814 de
670 2788 774 2814 Inuent.
791 2796 814 2819 i,
828 2792 864 2817 38.
955 2785 1034 2818 Sequi
1051 2784 1104 2811 loci
1117 2783 1347 2818 opportunitatem
1411 2783 1482 2808 tinit.
1496 2783 1579 2807 JCtor.
1598 2790 1623 2816 p.
1640 2790 1678 2807 iio
1691 2781 1747 2814 sqq.
1820 2778 1888 2805 Plin.
1904 2784 1945 2811 ¹8,
1960 2781 1991 2806 26
2017 2779 2137 2806 Dedecus
2150 2781 2224 2807 enlm
2239 2780 2363 2815 habetur,
2383 2788 2477 2817 OPPTO!

279 2831 354 2858 Ideni
367 2828 421 2855 Off.
436 2836 455 2862 i,
470 2836 504 2859 35.
577 2822 795 2860 opportunitatis
809 2822 845 2849 est
858 2821 933 2848 beate
948 2821 1042 2847 viuere
1074 2820 1112 2847 Id.
1128 2821 1159 2846 dc
1175 2819 1262 2846 Fiuib.
1276 2828 1299 2851 3,
1314 2820 1348 2844 61.
1411 2817 1556 2851 briumque
1570 2816 1708 2846 meritum,
1721 2814 1816 2842 falcem
1828 2814 1861 2840 ab
1874 2814 1920 2841 illa
1933 2815 2042 2841 volucre
2056 2816 2084 2842 in
2098 2816 2153 2844 vite
2166 2816 2338 2852 deprehendi.
2410 2817 2477 2845 Hor·

282 2864 492 2901 Opportunitas,
516 2862 628 2889 Vtilieas.
700 2858 758 2887 Cic.
773 2858 806 2884 de
819 2858 927 2884 Aiiiicit.
940 2866 962 2883 21
996 2856 1076 2883 Talis
1095 2856 1178 2890 igitur
1192 2855 1263 2881 inter
1275 2855 1348 2880 viros
1412 2854 1460 2889 Ep.
1475 2862 1493 2885 t,
1507 2862 1533 2885 9,
1549 2862 1577 2879 10
1604 2852 1717 2878 Maioris
1730 2852 1835 2887 fugiens
1850 2851 1997 2886 opprobria
2011 2852 2114 2886 culpae.
2224 2856 2370 2880 Aeternum
2383 2861 2478 2888 oppro-

281 2900 399 2929 amicitia
413 2906 494 2927 tantas
509 2896 723 2933 opportunitates
736 2893 827 2927 habet,
840 2899 948 2928 quantas
962 2892 1007 2918 vix
1020 2901 1090 2925 queo
1104 2892 1202 2918 dicere.
1275 2890 1348 2917 Idem
1412 2890 1502 2917 brium
1532 2889 1600 2915 Hor.
1614 2889 1703 2915 Carni.
1716 2898 1740 2921 4,
1754 2897 1788 2919 12,
1800 2897 1823 2920 7.
1915 2887 1988 2914 Idem
2002 2888 2086 2914 Serui.
2101 2898 2120 2920 i,
2133 2898 2158 2923 4,
2172 2895 2213 2919 128
2245 2889 2286 2916 Sic
2301 2896 2407 2916 teneros
2424 2887 2487 2922 ani-‘5

281 2939 361 2965 Verr.
381 2946 406 2970 3,
427 2944 449 2962 ιι
481 2934 629 2963 Neminem
644 2930 760 2959 vestrfirn
774 2930 915 2966 praeterit,
935 2928 1055 2961 Iudices,
1076 2937 1186 2954 omnem
1200 2926 1350 2952 Vtilitatciu
1363 2927 1395 2956 75
1413 2935 1471 2952 mos
1485 2924 1571 2951 aliena
1584 2924 1730 2959 opprobria
1744 2924 1818 2959 saepe
1833 2922 1987 2950 Absterrent
2006 2925 2090 2951 vitiis.
2200 2927 2327 2960 Magnum
2342 2925 2478 2961 pauperie·

281 2971 563 3009 opportunitatemque
580 2968 737 3004 prouinciae
752 2966 873 2999 Siciliae,
892 2974 959 3000 quae
978 2965 1010 2991 ad
1031 2963 1172 2991 commoda
1192 2964 1255 2997 Pop.
1270 2963 1350 2989 Rom.
1412 2962 1482 2989 Hor.
1498 2962 1587 2988 earm.
1602 2971 1622 2994 3,
1638 2970 1678 2993 24,
1692 2970 1721 2993 4.
1794 2960 1893 2995 Turpe
1926 2959 2000 2989 Idem
2020 2961 2103 2987 Serm.
2116 2971 2135 2994 i,
2149 2963 2176 2994 6,
2190 2967 2228 2993 84-
2301 2962 2411 2997 Tin-pia
2429 2961 2478 2988 lin.

281 3008 406 3038 adiurnati
422 3007 450 3034 sit
460 3029 468 3041 ,
489 3005 625 3033 consistere
639 3005 667 3031 in
683 3013 711 3030 re
725 3001 901 3030 frumentaria
914 3001 1041 3028 maxime.
1412 3007 1479 3032 guae
1504 2997 1637 3024 Claud.de
1650 2997 1781 3023 Bell.Get.
1796 3005 1846 3026 522.
1920 2996 2023 3032 Dignus
2037 2997 2193 3031 opprobriis
2219 2998 2287 3024 Hor.
2296 2998 2409 3031 Seri-na,
2418 3001 2479 3031 i,85»

321 3051 388 3073 01³1>
398 3050 416 3070 R
430 3041 476 3070 ἰΜ
488 3048 507 3069 0
519 3060 527 3073 ,
548 3041 639 3076 pressi,
660 3040 771 3075 pressum
781 3060 789 3072 ,
808 3040 863 3066 erc.
902 3034 1118 3073 [καταδυναςεῦω]
1146 3035 1281 3061 Premendo
1289 3043 1351 3069 gra.
1413 3034 1488 3062 Idem
1504 3033 1548 3068 Ep.
1564 3041 1589 3068 2,
1602 3042 1622 3066 i,
1636 3042 1675 3063 ¹115
1707 3033 1868 3059 Fescennina
1888 3031 1996 3060 licentia
2009 3033 2134 3060 Versibus
2148 3034 2257 3060 alternis
2276 3033 2423 3069 opprobria
2436 3040 2479 3064 rm

282 3091 360 3112 vare,
382 3087 404 3106 et
419 3079 552 3115 impedire.-
566 3077 648 3113 subito
657 3076 820 3111 Jisperuenire
833 3083 856 3101 et
865 3074 989 3110 fugiendi
1002 3074 1044 3098 vel
1056 3071 1221 3099 comnioucna'i
1229 3070 1352 3105 fhfacul.
1413 3071 1475 3098 stica
1489 3068 1578 3096 Fudit.
1651 3068 1753 3104 Fugere
1768 3067 1916 3104 opprobria
1929 3070 2021 3105 culpae
2045 3070 2114 3096 Hor.
2130 3070 2208 3104 Epist.
2223 3079 2242 3101 1,
2255 3079 2279 3103 9,
2296 3080 2332 3098 10.
2405 3070 2479 3097 Mou-

282 3126 359 3145 tatem
373 3117 498 3142 adimere:
519 3123 562 3140 nec
571 3113 673 3148 proprie
685 3118 799 3143 tamum,
813 3111 861 3146 sed
871 3107 1070 3144 fi‘equentiffime
1087 3115 1135 3144 per
1152 3107 1352 3133 translationem.
1364 3109 1396 3136 80
1413 3106 1471 3133 deri
1485 3105 1552 3132 fallis
1583 3103 1655 3131 Ideni
1676 3105 1741 3132 ibid.
1756 3115 1774 3138 i,
1791 3113 1829 3140 17,
1844 3115 1879 3137 34.
1970 3105 2082 3140 Quin&
2096 3107 2168 3133 Decl.
2185 3116 2199 3140 9
2225 3106 2313 3133 Facile
2326 3105 2478 3142 Prorumpi,
2510 3118 2512 3121 ,

284 3153 448 3190 Opprimere
462 3160 503 3182 οε,
525 3150 665 3178 Geminei-e,
684 3147 797 3172 claudere
821 3147 891 3173 Ter.
906 3146 1013 3172 Phorm.
1029 3155 1050 3178 5,
1063 3150 1086 3177 8,
1101 3152 1141 3177 93.
1213 3142 1251 3169 Id.
1270 3142 1352 3169 Andr.
1414 3143 1442 3170 in
1457 3141 1619 3177 opprobria:
1637 3141 1714 3167 facilc
1728 3141 1800 3176 quod
1823 3141 1888 3168 libet
1903 3141 2009 3170 obiicis.
2085 3142 2201 3171 Pulsatus
2221 3142 2371 3170 maledietis
2383 3138 2487 3181 opprossi
2500 3140 2501 3145 ¹

283 3200 305 3225 1,
320 3201 339 3223 3,
351 3199 376 3221 23
408 3187 578 3215 Conueniam
592 3182 759 3219 Pamphilum
769 3202 777 3212 ,
797 3191 830 3208 ne
852 3182 883 3208 de
903 3182 950 3208 liac
965 3191 993 3208 re
1008 3188 1080 3216 pater
1095 3178 1292 3215 imprudentem
1307 3188 1353 3213 op·
1413 3179 1534 3213 briis-que
1547 3177 1621 3211 vulgi
1658 3177 1730 3205 Ideui
1752 3177 1818 3205 ibid.
1835 3188 1869 3207 ις.
1980 3179 2120 3206 Recantata
2159 3178 2226 3205 Hor.
2241 3179 2329 3206 carm.
2345 3186 2372 3211 ι,
2387 3182 2428 3212 16,
2442 3186 2478 3211 27.

284 3226 391 3263 primat.
466 3224 522 3250 Cic.
538 3222 566 3248 in
579 3220 658 3248 Catil.
671 3229 693 3251 2,
707 3225 720 3248 8
747 3218 837 3245 Nemo
850 3226 905 3243 non
919 3217 1001 3244 niodo
1016 3219 1127 3249 Romae,
1147 3216 1190 3242 sed
1204 3224 1237 3242 ne
1252 3215 1307 3243 ν110
1323 3216 1352 3241 111
1416 3215 1498 3242 Ouid.
1516 3213 1601 3242 Trist.
1623 3223 1650 3246 2,
1672 3224 1716 3246 4⁴5
1753 3213 1810 3241 Nec
1830 3214 1892 3241 Fuit
1909 3214 2060 3250 opprobrio
2082 3213 2222 3241 celebrasse
2243 3214 2376 3246 Lycorida
2394 3214 2481 3255 Gaui)

283 3262 384 3297 angulo
395 3260 479 3287 totius
493 3258 583 3286 Italiae
600 3255 734 3292 oppressus
747 3255 815 3281 Aere
829 3254 918 3280 alieno
934 3254 1001 3285 suit,
1021 3262 1099 3288 quem
1118 3262 1173 3278 non
1195 3252 1228 3279 ad
1242 3252 1294 3278 hoc
1314 3250 1353 3277 in·
1413 3252 1484 3278 Add.
1504 3251 1581 3285 Prop.
1594 3260 1618 3283 4,
1635 3260 1652 3282 1,
1667 3253 1690 3277 6.

284 3297 414 3325 credibile
430 3295 534 3322 sceleris
547 3293 642 3320 foedus
656 3290 806 3319 adsciuerit.
880 3289 1002 3328 Animam
1017 3289 1083 3315 hanc
1105 3288 1200 3315 fluetus
1216 3288 1353 3323 opprimet
1369 3291 1399 3320 83
1452 3293 1472 3313 Ο
1483 3293 1499 3314 1²
1513 3283 1609 3315 PRGB
1623 3292 1641 3312 R
1653 3292 1688 3318 Ο,
1708 3290 1762 3313 Ire.
1797 3285 1937 3320 [ὄνειδῐζω]
1955 3285 2085 3320 fignificat
2098 3284 2231 3312 Probrnm
2244 3286 2374 3319 obiicere,
2395 3285 2478 3321 inquit
2498 3279 2507 3321 ἱ

285 3333 368 3361 Ouid.
382 3331 470 3359 Trist.
483 3340 502 3365 1,
517 3340 539 3363 2,
554 3338 587 3362 35.
660 3328 716 3355 Cic.
732 3327 811 3353 Vei-r.
827 3332 849 3359 ς,
863 3335 886 3359 14
911 3326 979 3357 Qus
994 3324 1111 3357 dubitet,
1132 3325 1199 3359 quin
1212 3325 1351 3351 seruorum
1414 3324 1512 3351 Festus.
1606 3322 1687 3348 Plaut.
1702 3322 1780 3349 Most.
1796 3332 1814 3353 1,
1828 3330 1856 3355 3,
1871 3330 1911 3351 142
1943 3322 2034 3356 Egone
2050 3321 2077 3347 id
2092 3322 2268 3356 exprobrem,
2289 3323 2336 3357 qui
2354 3321 2478 3349 mihimet
2491 3319 2506 3348 ξ’

286 3370 398 3396 Animos
413 3369 512 3395 summa
525 3364 673 3393 formidine
685 3362 860 3399 oppress'erit3
933 3360 1006 3388 ldciii
1019 3360 1051 3387 de
1066 3360 1158 3387 Diuin.
1172 3369 1192 3395 i,
1206 3368 1250 3392 1ος
1270 3359 1351 3393 Qiod
1415 3360 1496 3395 cupio
1509 3357 1718 3394 opprobrarier3
1793 3357 1866 3385 Idem
1882 3357 1969 3383 Truc.
1983 3367 2006 3393 2,
2018 3366 2041 3389 2,
2054 3367 2081 3388 25
2116 3358 2170 3384 Rus
2190 3365 2218 3385 tu
2232 3358 2301 3386 inihi
2313 3355 2493 3394 opprobrasss'

286 3405 376 3440 paucis
397 3404 453 3438 post
472 3401 603 3430 mensibus
616 3406 756 3431 exortum,
778 3397 950 3434 paucioribus
964 3405 976 3422 a
992 3403 1016 3423 te
1031 3397 1066 3422 est
1087 3395 1180 3422 diebus
1193 3396 1352 3431 oppressum.
1417 3397 1485 3423 Gell.
1495 3405 1528 3429 17,
1543 3402 1553 3421 ι
1575 3395 1610 3420 Vt
1625 3395 1665 3420 vel
1681 3393 1727 3420 liac
1742 3394 1796 3429 ipsa
1809 3403 1847 3425 re,
1866 3393 1940 3427 quod
1954 3393 1990 3419 ita
2005 3393 2109 3428 licebat,
2122 3395 2300 3429 opprobraret
2312 3393 2486 3421 aduersariis:

286 3439 466 3467 Contuineliis
480 3439 596 3473 aliquem
616 3436 725 3471 operire
745 3440 770 3461 ct
784 3435 938 3469 opprimere
972 3434 1028 3460 Cic.
1045 3433 1122 3459 Vcrr.
1137 3442 1164 3467 4,
1180 3441 1219 3458 111.
1295 3431 1354 3458 Cri·
1416 3433 1490 3460 Idem
1504 3439 1524 3462 i,
1539 3439 1564 3460 ις
1594 3430 1688 3457 Eidem
1706 3431 1839 3457 vilitatem
1858 3428 2035 3465 opprobrans.
2108 3432 2172 3458 Aur.
2189 3431 2261 3458 Vici.
2277 3431 2309 3458 de
2321 3431 2379 3459 Vir.
2395 3428 2484 3458 Illum

288 3475 406 3502 minibus
420 3482 445 3501 et
459 3474 566 3501 testibus
580 3473 660 3500 obrui
676 3478 702 3499 et
714 3471 833 3506 opprimi
867 3470 938 3497 Idein
952 3468 1018 3496 ibid.
1032 3478 1042 3500 3
1056 3468 1103 3502 (1)
1122 3476 1156 3494 20
1176 3477 1197 3493 c.
1211 3478 1233 3500 7.
1306 3468 1353 3493 Di·
1367 3475 1401 3500 90
1416 3478 1437 3496 c.
1452 3470 1486 3495 66
1511 3467 1654 3494 Luxuriam
1668 3466 1844 3501 opprobram.

288 3511 362 3538 «5111111
377 3513 451 3538 suum
466 3511 632 3544 opprimere,
652 3510 754 3535 Mutare
762 3507 912 3541 sententiam
939 3506 1020 3532 Plaut.
1037 3505 1119 3531 Merc.
1129 3513 1151 3537 2,
1165 3515 1188 3535 4,
1198 3508 1221 3531 6.
1297 3504 1354 3531 Cic.
1456 3511 1475 3532 o
1490 3509 1505 3530 r
1517 3511 1532 3531 r
1542 3510 1560 3530 R
1571 3509 1590 3529 o
1602 3508 1618 3529 Β
1633 3510 1648 3528 a
1661 3505 1682 3529 Ᾰ
1693 3510 1716 3530 Τ
1727 3509 1746 3528 v
1756 3509 1786 3536 s,
1806 3510 1836 3534 a,
1858 3510 1912 3531 uui.
1964 3502 2032 3529 Geli.
2047 3510 2073 3538 3,
2087 3510 2101 3536 ς
2118 3503 2173 3533 tit..
2188 3503 2320 3530 Mollities
2335 3491 2484 3539 oculorum,

289 3547 373 3574 Tusc.
388 3556 416 3576 2,
429 3556 453 3580 33
485 3545 534 3573 Sed
549 3545 680 3572 Dolorem
701 3543 821 3578 opprimi
834 3541 895 3568 dico
911 3541 1050 3577 patientia:
1070 3540 1088 3567 si
1107 3540 1191 3566 inodo
1209 3539 1243 3566 est
1263 3540 1353 3574 aliqua
1415 3548 1441 3568 et
1455 3538 1573 3575 corporis
1593 3539 1697 3565 cuidam
1711 3536 1875 3573 opprobrata
1888 3538 1989 3565 acerbe.
2456 3548 2459 3556 =
2514 3535 2517 3556 '=

290 3582 426 3617 patientia.
518 3581 620 3608 Dolore
637 3579 756 3615 opprimi
791 3578 865 3605 Idem
884 3579 956 3605 Fani.
973 3590 1001 3611 4,
1015 3580 1041 3603 6.
1136 3576 1266 3603 Flammas
1283 3576 1353 3603 vnda
1453 3582 1546 3603 OPPR
1557 3580 1603 3601 01³
1616 3581 1634 3601 R
1645 3581 1715 3601 ATl
1729 3580 1748 3601 0
1762 3595 1770 3606 ‚
1798 3574 1868 3600 onis,
1905 3574 1925 3600 f.
1963 3574 2130 3610 [ὀνειδισμδς]
2172 3575 2275 3601 Gellius
2293 3582 2334 3606 12,
2349 3584 2367 3600 11
2400 3570 2478 3601 Τιιηὶ

290 3618 419 3653 opprimit
443 3618 532 3645 Senec.
544 3618 638 3645 Medea
654 3625 689 3644 12.
765 3615 859 3641 Hostes
873 3614 1004 3640 conficere
1017 3619 1095 3648 atque
1109 3613 1263 3647 opprimere
1294 3613 1352 3639 Cic.
1414 3613 1511 3640 Cicero
1526 3610 1661 3645 inopinata
1676 3609 1886 3644 opprobratione
1901 3617 2048 3646 permotus.
2139 3611 2213 3639 Ideni
2226 3620 2248 3644 2,
2260 3620 2273 3644 7
2305 3611 2367 3637 Sine
2380 3609 2474 3646 oppwft

290 3663 341 3689 pro
356 3654 443 3681 Font..
455 3655 492 3680 26.
611 3652 706 3679 Hostes
725 3651 840 3687 parentis
860 3650 897 3677 sui
917 3649 1039 3685 oppreffit
1076 3649 1164 3675 Sencc.
1182 3648 1277 3676 Ofiau.
1299 3649 1316 3677 s.
1329 3655 1351 3678 8.
1367 3657 1398 3682 95
1415 3649 1538 3676 bratione
1551 3646 1641 3673 acerba
1657 3645 1877 3680 reprehensionis.
2020 3674 2023 3675 ⁷
2467 3643 2481 3651 '¹

290 3691 382 3723 Ignem
396 3689 548 3724 opprimere
571 3689 631 3715 Liu.
647 3698 686 3721 29,
701 3697 732 3719 3¹-
807 3687 863 3714 Cic.
877 3686 930 3713 Off.
948 3696 973 3717 2,
987 3692 1010 3714 111
1045 3686 1190 3719 Qiuinque
1209 3691 1352 3717 tyrannum
1453 3692 1472 3711 0
1482 3692 1496 3711 P
1506 3691 1520 3711 Ρ
1530 3690 1547 3711 R
1559 3689 1578 3709 o
1591 3688 1606 3709 B
1619 3689 1637 3709 R
1647 3688 1667 3708 Λ
1681 3689 1705 3709 Μ
1719 3689 1734 3708 Ε
1746 3689 1766 3708 Ν
1779 3689 1801 3710 ‘r
1813 3689 1833 3708 v
1844 3689 1866 3708 Μ
1876 3704 1884 3715 ,
1905 3683 1924 3709 i.
1952 3692 1977 3710 n.
2016 3683 2169 3718 [ἆνείδισμα]
2206 3682 2317 3715 Aulique
2328 3688 2373 3716 pro
2386 3683 2474 3716 Opptw·

290 3724 433 3753 Nicoclem
454 3724 604 3759 Improuiso
623 3723 797 3759 oppressisset,
821 3724 954 3750 sexcentos
975 3721 1079 3754 01111105,
1102 3721 1147 3754 qui
1169 3721 1274 3747 fuerant
1294 3721 1352 3746 eius
1416 3722 1477 3747 hrio.
1551 3719 1631 3746 Plaut.
1646 3719 1727 3745 Merc.
1748 3728 1776 3751 2,
1795 3727 1823 3751 3,
1841 3724 1872 3753 87
1904 3719 1994 3746 Multo
2007 3719 2117 3753 edepol,
2146 3718 2243 3752 siquid
2268 3718 2421 3744 faciundum
2439 3712 2473 3742 est

289 3760 409 3788 ciuitatis
423 3760 622 3795 locupletissimi,
642 3759 765 3786 restituit.
875 3758 1026 3794 Improuiso
1039 3763 1124 3783 tantus
1138 3757 1248 3783 morbus
1264 3757 1352 3783 homi·
1416 3756 1517 3789 damni,
1535 3756 1620 3782 facere
1634 3754 1759 3788 inauolo,
1780 3764 1859 3790 quam
1876 3754 2133 3790 opprobramentum
2146 3761 2189 3780 aut
2203 3753 2332 3787 flagitium
2345 3751 2472 3781 muliebre

290 3806 352 3824 nem
371 3802 561 3830 temperantem
579 3795 701 3829 oppreffit
738 3794 796 3821 Cic.
810 3795 915 3829 Att.1;‚
932 3804 948 3821 i.
1057 3794 1179 3820 Incautos
1198 3792 1352 3827 opprimere
1415 3793 1507 3819 efferri
1526 3791 1606 3818 domi.

290 3833 353 3861 Liu.
366 3833 404 3863 26,
419 3840 451 3858 12.
566 3831 624 3857 Cic.
639 3830 666 3855 in
680 3830 760 3857 Catil.
773 3839 796 3864 2,
810 3839 828 3863 4
847 3839 869 3857 c.
883 3840 895 3857 2
929 3831 1015 3863 Fore,
1034 3835 1062 3855 vt
1075 3829 1131 3854 eius
1146 3829 1231 3855 socios
1247 3828 1352 3855 inuidia
1360 3836 1407 3854 100
1455 3835 1475 3855 o
1490 3835 1505 3855 Ρ
1519 3834 1535 3855 P
1547 3834 1564 3854 R
1577 3832 1596 3853 Ο
1608 3832 1623 3853 B
1633 3828 1724 3854 R168
1737 3833 1795 3857 vs,
1816 3837 1846 3862 a,
1865 3836 1920 3853 uni.
1959 3825 2019 3853 Adi.
2056 3825 2148 3851 Plenus
2160 3825 2291 3858 opprobii.
2365 3824 2427 3858 ch.
2441 3829 2472 3854 4ο

290 3868 434 3904 oppressus,
452 3866 572 3900 persequi
586 3875 640 3892 non
654 3867 759 3900 possem.
832 3865 906 3893 Idem
923 3876 972 3901 pro
985 3866 1078 3898 Quint.
1092 3873 1107 3899 7
1128 3865 1152 3890 Si
1168 3865 1195 3891 id
1210 3864 1246 3891 est
1259 3863 1351 3890 defen.
1415 3865 1437 3897 §—
1454 3874 1462 3891 ι
1486 3863 1554 3891 Cod.
1574 3863 1606 3889 de
1619 3863 1700 3897 Epist.
1720 3870 1744 3890 et
1757 3857 1829 3890 lecr.
1858 3862 2009 3890 Absurdum
2024 3860 2128 3888 clericis
2145 3860 2274 3887 essimmo
2287 3861 2367 3887 etiam
2380 3865 2472 3894 oppro-

290 3905 363 3937 dere,
384 3902 522 3938 cupiditati
535 3901 641 3927 alterius
655 3901 854 3936 obtemperare3
875 3911 929 3935 quo
946 3902 966 3928 is
985 3901 1106 3934 facilius,
1127 3910 1205 3934 quem
1220 3900 1302 3931 velit,
1321 3900 1351 3925 in
1412 3900 1542 3929 briosum.

290 3950 345 3976 quo
359 3939 463 3967 Iudicio
476 3937 629 3971 opprimere
641 3937 723 3971 poslit.
796 3937 853 3963 Cic.
868 3945 918 3971 pro
931 3938 1035 3964 Clucnt.
1049 3946 1080 3969 30
1108 3937 1137 3963 Et
1150 3937 1185 3963 cst
1201 3936 1351 3972 quisquam,
1450 3943 1470 3963 0
1479 3942 1494 3962 Ρ
1506 3943 1521 3962 P
1531 3942 1551 3961 V
1560 3940 1610 3961 GN
1619 3941 1638 3962 0
1652 3955 1661 3968 ‚
1703 3940 1757 3962 fite.
1797 3935 1938 3969 [masiis-2,
1969 3935 2115 3964 πολιορκέω,
2145 3934 2314 3968 πρασβάλλω]
2345 3929 2472 3965 fignificat

291 3976 353 4010 qni,
378 3983 461 4010 quum
481 3972 544 3999 haec
560 3973 734 4006 cognouerit,
752 3973 876 4007 suspicari
897 3973 970 4006 point
989 3973 1168 4008 Oppianicum
1180 3972 1284 4000 Iudicio
1304 3980 1350 4006 op·
1413 3973 1507 3998 Contra
1517 3978 1639 4006 pugnare,
1660 3973 1763 3998 nocendi
1776 3970 1858 4005 causa.
1933 3970 1990 3997 Cic.
2003 3968 2073 3994 Fam.
2087 3976 2108 3996 2.
2124 3976 2138 4000 9
2155 3969 2233 4001 (io)
2261 3968 2299 3994 I'ni
2313 3968 2433 4002 quintum
2447 3967 2472 3989 et

290 4012 404 4046 pressum
416 4017 442 4039 et
455 4009 667 4037 circumuentum
680 4009 728 4035 effe
741 4007 928 4034 innocentem?
999 4010 1117 4036 Leonem
1127 4008 1216 4035 iaculo
1228 4007 1349 4043 oppreffit
1363 4015 1405 4039 105
1414 4007 1566 4034 vicesimum
1579 4007 1632 4034 iam
1645 4007 1717 4034 diem
1731 4006 1883 4043 aggeribus,
1902 4005 1998 4037 vineis,
2017 4001 2137 4030 turribus
2150 4003 2335 4039 oppugnabam
2348 3999 2476 4038 oppidmfi

2387 4041 2471 4064 muni-
