2517 4231
45 242 120 282 705
440 221 703 264 PAR
1554 223 1820 265 PAR
2041 242 2209 291 ‚706

48 319 96 346 bus
108 316 148 345 illi
159 315 232 343 vrbis
245 315 304 341 suae
317 319 417 349 partem
430 312 602 344 ademerunt,
621 311 656 339 iis
670 316 699 339 tu
711 308 800 349 nostri·
809 307 918 348 imperii
932 312 1033 348 partem
1052 306 1096 333 de·
1157 309 1246 345 aliqua
1259 314 1331 345 parte
1344 312 1586 345 argumentationes
1600 313 1812 343 aduersariorum
1826 315 1982 346 labefactare
1998 322 2098 351 Αιιξὶοι·
2111 326 2141 352 ad
2156 327 2211 354 He-

46 354 115 382 dini.
187 351 256 378 Ter.
264 351 292 377 in
305 349 374 384 prol.
389 348 500 384 Adelph.
515 357 542 380 23
563 349 650 380 Senes,
662 345 709 382 qui
721 345 802 381 primi
815 350 934 383 venient,
953 343 979 370 hi
996 350 1096 383 partem
1159 355 1234 372 renn.
1247 354 1269 387 2..
1358 348 1399 374 Ab
1412 357 1441 375 ea
1455 355 1527 383 panc
1550 350 1670 378 Scribon.
1684 359 1720 382 53·
1827 352 1868 379 Ab
1880 355 1954 381 omni
1968 363 2039 389 parm
2066 361 2136 388 Idem
2150 366 2201 390 226

48 388 180 425 aperient:
207 386 236 412 in
249 385 351 421 agendo
365 391 465 420 partem
480 383 624 411 ostendent.
719 380 1097 421 OmnesomniumCentium
1158 389 1217 416 227.
1253 391 1271 421 ¹.·
1292 383 1413 423 '11⁷3clt'q11e.¹
1484 386 1516 410 lit
1524 386 1580 418 fine
1595 386 1707 421 Praepos.
1745 387 1780 414 Ea
1797 394 1871 423 parte
1891 390 2029 425 imponere
2058 394 2131 422 Idem
2152 385 2210 431 229:

17 423 130 462 .‘.partes
149 423 301 457 (Europam,
320 420 424 455 Aſsum,
441 420 578 455 Aftt‘cmn)
595 417 681 446 tribus
699 415 843 451 triumphis
856 415 976 455 deuinxit
1000 416 1055 442 Cic.
1070 423 1098 441 m
1160 416 1201 443 Ab
1215 417 1335 456 Orientis
1349 419 1466 452 partibus
1482 421 1589 448 virtutis
1603 428 1663 448 tuae
1675 422 1782 458 lumen,
1802 430 1831 450 vt
1848 425 1948 453 eluceat
1967 434 2033 462 opto
2069 429 2126 457 Cic,
2139 433 2211 461 1:3¹„-

48 461 133 488 Pison·
153 467 195 492 ²⁴9·
248 459 288 483 De
302 457 422 490 P‘m's’fh'·
492 455 608 482 Mm'tial·
620 459 644 486 ε’
657 462 686 485 ⁴7
714 453 774 479 PM⁵
795 451 961 492 ¹3¹³X¹H³r¹¹¹¹¹
977 452 1049 478 tonsa
1062 449 1098 477 ⁰st
1123 461 1136 485 ⁵
1160 460 1195 491 ¹.²’
1206 459 1228 484 5·
1290 451 1357 479 mm·
1374 461 1400 487 72
1413 463 1445 487 50
1464 457 1592 491 ‘'list’'‘m'
1611 459 1670 491 Qia
1684 458 1713 484 111
1725 468 1754 485 re
1766 458 1946 495 obseruatum,
1961 470 1977 488 a
1989 463 2143 492 meridianis
2155 477 2212 501 par.

46 496 114 526 tibi,
133 502 191 530 pars
203 492 253 520 tibi
267 493 322 519 rasa
335 492 386 525 est,
423 493 484 519 Pars
499 491 570 518 vulsa
582 489 632 516 est:
667 497 752 515 vnum
769 496 828 522 quis
847 494 920 522 putet
937 488 986 514 csse
1005 486 1099 526 caput?
1159 488 1230 514 tibus
1245 486 1277 513 ad
1290 489 1408 515 occasum
1423 491 1483 518 solis
1494 492 1666 526 pestilentiam
1680 495 1782 530 semper
1793 497 1843 523 ire.
1912 499 2004 534 Nempe
2017 499 2104 526 Partes
2116 507 2161 535 pro
2174 513 2213 528 re-

47 529 142 559 Mundi
161 535 247 564 partes
281 529 385 555 Lucret.
401 536 423 561 5,
436 534 490 561 478·
578 525 634 552 Cic.
651 523 729 550 Acad.
744 533 762 557 1,
776 532 805 557 45
834 523 981 550 Carneades
1000 522 1098 549 nullms
1154 525 1231 558 gione
1244 524 1286 548 hic
1298 531 1431 558 ponuntur.
1506 529 1547 553 Sic
1570 530 1664 556 Vemm
1683 529 1735 557 hoc
1753 531 1853 559 ,neubi
1873 534 1960 561 venti:
1977 539 2007 561 v,
2021 534 2049 561 in
2063 535 2168 568 Africa,
2188 543 2214 564 et

48 565 233 601 Philosophiae
247 564 327 599 partis
341 564 465 599 ignarus,
500 562 522 588 h.
535 571 555 587 e.
581 562 681 586 Omnem
697 559 866 595 Philtffophiae
881 560 1042 595 cognitionem
1056 559 1098 583 ha·
1159 559 1189 600 111
1202 557 1382 586 Narbonensis
1396 562 1551 594 prouinciae
1564 564 1682 598 partibus
1709 566 1775 594 Plin.
1791 576 1825 601 14,
1839 577 1857 595 ι.
1961 570 2000 597 De
2014 576 2087 606 parte
2106 571 2216 607 sinistra,

47 603 112 629 bens.
208 600 303 635 Populi
317 606 400 635 partes
407 599 468 635 sunt
481 597 569 628 tribus,
588 595 723 629 cenem-iae,
740 595 832 630 claffios.
904 595 961 623 Cic.
975 594 1006 621 de
1018 594 1097 628 Legg·
1160 595 1212 623 vtd.
1233 601 1287 636 PE·
1359 596 1491 625 Fulminat
1506 598 1537 625 de
1550 607 1622 633 parte
1636 601 1734 628 Boreae
1754 604 1829 638 Virg.
1840 604 1938 640 Georg.
1951 614 1970 639 ι,
1983 615 2036 640 370.
2092 608 2217 642 nequens

48 648 60 672 3
83 647 97 671 7
115 646 138 664 c.
151 646 162 669 3
190 637 324 663 'Censores
342 651 388 656 -—
407 633 550 670 populique
559 636 650 666 ‘partes
667 632 696 658 in
710 631 794 658 tribus
808 630 995 658 distribuuntO.
1068 629 1100 654 Et
1116 639 1145 657 ιο
1161 630 1188 655 in
1198 631 1288 665 prunis
1302 630 1334 670 5st
1346 631 1392 658 Ex.
1425 633 1481 659 Cic.
1490 643 1538 668 pro
1553 636 1706 670 Muracn.42
1721 647 1743 664 c.
1751 648 1781 666 20
1801 640 1928 673 Qaestio
1941 642 2072 676 peculatus
2086 643 2123 670 Ex
2135 643 2217 670 altera

51 659 70 701 ,ἶ
88 683 110 701 c.
123 683 138 706 4
168 672 207 699 De
221 673 304 707 capite
317 672 399 703 ciuis,
418 668 465 696 niti
478 676 525 702 per
537 667 684 694 maximum
696 667 862 694 comitiatum
874 668 1100 704 ollosque‚.quos
1161 672 1234 700 parte
1249 665 1417 693 lacrimarum
1435 674 1460 694 et
1473 670 1618 702 squaloris,
1639 681 1671 698 ex
1691 672 1773 701 altera
1792 675 1868 708 plena
1885 682 2035 705 catenarum
2053 683 2130 714 atque
2148 679 2218 706 indi-

49 709 167 736 censores
182 708 212 735 in
226 708 344 743 partibus
356 705 448 741 populi
465 703 595 736 locaffint,
611 712 643 729 ne
656 703 772 730 ferunto.
845 703 912 729 Hinc
928 703 973 727 lux
996 700 1052 727 Cic.
1067 699 1099 725 de
1156 710 1230 728 cum.
1302 702 1338 729 Ex
1352 712 1446 736 magna
1459 712 1542 738 parte,
1559 713 1605 740 pro
1619 708 1764 743 Plerumque
1784 710 1850 738 Plin,
1864 717 1888 742 ε,
1901 722 1928 743 54
1948 714 2076 747 defimiis.
2148 715 2218 742 Scri-

47 745 78 773 1*
93 746 157 779 Agr„
166 753 189 780 2,
204 753 230 778 ¹9
248 753 270 770 ς,
282 753 296 777 7
332 740 480 773 Dominus,
500 738 573 779 quod
593 747 640 773 per
661 739 832 767 caerimonias
851 737 944 773 populi
965 736 1025 764 fleri
1043 743 1099 762 non
1160 738 1225 764 bon.
1240 745 1300 778 209.
1320 744 1345 764 et
1359 739 1475 767 Perorat.
1491 741 1586 775 Magna
1601 750 1632 768 ex
1646 749 1718 782 parte
1732 751 1773 779 98.
1845 747 1977 780 Qfinffil.
1992 759 2029 783 10,
2042 758 2051 776 1
2071 751 2109 777 Ex
2122 759 2219 786 magna

46 785 161 817 poterat,
181 781 283 807 ratione
294 779 416 804 assecutus
429 775 474 808 est,
492 780 520 802 vt
534 775 571 808 ld,
586 774 672 817 quoad
685 776 776 810 poss'et,
796 773 882 808 quoad
897 773 936 798 fas
947 773 1015 805 esset,
1036 779 1101 805 quo·
1160 782 1233 807 parte
1246 774 1421 807 Ciceronem,
1440 784 1553 810 quantus
1569 776 1605 803 est
1619 777 1692 804 fecit.
1764 781 1888 808 Assentiri
1901 784 1978 811 alicui
1994 794 2087 826 magna
2099 796 2130 813 ex
2144 792 2220 822 parte

45 817 78 844 ad
92 816 198 851 liceret,
217 814 309 850 populi
322 812 354 839 ad
369 817 454 846 partes
470 811 560 843 daret,
597 821 615 837 1.
633 811 724 837 minori
736 819 833 836 numero
846 809 956 835 tribuum
971 807 995 842 s.
1011 813 1098 833 xvtt
1118 817 1142 840 ις
1161 809 1217 836 Cic.
1229 809 1339 842 Att.7‚3.
1395 812 1464 837 Adcl.
1478 812 1510 838 D.
1525 812 1598 839 Brut.
1611 812 1643 839 ad
1657 814 1791 842 Cic.Fam.
1801 827 1860 851 n‚4.
1933 821 2052 847 omnmo
2065 830 2110 849 aut
2123 831 2220 858 magna

42 852 164 884 sribubus,
181 859 234 876 cum
246 858 324 875 omnes
337 848 413 883 assi-m
438 855 457 874 x
469 854 487 874 x
496 855 513 874 x
524 855 555 874 v.
661 846 751 874 Sensus
768 852 869 880 partem
884 843 902 870 fi
915 843 995 870 vllam
1010 841 1102 872 habes,
1160 853 1193 871 ex
1205 852 1278 880 parte
1292 845 1402 872 liberari
1423 846 1496 874 Idem
1510 848 1593 875 Tusc.
1609 858 1627 881 1,
1640 858 1658 876 1.
1729 851 1834 878 Maiore
1847 861 1880 879 ex
1893 862 1966 887 parte
1992 857 2065 884 mem
2078 858 2110 884 de
2125 859 2220 886 moin,

45 887 109 915 haee
122 893 147 913 te
164 886 272 918 lacerat,
291 884 354 910 haee
375 890 492 911 cruentat
513 883 602 910 oratio
634 883 691 909 Cic.
705 880 818 915 Philipp.
831 889 853 912 2,
867 881 906 909 86.
999 877 1102 912 specta·
1161 888 1177 906 2
1190 890 1211 907 c.
1225 890 1249 913 9.
1346 881 1434 909 Multo
1453 884 1568 910 maxima
1589 893 1620 911 ex
1641 890 1713 919 parte
1733 886 1831 914 liberae
1849 889 1981 923 religione
1995 891 2089 920 domus
2115 894 2170 921 Cic,
2185 894 2219 921 de

45 929 133 952 torum
165 929 239 956 pars,
274 920 426 947 Hominum
452 928 526 953 pars,
550 926 598 954 pro
623 919 716 945 incerto
748 917 853 951 quodam
880 923 990 954 numero·
1017 913 1101 940 Plaut.
1162 917 1377 957 An1sp,l}esp,11
1398 921 1456 947 αὗ,
1515 920 1650 946 &finitur
1662 923 1789 949 interdum
1801 925 1951 959 praepffitio
1969 936 2032 963 πε.
2050 930 2132 956 Omni
2147 936 2221 965 pane

46 956 160 987 Τι’-ικαὶ.
177 968 197 989 ι,
212 964 237 989 2,
252 964 286 983 12.
344 955 418 982 Idem
429 955 513 981 Trin.
529 965 547 985 ι,
560 963 579 987 ι,
593 963 629 982 12.
700 953 923 985 Terrartnn‘pars
952 949 1021 976 le.
1035 959 1067 983 13,
1078 959 1102 982 4.
1162 953 1205 978 sua
1232 953 1353 980 Scribon.
1368 954 1414 989 Ep.
1488 956 1521 981 Et
1541 965 1562 982 c.
1577 965 1622 988 230
1652 957 1688 984 Ea
1702 965 1788 992 parte,
1808 968 1860 993 qna
1879 960 2004 989 tollenda·
2100 965 2220 993 Dimidia

48 994 103 1022 Cic.
115 1001 165 1028 pro
180 993 257 1020 Font.
271 1002 301 1025 30
326 993 357 1018 In
369 990 495 1018 omnibus
509 991 586 1017 Vitae
600 988 716 1024 partibus
729 987 898 1027 moderamni
912 992 1101 1026 attemperan-
1114 995 1146 1013 20
1162 994 1236 1023 parte
1255 989 1326 1016 Suet.
1339 990 1389 1017 Iul.
1403 999 1424 1016 c.
1437 998 1478 1024 41,
1491 1000 1504 1017 2
1518 998 1540 1018 et
1554 998 1577 1024 ς.
1633 992 1673 1020 Id.
1688 993 1789 1021 Domit.
1806 1004 1827 1021 e.
1835 1002 1862 1030 7,
1877 998 1901 1024 6.
1972 998 2039 1026 Plin.
2053 1006 2092 1034 37,
2106 1011 2123 1027 ιι
2144 1001 2222 1028 Meli.

29 1036 115 1062 παπ,
133 1029 240 1063 plenum
253 1028 380 1062 pudoris,
396 1027 502 1062 plenum
514 1024 613 1057 officii,
633 1024 741 1058 plenum
753 1023 906 1057 religionis,
925 1022 1023 1063 Videtis
1036 1019 1103 1057 posi-
1163 1025 1277 1052 chloron
1291 1025 1327 1052 est
1341 1026 1474 1059 geminus:
1496 1032 1569 1060 parte
1581 1028 1673 1062 flaum,
1693 1036 1766 1064 parte
1780 1031 1898 1058 melleus.
1972 1034 2046 1069 virg,
2060 1037 2124 1064 Aen,
2139 1043 2161 1069 3,
2173 1040 2221 1070 633

48 1071 104 1093 mm
116 1063 145 1091 in
159 1064 243 1091 vestra
257 1064 309 1090 tide
322 1073 350 1091 ac
364 1062 496 1097 potestate.
568 1061 656 1086 Partes
673 1059 705 1085 de
718 1067 800 1085 coena
826 1059 895 1086 Suet.
908 1059 1010 1085 Domit.
1033 1067 1055 1084 c.
1072 1067 1101 1083 11.
1164 1061 1235 1087 Hinc
1248 1061 1378 1095 Augustus
1390 1070 1468 1095 agens
1482 1062 1561 1090 Italos
1576 1064 1605 1090 in
1624 1065 1723 1100 praelia
1736 1066 1839 1094 Caesar.
1912 1068 1943 1094 Et
1959 1070 2038 1104 paullo
2054 1072 2120 1107 past,
2145 1074 2222 1100 Pane

46 1099 68 1140 fl
93 1109 106 1128 a
163 1100 311 1127 Adt'et‘liua:
347 1099 374 1126 Si
393 1097 460 1124 mihi
474 1098 564 1132 Aequa
582 1105 641 1131 pars
661 1095 759 1121 amoris
779 1101 866 1121 tecum
879 1095 957 1127 ess'et,
992 1094 1011 1120 ι’,
1026 1093 1102 1126 fime
1162 1097 1215 1123 alia
1228 1098 1331 1131 ventis,
1352 1104 1378 1124 et
1397 1098 1448 1124 diis
1464 1099 1581 1134 Agrippa
1600 1100 1719 1127 secundis
1776 1102 1898 1134 Arduus,
1913 1112 2006 1139 agmen
2020 1115 2106 1141 agens.
2179 1110 2223 1135 Sic

45 1144 127 1164 mutuo
140 1144 235 1162 amares
261 1135 330 1162 Ter.
344 1135 409 1161 Eun.
426 1143 443 1166 1,
456 1142 479 1165 2,
495 1141 526 1159 ιτ.
632 1131 730 1158 Aueria
744 1139 817 1165 pars,
837 1130 893 1156 vid.
917 1137 941 1157 A
951 1136 971 1155 V
982 1136 1027 1157 ER
1038 1135 1060 1155 Τ
1072 1135 1103 1155 O.
1163 1133 1301 1166 Partibus,
1318 1140 1366 1169 pro
1379 1134 1417 1160 Ex
1432 1134 1550 1168 pambus
1569 1137 1613 1161 vel
1624 1137 1654 1162 [n
1666 1137 1786 1172 partibas,
1859 1140 1957 1167 Patere,
1979 1151 1999 1174 2,
2013 1147 2048 1175 33,
2064 1153 2071 1169 ¹
2105 1144 2140 1171 Vt
2154 1153 2222 1179 quae

45 1173 121 1200 Bona
135 1180 209 1207 pars,
230 1172 247 1198 i.
258 1171 370 1207 plerique
389 1170 457 1195 Hor.
472 1169 501 1194 Α.
518 1169 544 1194 Ρ.
560 1176 613 1200 297.
707 1167 780 1207 bona
791 1175 850 1201 pars
862 1165 1102 1206 *hominum-Idem
1118 1178 1146 1204 25
1164 1168 1287 1201 facilius,
1308 1178 1387 1202 quam
1406 1169 1541 1204 partibus,
1564 1171 1638 1198 simul
1655 1172 1778 1200 vniuersa
1797 1174 1914 1209 conspici
1931 1177 2031 1210 poffint.
2104 1180 2176 1206 Idem
2198 1190 2223 1214 2,

46 1209 98 1235 Sat.
112 1216 131 1240 1,
147 1217 165 1240 1,
180 1210 217 1235 61.
321 1206 422 1232 Bonam
435 1210 544 1239 ,partem
563 1202 693 1230 sermonis
711 1210 740 1229 111
754 1202 822 1228 hanc
842 1202 914 1229 diem
931 1202 980 1228 esse
994 1202 1102 1228 d1latam
1164 1210 1206 1238 38,
1227 1215 1245 1238 4
1276 1205 1340 1232 Inde
1354 1206 1428 1232 varie
1441 1207 1542 1240 possessa
1556 1213 1581 1233 et
1596 1208 1669 1242 saepe
1680 1209 1768 1235 amiss'a
1783 1210 1916 1244 partibus,
1937 1212 2016 1238 duflu
2033 1214 2139 1246 Augusti
2152 1215 2223 1242 fflfla

47 1244 104 1272 Cic.
119 1243 151 1270 de
167 1244 242 1270 Orat.
256 1251 278 1278 2,
291 1251 315 1274 ¹4
334 1250 356 1267 c.
370 1250 390 1273 3.
463 1240 662 1267 Celeberrimae
675 1244 701 1266 et
715 1238 847 1265 maximae
860 1244 945 1273 partes
963 1237 1036 1264 vrbis
1063 1237 1102 1265 Id.
1162 1240 1345 1275 stipendiaria.
1402 1243 1441 1268 De
1455 1242 1589 1277 Hispania.
1662 1244 1796 1271 Columel.
1810 1254 1832 1278 2,
1846 1255 1857 1278 3
1883 1246 1948 1273 Non
1961 1249 2085 1284 multum,
2106 1260 2152 1278 nec
2166 1252 2225 1278 vni-

46 1289 98 1315 pro
111 1280 190 1306 Dom-
203 1281 254 1310 146.
324 1276 504 1303 Celeberrimn
518 1284 576 1310 pars
590 1276 690 1316 Romae·
710 1274 846 1301 Stat-Silu-
862 1284 879 1307 ¹,
895 1283 917 1309 2,
930 1283 982 1306 232·
1035 1274 1103 1300 Cen·
1163 1276 1269 1303 versum
1283 1277 1388 1318 cibum,
1407 1278 1449 1303 sed
1469 1277 1588 1312 partibus
1600 1284 1627 1306 et
1639 1280 1776 1314 paullatim
1791 1281 1918 1316 praebere
1930 1285 2064 1312 conuenit.
2144 1287 2226 1314 Parti.

47 1315 151 1351 (etima,
170 1316 224 1341 vid.
245 1319 263 1341 c
276 1319 427 1340 εΝΤνΜ.
502 1312 641 1345 coaequa,
661 1312 716 1337 wd.
733 1317 750 1337 c
763 1317 782 1337 o
792 1318 840 1338 ΑΕ
850 1316 960 1350 vis.
1034 1311 1104 1336 Con·
1165 1312 1214 1339 bus
1233 1313 1322 1340 locare
1348 1314 1416 1340 le·
1431 1315 1478 1348 Ep.
1491 1323 1519 1348 9,
1532 1323 1569 1346 37·
1606 1316 1625 1342 τ’.
1645 1322 1690 1349 per
1702 1323 1796 1351 parm,
1871 1319 1921 1344 Sed
1932 1320 2094 1354 frequentius
2107 1322 2226 1358 cxprimi-

47 1352 154 1378 firmans
174 1349 314 1383 .Q1int5}il.
329 1359 353 1381 ς,
366 1358 402 1375 1ο.
507 1347 609 1382 Exigua
626 1356 685 1382 pars
702 1346 803 1373 montis
832 1347 910 1381 Virg.
924 1348 989 1372 Aen.
1003 1355 1042 1379 10,
1056 1350 1103 1375 128.
1120 1356 1149 1380 30
1164 1357 1207 1375 tur
1228 1349 1273 1375 Ex.
1346 1350 1477 1382 Qiine'til.
1491 1352 1516 1383 6,
1529 1359 1551 1382 3,
1565 1359 1600 1383 90
1631 1351 1712 1377 Pisces
1725 1353 1762 1378 Ex
1782 1360 1855 1387 parte
1868 1353 1951 1381 adusti
1966 1362 1991 1381 et
2004 1357 2109 1385 versati.
2180 1358 2227 1385 Di-

46 1387 147 1417 Exigua
161 1395 218 1420 pars
235 1385 363 1419 temporis
394 1385 499 1411 Lucret.
514 1393 536 1417 3,
551 1392 617 1417 400.
714 1382 882 1416 Exiguiffima
900 1391 958 1417 pars
975 1382 1054 1409 restat
1073 1381 1105 1408 de
1166 1384 1249 1411 midia
1262 1386 1300 1412 Ex
1313 1392 1387 1419 parte
1403 1386 1548 1412 sacerdotes
1562 1395 1617 1412 non
1631 1385 1742 1414 habebit
1755 1388 1890 1416 Romanus
1903 1391 2017 1425 populus
2037 1393 2093 1419 Cic.
2108 1402 2157 1428 pro
2171 1394 2228 1420 Do-

46 1423 123 1450 turba
139 1422 188 1448 frat
195 1430 252 1447 rum
283 1420 366 1447 Ouid.
381 1420 458 1455 Epist.
477 1429 513 1452 ¹⁴,
529 1429 572 1450 ιις.
642 1419 773 1446 Immensa
803 1419 892 1458 Senec.
905 1418 1016 1453 Hippoi.
1035 1418 1054 1444 s.
1068 1427 1106 1444 ιο.
1166 1429 1212 1447 1110
1227 1426 1253 1452 38
1272 1430 1292 1447 c.
1307 1429 1342 1455 14.
1394 1456 1400 1461 ·
1416 1422 1488 1448 Idem
1502 1422 1539 1455 Q
1551 1421 1620 1450 Frat.
1631 1431 1652 1455 3,
1668 1432 1676 1448 1
1704 1424 1785 1457 Quod
1799 1425 1850 1452 tibi
1863 1435 1921 1452 mea
1937 1427 2070 1462 permiffio
2084 1429 2226 1457 mansioni,

45 1459 163 1487 Incultae
175 1463 260 1491 partes
273 1456 382 1489 mundi,
401 1457 455 1482 vid.
478 1463 488 1482 1
501 1462 522 1482 Ν
534 1462 551 1482 C
561 1460 582 1482 0
593 1461 609 1482 1.
623 1460 656 1482 0.
751 1454 869 1481 Inferior
895 1455 1000 1481 Lucret.
1015 1463 1036 1487 ς,
1049 1460 1104 1486 289.
1165 1463 1225 1483 tuae
1238 1463 1311 1490 grata
1322 1456 1373 1489 est,
1392 1457 1420 1483 id
1437 1467 1486 1492 ego
1500 1458 1604 1484 summo
1620 1467 1682 1485 meo
1694 1460 1790 1487 dolore
1805 1469 1830 1488 et
1842 1461 1988 1496 defiderio,
2007 1470 2095 1491 tamen
2109 1474 2141 1491 ex
2153 1472 2228 1500 parte

45 1495 143 1522 Intima
155 1499 229 1528 parte
242 1492 327 1527 vrbis,
348 1492 402 1518 vid.
423 1498 496 1518 1NT
506 1498 524 1518 R
533 1498 565 1517 A.
662 1490 723 1517 Plus
737 1490 805 1516 Iusta
817 1497 891 1525 parte
917 1491 994 1523 Virg.
1005 1491 1106 1523 Georg.
1165 1492 1278 1527 gaudeo.
1352 1493 1390 1519 Ex
1403 1493 1491 1527 aliqua
1506 1501 1580 1528 parte
1600 1494 1720 1522 Scribon.
1735 1498 1774 1526 56.
1854 1497 1949 1532 Aliqua
1963 1508 1994 1525 ex
2005 1508 2078 1535 parte
2102 1501 2175 1528 Idem
2190 1511 2228 1535 53.

45 1540 66 1564 1,
79 1539 113 1562 3³-
185 1530 272 1556 Laeua
295 1527 377 1556 Ouid.
392 1528 456 1554 Met.
471 1534 494 1560 3,
508 1536 565 1554 220.
639 1526 700 1553 Pars
716 1527 828 1560 Magna,
847 1527 914 1561 quod
924 1533 947 1551 et
959 1527 1032 1553 Bona
1047 1533 1105 1560 pars
1122 1535 1148 1558 35
1168 1535 1219 1561 ¹03-
1292 1529 1348 1556 Cic,
1361 1530 1413 1555 Αη,
1428 1538 1452 1561 3,
1467 1539 1498 1561 ¹4,
1570 1528 1644 1556 Idem
1657 1531 1735 1559 Verr.
1749 1541 1768 1564 ¹,
1780 1534 1811 1564 76
1837 1533 1953 1561 Grandis
1966 1541 2027 1562 nam
2039 1545 2132 1571 parens
2146 1538 2228 1565 addu-

45 1567 154 1592 dicitur:
174 1566 197 1593 h.
211 1575 232 1592 e.
254 1565 343 1591 Multi.
400 1564 483 1590 Plaut.
496 1561 612 1590 Mostell.
626 1571 644 1594 1,
656 1571 677 1595 2,
692 1571 718 1595 34
739 1563 834 1597 Magna
849 1571 907 1596 pars
921 1570 1023 1588 moram
1037 1561 1105 1587 hanc
1167 1563 1224 1591 &us
1239 1563 1271 1590 ad
1285 1564 1460 1599 supplicium,
1485 1566 1522 1592 Ex
1535 1565 1614 1592 altera
1628 1572 1702 1600 parte
1715 1567 1796 1595 filius,
1868 1570 1906 1596 Ex
1919 1570 2000 1598 altera
2013 1579 2086 1607 parte
2100 1575 2228 1608 grauiter,

45 1601 94 1629 fibi
108 1601 285 1632 induxerunt,
308 1600 407 1632 donec,
425 1607 473 1628 etc.
582 1599 677 1632 Magna
692 1607 749 1633 pars
763 1596 880 1625 vestrum
905 1598 975 1625 Ter.
989 1598 1017 1624 in
1034 1597 1104 1632 prol.
1166 1609 1199 1626 ex
1212 1599 1292 1626 altera
1306 1607 1379 1627 acute
1397 1609 1515 1627 exrrema
1535 1602 1626 1628 sonant
1653 1602 1710 1628 Cic.
1725 1603 1754 1629 in
1770 1603 1858 1631 Somn.
1873 1605 1940 1640 Scip.
1956 1616 1985 1633 ιι.
2021 1610 2061 1634 De
2077 1617 2142 1635 motu
2155 1611 2228 1637 meli,

46 1638 143 1665 Heaut.
162 1645 188 1671 9.
297 1635 389 1663 Morbi
403 1636 526 1670 Magnam
541 1634 676 1669 deponere
696 1640 797 1668 partem
824 1634 893 1660 Hor.
908 1634 986 1669 Epist.
1001 1643 1019 1667 1,
1034 1644 1053 1665 1,
1068 1640 1105 1666 33.
1165 1636 1239 1663 Idem
1252 1635 1318 1663 ibid.
1335 1646 1357 1666 ις
1377 1637 1396 1663 Ε
1410 1636 1506 1672 quibus
1520 1636 1586 1663 duos
1601 1638 1716 1664 maxime
1729 1639 1801 1666 inter
1813 1640 1839 1665 se
1853 1640 1982 1675 diuersos,
2001 1649 2026 1670 et
2041 1645 2107 1671 caeli
2121 1646 2230 1672 vertici·

45 1674 170 1707 Magnam
184 1678 284 1707 partem
297 1670 395 1698 habere
409 1671 439 1697 in
454 1679 481 1696 re
495 1671 585 1704 aliqua
604 1670 678 1704 virg.
686 1670 752 1696 Aen.
766 1671 793 1702 6,
807 1679 837 1701 3¹-
910 1672 943 1696 Et
955 1671 1027 1696 Plur.
1047 1669 1104 1695 Cic.
1167 1671 1214 1697 bus
1230 1671 1289 1706 ipsis
1302 1673 1339 1699 Ex
1353 1680 1465 1707 Vtraque
1481 1680 1555 1707 parte
1570 1672 1713 1706 subnixos,
1731 1674 1875 1708 obriguisse
1888 1679 1984 1711 pruina
1998 1679 2083 1706 vides.
2127 1682 2166 1706 De
2177 1682 2230 1707 cin-

46 1718 98 1745 pro
111 1709 174 1735 Rab.
190 1708 258 1735 Post.
276 1719 290 1738 4
316 1706 418 1733 Habuit
433 1706 540 1740 Magnas
558 1711 644 1739 partes
664 1705 832 1738 publicorum
853 1707 936 1731 eadem
955 1705 1052 1731 ratione
1065 1705 1105 1729 di·
1115 1708 1232 1741 ,fo-melis
1245 1709 1316 1734 caeli.
1388 1709 1425 1734 Ex
1438 1708 1512 1734 omni
1526 1714 1599 1741 parte
1613 1708 1809 1742 diligentiffime
1824 1711 1926 1745 aliquid
1937 1714 2102 1741 considerare
2124 1716 2182 1742 Cic.
2196 1717 2230 1742 de

47 1746 121 1778 aum,
140 1749 171 1770 vt
182 1744 252 1770 bodie
264 1748 350 1777 partes
365 1742 506 1769 metallicas
518 1741 598 1766 dicere
610 1741 684 1773 licet,
706 1747 750 1765 aut
761 1746 847 1774 partes
854 1740 982 1774 societatis
995 1739 1104 1774 negotia·
1166 1742 1260 1768 Diuin,
1274 1751 1299 1774 2,
1312 1751 1341 1773 32
1355 1752 1377 1769 ς.
1392 1752 1422 1773 ¹3·
1495 1743 1617 1770 Ostendit
1631 1745 1657 1770 se
1669 1752 1701 1770 cx
1713 1744 1838 1771 omnibus
1851 1747 1971 1780 partibus
1984 1758 2061 1775 amor
2073 1756 2133 1776 mus
2144 1752 2173 1777 j„
2186 1751 2230 1778 hb

48 1786 218 1814 torum‚·quas
231 1779 376 1806 Aeliorum.
389 1778 486 1803 nomine
499 1782 595 1801 vocant.
669 1775 711 1801 Sic
727 1784 782 1800 mox
804 1775 862 1802 Nec
875 1775 977 1801 interea
989 1774 1106 1808 locuple·
1166 1777 1251 1804 literis
1278 1778 1351 1804 Idem
1367 1778 1440 1804 Fam.
1454 1785 1478 1811 ς,
1493 1787 1516 1809 ¹5
1529 1786 1571 1812 pr.
1679 1780 1709 1805 In
1723 1787 1797 1814 parte
1808 1781 1897 1815 aliqua
1909 1783 1978 1818 apud
1991 1785 2106 1819 aliquam
2120 1786 2231 1815 haerere

47 1822 102 1842 tare
114 1816 213 1842 amicos
228 1815 289 1840 suos*
301 1821 418 1847 vnquam
432 1811 540 1843 destitit,
561 1810 667 1837 mittere
680 1811 709 1836 in
722 1811 871 1846 negotium,
886 1810 947 1836 dare
960 1816 1056 1844 parteS,
1077 1819 1106 1836 re
1165 1813 1235 1839 Ter.
1244 1813 1310 1839 Eun.
1324 1823 1346 1845 ς,
1360 1823 1385 1847 9,
1400 1823 1433 1844 ες.
1507 1815 1539 1840 In
1553 1814 1621 1840 lauta
1635 1820 1660 1840 et
1675 1814 1744 1841 bene
1758 1816 1834 1843 aucta
1847 1824 1921 1852 parte
1932 1820 1981 1845 esse
2005 1821 2078 1847 Idem
2093 1822 2188 1850 Heaut.
2200 1833 2230 1857 4,

43 1859 157 1884 augere,
175 1850 227 1878 fide
240 1849 389 1875 sUstentafe·
538 1847 663 1880 Magnam
676 1851 776 1880 Partem
785 1867 793 1879 2
807 1853 853 1881 ΡΜ
867 1847 967 1878 Magn..
980 1855 1010 1871 ‘x
1023 1852 1104 1880 parte.
1165 1858 1189 1883 5,
1202 1858 1243 1879 50-
1316 1851 1366 1875 Sed
1377 1849 1460 1876 Bene).
1479 1850 1583 1881 Omnes
1599 1856 1624 1876 te
1637 1851 1666 1877 in
1680 1851 1749 1877 lauta
1761 1853 1810 1878 esi'e
1822 1859 1848 1879 et
1860 1853 1927 1881 bene
1939 1855 2016 1883 aue‘ta
2028 1866 2057 1884 re
2070 1864 2162 1892 putant
2192 1869 2232 1885 ea.

44 1886 117 1914 Caes.
125 1884 314 1916 Bell.Gall.4,1
326 1886 365 1913 ,de
380 1881 475 1914 Saeuis,
495 1881 592 1916 Neque
605 1882 719 1908 multum
734 1882 883 1915 frumento,
903 1881 946 1908 sed
960 1882 1104 1908 Maximam
1121 1890 1150 1915 45
1166 1885 1218 1910 dem
1228 1884 1366 1919 sententia,
1376 1885 1426 1920 sed
1435 1885 1526 1920 ,Ἰὼ-(ιβ
1533 1892 1559 1911 ,t
1573 1885 1645 1921 versu
1660 1889 1825 1915 commodiore.
1913 1891 1944 1917 In
1958 1899 2043 1926 pane,
2061 1900 2105 1933 pro
2118 1880 2229 1923 Pmff‘im.

34 1928 146 1958 ‚partem
156 1921 224 1948 laesit
237 1925 315 1954 atque
328 1927 422 1954 pecore
436 1917 540 1944 viuunt.
628 1918 733 1946 Lucret.
749 1928 769 1952 3,
785 1921 816 1948 6⁴
852 1933 898 1938 -
918 1917 982 1944 haec
994 1918 1106 1944 vulnera
1166 1920 1298 1953 innffll.
1313 1931 1335 1954 ς,
1348 1931 1361 1952 7
1389 1922 1567 1948 Patronorum
1588 1922 1616 1948 in
1636 1928 1709 1958 parte
1728 1923 1895 1959 expeditior,
1912 1927 1942 1953 in
1953 1934 2027 1962 parte
2040 1928 2178 1957 difficilior
2191 1931 2232 1957 in.

43 1958 115 1985 vitae
170 1957 235 1983 Non
248 1955 389 1983 minimam
401 1958 503 1989 partem
518 1954 613 1980 mortis
628 1953 777 1980 formidine
791 1954 906 1981 aluntur.
999 1954 1055 1980 Cic.
1076 1954 1104 1980 in
1167 1957 1314 1991 tet-rogatio
1327 1957 1372 1984 est.
1446 1959 1477 1984 In
1491 1957 1538 1983 hac
1552 1963 1635 1992 parte,
1657 1960 1689 1985 In
1706 1966 1779 1993 parte
1793 1961 1893 1992 causae,
1911 1964 1954 1988 vel
1967 1963 2083 1997 laboris,
2127 1967 2157 1993 ln
2172 1975 2231 2001 par-

43 1995 118 2022 Orat.
132 1998 174 2027 189
190 1991 316 2019 ‘Senarios
330 1999 407 2023 vere,
429 1995 456 2016 et
468 1989 671 2023 Hipponacteos
683 1990 801 2025 effugere
815 1999 861 2017 vix
879 1990 1026 2024 possumus:
1048 1991 1105 2017 Ma·
1168 2000 1230 2025 tem,
1247 1999 1274 2018 et
1289 1994 1318 2019 In
1335 1999 1436 2027 partem
1452 1992 1604 2026 dimidiam,
1623 1994 1679 2020 vid.
1698 2002 1740 2020 1N
1761 1997 1851 2031 Praep.
1936 1998 1980 2025 Ire
1993 2000 2072 2026 aliam
2085 2000 2113 2027 in
2127 2008 2231 2036 partem

45 2038 123 2065 gnam
136 2028 209 2055 enim
221 2034 322 2063 partem
336 2036 368 2053 ex
383 2025 480 2053 lambis
494 2025 584 2051 nostra
599 2026 698 2052 constat
711 2026 809 2052 oratio.
883 2026 978 2059 Magna
992 2034 1050 2059 pars
1065 2026 1106 2051 fui
1168 2029 1272 2053 Lucret.
1285 2037 1312 2060 4,
1326 2034 1389 2060 448.
1495 2028 1639 2054 Abundare
1659 2028 1689 2054 in
1709 2038 1818 2056 omnem
1838 2038 1955 2065 partem,
1975 2035 2027 2060 vid.
2048 2043 2070 2061 Α
2080 2041 2097 2062 Β
2107 2043 2129 2062 v
2138 2044 2230 2066 NDo.

44 2066 121 2100 Virg.
135 2065 200 2091 Aen.
215 2074 236 2094 2,
249 2065 275 2090 6.
348 2062 405 2088 Cic.
419 2060 472 2088 off.
487 2069 507 2092 1,
522 2066 559 2088 113
591 2061 645 2086 Α111
660 2061 841 2087 multitudinis
855 2060 957 2086 iudicio
972 2061 1106 2092 feruntur,
1120 2067 1151 2087 50
1167 2064 1196 2089 In
1212 2069 1352 2095 vtramque
1365 2067 1475 2096 partem,
1495 2064 1549 2089 vid.
1569 2070 1579 2088 1
1591 2069 1613 2089 Ν
1637 2065 1728 2098 Praep.
1820 2067 1852 2093 In
1865 2072 2004 2102 vitamque
2019 2078 2120 2105 partem
2135 2081 2230 2108 magna

44 2109 167 2136 quaeque
185 2099 287 2125 Maiori
312 2097 382 2132 parti
407 2095 586 2130 pulcherrima
604 2095 746 2128 videntur,
783 2104 814 2122 ea
834 2095 950 2122 maxime
970 2101 1105 2129 exoptant.
1167 2097 1203 2123 est
1216 2098 1296 2124 visin
1312 2098 1418 2124 fortuna
1437 2097 1479 2125 vel
1494 2098 1524 2124 ad
1541 2098 1662 2125 secundas
1675 2108 1734 2132 res,
1754 2100 1797 2127 vel
1815 2102 1848 2128 ad
1869 2103 1990 2131 aduersas
2022 2107 2080 2134 Cic.
2094 2107 2148 2134 Off,
2164 2118 2177 2135 2
2200 2117 2229 2143 ¹9

42 2137 179 2167 Maiorem
191 2139 292 2169 partem
305 2132 365 2159 aeui
378 2137 517 2157 conterere
529 2131 623 2157 somno
644 2132 747 2160 Lucret.
764 2141 785 2164 3,
801 2134 873 2158 1050.
946 2130 1007 2157 Diei
1023 2130 1107 2157 maio·
1165 2143 1188 2160 c.
1204 2136 1228 2160 5.
1301 2133 1431 2160 Neutram
1446 2132 1474 2159 in
1487 2140 1590 2168 partem
1603 2133 1656 2162 fine
1669 2134 1812 2164 hominum
1824 2138 1920 2173 opibus
1934 2146 1960 2167 et
1972 2141 2065 2169 studiis
2080 2143 2143 2171 haec
2157 2132 2229 2172 es’Iici

44 2183 102 2202 rem
115 2176 216 2207 partem
228 2168 327 2195 alicubi
340 2167 430 2195 sedere
456 2166 512 2193 Cic.
524 2167 601 2193 Verr.
614 2175 643 2202 4,
658 2174 700 2200 54.
772 2166 893 2201 Vigilare
904 2167 1034 2193 maiorem
1050 2175 1106 2201 par·
1167 2170 1271 2204 possunt
1297 2168 1370 2195 Idem
1383 2168 1448 2196 ibid.
1464 2178 1537 2204 2,19.
1609 2171 1641 2196 Ee
1663 2171 1736 2198 Fam.
1751 2181 1785 2205 13,
1802 2183 1808 2199 1
1843 2174 1892 2201 Sed
1906 2175 1951 2207 id,
1971 2178 2043 2212 quod
2059 2187 2117 2205 mea
2131 2180 2230 2208 intelli„

44 2216 99 2237 tem
113 2205 199 2233 noffls
219 2205 292 2233 Idem
306 2205 338 2231 de
352 2202 477 2236 Uiuim'b
493 2211 521 2234 59
540 2211 560 2228 t·-
573 2209 611 2232 28-
683 2203 815 2230 Maiorem
830 2209 930 2237 partem
948 2203 1041 2243 populi
1055 2203 1105 2228 suf-
1166 2214 1219 2240 ges,
1234 2211 1279 2231 tua
1291 2205 1402 2232 Nullam
1415 2205 1443 2232 in
1459 2211 1559 2239 partem
1573 2206 1708 2239 interefl'e3
1727 2207 1763 2234 ita
1776 2208 1845 2235 mihi
1860 2210 1916 2244 des,
1933 2219 1977 2239 etc.
2050 2216 2081 2242 In
2093 2216 2157 2242 Eam
2171 2226 2231 2251 par.

0 2252 1 2268 3
45 2243 141 2279 fragiis
153 2240 269 2276 priuauit
295 2240 352 2267 Cic,
363 2239 397 2265 de
409 2238 478 2271 Lege
491 2239 584 2272 Agrar.
599 2247 621 2271 2,
635 2248 669 2272 17.
759 2239 877 2266 Maxima
890 2248 947 2273 pars
963 2239 1103 2265 hommum
1121 2245 1149 2273 55
1167 2248 1220 2267 tem
1235 2240 1338 2275 accipio
1370 2242 1439 2267 Ter.
1454 2242 1520 2268 Eun.
1534 2251 1556 2274 5,
1569 2251 1593 2274 2,
1606 2249 1647 2275 37.
1720 2240 1776 2269 Cic.
1790 2244 1819 2270 111
1830 2246 1908 2272 Catil.
1922 2259 1947 2280 4,
1961 2257 1973 2280 3
2003 2250 2119 2278 Moucor
2131 2252 2174 2279 his
2187 2261 2230 2279 re-

0 2274 20 2295 l‘
46 2281 117 2309 Hor.
132 2278 211 2306 serm.
226 2286 249 2308 2,
262 2285 284 2308 3,
297 2277 321 2302 6.
413 2274 472 2300 Plus
486 2274 577 2301 Media
590 2282 663 2308 parte
690 2273 771 2302 Ouid.
785 2275 851 2301 Met.
865 2284 890 2307 ὅ,
904 2284 945 2307 42.
1017 2274 1104 2301 Multa
1167 2276 1216 2303 bus
1230 2276 1367 2311 omnibus,
1382 2276 1424 2303 sed
1437 2277 1466 2302 111
1480 2284 1537 2303 eam
1551 2284 1662 2312 partem,
1677 2283 1706 2304 vt
1719 2279 1785 2305 salui
1799 2280 1848 2307 sint
1860 2281 1998 2311 vobiscum
2012 2295 2114 2313 omnes,
2169 2289 2231 2315 Pee-

47 2324 108 2353 pars
121 2313 174 2341 mei
192 2312 259 2340 Hor.
268 2312 356 2337 Carm.
370 2319 391 2342 3,
400 2319 440 2342 30,
453 2310 478 2336 6.
551 2311 612 2336 Pars
626 2311 719 2343 Mtfita,
734 2318 780 2346 pro
795 2311 914 2344 Plerique
933 2310 1006 2337 Idem
1021 2311 1103 2337 serm.
1167 2321 1228 2339 care
1240 2312 1268 2338 in
1282 2321 1337 2338 eam
1356 2320 1456 2347 partem
1469 2322 1537 2347 quae
1549 2313 1655 2339 cautior
1668 2313 1704 2340 est
1735 2314 1807 2341 Idem
1825 2325 1875 2351 pro
1888 2318 1964 2345 Rosc.
1979 2321 2067 2348 Amer.
2084 2325 2122 2353 56.
2196 2325 2230 2350 Ee

47 2363 61 2380 ς
84 2360 112 2387 7,
124 2358 150 2385 7.
218 2347 310 2375 Multis
323 2345 441 2381 partibus
456 2346 560 2379 maior,
587 2346 624 2372 sol
638 2356 716 2380 quma
737 2353 807 2373 terra
833 2347 890 2372 Cic.
902 2347 947 2373 Ac.
960 2356 984 2378 4,
1001 2353 1047 2376 123.
1084 2348 1103 2372 i.
1167 2349 1220 2375 Art.
1233 2354 1247 2378 8
1274 2348 1354 2381 Qtod
1369 2348 1444 2383 plura
1459 2349 1487 2374 in
1501 2358 1559 2375 eam
1576 2354 1677 2384 partem
1699 2350 1780 2377 verba
1799 2352 1936 2388 Fecerim,
1955 2357 2039 2390 potest
2060 2358 2118 2386 fieri
2155 2359 2229 2395 quod

22 2401 26 2404 .
49 2374 134 2416 ,brae
144 2385 215 2412 moles
220 2384 270 2419 soli
281 2389 423 2418 comparata
437 2382 528 2415 exigua
539 2388 601 2415 pars
614 2381 681 2408 illm:
693 2382 734 2417 cst,
775 2390 779 2391 ⁷
806 2382 900 2409 Multis
917 2382 1035 2417 partibus
1048 2382 1103 2417 plu·
1167 2384 1197 2411 fit
1210 2385 1239 2411 in
1253 2385 1343 2410 multis
1359 2384 1572 2418 quaestionibus,
1592 2390 1621 2412 vt
1639 2394 1681 2411 res
1701 2386 1840 2415 verbosior
1858 2388 1922 2418 haec
1940 2391 2024 2420 fuerit
2059 2394 2106 2421 illa
2127 2381 2230 2422 irerior.

48 2433 107 2456 τις,
142 2421 160 2448 ι’.
179 2420 259 2446 Multo
269 2420 361 2455 plures.
433 2418 515 2443 Etiam
529 2420 572 2442 hoc
588 2418 687 2452 p,.0p7.,·e
699 2418 930 2450 mniripsicationem
942 2418 1055 2451 indicat,
1075 2425 1105 2443 vt
1118 2419 1152 2444 60
1166 2421 1197 2447 In
1210 2427 1296 2455 partes
1310 2419 1426 2447 diuisum
1437 2420 1661 2447 medicamentum
1680 2421 1800 2450 Scribon.
1815 2433 1861 2458 ²07
1878 2427 1909 2451 de
1921 2414 2056 2463 emplastr’o.
2130 2431 2230 2458 Distra-

49 2460 131 2486 minor
147 2464 255 2483 nanterus
274 2455 419 2489 altquoties,
438 2460 462 2478 et
475 2453 548 2488 saepe
569 2455 642 2486 adm,
662 2454 689 2479 in
709 2455 800 2480 maiore
819 2454 990 2480 contineatur.-
1027 2463 1104 2489 quan·
1165 2455 1267 2483 huntur
1282 2456 1310 2482 in
1324 2456 1470 2483 contrarias
1483 2463 1568 2491 partes
1583 2456 1776 2492 impotentium
1789 2460 1946 2495 cupiditates
1979 2465 2036 2491 Cic.
2051 2465 2134 2494 Tusc.
2149 2476 2161 2491 e
2186 2471 2229 2494 60.

70 2503 125 2522 uam
135 2490 281 2527 msmper
294 2491 331 2516 ita
345 2490 430 2524 rigide
437 2489 547 2523 sumfiffi
556 2489 689 2524 scriptores
701 2490 833 2516 videntur.
889 2492 1014 2517 Arent-ate
1026 2491 1105 2525 toqui.
1164 2493 1195 2520 In
1209 2492 1354 2520 contrarias
1369 2498 1455 2528 partes
1470 2493 1593 2521 omnium
1605 2502 1696 2520 rerum
1710 2494 1819 2522 facultas
1837 2506 1870 2523 ex
1881 2498 1977 2526 iisdem
1996 2500 2061 2527 locis
2081 2488 2230 2537 suppedita-

64 2539 96 2556 ιν
107 2527 170 2555 Ptin.
185 2535 208 2562 2,
222 2536 246 2554 21
275 2526 363 2553 Solem
379 2525 463 2552 abesse
483 2534 497 2551 a
512 2526 586 2551 Luna
598 2525 768 2560 vndeuiginti
786 2532 889 2561 partes,
908 2532 1035 2561 quantum
1052 2527 1103 2553 Lu·
1164 2534 1209 2555 tur
1234 2528 1307 2556 Idem
1322 2528 1355 2555 de
1369 2529 1444 2556 Orat.
1459 2537 1483 2562 2,
1496 2536 1547 2562 215.
1656 2530 1687 2556 1¹¹
1706 2531 1851 2559 contrarias
1869 2540 1956 2568 partes
1970 2536 2104 2564 fluxerunt
2117 2538 2230 2566 flumina

49 2573 108 2592 nam
119 2564 198 2592 iosam
211 2572 226 2589 a
239 2562 344 2595 Terra,
369 2562 389 2588 i.
412 2561 524 2595 Spatium
540 2561 608 2586 inter
619 2561 715 2587 Lunam
733 2569 757 2587 et
771 2563 850 2588 Solem
868 2562 1009 2592 vndeuicies
1028 2564 1104 2588 comi-
1166 2564 1223 2591 Cic.
1238 2564 1270 2591 de
1284 2564 1376 2591 Diuin.
1391 2574 1410 2599 1,
1422 2570 1459 2598 78.
1532 2565 1625 2592 Varias
1637 2564 1666 2592 in
1679 2573 1765 2600 partes
1776 2576 1869 2603 rapere
1886 2571 2006 2598 animum
2033 2573 2110 2608 Virg.
2124 2577 2190 2602 Aen.
2204 2585 2217 2608 4

47 2609 103 2627 ‚me
113 2593 183 2632 iHud,
201 2599 267 2634 quod
277 2598 412 2624 intercedit
423 2598 493 2623 inter
504 2598 598 2623 Lunam
613 2604 637 2623 et
660 2597 772 2624 Terram.
845 2598 902 2625 Cic.
916 2597 994 2624 Verr.
1008 2607 1019 2631 3
1040 2607 1061 2624 c.
1076 2606 1103 2631 19
1119 2601 1151 2631 65
1166 2603 1220 2632 28⁶·
1301 2601 1331 2626 In
1346 2609 1440 2627 omnes
1453 2606 1538 2635 partes
1552 2600 1672 2628 versabat
1684 2602 1804 2630 animum
1830 2605 1904 2634 Idem
1918 2606 1985 2634 ibid.
1999 2617 2028 2642 4,
2042 2612 2098 2641 630.
2194 2595 2230 2638 Iti

47 2635 119 2670 Qlid
140 2635 157 2661 fi
176 2634 275 2661 duabus
294 2633 412 2668 partibus
429 2632 514 2659 doceo
533 2638 558 2658 te
575 2633 688 2668 amplius
707 2633 837 2660 frumenti
856 2633 1002 2667 abstulisse,
1023 2642 1104 2667 quam
1165 2644 1257 2663 omnes
1272 2642 1372 2670 partes:
1389 2643 1435 2670 pro
1450 2637 1568 2663 Omnibus
1581 2638 1667 2664 modis.
1688 2640 1699 2646 ”
1741 2639 1798 2666 Cic.
1812 2641 1866 2668 Art.
1881 2651 1900 2668 11
1928 2643 2068 2672 Brundusii
2081 2646 2176 2679 iacere,
2195 2647 2229 2673 In

47 2672 149 2707 Populo
160 2671 238 2697 Rom.
250 2670 358 2696 misisse?
445 2668 519 2696 Idem
534 2669 604 2698 Fam.
619 2679 638 2700 1,
651 2678 663 2695 2
693 2670 887 2705 Perspiciebant
907 2669 977 2696 enim
991 2669 1019 2696 in
1034 2670 1104 2696 Hor·
1166 2678 1357 2706 omnespartes
1371 2672 1406 2698 est
1419 2672 1569 2700 molestum.
1659 2675 1691 2702 In
1705 2683 1797 2702 omnes
1810 2684 1896 2711 partes
1908 2678 1988 2705 huius
2000 2682 2070 2707 vitae
2082 2682 2228 2716 praeceptis

45 2708 120 2735 tensii
133 2707 285 2734 sententiam
299 2705 390 2732 Multis
404 2705 522 2740 partibus
536 2705 625 2740 plures
638 2705 732 2732 ituros.
805 2707 862 2733 Cic.
871 2706 942 2733 Fam.
950 2711 974 2740 8,
987 2715 1001 2739 9
1025 2706 1101 2733 Tur·
1164 2707 1318 2734 confirmari
1332 2708 1418 2743 potest
1442 2709 1496 2736 Cic.
1505 2708 1559 2735 Off.
1572 2718 1591 2742 1,
1602 2715 1628 2743 7.
1705 2712 1737 2738 111
1751 2719 1842 2739 omnes
1855 2721 1942 2748 partes
1955 2716 2071 2750 aliquem
2084 2717 2229 2744 defendere

46 2753 80 2780 pe
96 2743 146 2770 tibi
165 2742 216 2769 erit
228 2743 356 2771 Patiscum
370 2741 487 2768 Curioni
504 2741 593 2767 decem
615 2741 752 2775 pantheras
770 2742 878 2775 mififfe,
898 2748 924 2769 te
937 2751 991 2768 non
1009 2742 1103 2768 Multis
1164 2744 1237 2771 Idem
1252 2744 1324 2771 Fam.
1338 2752 1361 2777 ς,
1375 2752 1414 2771 10.
1486 2746 1518 2772 In
1530 2753 1623 2771 omnes
1637 2751 1721 2780 partes
1736 2747 1834 2775 inultos
1848 2750 1941 2776 fallere
1959 2751 2032 2778 Idem
2044 2761 2094 2788 pro
2109 2754 2179 2780 Sext.
2194 2763 2227 2783 5¹·

46 2780 165 2816 partibus
182 2778 278 2814 plures.
351 2778 393 2803 Sic
409 2777 481 2804 Caes.
508 2777 646 2810 Qioniam
665 2786 779 2805 numero
794 2778 887 2805 Multis
905 2778 1024 2812 partibus
1042 2779 1103 2804 esset
1118 2791 1150 2816 70
1165 2782 1196 2806 Et
1215 2780 1286 2807 Fam.
1303 2790 1327 2813 4,
1342 2790 1372 2809 10
1398 2779 1463 2813 Sed,
1480 2789 1567 2815 quum
1581 2780 1685 2809 leuiora
1697 2791 1753 2809 non
1767 2784 1853 2811 multo
1865 2786 1959 2819 essent,
1980 2797 2048 2822 quae
2061 2790 2229 2821 audirentur,

45 2815 177 2849 inferior,
196 2815 214 2840 ,χ
234 2816 317 2841 Mul„
329 2813 449 2846 ,fifh-ior„
524 2814 555 2839 Et
574 2813 631 2839 Cic,
645 2812 678 2839 de
691 2814 781 2841 Finib,
795 2823 817 2847 3,
831 2817 861 2847 36
888 2815 957 2848 Qiis
969 2814 1007 2841 est
1020 2814 1103 2844 enim,
1164 2825 1243 2850 quam
1256 2825 1323 2850 quae
1336 2816 1509 2843 viderentur:
1534 2817 1677 2851 suspicarer
1695 2824 1782 2845 autem
1797 2821 1911 2847 multum
1925 2821 2045 2850 interesse
2058 2826 2097 2851 rei
2112 2825 2228 2852 familia-

46 2859 91 2880 δῖ’(
102 2851 161 2886 c1¹¹³s
173 2859 289 2885 vnq¹¹³¹¹¹
304 2850 357 2876 fuit
376 2854 420 2874 ⁸¹¹³
433 2848 545 2874 auafffia
564 2854 618 2883 ἴδω.
639 2849 758 2883 ardenti,
778 2857 823 2877 aut
839 2857 894 2877 tam
914 2850 1047 2877 effrenat&
1061 2860 1103 2877 tu-
1164 2853 1201 2879 ris
1215 2859 1285 2885 tuae,
1303 2859 1328 2879 te
1344 2853 1542 2887 quamprimum
1555 2854 1665 2886 venire,
1683 2853 1764 2889 idque
1782 2856 1814 2882 In
1833 2865 1926 2883 omnes
1938 2867 2023 2892 partes
2038 2861 2151 2887 valeret:
2179 2870 2227 2896 pu-

45 2887 217 2924 pidimfibus,
237 2893 264 2913 vt
276 2885 385 2912 eandem
398 2884 471 2910 illam
485 2893 559 2918 rem,
579 2893 658 2919 quam
679 2886 788 2921 adipisci
804 2886 899 2913 scelere
916 2886 1013 2920 quouis
1027 2886 1103 2919 velit,
1163 2889 1218 2915 tani
1230 2897 1260 2915 ea
1273 2888 1305 2915 de
1318 2898 1348 2915 re
1360 2895 1386 2915 te
1401 2889 1449 2915 esse
1463 2888 1669 2915 admonendum.
1740 2892 1771 2917 In
1786 2891 1913 2919 omnibus
1926 2894 2046 2928 partibus
2059 2902 2226 2932 argumenta-

47 2932 103 2950 ¹¹0¹¹
115 2923 207 2950 Mssltis
221 2921 338 2957 partib-¹¹⁵
358 2919 433 2946 malit
451 2919 483 2947 ad
503 2920 569 2953 sese,
589 2921 670 2947 etiam
689 2923 764 2949 omni
784 2921 945 2957 impunitate
960 2923 1104 2958 proposita,
1163 2925 1251 2951 tiones
1266 2924 1478 2951 aduersariorum
1493 2931 1594 2951 tentare
1617 2923 1720 2950 Auctor
1731 2926 1763 2952 ad
1778 2927 1899 2956 Herenn.
1917 2938 1939 2957 2.
2044 2933 2076 2959 In
2095 2933 2225 2967 optimam

45 2959 99 2987 fine
111 2959 244 2991 facinore,
261 2966 341 2992 quam
358 2956 407 2983 illo
419 2956 502 2982 modo
520 2957 679 2991 peruenire?
714 2959 732 2985 i.
751 2959 833 2984 Multo
847 2959 930 2984 malit.
1003 2960 1105 2991 Qiarta
1120 2972 1146 2995 75
1164 2966 1265 2995 partem
1279 2961 1410 2994 accipere,
1429 2962 1447 2988 i.
1468 2961 1532 2986 Boni
1542 2959 1674 2994 consulere,
1689 2968 1713 2986 et
1725 2962 1784 2988 bene
1797 2963 1970 2999 interpretari.
2042 2969 2097 2995 Cic.
2107 2971 2156 2995 Att.
2166 2976 2223 3000 10‚3

45 3003 105 3031 pars
119 2994 173 3021 diei
185 2994 326 3029 praeterita
352 2993 421 3019 HOV-
436 2991 517 3019 Serm—
532 3000 553 3022 1,
566 3002 591 3025 9,
604 3001 639 3024 ὃς.
712 2994 821 3021 Sinistra
833 2995 862 3020 in
876 3000 949 3029 parte
961 3003 1103 3021 murorum
1163 2997 1259 3023 Caesar
1272 2996 1340 3022 mihi
1355 2996 1467 3030 ignoscit
1480 3004 1527 3030 per
1540 2995 1644 3028 literas,
1665 2996 1736 3030 quod
1753 3007 1808 3024 non
1825 3000 1962 3028 venerim:
1984 3003 2088 3037 seseque
2104 3005 2133 3030 In
2155 3004 2225 3038 opti-

48 3031 124 3066 Virg.
138 3030 205 3057 Aen.
217 3040 243 3063 9,
258 3031 314 3061 468.
387 3028 488 3055 Vltima
503 3037 560 3062 pars
573 3028 639 3055 lucis
652 3031 755 3057 mensae
768 3030 804 3057 est
817 3031 877 3058 data
904 3030 985 3059 Ouid.
997 3031 1063 3058 Met.
1076 3039 1104 3065 7,
1162 3042 1234 3059 mam
1248 3039 1347 3067 partem
1362 3031 1390 3057 id
1400 3032 1517 3066 accipere
1530 3030 1602 3058 dicit.
1648 3033 1718 3059 Add.
1739 3032 1813 3061 Idem
1827 3034 1894 3063 ibid.
1908 3047 1939 3068 ιι,
1953 3047 1975 3070 7.
2046 3039 2176 3069 Cognosti
2190 3041 2223 3065 In

47 3068 106 3093 662.
171 3066 272 3093 Vltima
287 3074 345 3100 pars
356 3064 428 3090 vitae
453 3064 527 3099 Virg.
542 3064 596 3091 Ecl.
610 3073 638 3097 4,
651 3075 686 3098 53·
884 3063 905 3104 ff
935 3075 948 3098 3
1010 3067 1104 3093 Verba:
1162 3075 1263 3104 partem
1278 3068 1417 3102 optimam,
1436 3068 1491 3094 vid,
1511 3073 1529 3093 c
1542 3072 1622 3094 oGN
1633 3072 1653 3094 0
1665 3074 1678 3094 s
1688 3074 1705 3095 c
1716 3074 1749 3096 0.
1854 3071 1976 3099 Peiorem
1990 3074 2019 3099 1„
2033 3067 2132 3108 partem
2148 3075 2222 3101 versa

48 3101 152 3128 Addere
165 3109 249 3137 partes
263 3101 362 3128 illaesas
374 3100 491 3134 vitiatis,
508 3101 563 3126 vid.
585 3107 702 3128 Anno.
806 3101 931 3129 Adimere
946 3108 1059 3137 partem,
1080 3109 1104 3128 et
1162 3111 1189 3130 et
1202 3109 1301 3130 mutata
1314 3104 1373 3130 sunt
1386 3103 1477 3130 omnia
1510 3103 1566 3129 Cic.
1584 3112 1633 3138 pro
1653 3104 1727 3130 Rosc.
1740 3106 1830 3134 Amer.
1857 3127 1865 3133 .
1893 3127 1901 3134 .
1937 3109 2058 3135 Peiorem
2073 3111 2102 3136 ln
2117 3117 2222 3144 partem

49 3135 119 3164 Dare
132 3144 241 3172 partem,
260 3138 398 3164 contraria.
458 3136 516 3164 Cic.
529 3136 606 3163 Verr.
621 3144 643 3169 ς,
657 3143 687 3170 84
712 3136 817 3171 Quibus
831 3138 873 3165 illi
886 3138 960 3165 vrbis
972 3139 1031 3166 suae
1045 3147 1102 3173 par·
1115 3150 1148 3174 80
1163 3140 1276 3173 liquitur
1288 3146 1356 3166 aetas
1376 3139 1480 3165 Lucret.
1494 3147 1516 3171 2,
1531 3144 1586 3170 1131.
1657 3140 1797 3168 Mitiorem
1811 3143 1841 3168 In
1854 3148 1953 3176 partem
1968 3144 2147 3179 interpretari,
2163 3147 2221 3173 vid.

49 3177 104 3199 tem
116 3172 277 3204 ademerunt,
294 3173 327 3199 iis
340 3180 369 3200 tu
382 3172 466 3199 nostri
478 3172 587 3207 imperii
598 3179 699 3208 partem
713 3173 816 3200 dedisti.
922 3175 1022 3200 Rerum
1044 3183 1103 3209 pars
1165 3182 1191 3202 M
1202 3184 1211 3201 1
1221 3182 1242 3199 'r
1253 3182 1293 3202 rs.
1342 3175 1399 3201 Cic.
1409 3183 1459 3209 pro
1474 3175 1596 3203 Muraen.
1614 3184 1636 3202 c.
1650 3184 1683 3208 3¹·
1737 3177 1837 3211 Rapere
1851 3179 1882 3204 Ι11
1895 3178 2014 3212 peiorem
2029 3186 2128 3214 partem
2149 3181 2220 3208 Ter.

48 3207 131 3235 altera
144 3208 249 3236 Ademta
263 3209 299 3236 est
319 3210 394 3244 Virg.
409 3209 476 3235 Aen.
490 3218 517 3242 9,
531 3217 573 3240 13¹·
668 3209 848 3244 Amplee'titur
860 3209 949 3246 plures
962 3217 1047 3244 partes
1060 3219 1102 3245 ge·
1164 3211 1275 3246 Adelph.
1289 3210 1358 3246 prol.
1375 3220 1402 3237 V.
1417 3220 1438 3243 3.
1508 3211 1539 3237 In
1554 3210 1702 3238 deteriores
1714 3218 1799 3246 partes
1814 3218 1886 3239 retro
1900 3213 1991 3241 cedere
2011 3215 2116 3242 Lucret.
2129 3225 2151 3251 2,
2163 3227 2220 3250 507.

50 3252 100 3270 nus
126 3243 183 3270 Cic.
195 3244 226 3270 de
238 3246 341 3272 Inuent.
355 3254 375 3277 1,
388 3253 424 3276 32.
494 3244 652 3271 Conducere
663 3252 749 3280 partes
762 3246 790 3272 in
803 3255 886 3273 vnum
904 3246 1100 3279 Lucret.1‚;98.
1163 3247 1220 3273 Cic.
1241 3255 1290 3281 pro
1304 3247 1409 3273 Caecin.
1430 3255 1453 3273 12
1484 3246 1522 3273 M.
1536 3246 1672 3274 Fulcinius
1692 3248 1839 3274 adolescens
1852 3255 1973 3276 mortuus
1992 3251 2040 3277 est:
2078 3251 2221 3280 haeredem

51 3279 219 3308 Constituere
230 3286 314 3313 partes
333 3280 464 3313 Qintffil.
478 3289 501 3312 3,
514 3290 538 3313 9.
611 3281 779 3308 Constituere
791 3288 876 3316 partes
889 3283 977 3308 causae
992 3282 1102 3315 singulas
1164 3283 1190 3309 P.
1202 3283 1363 3310 Cesennium
1383 3282 1460 3309 fecit:
1495 3283 1574 3310 vxori
1592 3283 1691 3318 grande
1711 3283 1814 3317 pondus
1827 3285 1945 3319 argenti,
1964 3287 2097 3321 matrique
2117 3294 2221 3323 partem

49 3315 79 3342 in
94 3315 144 3342 suis
158 3313 258 3349 digitis.
275 3315 330 3341 vid.
347 3321 364 3341 C
374 3322 394 3342 o
403 3322 425 3342 N
436 3322 449 3342 s
458 3323 497 3343 '1³1
506 3323 558 3342 Tv
567 3323 596 3343 0.
668 3317 818 3344 Contexere
833 3324 917 3353 partes
938 3317 1069 3351 Quinctil.
1083 3325 1102 3349 4
1118 3327 1146 3353 35
1164 3318 1297 3345 bonorum
1310 3319 1441 3345 maiorem
1455 3317 1561 3352 legauit.
1632 3321 1722 3353 Itaque
1735 3320 1765 3346 In
1778 3326 1879 3354 partem
1892 3321 2017 3348 mulieres
2029 3330 2136 3350 vocatae
2151 3325 2220 3352 sumt.

49 3359 173 3387 prooem.
243 3349 312 3376 Dare
323 3355 417 3384 parta,
436 3352 490 3379 vid.
504 3362 549 3379 n.2
564 3354 677 3387 Magnae
691 3360 786 3388 partes.
859 3354 986 3380 Deserere
1001 3359 1102 3389 partem
1162 3356 1210 3381 Per
1224 3361 1309 3389 partes
1322 3361 1408 3381 totum
1422 3354 1514 3381 bibere
1538 3354 1658 3381 Scribon.
1680 3363 1726 3386 ¹3<-
1831 3356 1882 3382 Pro
1899 3363 1982 3392 parte,
2002 3366 2120 3392 quantum
2133 3362 2220 3395 cuique

50 3386 183 3421 Quinffil.
197 3395 205 3411 ι
218 3393 340 3420 prooem.
410 3386 496 3413 Dilata
508 3396 566 3422 pars
578 3388 701 3416 laborum
721 3389 876 3417 OuidMet.
891 3399 915 3423 3,
929 3400 977 3422 ¹74-
1056 3389 1102 3415 Di·
1163 3388 1319 3425 offerturam,
1334 3398 1410 3425 atque
1422 3393 1483 3416 adeo
1492 3390 1666 3426 praestandum
1682 3389 1721 3424 est.
1793 3391 1873 3418 Ouid.
1887 3391 1950 3418 Fast.
1968 3405 1996 3426 4,
2018 3403 2057 3424 30¹
2088 3396 2220 3430 Quisquis

50 3423 135 3458 spergi
150 3423 180 3448 ad
196 3422 310 3447 minutas
322 3426 407 3454 partes
432 3421 535 3449 Lucret.
549 3433 578 3456 4,
591 3430 644 3457 893.
716 3426 772 3453 Cic.
787 3425 819 3451 de
832 3427 906 3453 Orat.
925 3435 943 3459 1,
958 3434 1004 3455 109
1029 3425 1102 3451 Haec
1162 3425 1232 3453 adest
1243 3427 1320 3461 operi
1339 3426 1396 3461 plus
1417 3435 1495 3461 quam
1512 3426 1562 3452 Pro
1577 3433 1650 3460 parte
1663 3426 1781 3459 laborat,
1817 3426 1931 3454 Adiuuat
1952 3435 1977 3455 et
1996 3429 2079 3456 fortes
2099 3441 2165 3458 voce
2179 3433 2220 3458 so-

50 3459 84 3486 ab
98 3455 374 3485 hominibuscallidis
392 3461 418 3482 et
435 3457 528 3491 peritis
545 3460 726 3488 animaduersa
742 3471 770 3488 ac
788 3468 893 3495 notata,
930 3461 1020 3488 verbis
1039 3460 1102 3486 defi·
1163 3469 1241 3489 nante
1254 3471 1356 3489 manus.
1474 3461 1574 3488 Sallust.
1590 3461 1621 3487 de
1634 3471 1690 3497 rep.
1703 3461 1759 3488 ord.
1779 3469 1843 3489 extr.
1869 3463 1892 3489 A
1905 3472 1948 3490 me
1961 3465 2068 3499 quidem
2081 3475 2131 3500 pro
2144 3468 2220 3495 virili

6 3496 9 3531 l
35 3501 143 3530 gnata,
161 3492 303 3529 generibus
317 3490 465 3532 illustrata,
478 3493 595 3524 partibus
607 3496 753 3524 Distributa
771 3499 838 3524 sunt.
910 3498 967 3524 Cic.
981 3497 1013 3522 dc
1027 3497 1102 3523 Orat.
1114 3508 1149 3532 90
1162 3504 1234 3532 parte
1248 3498 1348 3525 duflum
1364 3494 1392 3524 ef
1403 3496 1524 3524 adiutum
1538 3497 1629 3524 fuerit.
1736 3498 1792 3523 Cic.
1806 3498 1877 3525 Fam.
1892 3509 1925 3532 15,
1939 3509 1961 3535 ις
1991 3502 2095 3534 Qubus
2115 3503 2218 3538 aliquid

50 3539 74 3563 2,
87 3532 134 3560 366
166 3530 234 3562 Qus
249 3527 369 3554 Antonio
383 3527 515 3561 permisit,
532 3529 633 3564 inquit,
653 3538 681 3559 vt
697 3539 723 3560 et
737 3540 821 3568 partes
835 3534 958 3566 Facem,
978 3539 1003 3559 et
1017 3538 1103 3558 vtram
1162 3534 1221 3568 opis
1234 3534 1341 3562 fortasse
1355 3543 1405 3568 ego
1418 3542 1468 3568 pro
1481 3541 1555 3565 mea,
1575 3538 1602 3559 tu
1615 3542 1664 3568 pro
1677 3539 1736 3565 tua,
1755 3534 1807 3559 Pro
1820 3535 1863 3560 sua
1877 3536 1989 3570 quisque
2002 3545 2073 3571 parte
2088 3538 2158 3565 ferre
2173 3548 2219 3573 po-

50 3567 141 3599 vellet,
160 3566 236 3601 prior
249 3564 301 3598 ipse
316 3564 446 3589 sumeret3
483 3565 507 3589 h.
519 3574 540 3590 e.
562 3566 591 3590 ln
602 3573 686 3600 partes
699 3570 832 3595 diuideret.
876 3570 950 3604 Conf.
974 3567 1068 3595 Pbaed.
1084 3577 1103 3599 1,
1161 3569 1257 3596 tuisset.
1353 3570 1427 3596 Idem
1444 3570 1519 3594 Verr.
1533 3581 1556 3601 4,
1570 3574 1595 3598 8¹
1622 3569 1772 3602 Praecipue,
1792 3570 1863 3604 quod
1878 3571 1907 3597 111
1921 3571 1962 3597 his
1978 3573 2079 3600 artibus
2095 3574 2145 3601 Pro
2159 3583 2218 3601 mea

8 3598 9 3608 ¹
52 3604 79 3635 6,
92 3605 116 3629 6.
153 3632 155 3635 .
188 3600 278 3628 Findit
292 3600 320 3625 in
333 3597 421 3625 ambas
436 3604 520 3632 partes
534 3599 558 3625 se
570 3601 614 3627 via
640 3604 716 3640 Virg.
729 3606 793 3632 Aen.
807 3608 832 3638 6,
847 3613 904 3638 540.
993 3603 1102 3631 Immiffi
1162 3613 1235 3640 parte
1249 3607 1355 3638 versor,
1377 3614 1488 3639 quarum
1502 3604 1548 3630 ille
1566 3604 1686 3639 princeps
1706 3604 1767 3630 fuit.
1877 3608 1908 3632 Et
1927 3607 1997 3635 Fam.
2012 3618 2032 3641 3,
2045 3619 2074 3635 10
2104 3610 2154 3636 Pro
2174 3611 2217 3637 sua

52 3638 126 3672 ignes
137 3636 244 3664 diuersis
257 3634 382 3674 partibus¹
402 3634 476 3661 Idem
490 3633 557 3661 ibid.
573 3645 605 3668 12,
619 3646 666 3668 5²¹.
735 3642 843 3675 Ingredi
857 3647 956 3675 partem
971 3639 1102 3675 institutio·
1162 3648 1244 3676 parte,
1262 3647 1291 3668 vt
1304 3642 1340 3668 ita
1352 3641 1435 3674 fieret,
1456 3640 1590 3666 adiuuare.
1662 3641 1691 3665 ln
1709 3640 1747 3665 his
1759 3640 1860 3666 videtur
1872 3645 1908 3668 ad
1918 3642 1984 3668 illam
1999 3645 2080 3671 Partis
2088 3646 2218 3681 fignifica-

53 3673 94 3698 πίε
105 3673 239 3699 rhetoricae
271 3670 403 3705 Qunetu.
416 3678 445 3703 4,
458 3679 480 3703 3,
496 3680 514 3696 1.
585 3671 683 3701 Loeare
701 3684 773 3710 agros
792 3677 911 3711 partibus
944 3676 1010 3703 Plin.
1024 3675 1102 3710 Epist.
1117 3687 1147 3712 95
1163 3678 1251 3704 tionem
1264 3678 1363 3713 respici,
1379 3687 1428 3711 qua
1441 3677 1475 3702 ad
1487 3676 1579 3701 m‘i‘ores
1590 3682 1613 3701 et
1627 3674 1756 3710 histriones
1767 3677 1881 3710 primum,
1900 3678 1988 3704 deinde
2000 3683 2036 3705 ad
2050 3681 2104 3706 alia
2117 3691 2218 3707 munera

54 3717 80 3742 9,
94 3716 129 3740 37.
163 3709 183 3735 i.
201 3715 270 3735 certa
281 3714 354 3743 parte
361 3706 386 3742 s.
397 3706 510 3741 portitme
517 3704 620 3738 fiwn‘has
632 3709 711 3735 colono
724 3709 857 3747 affignata,
874 3715 918 3748 qui
931 3713 989 3738 inde
1001 3719 1105 3737 vacatur
1160 3713 1285 3748 pertinet,
1301 3715 1331 3738 de
1346 3722 1394 3746 qua
1407 3721 1462 3738 mox
1482 3720 1507 3736 11.
1522 3714 1548 3738 6.
1744 3709 1766 3750 ff
1794 3720 1807 3744 ς
1861 3713 2048 3749 Observationes
2067 3717 2161 3751 aliquot
2177 3717 2218 3741 hic

54 3743 202 3777 partiarius.
297 3744 432 3776 Occupare
446 3748 546 3776 partem
573 3742 703 3774 Qunffil.
718 3755 727 3772 1
742 3756 863 3781 prooem.
953 3746 1054 3773 Αιιὲὶοι·
1072 3746 1104 3773 ad
1159 3756 1289 3784 ponemus.-
1324 3749 1394 3774 Ter.
1410 3748 1504 3773 Heaut.
1519 3756 1542 3779 4,
1558 3754 1576 3778 1,
1590 3753 1616 3777 35
1641 3745 1668 3772 Si
1682 3754 1846 3781 moreretur,
1866 3758 1899 3775 ne
1912 3758 2003 3784 expers
2018 3751 2098 3786 partis
2113 3753 2172 3778 esset
2185 3750 2217 3776 de

54 3778 172 3805 Herenn.
190 3787 221 3811 2,
234 3787 258 3810 33
294 3779 355 3805 Hoc
375 3787 483 3812 quoque
498 3777 636 3804 vitandum
651 3778 687 3804 est
699 3780 728 3806 in
741 3784 921 3817 expositione,
942 3791 976 3809 ne
990 3782 1106 3816 quando,
1163 3784 1260 3811 nostris
1273 3784 1361 3810 bonis.
1456 3782 1538 3808 Plaut.
1554 3781 1625 3808 Men.
1637 3790 1658 3814 3,
1671 3792 1694 3816 2,
1708 3791 1736 3817 14
1761 3784 1835 3810 Satur
1849 3783 1892 3810 hic
1907 3785 2027 3820 loquitur
2041 3787 2072 3813 de
2085 3796 2127 3813 me
2141 3794 2166 3812 et
2182 3785 2215 3810 de

55 3823 138 3849 quum
149 3814 238 3841 omnia
252 3815 382 3848 collegisse
395 3814 550 3848 videamur,
570 3813 685 3847 aliquam
705 3815 827 3846 idoneam
842 3827 943 3854 partem
956 3818 1106 3852 Reliqueri-
1164 3820 1231 3854 parti
1246 3828 1313 3851 mea,
1332 3819 1358 3843 in
1371 3826 1452 3843 coena.
1525 3817 1600 3846 Pars,
1616 3819 1643 3842 in
1657 3824 1761 3852 corpore.
1824 3820 1890 3847 Cels.
1905 3829 1930 3854 2,
1945 3830 1963 3848 11
1992 3823 2056 3848 Vsus
2069 3829 2154 3847 autem
2171 3828 2215 3846 cu-

8 3869 10 3878 .
54 3858 122 3876 mus.
190 3865 195 3871 ι
215 3849 386 3884 Requiescere
396 3849 496 3876 nullam
512 3855 612 3883 partem
627 3849 714 3876 noetis
738 3853 792 3881 Cic.
805 3863 853 3888 pro
866 3856 940 3882 Rosc.
955 3855 1042 3880 Amer.
1059 3855 1309 3888 97.100c11rbitulae
1324 3853 1477 3888 praecipuus
1491 3851 1542 3885 est,
1561 3851 1607 3878 vbi
1620 3861 1674 3879 non
1689 3855 1716 3880 in
1732 3861 1790 3881 toto
1803 3864 1931 3890 corpore,
1949 3856 1990 3883 sed
2004 3858 2031 3883 in
2045 3865 2115 3891 parte
2127 3855 2215 3887 aliqua

9 3887 10 3910 ἰ
54 3884 166 3911 Reuulsa
179 3893 237 3918 pars
251 3894 265 3911 e
279 3892 370 3913 monte
399 3885 480 3913 Ouid.
494 3886 558 3912 Met.
569 3893 605 3918 13,
618 3890 671 3915 882.
765 3888 872 3917 Sumere
883 3897 984 3925 partem
999 3889 1105 3916 Falerni
1165 3891 1264 3917 vitium
1284 3890 1335 3924 est,
1359 3897 1436 3923 quam
1458 3887 1596 3914 exhauriri
1614 3888 1646 3914 ad
1664 3890 1875 3917 confirmandum
1897 3892 2073 3919 valetudinem
2092 3892 2149 3916 satis
2168 3889 2214 3928 est.

9 3923 11 3950 ¹.
54 3921 124 3947 Hor.
137 3920 226 3946 Carm.
238 3929 258 3953 1,
269 3930 308 3953 27,
320 3930 358 3948 10.
431 3922 488 3949 Cic.
504 3922 555 3948 Att.
569 3930 592 3954 3,
603 3929 616 3947 2
641 3920 703 3947 Sine
715 3926 741 3948 te
754 3931 809 3950 non
821 3926 870 3952 esse
884 3925 962 3952 nobis
977 3926 1033 3952 illas
1047 3934 1105 3960 par·
1164 3926 1291 3960 Qualibet
1305 3931 1378 3960 parte
1391 3923 1513 3957 corporis
1525 3924 1606 3950 totius
1625 3925 1744 3951 Scribon.
1758 3935 1808 3958 2⁴3·
1879 3928 1909 3954 In
1922 3929 1995 3954 omni
2011 3934 2081 3961 parte
2095 3932 2215 3958 corporis

9 3954 11 3959 '
55 3961 93 3982 tes
111 3955 255 3982 Tenendas
273 3964 382 3991 propter
400 3957 581 3990 Autronium,
617 3956 636 3983 ι’.
655 3958 684 3982 in
704 3957 746 3984 illa
765 3960 863 3995 regione
881 3963 931 3988 iter
946 3962 1104 3996 finiendum.
1163 3963 1237 3989 Idem
1257 3965 1294 3993 63.
1433 3959 1470 3984 Ex
1489 3959 1663 3986 interioribus
1678 3961 1796 3994 partibus
1809 3963 1915 3997 eruptio
1930 3964 2061 3997 sanguims
2087 3960 2158 3999 Idem
2177 3969 2214 3999 ῃ.

55 3991 153 4018 Vocari
167 3991 196 4017 in
210 3994 309 4025 partem·
320 4001 443 4019 curarum
473 3993 564 4020 Tacit.
578 3993 645 4020 Arm.
660 4001 678 4024 ι,
693 4001 722 4019 11.
917 3995 938 4034 q
967 4006 987 4031 4
1043 3998 1104 4023 Cum
1165 3997 1260 4025 Omnis
1272 3994 1353 4030 partis
1366 3994 1486 4027 corporis
1501 3994 1579 4021 dolor
1605 3996 1723 4022 Scribon.
1742 4005 1786 4029 90.
1857 3999 1988 4025 Euocatur
2000 3997 2172 4034 inflammatio
2185 4003 2215 4020 111

54 4027 249 4089 Ρναερρβιὶοηῦ;
284 4029 307 4054 Α
326 4034 400 4090 pali-te
419 4029 494 4056 omni
514 4029 625 4056 timetur
656 4027 737 4055 Ouid.
756 4029 822 4056 Met.
841 4039 887 4064 1ο,
906 4041 958 4066 ³7⁴-
1062 4031 1104 4060 Ab
1116 4040 1258 4069 ,ensal-tes,
1277 4039 1345 4092 qna&
1356 4030 1514 4056 coniumiiae
1527 4031 1586 4058 sunt
1607 4032 1674 4058 Cels.
1689 4041 1711 4065 7,
1726 4041 1738 4065 7
1758 4035 1788 4059 de
1800 4035 1884 4068 Aegil.
1955 4030 2082 4059 Mutilatis
2096 4030 2214 4064 partibus

242 4069 296 4090 οι.
333 4065 343 4090 I
371 4065 392 4090 1.
1360 4074 1377 4092 v
1403 4074 1419 4091 v
1435 4074 1451 4092 v
2122 4072 2213 4091 trunca
