2517 4231
49 1609 56 1614 “
81 1611 149 1636 dere.

38 2631 40 2636 .
81 2607 210 2635 mentior.

64 3637 65 3640 Ἴ
88 3615 115 3640 ι,
130 3616 178 3638 ¹03·

94 321 182 349 Ponto
194 318 288 348 Medea
300 318 436 354 quondam
455 321 601 356 profugisse
629 321 728 348 dicitur
752 320 810 348 Cic.
837 327 888 353 pro
911 319 979 354 Lege
997 320 1089 348 Manis.
1114 329 1154 348 22.

84 358 164 385 ‘ai-id.
183 356 221 384 ld.
233 365 283 391 pro
296 355 385 382 Deiot.
401 365 421 383 c.
435 365 457 388 4.
530 358 640 384 Inanem
660 365 693 383 ex
717 356 808 390 aliquo
836 354 896 381 loco
916 356 1072 390 profugere,
1097 359 1152 382 vid.

94 398 226 421 INANIS.
299 391 339 417 Ad
352 391 469 425 aliquem
489 393 634 427 profugere
653 392 710 419 Cic.
725 392 779 418 Att.
795 399 828 423 is,
850 400 881 417 21.
956 392 1026 418 Idem
1053 393 1085 418 de
1110 392 1152 418 Se-

92 427 162 455 neft.
176 437 205 459 47
225 435 246 453 e.
263 436 286 459 ¹⁴³
307 426 434 454 Libenter
448 437 513 458 vero
526 428 616 461 istinc,
636 435 760 460 tanquam
780 435 793 451 a
809 426 921 454 domino
935 427 1046 462 agresti,
1066 436 1095 454 ac
1110 427 1149 453 fu-

91 463 165 491 rioso
183 462 302 497 profugi.
376 465 408 490 In
422 463 536 491 exilium
553 463 613 491 Cic.
627 471 677 497 pro
690 461 780 490 Domo
796 465 835 491 86.

91 499 167 526 Orat.
182 502 229 529 305.
250 498 351 525 Eodem
365 505 485 535 tempore
499 507 580 535 quum
601 498 721 533 princeps
737 498 889 524 Academiae
903 499 979 525 Philo
995 507 1056 524 cum
1069 497 1148 524 Athe-

90 534 409 569 niensiuin'optimatibus
430 535 613 562 Mithridatico
627 532 699 560 bello
719 533 800 561 domo
815 534 977 569 profugisset,
993 541 1036 560 etc.
1074 532 1148 559 Pedi.

91 569 140 598 bus
153 570 225 597 Caes.
240 570 267 597 B.
282 571 312 597 C.
325 578 351 603 2,
366 579 402 603 ις.
475 571 530 597 Cic.
545 571 622 595 Verr.
635 577 658 601 ς,
674 578 700 599 75
719 569 774 602 Qui
797 578 828 596 ex
849 570 1012 604 praedonum
1036 567 1148 601 insidiis,

91 605 139 642 qui
155 615 186 632 ex
205 606 384 641 tempestatum
399 606 524 667 peric-igis
537 603 726 640 profugissent,
747 605 775 632 in
790 605 879 632 Sicilia
893 605 978 632 securi
990 604 1149 637 ferirentur,

90 645 174 677 qun'm
187 642 210 668 se
227 642 280 668 iam
297 641 407 668 domum
421 641 482 669 veni
503 649 518 667 e
533 639 742 667 arbitrarentur?

81 684 178 705 *autc-in
194 684 220 704 et
239 678 334 704 suntet
349 677 474 709 fuerunt,
494 676 541 709 qui
554 683 622 709 eam,
637 685 716 709 quani
743 676 813 711 dico,
828 677 1048 710 tranquillitatem
1074 684 1151 710 expe-

89 719 190 746 tentes,
211 722 225 739 a
239 713 353 749 negotiis
365 712 476 748 publicis
489 711 514 737 se
534 712 717 745 remouerint,
735 712 782 743 ‚ad
802 711 943 746 otiumque
970 711 1149 746 profugerint.

88 751 150 776 Cum
158 749 323 785 Accusatiuo:
358 750 432 776 Curt.
452 756 489 778 10,
509 756 556 774 220
578 748 634 774 Nec
653 748 722 774 serui
736 747 844 782 quidem
864 756 1022 783 mogi-ege
1052 747 1147 782 profu-

88 781 169 821 giunt
182 784 315 812 dominos.
351 784 425 817 Conf.
441 783 530 810 Gravia.
546 786 580 809 aa
593 783 649 810 Cic.
665 788 716 810 Att.
733 792 769 816 10,
776 788 798 812 8.

88 245 170 273 *1101

124 827 141 847 Ρ
152 827 171 848 R
183 828 202 851 ο
212 827 230 847 F
241 818 362 853 x'ins,
379 827 403 852 a,
416 828 470 845 um.
510 818 569 845 Adi.
607 819 725 854 [φωῖκς]
750 818 805 856 Qi'
818 818 889 851 lonae
902 818 1078 852 aliquoficfit,
1090 824 1147 852 pro·
1166 827 1191 849 ις

815 847 914 879 Sallust.
922 853 1001 881 Catil.
1014 848 1058 880 cI⁶
1073 854 1148 880 Tro-

87 859 132 883 eul
150 867 165 882 a
173 855 327 892 finibus-suis
340 864 434 890 vagus,
458 855 531 889 quast
543 862 617 889 porro
625 855 742 889 figarias.
1061 889 1082 916 c
1101 889 1120 916 st

1084 898 1097 914 a
1121 898 1150 916 ra

87 893 155 923 iani,
167 892 214 927 qui
229 892 313 918 Aenea
328 890 394 917 duce
411 890 519 925 profugi
542 889 645 917 sedibus
663 890 771 917 incertis
797 888 968 923 vagabantur.

63 925 66 929 ’
86 929 203 964 profuga
222 926 315 954 Claud.
329 925 361 953 dc
375 926 403 953 B.
417 926 478 953 Get.
491 932 544 960 298.
579 925 666 954 Claffis
675 925 759 952 Ouid.
773 926 838 953 Met.
848 926 937 958 i;,627
955 923 1058 950 Currns
1066 925 1102 951 Id.
1113 924 1150 953 ib,

86 962 285 999 15,506.Pedem
295 962 439 997 profugum
454 962 556 989 referre
575 961 646 989 Idem
660 961 738 996 Epist,
755 964 846 994 15,186.
884 959 957 987 Idem
974 960 1040 987 ibid.
1061 969 1090 993 4,
1110 969 1149 993 ¹55

85 998 224 1034 Depuduit
232 998 412 1033 profugusque
420 998 506 1033 pudor
513 998 556 1024 sua
563 997 633 1033 signa
640 997 857 1032 reliquit.Puppis
875 995 1077 1027 1demTrist.5‚
1086 999 1148 1029 2,·62.
1157 1009 1189 1028 20

0 1049 4 1058 »
35 1059 43 1066 „
88 1035 174 1070 Stirps
199 1033 272 1061 Idem
286 1033 352 1061 Fast.
368 1043 390 1067 2,
404 1039 455 1065 8⁴3.

540 1035 599 1060 Cum
620 1034 752 1059 Genitiuo:
788 1034 875 1059 ludaei
896 1031 947 1059 soli
971 1031 1089 1065 caelique
1108 1032 1148 1058 sui

84 1071 196 1108 profugi
216 1070 344 1105 Cyprian.
360 1068 392 1095 de
410 1069 478 1097 Idol.
492 1070 557 1095 Van.
573 1078 594 1096 c.
609 1071 634 1096 6.
672 1069 738 1096 Plin.
748 1073 777 1102 7,
791 1074 822 1098 28
843 1068 886 1095 Bis
901 1068 934 1094 ab
956 1066 1088 1094 Annibale
1106 1075 1147 1093 ca-

85 1114 163 1144 ptus,
183 1105 224 1132 bis
239 1106 410 1132 vinculorum
423 1106 480 1132 eius
493 1105 632 1141 profugus.
730 1104 880 1138 Profu'gus‚
895 1105 950 1140 ,ρξε’
961 1102 1063 1138 diuersa
1080 1103 1146 1138 petit

86 1145 157 1175 loca,
174 1142 249 1168 etiam
262 1142 292 1175 st
301 1151 348 1167 non
356 1140 480 1176 fugatus:
503 1143 571 1167 Vnde
585 1141 654 1167 Hor.
668 1141 786 1174 Carm.i,
795 1148 830 1173 35,
841 1149 873 1175 4²
895 1139 1027 1174 Profugos
1039 1137 1146 1171 Scythas

83 1177 203 1215 appeunt,
217 1178 293 1213 qud
303 1177 388 1202 crebra
404 1177 533 1203 domicilia
550 1183 652 1203 mutent.

122 1219 196 1242 PRO
208 1218 336 1240 Flev
349 1219 392 1243 M,
411 1211 430 1239 i.
450 1222 477 1239 n.
515 1213 618 1238 Dicitur
631 1221 704 1246 quum
724 1211 795 1247 lange
816 1212 902 1245 aliquo
916 1211 1040 1246 figitur,
1060 1210 1104 1236 vbi
1115 1209 1145 1245 se

83 1251 141 1286 quis
153 1257 232 1275 tutum
242 1255 325 1284 putat.
397 1248 452 1275 Cic.
466 1249 550 1275 Tusc.
566 1257 572 1274 i
593 1255 660 1275 extr.
681 1249 789 1274 Portum
810 1248 899 1281 potius
917 1254 1038 1281 paratum
1065 1245 1144 1273 nobis

85 1292 115 1313 et
128 1285 284 1320 profugium
314 1289 454 1319 putemus,
489 1293 544 1319 quo
562 1283 663 1310 vtinam
678 1284 744 1310 velis
758 1283 829 1318 pasl'is
848 1282 963 1317 prouehi
980 1283 1066 1309 liceat.
1102 1282 1146 1308 Sic

88 1322 180 1349 Viclor.
218 1321 248 1346 {le
263 1327 347 1347 morte.
421 1320 555 1353 Exilium,
575 1328 630 1346 11011
649 1319 808 1354 supplicium
827 1320 878 1350 est,
904 1319 946 1345 sed
976 1317 1143 1353 profugium,

82 1364 233 1394 portusque
246 1355 367 1391 supplicii
378 1356 434 1382 Cic.
449 1365 500 1390 pro.
513 1355 619 1382 Caecin.
637 1365 682 1382 100
704 1365 726 1382 c.
739 1364 778 1389 3⁴.
815 1356 888 1390 Conf.
904 1355 977 1382 Idem
990 1355 1061 1381 Fam.
1075 1363 1098 1387 5,
1111 1363 1144 1385 15.

83 1401 109 1420 ct
122 1402 144 1426 7,
158 1401 201 1419 20.
239 1394 285 1418 Sea
299 1392 335 1418 al.
347 1392 510 1426 Perfugium,
523 1392 628 1417 vnmr'bus
641 1392 680 1417 his
687 1392 757 1420 locis.

119 1435 136 1456 r
147 1434 166 1455 R
176 1435 196 1454 o
209 1434 226 1454 F
238 1434 259 1454 v
270 1433 292 1453 N
304 1434 364 1461 DE,
387 1433 528 1455 PROFVN
538 1433 653 1461 Dii-AS,
668 1428 724 1454 vid.
737 1427 788 1464 post
810 1433 1019 1456 rRoranvs.

94 1475 95 1478 ¹
119 1473 137 1492 1²
146 1471 164 1491 R
176 1470 195 1491 0
207 1469 224 1491 F
234 1471 254 1491 V
263 1471 286 1490 N
295 1469 340 1491 Do
349 1484 357 1497 ,
377 1463 453 1497 fudi,
479 1463 584 1496 fusum,
607 1464 660 1490 {re-
697 1463 708 1495 [
721 1468 834 1498 προχέαι,ο
867 1468 996 1496 καταχέω,
1033 1464 1144 1494 nanu,

81 1501 209 1535 σροίεμαι]
249 1501 329 1534 Large
341 1500 461 1533 fundere.
534 1499 614 1526 Plaut.
629 1498 686 1525 Aul.
701 1507 723 1530 2,
737 1509 761 1533 4,
776 1508 806 1534 29
827 1502 930 1535 Aquam
944 1499 1034 1527 hercle
1046 1499 1143 1534 plorat,

84 1545 170 1573 quum
183 1535 268 1568 lauat,
288 1534 470 1570 profundere,
490 1538 517 1560 in
532 1536 658 1561 notatione
674 1538 760 1562 auari.

80 1573 234 1610 paniturpto
250 1580 285 1604 eo,
303 1572 370 1606 quod
379 1571 413 1607 est
425 1571 537 1597 inaniter
550 1578 574 1597 et
581 1569 699 1606 frustra,
717 1578 782 1597 certe
802 1572 875 1598 nimis
892 1573 1037 1598 liberaliter
1049 1574 1142 1606 Impen-

223 1607 346 1634 Animam
358 1605 523 1641 profundere
540 1607 597 1633 Cic.
613 1614 664 1640 pro
677 1606 795 1634 Marcell.
815 1617 839 1640 3²
863 1616 885 1634 c.
904 1616 942 1634 10.
1003 1606 1076 1634 Ideni
1092 1615 1142 1641 pro

82 1644 166 1672 Flacc.
182 1652 205 1674 ις
222 1643 263 1670 Sic
277 1643 335 1670 sunt
353 1643 468 1677 expressa
484 1643 530 1669 ista
550 1642 698 1677 praeclara,
717 1651 784 1677 quae
801 1643 963 1676 recitantur,
987 1643 1143 1678 psephisma-

83 1685 127 1713 ta,
147 1687 202 1705 non
219 1679 371 1712 sententiis,
397 1687 483 1713 neque
504 1677 707 1705 auetoritatibus
728 1678 871 1712 declarata,
897 1687 945 1705 nec
967 1678 1142 1705 iureiurando

84 1715 241 1750 constrieui,
263 1714 306 1741 sed
317 1713 479 1750 porrigenda
492 1723 588 1746 manu,
610 1714 853 1751 profundendoque
877 1716 1003 1742 Clamore
1023 1714 1185 1750 multitu-40
1204 1727 1278 1753 quum
1290 1722 1369 1744 eodem
1379 1717 1452 1752 sensu
1468 1719 1566 1751 Gurges
1580 1715 1722 1750 una-petum

1201 1753 1439 1789 s‘rmomproftrt:
1460 1753 1488 1778 111
1504 1750 1685 1785 profundum,
1707 1752 1808 1783 inquit,
1836 1758 1914 1776 numi
1933 1751 1976 1777 vel
1998 1752 2026 1777 in
2045 1761 2132 1778 arcam
2154 1754 2272 1781 condini-

82 1751 156 1778 dinis
169 1750 323 1777 concitatae.
397 1751 508 1777 Fulmen
527 1751 581 1776 vid.
596 1759 651 1775 mox
671 1750 787 1777 Sonitus.
845 1753 920 1785 Ignes
934 1751 1041 1777 Lucret.
1049 1753 1074 1783 6,
1082 1759 1140 1782 209.

81 1788 103 1816 ἰ.
125 1788 250 1813 Ειηῐηενε.
264 1794 266 1797 ’
321 1786 453 1813 Laborem
468 1785 630 1821 profundere
643 1792 670 1812 et
681 1785 792 1820 perdere
812 1786 870 1812 Cic.
887 1786 958 1811 Fam.
973 1793 996 1816 ς,
1009 1792 1030 1816 3.
1067 1784 1142 1810 Idem

81 1822 113 1850 in
127 1823 217 1849 Somn.
229 1822 297 1856 Scip.
311 1831 324 1852 ς
348 1823 436 1855 Quem
451 1828 480 1848 vt
494 1821 566 1852 vidi,
585 1821 707 1855 equidem
733 1822 788 1846 vim
810 1820 994 1845 Lacrimarum
1021 1818 1142 1852 profudi.

82 1858 218 1886 Lacrimas
240 1857 326 1884 oculis
347 1858 421 1891 Virg.
437 1858 503 1883 Aen.
520 1865 552 1887 ιε,
567 1863 618 1886 154.
655 1862 657 1866 ’
689 1854 865 1881 Ναὶ-3110110
882 1853 945 1886 3113,
962 1862 1023 1879 cum
1037 1854 1143 1879 somnus

81 1892 203 1921 Membra
222 1892 343 1926 profudit
362 1892 466 1917 Lucret.
485 1901 509 1923 4,
524 1891 577 1923 761.
596 1890 613 1916 i.
650 1888 774 1925 restrauit.
806 1901 808 1904 .

80 1929 170 1956 Omne
182 1924 282 1954 Odium
296 1927 428 1954 inclusum
441 1925 551 1952 nefariis
564 1924 626 1952 sensi
648 1934 678 1951 us
691 1925 841 1960 impiorum
861 1925 890 1952 iii
908 1934 952 1952 me
975 1924 1142 1960 profudistis.

79 1964 203 1992 Palinites
217 1962 380 1997 profundere
401 1961 500 1989 dicitur
519 1962 613 1994 vinea,
635 1962 718 1996 Qum
744 1962 850 1988 vbertIm
870 1962 986 1995 fruticat
1006 1960 1142 1988 Columcl.

80 2009 104 2033 ς,
119 2009 140 2028 ς.
211 1999 277 2024 Res:
296 1998 346 2024 Sed
354 2004 384 2024 vt
396 1997 428 2024 ad
440 2006 480 2030 ea,
492 2005 560 2032 quae
568 1997 682 2024 clariora
702 1997 768 2029 sunt,
787 1998 909 2029 veniam,
929 1997 980 2022 Res
1005 1997 1059 2023 iam
1083 1995 1143 2022 vni-

81 2035 168 2061 versas
183 2032 345 2067 profundam
365 2032 421 2058 Cic.
435 2032 512 2058 Acad.
525 2043 548 2064 4,
561 2037 599 2064 87.
635 2056 638 2057 .
671 2031 745 2058 Idem
761 2041 811 2066 pro
826 2034 934 2059 Cluent.
949 2037 974 2061 18
1000 2041 1022 2057 c.
1041 2033 1057 2058 6
1080 2032 1140 2057 San-

908 463 981 490 Idem
1013 463 1045 490 de
1077 464 1148 490 Clar.
1171 474 1185 496 ς

815 640 887 668 Idem
902 640 955 668 Osi'.
977 650 994 675 ι,
1012 643 1046 673 ⁶9
1066 639 1147 666 Multi
1159 642 1188 668 io

1167 1185 1194 1209 25
1211 1178 1238 1204 in
1254 1178 1363 1210 Mosella
1378 1188 1404 1205 v.
1419 1188 1464 1210 144.

1169 1357 1337 1393 30profundi
1359 1358 1404 1384 Sil.
1423 1366 1460 1389 10,
1478 1365 1527 1389 wi.

832 1537 883 1562 Sed
899 1536 958 1569 scre
982 1536 1142 1570 metaphorice
1162 1544 1189 1568 35
1207 1541 1231 1572 6,
1246 1548 1258 1565 2
1279 1546 1346 1565 extr.
1565 1535 1586 1576 Ἴ
1605 1548 1615 1563 2

882 1889 940 1916 Cic.
966 1889 995 1915 111
1011 1890 1100 1916 Pison.
1115 1890 1141 1915 16
1160 1899 1189 1924 45

1626 233 1885 278 PRO

1217 327 1395 349 3011111011.
1465 323 1570 350 Fornax
1589 324 1672 351 Ouid.
1687 324 1751 350 Met.
1766 332 1789 356 2,
1800 331 1858 354 ης.

1219 367 1249 384 12.
1327 360 1405 385 Inane
1426 359 1530 385 Lucrct.
1548 370 1564 391 1,
1579 369 1638 386 1101.

2156 246 2160 247 ’
2193 263 2276 290 1102

1712 360 1739 386 Μ
1766 368 1771 374 ⁷
1928 327 2140 374 Fretuqucnec.
2159 338 2271 373 Hippos.

1743 368 1786 386 ai<-
1811 359 1973 394 profundum
1992 376 2016 393 et
2036 374 2190 400 immensum
2214 376 2271 403 Cic.

1215 402 1265 427 pro
1282 395 1365 422 Plane,
1385 404 1405 422 v<
1426 404 1447 420 c.
1460 397 1482 420 6v
1522 396 1621 421 Pontus
1644 396 1718 429 Virg.
1735 397 1802 422 Aen.
1818 404 1840 427 ς,
1855 402 1908 427 (11.1.
1962 399 2037 426 Sinus
2056 408 2133 433 ,κς-,ως
2158 410 2271 437 'prode

1215 431 1240 455 6.
1279 432 1370 458 Stagna
1387 429 1468 456 Ouid.
1483 430 1514 456 ad
1529 431 1634 457 Liuiam
1651 441 1702 464 2⁴2.
1758 431 1873 458 Tartara
1891 433 1979 459 Sencc.
2000 435 2105 469 Hippos
2120 428 2142 470 Β·
2224 430 2228 435 “

1213 465 1275 491 Stat.
1289 465 1380 492 Theb.
1397 475 1433 497 to,
1448 474 1488 497 9<-
1562 469 1652 492 Altus:
1673 467 1748 502 Virg.
1766 468 1829 494 Aen.
1847 478 1864 500 1,
1882 470 1911 493 62
1930 483 1977 489 ——-
1995 463 2145 506 cac-lunum}

1212 499 1284 527 dum.
1320 536 1325 541 ·
1360 501 1430 527 Idem
1445 501 1576 535 Ec1.⁴,21.
1651 503 1692 527 Sic
1714 502 1834 529 Altitudo
1865 503 1997 538 profunda
2018 510 2083 540 apud
2102 509 2158 536 Liu.
2180 521 2204 542 -3
2233 524 2260 542 2.

1211 544 1235 575 et
1257 535 1347 562 Tacit.
1363 539 1430 562 Anu.
1447 545 1467 569 2,
1482 540 1506 563 61
1526 545 1567 572 pr.
1641 537 1715 564 Caeli
1732 537 1861 572 profundi
1875 539 1940 566 latus
1960 539 2047 567 Valer.
2064 542 2164 576 Argon.
2180 533 2270 581 ’7'4>g³‘

1212 570 1299 611 Siluae
1314 572 1416 598 Luci-et.
1432 581 1453 604 ς,
1466 581 1506 605 42.
1707 572 1728 611 ff
1750 583 1761 599 2
1800 576 1848 599 110-
1861 576 2051 601 translaetlnnem
2069 579 2187 604 airamm-
2197 569 2270 612 ’111.ἃὶ

1209 613 1273 632 ritia
1294 607 1424 641 profunda
1434 627 1442 639 ‚
1463 607 1581 642 [nonense
1593 616 1617 634 et
1630 618 1722 642 magma
1738 609 1836 635 Sallust.
1849 610 1968 644 Iugurth.
1981 621 2002 638 c.
2015 616 2048 642 81.
2099 614 2197 642 Cacdcs
2210 620 2259 646 Stat

1210 642 1302 669 Theb.
1319 652 1354 672 10,
1368 651 1417 675 83¹·
1491 643 1597 677 Cupido
1614 644 1747 677 profunda
1762 645 1867 679 imperii
1881 652 1907 672 et
1927 645 2082 674 diuitiarum
2096 649 2196 677 Sanun.
2207 654 2213 676 l
2224 641 2269 680 list*

1211 688 1235 711 4,
1251 686 1280 710 :9
1301 679 1352 710 (ς)
1427 678 1494 705 Gula
1507 679 1577 705 Suet.
1593 680 1682 705 Vin-ll.
1697 689 1719 706 c.
1733 688 1758 714 7.
1773 688 1796 705 ct
1819 690 1845 711 13.
2266 678 2271 683 ⁸

1211 713 1311 740 Libido
1326 713 1424 740 Sallust.
1439 714 1469 739 dc
1490 714 1554 747 Rep.
1567 710 1724 741 ordinanda.

1211 758 1259 776 nae
1279 748 1341 775 Stat.
1357 748 1450 775 Theb.
1468 758 1489 781 5,
1506 752 1557 777 262.
1581 765 1591 776 ·

2181 446 2269 472 Valles

2159 481 2270 512 profun-

1926 683 1999 710 (sons.
2027 685 2130 717 Ctzlssmb.
2149 692 2183 712 (1.1
2203 690 2272 715 >ut-t.

1740 751 1744 755 .
1796 717 1873 743 Mero
1888 717 2023 751 profundo
2036 721 2140 747 caluere
2161 722 2272 758 nubige-

1231 787 1235 791 Α
1633 750 1696 776 Nox
1712 752 1786 785 Virg.
1803 754 1865 778 Aen.
1879 763 1890 783 11
1901 772 1909 785 ,
1930 757 1969 779 26.
2041 756 2078 782 Os
2095 757 2273 792 profundum,

1214 785 1357 811 kxuberans
1379 785 1446 811 lior.
1466 785 1555 811 Carm.
1569 795 1594 817 a,
1609 794 1632 818 2,
1646 793 1671 820 7.
1716 786 1873 821 Tcmpcllas
1888 788 1947 814 Stat.
1962 789 2045 816 Achil.
2065 801 2081 821 1,
2096 802 2134 821 45.
2172 794 2272 821 vente,-

1213 821 1289 848 Curt.
1306 829 1343 852 10,
1356 827 1381 850 2,
1394 822 1432 846 26.
1508 822 1618 856 Compar.
1659 821 1739 847 Soliti.
1755 831 1774 848 c.
1789 828 1818 848 26
1840 822 1977 850 Numidici
1999 825 2048 852 vrsi
2069 827 2139 853 villis
2161 830 2272 863 profun-

1212 855 1347 896 dioribus..
1371 891 1376 896 ι
1453 857 1550 895 ,ςυρψ-Ι.
1588 856 1643 882 Cic.
1666 866 1715 889 pro
1729 858 1796 884 Sext.
1811 867 1838 890 93
1858 868 1879 884 c.
1894 868 1918 889 -63
1936 859 2049 886 Diuitias
2064 863 2090 888 111
2106 865 2273 896 profundim-

1212 901 1286 919 mum
1300 891 1443 918 libidinum
1461 898 1594 926 gurgitem
1609 891 1780 925 profundere.
1853 894 1924 920 Cura
1939 894 2050 922 deorum
2070 900 2271 931 profundiffiiiia

1212 927 1331 968 Tei-tull.
1348 936 1370 961 2,
1388 946 1394 954 .
1416 948 1423 955 .
1526 928 1589 954 Pace
1605 928 1804 962 prosundiffima
1818 929 1942 956 florentes
1955 931 2108 961 Mamertin.
2118 936 2273 971 Pancg.Ma.

1212 972 1322 990 ximian.
1336 972 1358 990 c.
1375 972 1407 996 ¹4·

1248 1005 1518 1031 PROFVNDVM‚
1535 998 1553 1024 i.
1575 1009 1601 1027 n.
1640 1000 1746 1032 [βύθοεζ
1765 1001 1849 1033 βΰθον,
1876 1005 1969 1035 Mona,
1993 1006 2136 1042 βάραθρον]
2193 1008 2270 1044 Subst.

1210 1037 1293 1061 Mure.
1348 1035 1423 1061 Pater
1438 1034 1582 1069 profundi,
1603 1036 1733 1069 Neptunus
1755 1035 1840 1062 Valer.
1856 1037 1955 1071 Argon.
1968 1047 1990 1071 ε,
2010 1042 2069 1067 606.
2125 1046 2260 1070 Contraria

1209 1071 1265 1098 Cic.
1279 1070 1311 1097 de
1325 1070 1412 1097 Finib.
1428 1081 1447 1102 ς,
1460 1077 1489 1102 48
1510 1071 1543 1096 Vt
1557 1071 1602 1105 qui
1621 1069 1729 1096 demersi
1745 1071 1802 1097 sunt
1816 1073 1843 1097 111
1864 1080 1948 1107 aqua,
1969 1074 2058 1102 nihilo
2079 1078 2162 1104 mauis
2189 1064 2270 1114 respi:

1210 1115 1269 1133 rare
1285 1107 1402 1141 possunt,
1423 1105 1439 1132 si
1454 1115 1508 1131 non
1530 1107 1609 1140 longe
1629 1106 1721 1132 absunt
1738 1115 1752 1132 a
1772 1106 1898 1141 Summo,
1921 1115 1948 1135 vt
1970 1110 2021 1137 iam
2047 1101 2152 1148 iamqiie
2178 1116 2270 1149 pollicit

1208 1151 1362 1176 emergere,
1384 1141 1755 1181 quamfietiamquumessent
1772 1142 1797 1167 in
1806 1144 1949 1176 profundo.
1986 1146 2270 1180 AtlantiacumAuson.

1479 1214 1483 1218 .
1540 1177 1666 1204 Gelidum
1688 1178 1769 1205 Ouid.
1785 1178 1861 1212 Epist.
1876 1185 1910 1213 ¹8,
1924 1185 1963 1214 89.
2037 1183 2143 1211 Ionium
2156 1186 2271 1220 profun-

1208 1213 1289 1247 dum,
1309 1220 1353 1247 pro
1368 1215 1441 1239 Mari
1460 1214 1503 1240 Sil.
1519 1222 1551 1246 ii,
1568 1222 1603 1240 22.
1677 1213 1770 1240 Latum
1798 1215 1885 1241 Senec.
1914 1216 1991 1243 Herc.
2015 1218 2067 1246 fir.
2090 1229 2118 1246 11.
2179 1218 2271 1250 Ῥςῃμ

1207 1250 1273 1277 trale
1286 1249 1378 1276 Claud.
1393 1250 1421 1276 in
1436 1258 1476 1284 pr.
1490 1249 1569 1276 Conf.
1583 1249 1637 1276 Stil.
1651 1258 1673 1282 2,
1686 1260 1737 1282 ⁴⁴4-
1831 1250 1952 1278 Rubrum
1969 1254 2157 1290 ¹profundum,
2193 1260 2273 1285 Mare

1208 1288 1372 1320 Erythram».
1392 1286 1488 1311 Lucan.
1505 1292 1528 1320 g,
1543 1291 1593 1315 85³-
1666 1285 1777 1311 Saeuum
1797 1285 1841 1312 Sil.
1859 1296 1889 1320 ις,
1903 1293 1962 1320 480.
2056 1291 2138 1319 Ouid.
2161 1293 2216 1320 Met
2245 1304 2258 1321 2

1207 1324 1255 1356 267
1273 1322 1396 1356 Corpora
1417 1321 1563 1348 Phocarum
1583 1321 1693 1347 Summo
1712 1322 1835 1355 resupina
1856 1323 2000 1356 profundo.
2075 1325 2158 1353 Tiisci
2183 1315 2271 1356 sta-ang

1601 1356 1681 1391 Vasto
1697 1357 1832 1391 profundo
1854 1358 1899 1385 Sil.
1922 1369 1952 1391 .i,
1973 1363 2025 1392 246.
2097 1351 2272 1392 Abiicere‘'in

1205 1393 1369 1429 profundum
1396 1393 1452 1420 Cic.
1470 1394 1548 1420 Vei-r.
1563 1395 1578 1419 6
1597 1392 1638 1426 (4)
1659 1394 1689 1419 26
1707 1402 1728 1419 c.
1752 1402 1780 1421 11,
1855 1394 1982 1421 Abstrusit
2010 1402 2102 1423 natura
2128 1400 2270 1428 vei-itatem

1207 1430 1234 1457 in
1249 1429 1384 1465 profundo
1403 1429 1472 1456 idem
1493 1428 1569 1457 Acad.
1584 1437 1655 1465 1¹,32·
1748 1430 1835 1457 Iacere
1858 1431 1882 1456 se
1900 1431 1926 1456 111
1949 1431 2129 1466 profundum,
2146 1437 2200 1462 ui...
2224 1443 2271 1464 IA-

1206 1472 1272 1494 010.
1345 1464 1439 1492 1361311
1454 1465 1588 1492 indomito
1604 1464 1739 1500 profundo
1759 1466 1840 1493 Ouid.
1857 1466 1943 1493 Trist.
1953 1477 1970 1500 1,
1989 1477 2023 1501 10,
2037 1477 2072 1501 39.
2148 1471 2271 1506 Mergero

1205 1503 1304 1530 multos
1319 1500 1456 1538 profundo
1475 1501 1563 1529 Senec.
1579 1501 1675 1528 oetan.
1690 1503 1714 1528 6.
1789 1502 1861 1529 Putei
1883 1503 2047 1535 profundum
2071 1505 2127 1531 Val.
2149 1507 2219 1535 Max.
2242 1518 2269 1541 ι),

1654 1537 1838 1571 Profundum,
1858 1538 1962 1565 Plautus
1986 1540 2126 1573 Para-situm
2146 1544 2272 1575 eleganter

1203 1576 1240 1602 ad
1252 1575 1362 1608 fundum
1375 1573 1485 1600 alludens
1499 1580 1582 1606 vocat,
1598 1574 1668 1609 qutfi
1678 1583 1745 1599 mare
1758 1578 1880 1608 quenulam
1887 1575 1940 1608 fit,
1961 1584 2007 1609 quo
2020 1577 2100 1601 onmia
2117 1573 2270 1611 firbtarttur

1205 1618 1229 1636 et
1241 1611 1401 1637 hauriantur.
1498 1610 1539 1635 Si.-
1552 1609 1710 1644 eni'm'Capt.
1724 1619 1743 1642 1,
1758 1618 1780 1639 ε,
1794 1618 1829 1643 99
1857 1610 2022 1637 Profundum
2044 1611 2136 1638 vendis
2158 1621 2185 1639 tu
2213 1615 2273 1648 qui-

1208 1646 1285 1679 dem,
1305 1645 1374 1673 haud
1389 1645 1502 1672 fundum
1523 1645 1602 1672 mihi.
1628 1646 1683 1671 s'id.
1704 1646 1782 1670 lacum
1796 1653 1929 1680 mtqfrum.
2028 1649 2067 1672 Sic
2089 1648 2273 1684 Profundum,

1206 1682 1328 1718 absolute,
1349 1689 1412 1717 apua
1434 1683 1551 1716 Caprum
1572 1681 1775 1715 grammaticum
1789 1681 1920 1715 fignificat
1944 1684 2074 1715 Ventrem,
2096 1692 2139 1708 mc
2164 1685 2216 1709 inin
2237 1688 2273 1718 1⁵11,

1795 1717 1940 1754 Exanpltfm
1959 1717 2040 1742 autem
2060 1724 2089 1742 vr
2108 1727 2140 1743 ex
2167 1729 2271 1754 unt-quo

1218 1797 1259 1815 ur.
1297 1788 1320 1813 h.
1337 1797 1357 1813 e.
1400 1787 1446 1811 Vel
1457 1788 1481 1809 in
1503 1793 1614 1810 ventrem
1629 1786 1779 1817 mittuntur,
1798 1785 1842 1809 vel
1852 1785 1878 1809 in
1893 1794 1987 1812 arcam.
2045 1788 2090 1813 Tm
2099 1789 2178 1815 ηψπ
2223 1791 2272 1817 Sed

1205 1794 1219 1847 ἑ
1236 1822 1325 1854 Capro
1344 1820 1415 1846 hunc
1432 1819 1598 1846 Profundum
1617 1825 1663 1853 pro
1677 1821 1799 1844 Gramen..
1818 1819 1909 1844 nissum
1942 1822 1980 1845 ait
2007 1822 2091 1849 Cuius.
2113 1825 2212 1858 Obstru·
2233 1836 2273 1859 ¹0,

1205 1860 1247 1883 26.
1287 1857 1358 1885 lej.
1378 1854 1514 1882 Profunda
1528 1855 1662 1881 montium
1677 1861 1702 1881 et
1718 1854 1841 1880 siluarum
1858 1855 1950 1882 Tacit.
1966 1857 2054 1891 Agric.
2068 1867 2104 1891 ος,
2114 1868 2133 1887 2,

1240 1898 1256 1918 P
1269 1897 1288 1918 R
1301 1898 1320 1918 0
1333 1898 1349 1918 1³
1362 1898 1379 1916 v
1396 1898 1418 1917 N
1433 1898 1449 1917 1)
1462 1899 1480 1916 Α
1493 1897 1515 1916 Τ
1525 1897 1544 1915 v
1555 1897 1584 1922 S,
1601 1899 1625 1925 a,
1640 1899 1694 1916 um.
1734 1890 1816 1917 Plaut.
1829 1890 1889 1917 Mil.
1904 1901 1925 1924 5,
1939 1901 1961 1925 3,
1975 1903 2003 1925 44
2026 1894 2122 1920 Carina
2137 1895 2196 1922 satis
2211 1906 2273 1932 pro.

1203 1928 1313 1955 fundata
1329 1933 1355 1954 et
1370 1926 1439 1953 bene
1453 1926 1556 1953 statuta.
1631 1926 1673 1951 Sic
1691 1925 1790 1952 Taubm.
1807 1935 1830 1960 p.
1843 1933 1897 1956 851:
1934 1928 1969 1953 al.
1987 1928 2074 1955 Probe
2100 1931 2227 1967 fundata,
2246 1942 2271 1961 ea

1199 1965 1239 1997 ,1ιῇ
1248 1964 1355 1989 Gronau.

1238 2005 1254 2024 P
1266 2005 1286 2024 R
1298 2004 1318 2024 Ο
1329 2005 1345 2025 F
1355 2004 1376 2023 V
1386 2004 1469 2026 NDE.
1492 1997 1559 2024 Adn.
1596 1998 1708 2030 Compar.
1746 1996 1816 2023 Plin·
1828 2003 1850 2030 8,
1864 2006 1897 2030 42
1917 1999 1980 2031 Q10
1994 2000 2055 2034 quis
2074 2002 2163 2030 acrior
2183 2003 2212 2030 in
2231 2004 2271 2033 bi.

1204 2032 1294 2061 beudo
1311 2033 1472 2073 profunditis
1486 2041 1561 2059 nares
1575 2032 1683 2066 mergit.
1756 2033 1829 2065 Ceus.
1850 2033 1974 2061 Prudent.
1990 2036 2112 2065 Vincent.
2130 2048 2174 2072 119.

83 2069 196 2105 guinem
209 2068 284 2094 suum
298 2066 464 2102 profundere
480 2075 587 2093 omnem
609 2066 698 2100 cupit,
724 2067 871 2094 dummodo
899 2067 1037 2101 profusum
1063 2066 1143 2093 huius
1161 2078 1193 2101 50
1241 2075 1450 2097 PROFVNDi
1468 2075 1489 2096 Τ
1501 2075 1562 2102 AS,
1583 2069 1639 2095 atis.
1659 2068 1679 2094 f·
1717 2067 1837 2094 Macrob·
1855 2068 1887 2095 de
1900 2070 1990 2097 Somn·
2002 2072 2068 2107 Scip.
2091 2083 2109 2107 ¹,
2129 2078 2144 2100 6
2164 2076 2270 2111 Corpo-

83 2111 146 2133 ante
160 2103 256 2130 videat.
328 2103 487 2137 Sanguinem
499 2111 548 2137 pro
561 2101 646 2136 patria
666 2101 739 2128 Idem
755 2101 787 2128 de
801 2103 859 2130 Fin.
873 2111 898 2135 z,
915 2106 957 2130 60.
994 2102 1069 2130 Idem
1087 2103 1141 2131 Att.

85 2150 110 2175 7,
123 2149 135 2173 3
157 2141 233 2174 Quae
245 2138 264 2165 fi
284 2139 355 2166 secus
370 2138 464 2172 essent,
484 2145 625 2172 totumque
639 2137 669 2164 Sc
685 2137 730 2164 ille
750 2138 834 2164 inme
851 2138 1016 2174 profudisset,
1041 2145 1141 2171 tamen,

83 2184 131 2204 etc.
202 2175 307 2202 Lucret.
322 2177 348 2208 6,
368 2183 419 2205 400
439 2174 543 2209 Iupiter
555 2173 584 2200 iti
598 2178 680 2199 terras
700 2173 810 2200 Fulmen
818 2175 978 2208 Sonitusque
991 2174 1142 2208 profundit.

82 2212 212 2248 Spiritum
226 2211 255 2238 in
268 2211 324 2237 acie
343 2210 402 2237 Val.
416 2210 486 2237 Max.
504 2211 531 2242 6,
543 2218 564 2243 3,
578 2218 597 2241 3.
672 2209 850 2237 Vniuersum:
887 2209 966 2237 Nihil
988 2211 1024 2237 est
1044 2210 1073 2237 in
1097 2219 1140 2236 113-

83 2255 144 2276 tura
163 2256 253 2274 rerum
265 2246 405 2278 onmium,
427 2245 499 2280 quod
511 2246 538 2272 se
546 2244 706 2271 Vniuersum
723 2246 884 2280 profundat,
908 2252 934 2272 et
961 2246 1032 2280 quod
1053 2252 1141 2272 totum
1148 2259 1176 2282 55

83 2290 192 2320 repente
205 2283 296 2309 euolet
315 2282 371 2310 Cic.
384 2281 417 2309 de
431 2282 506 2309 Orat.
519 2291 542 2314 2,
557 2290 603 2314 137.
656 2281 762 2308 Lucret'.
776 2292 799 2314 11,
814 2290 864 2316 929
885 2282 933 2309 Tu
949 2282 989 2308 fac
1002 2291 1035 2308 ne
1054 2282 1141 2308 ventis

83 2320 174 2347 Verba
189 2318 362 2353 profundam:
399 2319 558 2344 attentionem
569 2316 657 2352 poscit.
728 2318 902 2345 Viresanimi
915 2324 941 2345 et
953 2318 1072 2354 ingenii,
1095 2324 1144 2353 pro

83 2357 173 2382 Omufs
187 2364 273 2380 neruos
286 2355 430 2387 intendere,
451 2360 474 2379 et
487 2362 577 2379 omne-
595 2353 693 2387 ingenii
704 2353 757 2379 vim
771 2355 906 2389 applicare.
1017 2354 1073 2381 Cic.
1089 2356 1143 2380 Att.

83 2401 104 2427 i,
120 2400 141 2419 ις
163 2395 212 2424 ;,18)
233 2391 263 2417 In
280 2398 331 2425 qua
344 2398 394 2424 ego
411 2388 502 2422 11361115
522 2391 568 2428 (vt
583 2388 651 2415 mihi
671 2388 803 2423 videbar)
829 2389 917 2417 locum
937 2390 1089 2417 resecandae
1110 2389 1159 2422 li„

1204 2115 1264 2132 rum
1280 2112 1330 2132 tres
1346 2106 1403 2132 sunt
1416 2103 1607 2138 dimensiones,
1630 2103 1779 2138 longitude»,
1800 2104 1931 2139 latitudo,
1959 2108 2136 2140 profunditas.
2195 2114 2268 2141 Idem

1202 2142 1305 2169 Saturn.
1317 2149 1345 2176 7,
1361 2150 1389 2175 14
1410 2141 1509 2168 Oculus
1522 2139 1596 2167 videt
1610 2139 1673 2166 caeli
1688 2139 1908 2174 profunditatem.
1951 2143 2007 2169 Vm.
2030 2146 2064 2170 Cu
2076 2154 2085 2169 ·.
2112 2153 2120 2167 2
2131 2146 2161 2177 st,
2177 2148 2268 2177 cellar,

1202 2188 1228 2214 p.
1244 2187 1288 2210 ¹53·
1310 2184 1334 2203 et
1354 2186 1405 2209 227.
1472 2179 1505 2204 In
1518 2176 1577 2211 ipsis
1593 2175 1739 2203 visceribus
1760 2183 1846 2204 terrae
1867 2176 1982 2205 abstrusa
2004 2172 2175 2214 profuiditas
2196 2185 2268 2212 Ter.

1203 2214 1259 2241 tull.
1274 2213 1306 2240 de
1320 2214 1370 2240 An.
1387 2223 1408 2240 c.
1420 2221 1457 2246 ςς.

1239 2256 1255 2276 P
1267 2256 1286 2276 R
1299 2255 1319 2276 o
1330 2256 1351 2277 G
1364 2256 1380 2276 E
1393 2257 1417 2276 M
1431 2256 1453 2275 M
1467 2254 1487 2276 0
1496 2271 1507 2284 ,
1525 2253 1578 2276 are.
1616 2246 1742 2283 [ἓλαςέω]
1781 2248 1892 2275 Gemmas
1906 2253 2015 2278 trudere.
2053 2254 2091 2279 De
2104 2255 2179 2280 vinea
2202 2257 2268 2283 dici-

1201 2294 1254 2312 tur.
1331 2285 1465 2313 Columel.
1481 2297 1504 2320 ⁴,
1518 2295 1544 2318 27
1573 2284 1598 2311 Si
1619 2285 1712 2319 palmis
1734 2285 1942 2320 incipientibus,
1967 2291 2268 2328 progemmantibusque

1202 2322 1328 2349 fossorem
1343 2321 1502 2354 immiseris,
1532 2330 1655 2356 magnam
1670 2329 1769 2355 partem
1790 2321 1941 2348 vindemiae
1961 2324 2109 2353 ἀει-11111111.

1239 2365 1255 2384 P
1265 2365 1282 2385 R
1295 2364 1315 2384 0
1326 2364 1346 2384 G
1356 2356 1373 2384 ἑ
1384 2365 1405 2384 Ν
1419 2364 1434 2384 Ε
1447 2364 1482 2393 R,
1503 2357 1551 2383 eri.
1573 2367 1609 2383 111.
1648 2357 1829 2391 [hiemantem]
1867 2358 2046 2393 Progencrum
2061 2363 2123 2387 ..siit
2137 2372 2206 2396 auur,
2226 2373 2269 2390 ne.

1202 2394 1323 2430 ptissuae
1334 2394 1430 2421 virum.
1503 2393 1573 2420 Suet.
1590 2393 1694 2428 August.
1709 2402 1729 2419 c.
1745 2403 1771 2426 ¹9
1791 2393 1944 2429 Luciliique
1960 2395 2044 2422 Paulli
2060 2400 2199 2431 progeneri
2217 2400 2269 2434 sui,

83 2427 200 2457 tudinis,
222 2433 248 2453 et
260 2425 588 2457 coercendaeiuuentutis,
607 2424 750 2451 vehemens
777 2425 833 2453 fui:
869 2433 895 2452 et
913 2435 1005 2453 omnes
1032 2425 1183 2460 profudi60
1203 2439 1249 2456 etc.
1287 2428 1452 2456 Modestinus
1466 2429 1494 2455 in
1509 2428 1548 2461 1..
1569 2429 1600 2455 D.
1616 2429 1647 2456 de
1660 2429 1786 2464 gradibus
1800 2436 1826 2456 et
1839 2428 1973 2458 affinibus.
2012 2434 2085 2467 tons}
2099 2433 2191 2461 Tacit.
2201 2435 2269 2463 Hist,

85 2463 166 2490 Vires
179 2461 264 2489 animi
275 2460 465 2497 atqueingenii
478 2461 540 2487 mei.
611 2460 685 2487 Idem
701 2460 755 2487 Off.
775 2471 794 2492 i,
806 2468 834 2494 84
853 2462 961 2489 quenti
976 2469 1064 2488 autem
1076 2462 1143 2488 mul-

82 2499 105 2528 ti
126 2500 199 2531 sunt,
218 2498 333 2531 quinon
349 2496 433 2523 niodo
448 2496 604 2531 pecuniam,
636 2496 679 2523 sed
698 2496 779 2523 etiam
797 2498 886 2524 Vitam
907 2498 1071 2533 profundere
1093 2506 1144 2532 pro

82 2535 167 2572 patria
181 2534 264 2569 parati
276 2534 363 2560 essent.
421 2533 463 2558 Sic
476 2531 546 2559 Phil.
569 2542 593 2564 ¹4
617 2542 638 2559 c.
655 2541 688 2562 ¹⁴·
762 2533 818 2559 Cic.
831 2533 915 2561 Tusc.
932 2542 954 2568 2,
968 2536 997 2564 56
1017 2533 1065 2560 Sed
1080 2534 1143 2568 quia

81 2572 112 2599 in
129 2568 315 2605 profundenda
330 2570 402 2595 Voce
416 2577 495 2595 omne
508 2577 603 2603 corpus
628 2567 793 2602 intenditur,
819 2570 948 2604 venitque
966 2569 1039 2605 plaga
1062 2569 1142 2596 vehe-

83 2643 194 2678 μόλοι-ο
213 2640 306 2668 Voces,
379 2640 536 2674 Voluptates
550 2649 634 2674 quum
648 2640 763 2668 inclusae
780 2641 879 2668 diutius
905 2647 931 2667 et
951 2641 1036 2676 prii-na
1057 2647 1141 2668 aetate

87 2677 245 2711 compressae
257 2682 283 2702 et
303 2675 460 2703 constrioae
474 2676 598 2709 fuerunt,
626 2676 715 2704 subito
741 2677 792 2704 sese
811 2686 1006 2711 nonnunquam
1031 2677 1143 2713 profun-

87 2713 154 2740 dunt
171 2718 249 2745 atque
266 2710 377 2737 eiiciunt
391 2711 529 2738 vniuersae
550 2711 605 2740 Cic.
619 2721 668 2746 pro
681 2713 752 2741 Cael¹
767 2723 804 2746 75,
846 2713 1012 2741 Profundere
1043 2715 1055 2746 [
1068 2725 1143 2740 ,ια-ης-

86 2747 220 2780 ναλίεκειν]
258 2748 338 2781 Supra
351 2748 444 2772 modum
457 2753 592 2781 exponere,
601 2748 655 2780 siue
669 2748 804 2783 insumere:
842 2750 911 2778 Ter.
927 2749 1038 2785 Adelph.
1049 2761 1071 2785 1,
1082 2759 1109 2786 2,
1115 2760 1144 2783 54

88 2783 159 2811 Tibi
174 2782 268 2810 siistuc
279 2782 378 2818 placet,
399 2781 558 2816 profundat,
579 2783 684 2817 perdat,
705 2791 810 2819 pereat,
830 2785 900 2812 nihil
925 2786 956 2812 ad
978 2795 1019 2813 me
1039 2786 1142 2813 attinet.
1151 2795 1183 2819 70

85 2820 144 2848 Cic.
158 2820 236 2850 Vcrr.
252 2827 274 2854 3,
287 2827 326 2848 155
348 2816 408 2857 Ait,
426 2817 516 2844 omnia
531 2819 641 2851 pecunia
659 2818 728 2846 effici
745 2821 829 2854 posse:
865 2820 944 2854 dare,
969 2821 1145 2855 profundere,

85 2863 233 2891 opponere.
248 2855 266 2881 fi
281 2853 346 2880 velis
360 2862 476 2880 vincere.
513 2853 586 2880 Idem
600 2854 629 2880 in
644 2855 723 2882 Catil.
744 2865 766 2887 2,
780 2864 809 2882 io
835 2865 858 2884 c.
869 2866 884 2889 5
911 2857 1075 2885 Patrimonia
1099 2859 1144 2885 sua

84 2891 282 2928 profuderunt,
302 2890 424 2916 fortunas
436 2890 492 2916 suas
510 2889 716 2924 obligurierunt.

93 2950 97 2953 .
121 2928 272 2954 PROFVS
282 2933 302 2952 V
313 2931 328 2952 S
339 2947 348 2960 ‚
369 2934 392 2959 a,
407 2934 461 2954 uui.
496 2925 590 2953 Partic.
625 2927 803 2961 ἷκοιτάχυτος]
838 2929 919 2965 Supra
931 2932 1025 2957 modum
1038 2929 1146 2964 sumtuo-

79 2963 133 3002 fis.

83 2999 161 3028 utile.
234 2999 279 3026 Sin
291 3007 321 3024 ea
334 3006 402 3032 quae
417 2997 519 3024 frnfitus
528 3006 631 3032 cunque
638 3007 681 3032 es,
703 2999 805 3034 periere
814 3008 862 3035 pro
887 3001 920 3027 isa
937 3001 1041 3027 Lucret.
1052 3009 1073 3032 3,
1086 3009 1138 3032 953·

85 3036 175 3064 Pletus
188 3035 267 3070 super
278 3043 326 3061 ora
346 3034 470 3069 profusus
492 3033 575 3061 Ouid.
589 3035 653 3062 Met.
667 3043 698 3068 ii,
718 3038 774 3070 657.
809 3037 845 3064 al.
875 3036 996 3062 Refiisus.
1052 3036 1141 3062 Lacri-

84 3072 137 3100 mis
149 3071 254 3099 vultum
273 3071 361 3097 lauere
374 3069 488 3104 profusis
509 3069 581 3098 Idem
593 3070 660 3098 ibid.
673 3080 698 3104 9,
715 3075 770 3106 679.
875 3072 955 3099 Nilus
976 3071 1042 3100 Plin.
1065 3081 1095 3105 5,
1121 3081 1146 3105 9.

84 3105 329 3148 Claustrisprofusi
342 3105 487 3141 Caspiadae
504 3106 593 3133 Valer.
606 3107 707 3142 Argon.
723 3110 748 3141 6,
762 3110 816 3136 106.
895 3109 982 3135 Varro
1002 3107 1034 3134 de
1061 3108 1093 3134 R.
1113 3108 1146 3134 R.

85 3152 136 3177 2‚3
158 3144 238 3170 Bonis
251 3141 389 3176 clunibus,
411 3141 476 3168 coda
502 3142 608 3176 profusa
626 3152 710 3177 vsque
731 3143 762 3170 ad
786 3143 876 3180 calces,
899 3152 945 3172 etc,
983 3145 1001 3171 ι’.
1019 3143 1188 3179 ρ1·οιεη]”α.8ο

86 3180 200 3214 Compar.
221 3178 312 3206 Cauda
329 3178 463 3213 profusior
484 3178 580 3205 Pallad.
592 3189 615 3211 4,
628 3188 661 3212 ¹3·
701 3179 840 3215 Profusus,
882 3182 894 3216 [
909 3181 1057 3214 ὸαπαῦηςὸε,
1090 3190 1146 3213 προ-

86 3216 190 3249 ῢμενοε]
226 3215 308 3250 Supra
321 3214 433 3241 modum
448 3215 610 3250 sui-timonis,
630 3216 714 3250 inquit
733 3216 828 3244 Festus.
884 3217 941 3243 Cic.
957 3224 1006 3251 pro
1024 3216 1145 3242 Muraen.

86 3252 123 3285 ‘1⁶
144 3259 166 3276 c.
180 3252 207 3282 36
226 3251 291 3278 Odit
313 3250 430 3285 Populus
443 3251 522 3277 Rom.
539 3251 671 3285 priuatam
690 3251 839 3288 luxui-iam,
865 3252 999 3288 publicam
1026 3251 1148 3286 magnifi-

86 3285 202 3311 centiam
216 3285 320 3321 diligit:
356 3295 412 3313 non
428 3294 496 3313 amat
510 3287 630 3321 profusas
647 3288 752 3323 epulas,
773 3288 860 3315 sordes
877 3295 902 3315 et
925 3287 1146 3313 inhumanitatem

87 3320 176 3347 multo
189 3321 284 3348 minus.
357 3321 430 3349 Idem
443 3331 493 3357 pro
506 3323 577 3350 Cael.
592 3333 619 3356 57
639 3333 661 3350 c.
675 3329 708 3353 18.

89 3355 166 3396 Idem
188 3365 238 3391 pro
249 3358 344 3392 Qiint.
357 3366 395 3390 93.
451 3358 524 3385 Idem
538 3360 616 3386 Verr.
631 3369 652 3393 3,
665 3369 687 3394 1,
700 3369 732 3386 20
753 3361 918 3393 Pecuniosus,
939 3359 1073 3392 Profusus,
1086 3368 1146 3393 per-

89 3391 170 3418 ditus.
214 3428 219 3433 ⁸
242 3393 362 3421 Pet-ditus
374 3402 404 3420 ac
417 3394 539 3428 profusus
559 3405 640 3430 nepos
660 3395 734 3423 Idem
748 3405 797 3432 pro
810 3398 904 3431 Qiint.
923 3404 957 3428 40
980 3405 1002 3422 c.
1025 3404 1056 3422 12.
1095 3395 1147 3422 Sal-

89 3427 149 3468 hist.
162 3427 241 3456 Catil.
255 3438 268 3455 c
291 3439 303 3459 ς
323 3429 412 3456 Alieni
426 3436 558 3469 appetens,
576 3431 615 3458 sui
631 3432 771 3466 profusus,
787 3433 880 3460 ardens
900 3432 928 3458 in
949 3430 1147 3465 cupiditatibus.

89 3464 148 3492 Cic,
162 3463 273 3491 Tuscus.
288 3475 311 3498 ⁴,
329 3475 354 3497 35
374 3466 411 3491 Vt
425 3465 565 3499 aegritudo
580 3468 650 3502 quasi
664 3469 783 3495 morsum
797 3469 913 3504 aliquem
926 3466 1029 3493 doloris
1042 3466 1148 3500 efficiat,

1199 2537 1228 2574 so
1241 2540 1383 2572 prulucere.

282 2604 369 2632 Catul.
384 2605 485 2638 Argon.
499 2604 518 2631 s.
533 2607 572 2636 63,
586 2613 631 2631 202
659 2604 712 2631 Has
731 2605 867 2640 postquam
890 2605 993 2632 moesto
1018 2605 1178 2640 profudit65

207 2963 266 2989 Plin
293 2970 320 2995 -i‚
337 2970 366 2995 41
385 2962 496 2990 Mulieri
511 2967 571 2988 ante
587 2962 727 2996 septimum
741 2963 853 2990 mensem
864 2966 1006 3027 profusum
1024 2966 1079 2998 lac,
1105 2966 1146 2991 in·
1154 2975 1181 2999 75

878 3011 883 3026 l

779 3324 912 3352 Sumtibus
925 3323 1037 3358 profusis
1053 3323 1147 3349 viuere
1156 3330 1184 3356 85

1202 2475 1226 2499 5,
1241 2475 1267 2499 9,
1282 2473 1307 2500 7.
1329 2473 1351 2491 et
1377 2465 1470 2499 Nepos
1483 2473 1523 2500 25,
1541 2475 1573 2498 12,
1589 2475 1605 2492 1.
1644 2465 1702 2492 Seu.
1723 2466 1768 2500 Ep.
1789 2474 1825 2493 21.

1240 2507 1256 2528 P
1269 2508 1286 2529 R
1299 2508 1320 2529 0
1332 2508 1354 2529 G
1363 2508 1378 2527 F
1389 2509 1411 2529 N
1424 2500 1442 2528 Ε
1451 2508 1469 2528 R
1480 2507 1500 2527 O
1509 2522 1517 2533 ‚
1538 2505 1590 2528 Ere.
1627 2501 1640 2535 [
1653 2504 1808 2533 παιδοπαιέω,
1836 2505 1994 2535 wizan-wrm
2007 2503 2021 2537 J
2060 2504 2221 2532 Gen-natione
2240 2515 2271 2534 ex

1478 2537 1546 2564 Plin.
1561 2547 1590 2570 ιι,
1608 2539 1635 2563 16
1656 2537 1732 2563 Fetus
1747 2545 1866 2571 quonam
1880 2538 1963 2564 modo
1977 2548 2188 2573 progenerat-ent
2218 2552 2271 2570 ma-

1204 2582 1255 2608 gna
1269 2574 1338 2600 intel·
1351 2573 1471 2601 eruditos
1486 2579 1511 2599 et
1525 2572 1628 2600 subtilis
1644 2573 1699 2599 fuit
1714 2573 1841 2608 quaestio.
1895 2575 2007 2608 Aquilae
2022 2584 2076 2602 non
2090 2565 2270 2610 proeen’erant

1205 2610 1356 2636 columbam
1382 2610 1452 2636 Hor.
1466 2610 1555 2635 Carni.
1569 2619 1592 2642 4,
1605 2617 1632 2641 4,
1647 2618 1678 2641 3¹·
1752 2608 1821 2644 Pqffi
1859 2610 1948 2636 V.arro
1961 2611 1993 2637 de
2008 2611 2035 2638 L.
2058 2611 2088 2637 L.
2109 2618 2133 2644 3,
2143 2605 2183 2638 “22
2205 2614 2270 2641 Non

1204 2645 1255 2672 bos
1265 2645 1301 2708 Iad
1316 2646 1414 2673 bouem
1428 2647 1532 2672 conlata
1545 2644 1582 2672 est
1597 2644 1708 2673 fimilis3
1729 2652 1756 2672 et
1768 2645 1816 2679 qui
1829 2653 1861 2671 ex
1877 2644 1920 2672 his
1933 2653 2145 2681 progenerantur
2159 2648 2231 2675 inter
2244 2650 2270 2677 se

1204 2682 1262 2709 vitu
1277 2682 1303 2708 i?
1324 2690 1368 2710 etc.
1980 2687 1984 2691 '

1239 2724 1255 2743 Ρ
1266 2725 1284 2744 R
1294 2725 1314 2746 o
1323 2725 1343 2745 G
1353 2724 1370 2744 Ε
1381 2725 1403 2745 N
1415 2725 1460 2745 ER
1469 2723 1490 2744 Α
1504 2724 1526 2745 Τ
1538 2725 1548 2744 1
1560 2723 1580 2744 O
1589 2737 1597 2750 ,
1615 2716 1685 2744 151115.
1705 2717 1725 2743 f.
1746 2716 1917 2750 [παιδοποιία]
1954 2716 2023 2742 Ρ1111.
2037 2722 2060 2750 8,
2073 2726 2099 2749 43
2121 2719 2272 2752 Operafine

1204 2753 1289 2781 dubio
1305 2755 1393 2789 geruli
1407 2753 1541 2787 mirifica,
1558 2753 1659 2780 arando
1673 2761 1790 2788 quoque,
1804 2751 1846 2778 sed
1861 2752 1993 2778 musarum
2007 2754 2122 2780 maxime
2141 2763 2271 2790 progene.

1205 2791 1321 2818 ratione.
1360 2792 1397 2816 De
1404 2790 1490 2823 asinis.

1243 2833 1259 2852 Ρ
1270 2834 1286 2853 a
1296 2833 1317 2853 0
1328 2832 1349 2853 G
1359 2833 1376 2853 E
1389 2833 1411 2852 N
1423 2833 1431 2852 1
1442 2832 1460 2853 c
1473 2824 1494 2853 x?
1504 2832 1520 2852 L
1529 2832 1566 2859 o,
1587 2829 1640 2851 are.
1679 2822 1760 2849 Gloss.
1775 2822 1833 2849 Lat.
1849 2826 1874 2849 et
1888 2821 1936 2851 Gr.
1952 2821 2138 2858 Progeniculo,
2157 2828 2270 2859 γενέμαι.

1207 2865 1270 2890 Item
1285 2862 1481 2897 Progeniculat‚
1492 2863 1623 2893 φοννπετεῖ.

1243 2905 1259 2924 P
1271 2904 1290 2925 R
1301 2904 1348 2924 OG
1358 2904 1375 2923 E
1388 2905 1408 2922 N
1419 2905 1428 2922 1
1440 2903 1456 2922 F,
1465 2903 1478 2921 s
1488 2918 1496 2928 ‚
1516 2895 1550 2921 ri.
1571 2895 1590 2920 f.
1628 2894 1735 2928 [vrum
1756 2894 1844 2927 φενεὲ]
1882 2894 1965 2920 Genus
1979 2902 2052 2929 atque
2059 2895 2176 2928 fhmilia.
2214 2898 2271 2925 Cic.

1208 2934 1322 2966 Philipp.
1341 2941 1366 2964 9,
1380 2941 1393 2962 5
1417 2931 1529 2957 Reddita
1542 2929 1578 2955 est
1591 2929 1679 2955 eitum
1694 2938 1708 2955 a
1722 2929 1871 2956 maioribus
1886 2930 1967 2956 statua
1980 2939 2030 2964 pro
2042 2932 2109 2957 vita:
2129 2941 2194 2965 quae
2203 2934 2271 2961 mul-

1208 2975 1248 2994 tos
1270 2975 1319 3002 per
1328 2975 1411 2993 annos
1425 2965 1581 3000 progeniem
1597 2965 1654 2991 eius
1667 2964 1825 2991 honestaret.
1906 2966 2030 2992 Herculis
2051 2969 2190 3001 progemes
2216 2969 2271 2995 Ne-

1207 3012 1255 3038 pos
1274 3012 1304 3036 17,
1320 3012 1338 3035 1,
1352 3011 1375 3029 2.
1448 3003 1528 3029 Certa
1543 3001 1684 3035 progenies
1702 3000 1800 3027 Seneca
1811 3000 1925 3028 Troade
1947 3005 1970 3028 6.
2043 3002 2194 3036 Digniffima
2202 3005 2270 3032 caeli

1207 3040 1267 3066 Stat.
1283 3038 1367 3065 Achil.
1383 3047 1404 3072 ε,
1419 3046 1467 3071 373.
1522 3037 1633 3071 Egregia
1645 3038 1786 3070 progenies
1800 3037 1899 3063 virtute
1914 3037 1989 3071 Virg.
2003 3037 2066 3062 Aen.
2083 3047 2104 3070 7,
2120 3048 2169 3066 557.
2208 3041 2268 3067 Fer-

1206 3084 1252 3101 rea
1265 3075 1341 3109 Virg.
1356 3074 1454 3108 Georg.
1475 3083 1496 3108 2,
1512 3082 1558 3105 3⁴¹·
1632 3073 1719 3107 Impia
1732 3073 1872 3107 progenies
1887 3072 1998 3098 Tantali
2019 3073 2106 3100 Senec.
2121 3074 2233 3107 Thyest.
2247 3086 2270 3104 2.

1208 3110 1285 3137 Haud
1303 3109 1442 3137 inficianda
1457 3109 1558 3144 parenti
1573 3109 1714 3143 progenies
1730 3108 1868 3135 Phaethon
1889 3107 1970 3133 Ouid.
1987 3108 2050 3134 Met.
2067 3117 2090 3142 2,
2104 3119 2141 3142 34.
2215 3112 2270 3138 Ma-

1207 3156 1258 3181 gna
1272 3147 1343 3172 Iouis
1362 3146 1447 3172 Catul.
1463 3154 1502 3178 32,
1517 3147 1542 3172 6.
1616 3145 1699 3171 Parua
1722 3146 1795 3178 Virg.
1807 3144 1906 3176 Georg.
1923 3153 1940 3177 1,
1953 3152 2002 3176 4¹3·
2050 3157 2069 3169 ..·
2085 3146 2174 3172 1.,νιιὶ.
2213 3147 2269 3174 Pri-

1208 3184 1247 3209 sca
1261 3182 1354 3216 Claud.
1375 3182 1403 3208 in
1423 3181 1494 3207 Ruff.
1518 3190 1544 3214 i,
1567 3182 1620 3206 106.
1711 3180 1792 3213 Regia
1809 3177 1890 3205 Ouid.
1905 3179 1969 3205 Met.
1985 3189 2013 3210 11,
2025 3188 2076 3211 75⁴-
2170 3183 2269 3210 Vesana

1207 3218 1300 3246 Claud.
1315 3219 1347 3244 de
1360 3218 1388 3244 B.
1403 3216 1475 3243 Gild.
1492 3225 1540 3249 332·
1615 3216 1686 3242 Viua
1701 3216 1804 3244 Luci-et.
1827 3222 1856 3243 2.
1879 3216 1932 3248 617.
2005 3215 2179 3242 ν11ὲοίῖῡ1σ111
2207 3227 2270 3252 pro-

1209 3254 1315 3289 geniem
1330 3254 1392 3280 dare
1413 3254 1483 3280 Hor.
1498 3253 1588 3279 Carm.
1602 3262 1623 3287 3,
1638 3255 1663 3283 6,
1679 3253 1718 3283 46.
1791 3250 1903 3284 Propius
1916 3249 1998 3276 abesse
2011 3251 2043 3276 ab
2058 3259 2133 3285 ortu,
2155 3261 2180 3280 et
2201 3254 2271 3281 diui-

1207 3300 1242 3317 na
1255 3289 1384 3325 progenie
1404 3289 1461 3316 Cic.
1474 3289 1557 3315 Tusc.
1574 3298 1591 3322 1,
1605 3290 1637 3313 26
1661 3295 1681 3312 c.
1698 3294 1731 3312 12.
1823 3286 1938 3312 Orbatus
1959 3287 2088 3321 progenie
2109 3288 2181 3315 Idem
2202 3290 2270 3318 ibid.

1209 3336 1228 3358 i,
1242 3332 1270 3356 85
1291 3335 1313 3352 c.
1328 3336 1362 3357 35-
1434 3325 1541 3352 Terrae
1559 3322 1716 3358 progenies,
1744 3322 1800 3348 vid.
1829 3327 1963 3355 TERRA.

1208 3362 1342 3390 Columel.
1359 3371 1382 3395 a,
1398 3370 1422 3395 9.

1245 3404 1377 3425 PROGE
1389 3404 1411 3423 N
1424 3403 1434 3423 1
1449 3403 1473 3423 Ἰ·
1487 3403 1506 3423 o
1518 3402 1553 3425 R,
1575 3394 1630 3420 vid.
1652 3399 1840 3420 PROGIGNO.

1242 3440 1259 3460 p
1268 3441 1288 3461 R
1297 3439 1317 3461 0
1329 3440 1349 3461 G
1361 3440 1377 3460 Ε
1385 3441 1404 3460 R
1414 3439 1437 3459 Μ
1448 3432 1461 3460 ἰ
1470 3439 1491 3458 rc
1499 3438 1519 3458 o
1527 3451 1535 3463 ,
1555 3433 1609 3455 Ere.
1647 3429 1842 3462 [καταζλαςέω]
1881 3429 1985 3456 Germen
1996 3439 2027 3455 ex
2033 3429 2064 3466 se
2077 3433 2218 3467 prodirem-c,
2230 3435 2269 3460 di.

1207 3470 1274 3496 citur
1297 3469 1418 3504 surculus,
1515 3465 1650 3492 Columel.
1669 3474 1696 3497 4,
1721 3474 1748 3491 10
1764 3463 1875 3491 Putandi
1891 3471 1978 3491 autem
1993 3466 2047 3493 duo
2060 3467 2120 3494 sunt
2137 3474 2269 3504 tempora,

2036 3323 2107 3349 Vitis
2126 3327 2269 3360 progenies

89 3505 177 3527 metus
198 3500 322 3526 recessum
338 3500 472 3535 quendam
487 3501 588 3535 animi,
606 3509 632 3530 et
645 3503 738 3539 fugam
763 3505 862 3532 laetitia
891 3503 1028 3530 Profusam
1054 3502 1147 3529 hilari·
1157 3515 1192 3540 90
1207 3505 1304 3532 melius
1317 3511 1403 3532 autem
1425 3508 1469 3537 (vt
1482 3502 1518 3528 ait
1535 3502 1637 3536 Mago)
1658 3509 1783 3533 vernum,
1802 3507 1861 3526 ante
1876 3509 1955 3535 quam
1976 3501 2093 3528 surculus
2117 3507 2270 3540 pogermi-

89 3540 180 3563 tatem.
253 3536 329 3562 Mens
347 3537 409 3577 Stat.
422 3536 487 3563 Silii.
502 3547 522 3570 3,
535 3547 554 3570 i,
574 3547 612 3571 91.
683 3542 823 3579 Ipsumque
850 3548 931 3575 genus
962 3538 1068 3565 iocandi
1091 3548 1148 3565 non

89 3571 230 3607 profusum
245 3580 331 3606 neque
350 3572 579 3612 immoderatum,
613 3574 657 3601 sed
671 3575 818 3611 ingenuum
833 3583 859 3603 et
878 3576 992 3602 facetum
1013 3575 1069 3601 Cic.
1093 3574 1148 3601 Off.

250 3607 393 3641 Profusus,
418 3607 563 3643 Abnflus,
590 3608 693 3637 iacens:
730 3612 874 3643 Pacuuius,
900 3610 1024 3637 Profusus
1044 3610 1147 3645 gemitu

90 3651 242 3670 murmuro.
261 3642 358 3669 Festus.
377 3644 474 3677 Superi.
495 3643 565 3671 Suet.
579 3645 657 3680 Vesp.
677 3655 700 3674 e.
715 3656 729 3680 7
749 3647 956 3675 Comeffationes
976 3655 1036 3673 cuin
1053 3646 1145 3681 profu-

90 3678 185 3706 siffimo
192 3687 300 3713 quoque
306 3677 472 3708 extendebat.
953 3710 956 3713 ,

127 3720 143 3740 P
153 3721 199 3741 Ro
210 3716 256 3742 in
266 3720 278 3740 S
289 3720 315 3740 E.
342 3714 408 3740 Adu.
444 3714 677 3751 [xoerxxsxvpsuoec]
712 3717 772 3747 Liu.
793 3730 830 3755 ιο,
850 3721 881 3753 36
907 3718 979 3745 Haec
1004 3718 1058 3753 ipsa
1070 3717 1150 3745 mini-

90 3753 151 3777 tans
163 3749 266 3777 obstitit
285 3750 392 3784 profuse
407 3751 576 3777 tendentibus
590 3752 642 3778 suis
655 3752 684 3778 in
696 3753 785 3782 castra.
856 3757 966 3789 Compar.
987 3753 1086 3780 Sallust.
1100 3754 1148 3780 Ca-

93 3784 137 3812 til.
153 3793 177 3811 c.
191 3795 211 3818 ¹3
233 3794 298 3812 cxtr.
337 3785 463 3812 Profusus
477 3786 596 3819 quaestui
617 3787 731 3815 deditus.
802 3791 898 3827 Superl.
914 3790 985 3817 Suet.
1001 3791 1067 3824 Aug.
1087 3797 1151 3823 0⁴75

93 3819 266 3848 Profufissime
281 3821 415 3848 celebrare
429 3820 509 3847 festos
531 3821 595 3849 dies.

130 3862 147 3882 P
156 3861 176 3882 R
187 3862 280 3885 OFvs
292 3864 303 3884 1
315 3865 335 3884 ο
345 3879 353 3890 ,
377 3856 446 3883 (mis.
467 3856 486 3883 f.
540 3858 608 3885 Cels.
632 3867 665 3893 2,
686 3869 700 3889 7
720 3859 841 3889 Profufio
853 3861 918 3888 alui.

93 3890 179 3926 praef.
199 3891 318 3920 Infinitae
332 3894 464 3919 sumtuum
479 3893 655 3927 profusiones.
691 3894 810 3923 Tertull.
823 3897 856 3924 de
869 3896 970 3924 Poenit.
986 3905 1008 3922 c.
1022 3901 1036 3926 8
1055 3903 1096 3930 pr.

132 3932 148 3952 P
157 3932 174 3951 R
184 3932 205 3952 Ο
213 3931 229 3951 F
238 3928 260 3953 V
269 3934 310 3956 so
319 3935 339 3956 R
350 3951 358 3963 ,
377 3929 442 3956 bris.
460 3937 496 3955 m.
536 3928 656 3956 Tei-tull.
666 3929 768 3958 aduerf.
779 3932 911 3960 Marcion.
927 3942 944 3966 1,
956 3940 992 3965 24
1013 3931 1151 3966 Dispensa-

94 3966 140 3990 toi·
155 3969 209 4001 noy
221 3962 353 3994 profusor.

91 4003 94 4006 ·
132 4002 260 4038 rRoifv
270 4003 294 4023 N
304 4004 323 4024 n
333 4006 394 4034 va,
413 4010 440 4034 a,
453 4009 506 4027 um.
546 3998 606 4026 Adi.
642 3999 656 4034 [
668 3999 756 4033 ἰαθεὶς.
779 4000 856 4035 Εὐθιος
868 4005 882 4039 ]
925 4003 1016 4028 dmum
1035 4002 1071 4038 est
1088 4004 1154 4037 quod

92 4032 198 4070 rouo,
216 4026 389 4071 vdfiestlonge,
405 4037 495 4066 habeat
512 4034 636 4063 fundum.
684 4057 688 4060 .
1120 4037 1126 4044 ·

1169 3694 1198 3719 95
1208 3685 1293 3712 micae
1306 3684 1464 3715 Ρ1111.18,35-

745 4036 871 4067 Acheron
894 4037 1063 4076 profundus,
1096 4039 1426 4075 vid.105progignuntiir‚
1448 4037 1480 4064 sic
1493 4037 1523 4064 in
1536 4035 1616 4064 causis
1637 4034 1760 4063 conditae
1780 4036 1839 4064 suut
1859 4042 1900 4064 res
1921 4032 2033 4058 futurae.

1205 3548 1259 3569 net.
1298 3541 1371 3568 Idem
1386 3551 1406 3567 c.
1423 3548 1444 3572 ις
1466 3538 1509 3564 Ne
1523 3547 1553 3564 ex
1567 3536 1722 3571 propinquo
1742 3537 1935 3570 progerminet.

1242 3584 1285 3604 PR
1295 3584 1314 3605 0
1324 3584 1344 3604 G
1355 3576 1372 3604 ἰξ
1383 3583 1402 3602 R
1414 3582 1450 3607 O,
1469 3573 1527 3608 geffi
1536 3594 1544 3606 ‚
1564 3572 1672 3607 gestum,
1693 3574 1746 3598 cre.
1791 3573 1802 3603 [
1815 3573 1946 3605 ἐκκομίζει),
1984 3575 2133 3608 κροωμιζω]
2189 3577 2270 3602 Exta

1204 3623 1311 3648 gerere,
1331 3612 1430 3645 effi-rre.
1503 3609 1570 3635 Plin.
1587 3613 1654 3641 11,18
1674 3609 1730 3640 (17)
1751 3608 1843 3641 Quum
1857 3607 1994 3634 defiineias
2008 3616 2167 3644 progerunt,
2194 3612 2270 3638 fune-

1209 3645 1378 3681 rantiumque
1394 3653 1470 3672 more
1485 3645 1648 3671 comitantur
1661 3644 1844 3677 exseq11ias,›·e
1852 3646 1945 3677 apluv.
1984 3644 2042 3671 Oua
2056 3654 2199 3680 progerunt
2214 3647 2268 3672 sor-

1506 3679 1639 3706 Columel.
1661 3687 1695 3713 12,
1710 3687 1741 3711 50
1763 3678 1841 3704 Vrcei
1855 3678 2049 3712 quibusoieuiu
2070 3682 2230 3715 progeritur.

1241 3727 1258 3747 r
1269 3728 1286 3746 a
1297 3727 1316 3745 o
1327 3725 1347 3745 G
1357 3725 1374 3744 E
1383 3724 1401 3743 R
1415 3723 1432 3744 E
1444 3724 1467 3743 N
1477 3723 1506 3746 s,
1527 3715 1604 3742 entis.
1644 3715 1711 3741 Part.
1750 3714 1815 3741 Plin.
1829 3719 1854 3743 18
1874 3723 1896 3742 c.
1911 3714 1958 3742 vlt.
1973 3722 2040 3742 extr.
2078 3717 2213 3743 Formicae
2224 3715 2266 3741 vel

1205 3755 1398 3786 concursantes,
1407 3759 1451 3779 aut
1466 3761 1517 3778 oua
1526 3756 1705 3786 progerentes.

1244 3798 1259 3818 P
1270 3798 1286 3817 a
1297 3797 1316 3817 o
1327 3795 1349 3816 G
1363 3795 1380 3815 E
1390 3795 1403 3815 s
1412 3795 1478 3822 To,
1500 3791 1552 3814 are.
1562 3800 1570 3810 ·
1591 3785 1669 3822 Apul.
1684 3785 1800 3812 Mile-126
1823 3791 1889 3812 extr.

1209 3827 1325 3854 nucleos.

1945 3785 2010 3814 Sinti
2023 3787 2104 3814 serico
2116 3785 2266 3820 progestans

992 3859 1101 3888 Vitruu.
1122 3865 1208 3888 10100
1247 3869 1264 3888 P
1278 3868 1296 3888 R
1309 3867 1329 3887 o
1341 3866 1363 3887 G
1375 3866 1385 3885 1
1400 3865 1421 3886 G
1432 3865 1455 3885 N
1466 3865 1482 3885 E
1493 3865 1513 3886 o
1524 3864 1545 3884 ,κ’
1555 3879 1563 3891 ,
1582 3859 1637 3884 vid.
1667 3862 1893 3884 PROPNiGEON.

1243 3904 1285 3923 PR
1298 3903 1318 3923 ο
1332 3902 1353 3922 G
1366 3901 1404 3922 1G
1416 3903 1438 3921 N
1450 3901 1469 3921 ο
1481 3915 1488 3926 ,
1506 3894 1604 3929 genui,
1624 3894 1745 3927 genitum
1756 3913 1763 3924 ‚
1783 3894 1837 3919 ere.
1876 3893 2003 3927 [γενιάω]
2038 3890 2166 3925 Gigia-cndu
2193 3900 2224 3916 ex
2239 3890 2269 3926 se

1205 3935 1349 3968 producere.
1422 3931 1479 3957 Cic.
1493 3930 1547 3956 Off.
1563 3939 1587 3962 3,
1603 3931 1636 3955 66
1658 3929 1692 3954 Vt
1705 3928 1777 3954 enim
1793 3930 1888 3955 caeteri
1903 3937 1934 3954 ex
1953 3925 2085 3962 pati-ibin,
2106 3925 2137 3951 sie
2153 3926 2204 3957 hic',
2219 3926 2267 3960 qui

1209 3968 1277 3995 illud
1294 3968 1383 3993 lumen
1399 3966 1557 4000 progenuit,
1576 3973 1608 3990 ex
1624 3963 1682 3989 silio
1695 3964 1731 3989 est
1747 3965 1934 3991 nominandus.
2005 3961 2079 3987 Idem
2093 3961 2124 3986 dc
2139 3961 2231 3987 Diuin.
2249 3971 2267 3994 1,

1212 4009 1253 4033 ¹28
1275 4013 1297 4030 c.
1311 4006 1340 4034 56
1361 4002 1448 4036 Atque
1464 4008 1492 4028 vt
1507 4002 1535 4028 in
1544 3999 1696 4029 seminibus
1719 4000 1760 4025 vis
1778 4000 1845 4026 inest
1865 4006 1954 4026 earum
1974 4004 2074 4029 rerum,
2089 4005 2154 4031 quae
2173 4004 2204 4035 cx
2225 3995 2267 4022 his

2104 4032 2268 4065 Progignere

2180 4074 2269 4094 nouos

1365 4073 1473 4102 622
