2517 4231
230 179 291 223 163
642 168 692 209 M
748 169 787 207 A
843 167 878 207 C
1775 162 1825 202 M
1880 162 1921 203 A
1975 162 2012 204 C
2350 164 2423 214 164

230 262 436 289 Monumentum
454 258 516 285 Siue
534 258 706 294 Sepulchrtun
721 256 855 284 Heredem
875 257 939 283 Non
952 253 1085 288 Sequitur.
1159 249 1196 277 Μ.
1210 248 1249 276 T.
1262 249 1293 277 C.
1390 257 1500 279 MAcE
1512 259 1528 279 ι,
1539 258 1613 280 [An
1623 258 1703 284 ivs,
1721 261 1753 286 a,
1773 261 1830 280 um.
1867 251 1928 279 Adi.
1966 253 2116 287 Valcr.;,4‚
2131 262 2142 285 3
2163 251 2424 288 MirograduVarro

230 297 333 323 Marcus
347 294 459 321 Tullius
473 294 579 322 Cicero.
633 295 670 321 M.
680 293 717 319 T.
727 293 753 319 F.
763 294 790 320 E.
811 292 883 318 Malo
893 292 960 318 Tuo
973 285 1146 327 Facturum.
1204 286 1242 328 Μ.
1258 286 1292 311 V.
1355 295 1388 313 ex
1400 289 1547 316 macellaria
1561 289 1642 324 patris
1656 288 1764 315 taberna
1777 288 1808 315 ad
1823 287 1997 316 Consulatum
2012 289 2171 317 conscendit.
2225 294 2269 316 An
2282 290 2338 324 fine
2357 289 2425 325 Apri

230 331 370 363 Manibus,
391 331 611 362 Monumentum,
639 329 748 355 Viuens.
821 326 971 353 Mineruiae
984 323 1112 350 victricis
1138 321 1293 357 (Legmms)
1356 324 1518 358 macellarii,
1539 327 1706 360 quaerendum
1725 325 1803 351 Varr.
1817 324 1849 351 de
1862 325 1893 351 R.
1908 325 1940 351 R.
1954 334 1981 357 3,
1996 333 2026 358 2,
2040 334 2068 353 ιι.
2094 328 2124 352 de
2137 335 2182 361 quo
2196 327 2263 352 modo
2272 325 2371 352 amum.

231 368 269 394 M.
286 368 317 392 V.
332 367 355 392 S.
374 366 475 392 Merito
490 367 590 392 Votum
599 365 693 392 Soluit.
765 364 804 390 M.
819 363 850 389 X.
870 362 974 390 Menses
990 360 1095 389 Decem.
1115 358 1154 388 M.
1168 359 1199 386 X.
1212 358 1244 385 D.
1257 358 1292 386 11.
1392 364 1524 387 MACEL
1534 363 1608 388 LGT
1619 367 1641 387 Α
1651 380 1660 394 ,
1679 369 1717 390 ae.
1738 359 1758 386 f.
1795 360 1829 388 ab
1842 359 1954 389 Ionibus
1967 360 2111 388 hortorum
2123 362 2222 389 ostium
2235 361 2349 396 dicitur,
2369 360 2426 398 testa

231 403 332 430 Menses
345 401 460 435 Decem,
480 402 542 428 Dies
551 402 621 428 Duo.
1317 405 1331 431 ς
1357 393 1480 421 Varrone
1492 395 1524 422 de
1537 397 1567 424 L.
1581 398 1610 424 L.
1624 406 1659 430 4,
1671 405 1700 429 32
1725 404 1756 423 vt
1770 398 1838 423 modo
1850 397 1968 423 vidimus.
2411 412 2415 418 »

1394 434 1551 464 ΜΑΕΕΟ,
1565 439 1725 460 MACESC
1737 439 1773 466 ο,
1807 432 1863 459 vid.
1877 433 1967 467 paullo
1982 432 2040 467 post
2059 438 2207 461 MACER.

627 474 667 506 M
741 473 769 506 A
843 472 871 504 C
1394 470 1562 500 MACER,
1587 469 1648 497 eris.
1684 470 1908 496 vicl.MAcru.

1395 508 1421 528 Μ
1430 507 1477 528 AC
1487 508 1503 528 E
1513 507 1533 527 R
1547 522 1556 534 ,
1576 512 1619 530 cra
1629 525 1637 537 ,
1657 514 1742 532 crum.
1787 504 1800 538 [
1815 508 1881 538 ἷιχνὸς
1893 506 1906 539 ]
1948 505 2045 530 Exilem
2063 511 2268 541 extenuatumque
2279 504 2428 541 fignificat,

267 553 321 573 ΜΛ
334 552 351 573 c
362 553 382 573 Α
394 553 439 573 ER
449 553 458 572 1
468 553 489 572 N
501 551 521 571 T
531 551 551 571 n
560 551 577 571 Ε
588 551 611 570 N
621 565 629 574 ‚
666 542 812 578 Prophetae
827 547 922 570 vocant
937 541 1127 569 Rosmarinum
1139 539 1206 574 apud
1219 536 1296 572 Apul.
1358 547 1428 574 quem
1449 538 1555 573 pingui,
1582 539 1661 573 obeso,
1679 540 1799 577 saginato
1808 561 1815 573 ‚
1842 549 1909 567 certe
1929 540 1987 566 bene
2011 540 2094 566 habito
2104 561 2112 574 ,
2146 547 2275 576 opponunt.
2347 540 2426 575 Virg.

232 582 263 610 de
279 583 361 610 Herb.
380 593 401 609 c.
415 590 458 615 79.
496 583 513 607 i.
533 582 627 606 beatam
641 587 665 605 et
672 579 819 614 salutarem.
1144 610 1149 614 ἡ
1188 609 1195 615 ἱ
1312 585 1340 603 ιο
1357 574 1410 601 Ecl.
1424 582 1453 608 3,
1465 582 1512 600 100
1538 571 1613 599 Eheu
1635 583 1713 608 quam
1727 577 1820 612 pingui
1832 585 1919 603 macer
1933 576 1969 603 est
1982 575 2052 603 mihi
2065 582 2155 603 taurus
2169 577 2198 603 in
2209 585 2284 606 aruo.
2339 577 2428 612 Sipon-

269 618 463 645 MACARDV
473 623 501 650 S,
532 617 551 642 i.
582 624 618 642 m.
666 615 679 649 [
693 613 841 650 Μακαρεδς]
880 615 964 641 ,Filius
984 613 1077 645 Aeoli,
1104 619 1152 645 qui
1173 610 1295 635 Canacen
1359 610 1430 636 tinus
1443 619 1459 635 a
1474 611 1567 635 Gracco
1580 610 1670 634 deduci
1680 616 1762 644 putat.
1820 613 1913 639 Graeci
1931 612 1995 638 enim
2014 616 2102 644 μακρὸν
2121 613 2220 647 longum
2240 614 2342 648 dicunt,
2364 620 2429 647 quae

233 655 353 681 sororem
368 654 437 680 suam
451 652 565 678 vitiauit.
623 651 704 678 Ouid.
721 651 806 678 Trist.
820 660 850 684 z,
868 656 916 684 384
948 649 1057 676 Nobilis
1071 647 1107 673 est
1127 647 1229 675 Canace
1244 645 1296 671 fra·
1359 653 1443 672 autem
1457 646 1541 671 tenuIa
1549 644 1626 680 sunt,
1648 645 1763 679 longiorg
1781 649 1911 676 videmur,
1986 648 2093 681 Macer,
2117 658 2133 673 a
2153 649 2283 675 Mal-cere,
2339 649 2429 675 van—0

233 691 280 717 tris
295 698 384 716 amore
396 689 443 715 sui.
499 690 570 714 Jntcr
585 687 717 714 Heroidas
739 687 835 714 Ouidii
852 686 887 722 est
906 695 970 711 nona
989 693 1061 718 quam
1079 682 1173 718 scribit
1194 682 1295 707 Canace
1360 681 1393 708 de
1406 682 1437 708 L.
1450 682 1480 708 L.
1495 689 1524 721 5,
1543 684 1567 708 6.
1584 690 1649 708 extr.
1683 681 1813 721 VMoererc
1829 693 1844 710 a
1861 691 1997 717 marcere,
2022 683 2096 719 quod
2109 693 2236 711 moerore
2253 691 2350 718 corpus
2361 691 2429 710 mar-

233 727 364 752 Macareo.
404 724 449 750 Vbi
462 731 487 749 v.
501 731 528 749 21
556 724 581 750 O
595 724 711 757 vtinam,
730 724 871 755 Macareu,
892 730 959 757 quae
972 728 1021 746 nos
1036 717 1167 746 commisit
1176 718 1295 744 invnum
1360 718 1462 744 cescere
1480 717 1622 744 Videatur:
1661 716 1724 743 hinc
1745 717 1827 744 etiam
1844 719 1910 747 dieti
1929 720 2024 748 Macri.
2103 720 2200 755 Agello
2223 728 2314 747 macro
2332 727 2431 754 pauper

234 762 347 789 Venisset
361 760 414 785 leto
427 759 512 785 serior
525 759 592 786 hora
610 768 682 786 meo.
1317 763 1342 789 ις
1361 754 1431 782 Hor.
1449 755 1533 781 Serm.
1547 763 1567 786 1,
1580 756 1596 780 6
1606 774 1615 787 ,
1627 762 1664 788 7¹·
1738 753 1825 779 Boues
1844 763 1946 783 macrae
1972 757 2093 791 Propert.
2108 765 2143 789 4,
2162 765 2189 789 1,
2209 764 2252 783 22..
2324 755 2431 781 Humu-

269 802 349 823 MAC
362 802 382 821 Α
394 801 432 821 R1
443 802 464 821 A
475 815 485 828 ,
509 799 578 821 Aeon
596 794 733 822 Valentini.
786 791 974 821 Tertull.adu.
987 791 1091 819 Valent.
1106 800 1127 817 c.
1135 796 1158 820 8.
1360 790 1527 825 pinguissima
1544 790 1588 816 vel
1608 789 1766 816 macerrima
1797 789 1930 818 Columel.
1943 800 1977 825 2,
1994 801 2021 827 9.
2064 795 2135 818 Add.
2154 792 2194 820 Id.
2213 800 2250 825 4,
2270 800 2308 824 23.
2320 798 2344 818 et
2362 796 2393 824 8,
2412 799 2432 818 1.

269 837 377 858 MACA
388 837 406 856 Β.
417 836 455 856 10
467 837 516 857 ΤΕ
526 837 549 857 s.
575 831 697 864 similiter
709 833 779 856 Aeon
792 832 889 856 Valent.
926 828 959 855 ib.
1361 826 1481 853 Libellus
1495 834 1582 852 macer
1608 825 1724 852 Martial.
1738 834 1770 858 2,
1783 826 1808 851 6.
1846 825 1865 851 i.
1885 827 1998 861 exiguus.
2070 828 2161 855 Solum
2182 828 2251 855 exile
2267 833 2293 854 et
2311 835 2432 855 macrum

268 873 292 893 M
301 872 346 893 AC
356 873 373 892 C
384 873 403 892 v
412 874 442 900 s,
460 866 479 893 i.
507 874 531 892 et
542 868 637 902 plural.
659 873 683 892 M
693 874 715 893 Α
724 872 741 892 c
752 872 768 892 c
779 873 806 899 1,
825 873 914 892 orum.
939 873 976 891 m.
1013 862 1099 890 Macci
1111 862 1229 888 dicuntur
1243 862 1296 887 Sto·
1362 862 1419 889 Cic.
1434 861 1465 888 de
1480 862 1550 896 Lege
1558 862 1619 896 Agr.
1628 870 1653 895 2,
1667 858 1711 889 66.
1785 861 1875 887 Macra
1888 870 1983 888 cauum
1995 871 2095 898 repetes
2109 864 2214 891 areium
2223 885 2231 897 ,
2252 872 2331 899 quem
2344 870 2434 890 macra

233 903 295 935 lidi,
324 909 348 928 et
361 902 451 936 fatui,
485 902 560 937 idque
579 904 610 928 cle
629 904 725 928 nomine
743 903 855 927 mulieris
874 901 1002 926 cuiusdam
1016 899 1132 935 stupidae
1151 905 1175 923 et
1194 897 1296 923 bardae.
1362 897 1454 924 subisti
1478 898 1547 923 Hor.
1560 897 1640 932 Epist.
1655 907 1674 931 1,
1691 905 1718 932 7,
1731 906 1768 930 33.
1842 897 1977 931 Macrior,
2000 899 2112 934 Compar.
2185 901 2265 927 Varr.
2279 899 2311 926 de
2324 899 2392 927 L.L.
2407 906 2435 933 7.

233 939 335 964 Μαι-ρος
354 938 534 965 Atellanarum
559 939 654 966 Poetae
668 939 754 972 fecere
771 938 886 972 personas
898 935 1016 972 sordidas
1028 955 1037 967 ,
1060 935 1166 968 fatuas,
1186 932 1297 968 stultas,
1311 943 1345 960 20
1363 933 1434 959 Vitis
1453 933 1571 959 macrior
1599 934 1732 960 Columel.
1754 944 1785 966 4,
1806 942 1847 967 24.
1926 933 2048 960 Mac-rior
2065 943 2126 970 ager
2148 937 2216 963 Cato
2235 936 2268 962 R.
2283 936 2314 963 R.
2333 938 2396 968 c.6‚
2409 942 2434 961 2.

227 974 358 1009 secundum
367 974 492 1001 Diomed.
506 973 523 1001 1,
537 983 559 1007 3.
632 973 759 1008 Apuleius
778 973 855 1008 Apol.
870 982 894 1008 p.
910 980 955 1004 325
993 971 1019 997 Si
1034 979 1094 996 cum
1109 969 1157 995 hac
1170 977 1222 995 vna
1237 968 1297 1007 Rufi
1363 969 1556 1001 Macerrimus,
1578 970 1675 1004 Super-l.
1713 972 1753 996 De
1766 971 1808 996 boc
1816 971 1894 997 Varr.
1908 969 1940 996 de
1948 970 1978 996 L.
1985 970 2016 996 L.
2029 977 2057 1004 7,
2070 979 2101 1004 39
2124 980 2199 1005 p.99‚
2212 980 2246 1006 ις.
2320 970 2436 998 Maximi

232 1009 333 1036 fallacia
346 1010 549 1043 contendantur,
570 1011 650 1036 macri
663 1010 770 1044 prorsus
783 1016 808 1035 et
821 1009 951 1035 buccones
961 1006 1134 1033 videbuntur.
1173 1005 1298 1045 Nouium
1363 1005 1471 1032 dolores
1485 1004 1626 1031 confistunt
1639 1005 1669 1032 in
1683 1006 1850 1032 macerrimis
1864 1007 1986 1041 corporis
1999 1006 2119 1041 partibus
2151 1007 2210 1034 Sen.
2228 1009 2275 1043 Ep.
2287 1013 2329 1044 78.

232 1045 307 1072 etiam
319 1047 346 1071 in
360 1045 452 1072 Macco
465 1046 558 1078 exule,
585 1046 614 1073 it.
637 1046 664 1071 in
680 1045 777 1072 Maccis
796 1045 903 1071 citatum
924 1054 940 1071 a
961 1043 1058 1071 Nonio
1079 1041 1233 1073 inuenimus,
1254 1049 1297 1075 qut
1399 1047 1623 1074 MACELLVS,
1656 1049 1686 1074 a,
1718 1042 1773 1068 um.
1801 1041 1870 1068 rvAdi.
1891 1042 1987 1069 dimin.
2034 1042 2184 1076 [ἱιχνίδισς]
2224 1049 2272 1078 pro
2288 1045 2436 1072 Macilento.

233 1080 305 1108 tituli
311 1082 467 1116 fabularum.
510 1083 566 1109 Vid.
579 1083 657 1108 Index
670 1083 777 1107 Mercer.
1362 1077 1389 1104 Si
1403 1077 1472 1104 nosti
1485 1087 1539 1104 non
1554 1085 1665 1112 magnus
1678 1077 1764 1103 homo
1778 1077 1813 1104 est
1823 1096 1831 1109 ,
1850 1079 1973 1112 nasutus,
1996 1079 2121 1106 macellus
2142 1078 2228 1105 Lucil.
2240 1082 2307 1114 apud
2318 1080 2394 1107 Non.
2408 1087 2436 1113 2,

268 1124 354 1145 MAC
366 1115 409 1143 ΕΙ)
420 1123 456 1150 0,
482 1117 551 1144 anis.
578 1127 613 1145 m.
651 1116 813 1152 [Munsaalv]
858 1116 937 1142 Filius
957 1115 1080 1148 Osiridis,
1102 1113 1157 1149 filii
1176 1113 1257 1145 Iouis,
1281 1121 1298 1137 a
1313 1120 1345 1147 25
1363 1121 1422 1147 324.
1497 1115 1586 1139 Varro
1601 1113 1633 1139 de
1646 1113 1716 1139 L.L.
1730 1120 1758 1147 7,
1774 1121 1812 1148 40
1832 1122 1858 1148 p.
1870 1122 1915 1147 99,
1929 1123 1956 1146 35
1977 1115 2083 1148 Macer,
2103 1114 2278 1148 macricolus,
2297 1116 2436 1142 macellus:

232 1161 278 1187 quo
304 1159 591 1181 MACEDONrAM
616 1155 717 1188 quidam
737 1152 827 1179 dicium
846 1154 952 1182 volunt,
982 1153 1013 1177 de
1038 1160 1088 1185 qua
1114 1150 1180 1189 9¹¹⁰:
1200 1158 1234 1181 4,
1257 1156 1296 1174 10-
1364 1150 1453 1185 niger,
1466 1149 1629 1185 nigricolus,
1649 1149 1774 1184 nigellus.
1832 1150 1884 1176 Sed
1895 1149 2080 1178 Conturbator
2094 1151 2237 1184 Macellus,
2257 1150 2312 1178 vid.
2324 1158 2383 1178 ante
2389 1150 2437 1186 sub

233 1187 254 1227 fl
275 1198 291 1216 2
327 1190 382 1226 ΩΨ·
398 1190 570 1215 Macedoniam
589 1190 695 1216 habitae.
760 1189 859 1216 Lucan.
878 1193 909 1221 8,
929 1191 983 1222 694
1015 1187 1107 1219 Qum
1127 1184 1179 1211 tibi
1198 1186 1297 1211 sacrato
1361 1192 1470 1213 MACE
1482 1193 1497 1212 1.
1510 1192 1593 1212 LVM
1624 1195 1650 1212 n.
1663 1194 1687 1212 2.

233 1225 343 1252 Macedo
357 1227 478 1252 seruetur
495 1225 525 1251 in
543 1232 630 1252 antro.
703 1225 755 1252 Vir
768 1223 878 1251 Macedo
905 1225 974 1251 Hor.
987 1223 1077 1249 Carm.
1091 1231 1120 1255 3,
1132 1224 1178 1254 16,
1197 1228 1241 1254 24.
1268 1222 1299 1260 dc
1400 1228 1483 1249 MAC
1495 1229 1503 1248 1
1514 1229 1588 1248 LEN
1598 1227 1687 1255 Tvs,
1711 1229 1743 1255 a,
1768 1230 1824 1248 um.
1862 1220 1922 1250 Adi.
1965 1222 1977 1255 [
1990 1222 2142 1257 Λαπόκςεος]
2192 1223 2261 1249 Idem
2278 1221 2323 1258 qui
2340 1223 2439 1249 Macer.

235 1262 349 1297 Philippo
358 1271 423 1296 rege.
497 1261 646 1288 Alexander
657 1261 785 1294 Macedo,
805 1269 887 1295 quum
901 1261 933 1286 ab
945 1260 1054 1286 ineunte
1062 1264 1146 1285 aetate
1163 1266 1205 1284 res
1219 1264 1300 1283 maxi·
1363 1258 1466 1285 Festus:
1504 1258 1642 1285 Macilenti
1651 1279 1659 1291 ,
1679 1258 1767 1285 Macie
1784 1258 1923 1285 attenuati.
1997 1258 2080 1285 Plaut.
2094 1258 2169 1292 Capt.
2184 1267 2208 1291 3,
2221 1267 2251 1292 4,
2264 1266 2300 1290 ¹¹3
2327 1257 2377 1285 Sed
2386 1265 2440 1293 qua

234 1306 287 1324 mas
299 1306 391 1332 gerere
406 1297 544 1332 coepisset,
569 1305 660 1323 nonne
679 1297 760 1323 tertio
781 1302 807 1323 et
829 1295 1052 1326 tricesimoanno
1073 1300 1189 1321 mortem
1211 1292 1298 1319 obiit?
1314 1303 1347 1328 30
1365 1294 1434 1321 facie
1448 1293 1484 1320 est
1497 1299 1559 1320 tuus
1578 1293 1673 1320 sodalis
1695 1293 1882 1322 Philocrates?
1925 1300 1985 1321 AR.
2012 1294 2098 1321 dicam
2116 1294 2185 1327 tibi,
2209 1294 2352 1321 macilento
2374 1303 2440 1328 ore,

235 1334 291 1360 Cic.
304 1333 334 1359 T
337 1333 386 1359 use.
401 1341 430 1366 5,
443 1338 487 1366 48.
665 1330 686 1370 ἦ
705 1342 718 1365 3
757 1332 884 1365 Macedo,
911 1331 1070 1366 Philosophus
1084 1329 1226 1356 familiaris
1240 1328 1300 1354 Gel-
1365 1332 1428 1357 naso
1441 1336 1519 1356 acuto
1528 1351 1536 1363 ,
1557 1338 1672 1364 corpore
1685 1329 1748 1357 albo
1754 1326 1768 1364 ,²
1789 1337 1815 1357 et
1829 1329 1914 1357 oculis
1927 1330 2022 1365 nigris.

235 1370 282 1402 lii,
301 1371 330 1394 de
344 1378 389 1403 quo
409 1378 447 1404 ¹3,
469 1374 483 1400 8
511 1377 562 1404 pro
576 1368 682 1395 foribus
694 1367 817 1395 omnium
830 1368 993 1402 templorum
1005 1366 1086 1393 scribi
1099 1365 1197 1392 debere
1218 1365 1301 1391 cense-
1403 1373 1429 1394 M
1439 1372 1486 1392 Ac
1497 1372 1531 1393 113
1541 1372 1571 1397 s,
1591 1366 1626 1392 ei.
1645 1365 1666 1392 f.
1703 1367 1834 1400 [ianm-m,
1854 1367 1952 1402 offla-ss]
1990 1366 2105 1402 emporis
2116 1366 2197 1392 macri
2214 1373 2237 1392 et
2250 1366 2383 1392 extenuati
2395 1365 2440 1392 ha.

234 1405 277 1432 bat
289 1406 395 1431 versum
408 1406 471 1431 hunc
489 1405 613 1438 Pacuuii,
635 1406 691 1440 Ego
712 1404 760 1432 odi
773 1404 896 1431 homines
911 1404 1006 1438 ignaua
1020 1411 1116 1437 opera,
1142 1407 1168 1428 et
1184 1400 1302 1436 philoso-
1366 1403 1441 1429 bitus.
1501 1401 1635 1429 C'olnmel.
1650 1404 1683 1434 6,
1696 1410 1726 1434 14
1753 1402 1794 1428 Est
1807 1403 1887 1429 etiam
1902 1403 1950 1429 illa
1963 1403 2052 1438 granis
2062 1402 2214 1437 pernicies,
2240 1411 2323 1437 quum
2337 1401 2442 1436 pulmo-

234 1440 285 1476 pha
306 1442 441 1469 sententia.
1366 1447 1412 1465 nes
1422 1439 1617 1471 exulcerantur,
1625 1437 1686 1464 inde
1695 1437 1765 1464 tuffis
1773 1443 1798 1464 et
1805 1439 1911 1464 macies.
1968 1439 2105 1474 Aquarum
2120 1438 2204 1465 Solin.
2218 1440 2288 1471 c.36.
2332 1436 2442 1464 Terrae

270 1483 297 1504 M
306 1484 328 1503 Α
338 1483 356 1503 C
368 1475 444 1503 Ε”ΤΑ
453 1497 462 1510 ,
481 1477 526 1503 vel
536 1483 562 1503 M
571 1483 592 1503 A
602 1482 619 1503 C
629 1484 645 1504 Β
655 1483 677 1504 Τ
689 1483 705 1503 Ε
716 1483 744 1510 s,
771 1484 809 1503 ae.
837 1485 872 1503 m.
910 1476 987 1507 Idem,
1024 1473 1068 1508 qui
1080 1471 1192 1500 Macedo
1201 1490 1209 1502 2
1229 1472 1302 1505 [Mu.
1319 1481 1348 1509 35
1367 1474 1459 1502 lustin.
1473 1483 1516 1507 43,
1529 1483 1541 1506 3
1550 1495 1559 1508 ,
1573 1481 1594 1507 5.
1668 1473 1783 1500 Adducis
1796 1474 1883 1501 cutem
1895 1474 1991 1501 macies
2016 1473 2098 1501 Ouid.
2112 1475 2177 1501 Met.
2192 1483 2215 1508 3,
2228 1481 2286 1509 397.
2344 1472 2442 1500 Conci-

235 1514 331 1547 κὲτης.]
388 1513 450 1539 Stat.
459 1513 524 1540 Silu.
534 1522 562 1547 4,
571 1515 596 1539 6.
609 1521 675 1540 extr.
714 1514 816 1546 Necte,
836 1517 962 1547 regnator
969 1507 1111 1537 Macetum.
1148 1509 1168 1535 i.
1188 1509 1304 1535 Alexan.
1368 1511 1456 1536 dimus
1469 1510 1553 1536 macie
1580 1510 1619 1537 Id.
1633 1509 1713 1545 Epist.
1727 1519 1769 1543 21,
1783 1517 1834 1543 2¹3·
1907 1510 2041 1537 Confecta
2052 1510 2106 1537 viri
2122 1509 2211 1537 forma
2224 1512 2343 1545 suprema
2357 1508 2443 1535 macie

233 1550 287 1575 der.
326 1548 448 1574 Nonnulli
458 1549 545 1583 legunt
559 1547 701 1575 Macedfim
713 1555 758 1583 pro
772 1549 967 1580 Macedonum,
994 1547 1039 1581 qui
1059 1547 1135 1571 talem
1156 1544 1304 1570 cono-acm-
1368 1546 1446 1580 Virg,
1460 1546 1526 1572 Aen,
1540 1554 1563 1578 3,
1583 1554 1642 1580 390,
1716 1546 1858 1573 Deforfflat
1869 1547 1967 1574 macies
1978 1546 2092 1573 horrida
2105 1547 2210 1573 vultum
2238 1545 2279 1573 Id,
2290 1546 2394 1580 Georg,
2407 1553 2444 1578 4,

234 1593 287 1609 nem
308 1584 376 1611 haud
390 1584 499 1619 patitur.
561 1582 694 1611 Macetum
711 1591 757 1619 pro
776 1584 958 1616 Macetarum,
977 1583 1033 1616 siue
1053 1582 1176 1609 Maceton
1195 1580 1303 1617 restituit
1368 1588 1423 1615 253,
1480 1583 1524 1609 Ire
1536 1582 1565 1608 in
1580 1581 1692 1609 maciem
1720 1582 1804 1610 Soljn,
1817 1592 1838 1609 c,
1852 1587 1875 1613 8,
1949 1583 2052 1610 Minati
2065 1583 2194 1616 maciem,
2211 1588 2236 1609 et
2255 1580 2443 1607 infirmitatem

235 1619 348 1654 Scaliger
362 1622 396 1644 ad
408 1620 507 1647 Auson.
522 1619 554 1646 de
566 1620 636 1647 Clar.
652 1620 718 1646 Vrb.
733 1629 755 1653 3.
772 1619 795 1654 s.
809 1619 985 1656 AusumLth.
993 1627 1014 1652 1,
1027 1626 1065 1651 23.
1104 1618 1159 1643 vid.
1174 1614 1302 1643 Drakenb·
1368 1619 1500 1653 metaphor.
1513 1619 1543 1643 de
1551 1618 1684 1652 ficcultate
1697 1619 1798 1645 dicendi
1823 1618 1957 1652 Qinffil.
1970 1627 1996 1651 2,
2010 1628 2034 1651 4-
2106 1619 2226 1646 Narrare
2240 1617 2274 1645 de
2295 1617 2340 1643 sua
2356 1616 2445 1643 solici-

235 1657 271 1681 ad
284 1656 329 1682 Sil·
343 1663 386 1689 ¹7,
404 1658 458 1688 633·
531 1656 608 1682 Fines
623 1654 756 1683 Macetum
770 1657 870 1683 Lucan.
884 1664 930 1688 10,
944 1660 984 1686 28.
1058 1654 1133 1680 Grat.
1147 1653 1248 1687 Cyncg.
1263 1658 1303 1685 117
1318 1663 1352 1687 40
1368 1654 1462 1681 tudine
1483 1654 1620 1689 macieque
1651 1654 1708 1681 Cic.
1726 1654 1780 1682 Att.
1800 1664 1830 1689 3,
1850 1663 1885 1690 15-
1966 1655 2083 1690 Occupat
2101 1654 2186 1690 turpis
2206 1654 2304 1681 macies
2323 1652 2444 1679 decentes

235 1691 325 1724 Qud,
345 1690 478 1717 Macetum
491 1692 634 1718 immensos
648 1692 728 1719 libeat
741 1691 759 1719 fi
773 1692 861 1719 dicere
875 1697 977 1718 contos.
1031 1689 1206 1717 Claudian.in
1214 1687 1303 1714 Rufin.
1368 1690 1448 1717 malas
1472 1690 1542 1717 Hor,
1556 1690 1646 1717 Carm,
1662 1699 1692 1724 3,
1707 1698 1758 1725 27,
1777 1699 1814 1724 53,
1887 1690 1963 1718 Sedet
1984 1691 2014 1717 in
2033 1699 2147 1726 corpore
2165 1695 2225 1717 toto
2238 1689 2335 1716 macies
2359 1687 2445 1715 Ouid.

234 1735 261 1760 2,
274 1734 325 1761 279
353 1726 496 1762 Tangebat
509 1726 639 1754 Macetum
653 1728 728 1755 fines.
802 1729 886 1755 Rutil.
905 1728 967 1755 Itin.
988 1736 1014 1761 1,
1033 1731 1062 1759 85
1088 1725 1181 1760 Magni
1196 1723 1303 1751 Partho·
1367 1727 1432 1753 Met.
1445 1736 1474 1762 2,
1492 1733 1552 1762 775.
1626 1726 1765 1753 senescere
1777 1736 1845 1754 aeuo
1860 1732 1886 1754 et
1905 1727 1989 1754 macie
2018 1727 2124 1754 Lucret.
2139 1736 2163 1759 1,
2181 1728 2239 1762 326.
2312 1724 2444 1752 Tenuare

237 1771 296 1790 rum
311 1771 402 1797 reges,
429 1761 615 1798 Macetumque
632 1765 745 1797 tyranni.
819 1765 897 1792 Prisc.
916 1763 1019 1799 Perieg.
1048 1761 1090 1789 Ad
1110 1762 1185 1789 cuius
1203 1759 1304 1795 Zephy-
1366 1763 1485 1798 aliquem
1498 1763 1582 1789 macie
1607 1762 1684 1797 Virg.
1701 1763 1799 1798 Georg.
1814 1772 1844 1797 3,
1859 1771 1909 1796 129.

235 1807 296 1825 rum
308 1797 440 1825 Macetum
454 1799 512 1826 sunt
525 1800 631 1826 moenia
645 1801 723 1835 regis.
1404 1806 1431 1826 M
1440 1805 1461 1825 A
1472 1805 1541 1826 CRE
1550 1805 1569 1825 D
1578 1805 1614 1832 Ο,
1634 1799 1694 1825 inis.
1713 1799 1733 1826 f.
1771 1800 1876 1832 macies,
1901 1806 1942 1834 ap.
1955 1798 2099 1826 Columell.
2117 1797 2164 1834 ff
2179 1798 2284 1824 dicitur.

272 1839 556 1869 MACED0N1vs,
576 1844 605 1869 a,
625 1845 679 1863 um.
716 1835 776 1863 Adi.
813 1836 992 1871 [Μακεδῡνιοι]
1031 1834 1235 1865 Ouid.Met.12,
1248 1833 1303 1865 466
1320 1841 1350 1867 45
1404 1841 1485 1861 Mae
1496 1842 1515 1861 R
1526 1841 1634 1870 pras,
1653 1835 1713 1862 atis.
1730 1834 1750 1863 f.
1787 1834 2206 1870 [amumVet.GloffiLat.G2-.]
2242 1832 2369 1860 Macritas
2381 1840 2441 1858 are-

236 1871 290 1904 Qu
304 1871 413 1905 clypeo,
432 1871 591 1906 gladioque,
612 1871 821 1907 Macedoniaque
832 1873 918 1899 sarissa
931 1871 1105 1906 Conspicuus.
1167 1869 1212 1895 Vbi
1225 1867 1303 1903 neces-
1368 1880 1417 1897 nae
1443 1871 1514 1897 Vitr.
1532 1879 1563 1903 2,
1583 1880 1606 1903 4.
1682 1872 1794 1906 Propter
1813 1871 1979 1898 macritatem
1996 1871 2086 1897 semen
2103 1869 2177 1897 aliud
2201 1870 2274 1897 serre
2291 1877 2349 1896 non
2371 1867 2443 1895 valet

229 1909 308 1940 smne
319 1907 394 1932 metri
405 1907 514 1948 causing,
536 1915 637 1943 propter
659 1915 695 1933 tut
702 1908 810 1943 syllabus
822 1910 905 1934 breues
913 1906 1050 1941 secundam
1062 1905 1194 1941 produxit.
1368 1914 1439 1932 terra
1454 1906 1550 1932 Pallad.
1572 1916 1608 1938 11,
1628 1915 1654 1940 ι,
1674 1915 1699 1934 2.

272 1949 297 1969 M
306 1949 328 1969 A
339 1948 356 1968 c
365 1948 382 1969 Ε
391 1948 411 1969 D
421 1948 488 1969 ONl
501 1950 519 1969 c
528 1950 549 1969 v
559 1950 588 1977 s,
612 1952 627 1970 a
636 1964 644 1976 ,
670 1953 723 1971 um.
761 1944 821 1971 Adi.
858 1944 958 1971 Possess.
996 1941 1186 1977 [Μακεδονικὸς]
1222 1948 1238 1965 a
1250 1938 1306 1964 Ma·
1404 1948 1430 1967 M
1443 1948 1464 1967 A
1477 1947 1494 1968 c
1506 1948 1525 1967 R
1535 1948 1545 1966 1
1554 1943 1606 1967 TV
1615 1948 1661 1968 no
1671 1962 1678 1974 ,
1698 1942 1761 1967 i'nis.
1781 1941 1803 1967 f.
1841 1941 1978 1975 [ῐιχνᾶτης]
2013 1943 2090 1968 Idem.
2129 1941 2212 1968 Plaut.
2228 1940 2304 1976 Capt.
2317 1948 2346 1974 1,
2363 1948 2397 1974 2,
2415 1947 2445 1974 3²

236 1978 354 2005 cedonia.
392 1980 459 2003 vnde
471 1978 547 2004 Mare
559 1978 763 2005 Macedonicum
784 1981 850 2006 plin.
864 1989 893 2012 4,
913 1988 943 2006 ιι.
1372 1977 1431 2004 ΟίΓᾶ
1440 1998 1448 2010 ,
1468 1983 1548 2011 atque
1560 1977 1637 2012 pellis
1650 1978 1708 2003 sum
1720 1977 1815 2003 misera
1827 1976 2013 2003 macritudine.
2049 1977 2104 2002 vid.
2120 1977 2195 2003 Non.
2209 1985 2243 2008 2,
2258 1984 2312 2012 517.

272 2020 297 2040 M
307 2020 329 2039 A
338 2018 355 2039 c
364 2019 380 2039 E
390 2018 410 2038 D
420 2019 439 2039 ο
448 2019 470 2038 N
479 2019 489 2038 1
497 2019 520 2038 A
530 2020 553 2038 N
561 2019 583 2038 ν
592 2020 617 2039 M
639 2014 927 2045 Senatus-consultum,
946 2015 1012 2046 quod
1019 2020 1098 2044 caua,
1114 2021 1145 2037 ne
1146 2011 1213 2046 filiis
1215 2009 1304 2043 famil.
1322 2019 1354 2045 50
1406 2020 1432 2039 M
1441 2015 1465 2040 Ᾱ
1475 2019 1492 2039 c
1505 2019 1523 2039 R
1533 2019 1552 2039 o
1563 2019 1583 2039 R
1597 2034 1606 2046 ,
1627 2013 1693 2039 aris.
1723 2021 1760 2039 m.
1791 2012 1846 2046 siue
1867 2019 1892 2039 M
1902 2020 1926 2040 A
1935 2018 1953 2039 c
1965 2018 1984 2039 ο
1993 2018 2013 2038 R
2021 2034 2031 2046 ,
2050 2013 2139 2046 absque
2158 2020 2173 2037 r
2181 2011 2234 2046 pass
2249 2020 2270 2037 c.
2307 2012 2448 2048 [ἰιχνετης]

236 2057 343 2076 mutuum
357 2051 445 2081 detur,
472 2048 575 2074 titulum
587 2048 638 2081 fibi
650 2047 724 2083 suum
739 2048 811 2073 habet
823 2048 851 2072 in
867 2048 986 2082 Digestis.
1126 2051 1127 2055 ¹
1370 2047 1426 2080 Ipsa
1440 2049 1537 2073 macies.
1596 2049 1725 2075 Pacuuius
1738 2048 1867 2075 Periboea
1883 2049 1951 2084 apud
1967 2048 2042 2075 Non.
2057 2055 2089 2081 2,
2109 2054 2154 2080 523
2180 2047 2341 2081 Corpusque
2355 2056 2448 2074 meum

271 2092 298 2112 M
307 2091 330 2112 Α
338 2090 355 2111 C
364 2090 382 2111 E
390 2090 435 2111 DO
448 2090 471 2110 N
480 2091 490 2110 l
498 2091 516 2111 E
528 2091 552 2110 N
564 2091 576 2110 S
586 2092 595 2110 1
604 2090 617 2110 s
625 2104 634 2118 ,
655 2092 678 2111 e.
715 2083 759 2119 qui
770 2084 842 2110 venit
854 2093 866 2109 e
878 2081 1037 2109 Macedonia.
1077 2079 1160 2106 Plaut.
1174 2075 1290 2108 Pseud.4
1298 2095 1307 2108 ‚
1374 2081 1447 2112 tabe,
1460 2089 1587 2107 moerore
1595 2099 1604 2112 ‚
1624 2091 1734 2114 errore,
1753 2092 1860 2109 macore
1874 2084 1954 2110 senet.
1993 2083 2067 2116 Conf.
2079 2083 2137 2110 Sen.
2148 2082 2181 2109 de
2187 2082 2345 2116 Tranquill.
2358 2091 2412 2113 c.2.

236 2130 254 2155 4
263 2142 272 2156 ‚
283 2129 304 2154 4
326 2121 377 2147 Vir
389 2119 606 2147 Macedonienfis.
1408 2123 1433 2142 M
1442 2122 1464 2141 A
1473 2121 1491 2142 C
1501 2122 1518 2142 E
1528 2122 1548 2142 O
1560 2136 1568 2149 ,
1588 2116 1643 2149 siue
1663 2123 1689 2142 M
1697 2123 1719 2142 A
1728 2122 1746 2142 C
1755 2123 1774 2142 R
1784 2124 1801 2143 Ε
1809 2124 1828 2143 O
1838 2137 1845 2150 ,
1868 2119 1913 2150 ui,
1939 2122 1994 2144 ere.
2029 2119 2043 2150 [
2056 2119 2192 2150 ΑεπΊὸνσμαι
2206 2119 2218 2151 ]
2254 2119 2371 2141 Macrum
2390 2117 2447 2152 ff,

274 2163 300 2184 M
310 2162 332 2182 A
341 2162 358 2182 c
367 2163 384 2182 E
394 2162 412 2181 1.
426 2162 442 2181 L
454 2162 506 2183 VM
515 2177 523 2188 ‚
542 2156 561 2182 i.
582 2166 609 2182 n.
626 2154 799 2191 [ὅψοπῶλεαν]
837 2155 965 2188 Locusquo
973 2152 1077 2178 venalia
1088 2151 1170 2177 omnia
1179 2170 1187 2183 ,
1206 2157 1267 2183 quae
1274 2147 1311 2172 ad
1373 2152 1455 2179 Plaut.
1471 2151 1560 2178 Aulul.
1574 2160 1598 2184 ς,
1610 2154 1643 2184 6,
1657 2157 1688 2182 28
1714 2152 1770 2185 Qu
1784 2153 1837 2179 offa
1850 2158 1929 2187 atque
1942 2152 2019 2187 pellis
2031 2157 2103 2179 totus
2116 2152 2169 2185 est,
2188 2151 2226 2178 ita
2239 2159 2302 2178 cura
2317 2159 2410 2180 macer.

238 2193 329 2218 viHum
345 2193 474 2217 humanum
489 2192 664 2226 pertinebant,
684 2191 901 2216 contrahebantur.
982 2189 1066 2216 Plaut.
1086 2186 1176 2214 Aulul.
1198 2193 1231 2217 2,
1242 2189 1277 2224 ‚82
1296 2191 1309 2215 3
1327 2193 1355 2220 55
1410 2195 1469 2214 ΜΛ
1481 2193 1498 2214 C
1511 2193 1577 2214 ESC
1589 2194 1608 2213 O
1623 2207 1631 2220 ,
1665 2190 1719 2214 ere.
1764 2188 1934 2222 [iwani-ouum,
1959 2187 2110 2221 σννΊιίκαμκι,
2132 2187 2277 2222 inmensam]
2328 2189 2446 2215 Macrum

240 2227 329 2256 Venio
342 2226 374 2253 ad
387 2226 540 2253 macellum:
579 2227 670 2260 rogito
685 2226 781 2260 pisces,
802 2225 919 2251 indicant
933 2233 1015 2251 caros.
1088 2223 1146 2249 Cic.
1162 2221 1194 2247 de
1214 2221 1307 2246 Dnnn.
1367 2224 1436 2260 fieri,
1495 2224 1576 2250 Flam,
1590 2223 1666 2258 capt.
1682 2231 1707 2256 1,
1721 2231 1753 2256 2,
1775 2232 1799 2255 31
1819 2223 1886 2258 Ego,
1900 2224 1947 2259 qui
1962 2230 2011 2251 mo
2029 2232 2157 2251 moerore
2168 2231 2293 2256 mucor,
2312 2225 2446 2258 maesto,

240 2273 264 2298 z,
279 2272 310 2297 59
330 2272 352 2289 c.
360 2269 393 2298 27
414 2262 440 2289 Si
456 2261 564 2297 Epicuri
577 2261 610 2288 de
622 2262 758 2296 voluptate
771 2260 841 2288 liber
853 2260 927 2286 rosus
942 2261 1019 2291 esset,
1038 2264 1160 2293 putarem
1174 2264 1307 2283 annonam
1373 2259 1544 2292 consenesco,
1565 2266 1591 2286 et
1611 2258 1714 2286 tabesco
1733 2259 1820 2286 miser.
1879 2260 1967 2286 Varro
1986 2259 2019 2286 de
2034 2259 2065 2286 R.
2079 2260 2111 2286 R.
2127 2268 2158 2292 3,
2177 2261 2221 2293 16,
2240 2266 2275 2286 20
2301 2261 2332 2286 de
2349 2259 2448 2295 apibus,

240 2301 268 2326 in
281 2298 393 2326 macello
414 2298 546 2325 cariorem
564 2297 634 2324 fore.
676 2299 732 2323 Vid.
753 2296 856 2332 Casaub.
876 2296 913 2321 ad
930 2295 999 2322 Suet.
1019 2295 1091 2321 Caes.
1112 2304 1133 2320 c.
1152 2295 1195 2319 26.
1269 2290 1306 2316 EX
1376 2295 1454 2322 Tum
1475 2295 1548 2321 enim
1567 2301 1679 2330 propter
1703 2294 1824 2322 laborem
1843 2296 1996 2331 asperantur
2012 2301 2039 2322 et
2057 2296 2213 2322 macescunt.
2269 2295 2375 2322 Semine
2394 2303 2449 2322 ma-

239 2335 321 2362 horto
335 2333 406 2369 plebi
420 2333 559 2360 macellum
581 2334 648 2361 Plin.
662 2342 706 2367 19,
726 2342 745 2366 4
769 2334 788 2360 s.
803 2342 829 2366 19
839 2353 847 2365 ,
861 2340 885 2358 2.
960 2332 980 2357 Ε
994 2331 1116 2357 carnario
1137 2335 1182 2355 aut
1195 2326 1307 2368 macello
1372 2332 1477 2357 cescum
1489 2339 1554 2356 ama
1569 2330 1664 2357 pallad,
1679 2340 1711 2363 ῃ,
1727 2340 1745 2358 1.
1818 2331 1943 2359 Feminae
1956 2331 2040 2359 boues
2051 2331 2226 2358 Μᾶρες-«ηις,
2241 2331 2341 2358 melius
2361 2331 2450 2360 conti„

239 2370 384 2398 viuendum
403 2370 452 2397 else
486 2369 524 2396 Id.
546 2370 562 2396 Ι.
582 2379 603 2396 c.
679 2370 780 2396 Forum
803 2368 945 2395 olitorium
962 2378 967 2393 :
1007 2366 1058 2393 hoc
1082 2370 1138 2392 erat
1166 2370 1307 2398 antiquum
1325 2367 1361 2393 60
1371 2375 1434 2402 pere
1448 2366 1574 2393 dicuntur
1593 2367 1671 2393 vars,
1686 2367 1716 2392 R,
1730 2367 1760 2392 R,
1773 2374 1807 2400 2,
1823 2374 1842 2394 1.

239 2406 394 2439 macellum,
419 2405 465 2432 vbi
479 2406 584 2432 olerum
600 2406 677 2441 copia
695 2406 784 2432 Varro
804 2405 833 2431 L.
849 2405 877 2430 L.
892 2412 926 2436 4,
947 2412 986 2436 32.
1058 2401 1200 2429 Macellum
1219 2408 1234 2426 a
1254 2405 1307 2424 ma·
1410 2409 1435 2429 M
1445 2409 1466 2428 Α
1478 2408 1496 2429 c
1508 2409 1527 2428 R
1537 2408 1574 2428 Es
1584 2408 1601 2428 c
1612 2408 1649 2435 o,
1670 2404 1725 2429 ere.
1762 2403 1939 2438 [ἷιχνοιίναμοιι]
1983 2404 2060 2429 Idem.
2097 2403 2177 2430 Varr.
2193 2401 2225 2430 de
2239 2403 2271 2430 R.
2286 2403 2318 2430 R.
2330 2412 2353 2437 2,
2367 2410 2398 2437 ς,
2417 2410 2446 2430 12,

241 2442 342 2470 &andis
366 2441 507 2476 pecoribus
525 2441 627 2468 dietum
649 2442 746 2468 Donat.
767 2442 795 2468 in
815 2441 930 2467 Terent.
951 2440 1016 2466 Eun.
1035 2446 1067 2471 2,
1091 2446 1123 2470 2,
1142 2445 1186 2470 24-
1233 2432 1306 2466 Conf.
1372 2438 1456 2473 Algor
1468 2438 1541 2464 enim
1556 2447 1613 2470 eaS,
1634 2444 1659 2465 et
1673 2438 1756 2465 fames
1769 2439 1929 2466 macrescere
1946 2438 2028 2473 cogit.
2100 2438 2213 2466 Inuidus
2225 2439 2335 2467 alterius
2349 2447 2448 2467 macre—

241 2478 333 2506 Ifidor.
352 2485 395 2510 ις,
416 2486 446 2504 ιι.
509 2477 628 2503 Fabellam
640 2477 727 2512 sapit,
754 2479 820 2511 quod
839 2483 931 2501 namn
950 2476 1016 2510 apud
1033 2475 1168 2501 Donatum
1187 2470 1220 2497 ad
1237 2470 1309 2496 Ter.
1373 2475 1419 2501 scit
1433 2474 1512 2501 rebus
1526 2474 1626 2509 opimis
1647 2474 1844 2509 H01‚Epjst‚1‚
1858 2483 1884 2509 2,
1898 2481 1940 2510 57,

242 2515 307 2541 Eun.
331 2522 356 2547 1,
376 2523 408 2547 z,
428 2522 456 2546 25
480 2514 577 2540 ‘Varro
594 2514 622 2540 in
640 2513 718 2541 libris
739 2513 839 2540 Rerum
860 2512 969 2539 human.
1015 2509 1164 2538 Numerius
1185 2505 1309 2542 Equitius
1409 2516 1540 2538 MAC1O
1555 2531 1564 2543 ,
1597 2515 1651 2537 are.
1702 2511 1854 2546 [ἱσχναινω]
1909 2511 2028 2537 Asacrum
2049 2508 2147 2544 facere.
2201 2510 2229 2536 A
2256 2517 2303 2545 quo
2327 2509 2448 2538 Emaeio,

242 2551 343 2585 Cupes,
365 2557 390 2576 et
404 2550 550 2576 Romanius
564 2550 691 2577 Macellus
703 2548 826 2584 singulari
841 2548 984 2575 latrocinio
996 2547 1080 2573 multa
1093 2546 1149 2572 loca
1158 2543 1309 2583 habuerunt
1326 2546 1357 2577 55
1374 2546 1457 2574 Solin„
1479 2556 1501 2573 c,
1527 2553 1551 2580 ¹5
1588 2546 1699 2573 Macjarj
1719 2545 1862 2574 imbribus.

242 2586 343 2613 infesta.
399 2585 450 2612 His
464 2586 492 2612 in
505 2586 616 2612 exilium
631 2585 712 2618 aCtis,
731 2584 863 2620 publicata
876 2585 933 2610 sunt
951 2583 1038 2615 bona,
1057 2589 1083 2608 et
1102 2580 1178 2608 aedes
1198 2579 1246 2619 v-bx
1264 2577 1309 2603 ha·
1411 2579 1599 2616 MAcllj‘Ro,
1621 2587 1675 2610 are.
1713 2582 1836 2617 Unum,
1855 2580 1986 2618 ἂπστρῦη]
2022 2585 2181 2615 Attenuare,
2202 2588 2343 2609 conterere:
2373 2589 2398 2609 et
2411 2582 2451 2609 ad

243 2621 500 2649 bitabant‘dirutae:
537 2631 605 2656 eque
623 2631 652 2648 ea
672 2621 783 2657 pecunia
803 2620 883 2648 scalae
905 2618 984 2646 desim
1005 2618 1139 2654 penatium
1160 2614 1310 2653 aedificatae
1374 2625 1458 2654 corpus
1472 2627 1530 2645 tunc
1542 2620 1665 2652 refertur.
1739 2619 1799 2646 Liu.
1813 2622 1857 2653 26,
1872 2627 1897 2652 13
1922 2618 2044 2645 Alterum
2057 2626 2158 2644 annum
2176 2617 2391 2645 circumuallatos
2409 2618 2450 2646 in.

242 2659 309 2685 sunt.
366 2656 420 2683 Vbi
433 2657 602 2690 habitabant,
626 2659 699 2685 locus
708 2678 716 2690 ,
734 2657 781 2684 vbi
795 2657 918 2684 venirent
932 2664 971 2689 ea,
989 2663 1056 2690 quae
1064 2651 1186 2681 vescendi
1194 2651 1266 2678 causa
1280 2657 1310 2675 ιιι
1375 2655 1514 2690 clm-osque
1527 2663 1576 2681 vos
1589 2654 1660 2681 fame
1673 2661 1816 2683 macerant,
1890 2654 1922 2681 Se
1933 2655 2086 2687 Macerare,
2106 2655 2142 2679 ad
2151 2654 2261 2679 animum
2278 2654 2451 2688 translatum,

242 2693 334 2721 vrbem
348 2699 422 2720 erant
436 2693 521 2720 allata.
576 2694 667 2729 Itaque
680 2693 713 2720 ab
726 2693 810 2720 altero
824 2692 979 2725 macellum,
1001 2691 1033 2718 ab
1052 2691 1136 2717 altero
1156 2688 1248 2715 forum
1267 2694 1309 2711 cu·
1374 2691 1410 2726 est
1429 2691 1518 2716 Nimia
1536 2700 1612 2724 cura,
1632 2689 1732 2725 studio,
1760 2692 1803 2717 vel
1817 2691 1979 2726 solicitudine
1995 2689 2104 2725 seipsum
2126 2690 2244 2724 conficere
2262 2696 2286 2715 et
2305 2697 2448 2717 attenuare.

243 2729 345 2765 pedinis
359 2730 517 2764 appellatum
529 2729 573 2756 est.
628 2732 697 2756 Haec
715 2729 763 2756 ille.
836 2728 888 2764 Ipse
910 2729 998 2755 Varro
1019 2727 1051 2754 de
1072 2727 1148 2760 Ling.
1163 2725 1219 2751 Lat.
1232 2732 1268 2763 ft,
1281 2728 1310 2754 32
1326 2737 1358 2761 70
1375 2728 1446 2754 Ter.
1461 2725 1542 2752 Andr.
1556 2735 1592 2759 4,
1612 2734 1643 2758 2.,
1662 2734 1678 2752 2
1705 2726 1754 2752 Tu
1768 2726 1852 2754 modo
1867 2726 1956 2753 anime
1968 2726 2008 2752 mi
2022 2725 2080 2752 noli
2093 2730 2119 2752 te
2130 2733 2272 2752 macerare.
2329 2725 2386 2752 Cur
2404 2733 2450 2753 me

244 2776 268 2801 p.
281 2773 325 2800 35,
344 2770 374 2795 28
401 2765 498 2792 Forum
513 2765 662 2794 olitorium.
716 2767 776 2792 Hoc
790 2771 846 2792 erat
859 2764 1000 2799 antiquum
1014 2762 1171 2794 Macellum,
1191 2759 1238 2786 vbi
1250 2757 1311 2802 ‘ole-
1374 2761 1519 2790 excrucio?
1555 2770 1602 2787 cur
1615 2770 1657 2787 me
1672 2762 1780 2789 Macero
1801 2763 1840 2790 Id,
1855 2763 1892 2789 ib,
1907 2769 1930 2796 ς,
1944 2770 1968 2795 3,
1982 2770 2016 2795 15,
2089 2761 2195 2788 Lucret,
2210 2770 2232 2794 3,
2246 2768 2279 2795 75
2305 2761 2448 2788 Consimili

244 2811 305 2828 rum
325 2801 409 2836 copia.
477 2801 512 2827 Ea
538 2802 594 2828 loca
613 2802 694 2828 etiam
713 2811 781 2828 nunc
799 2800 1004 2828 Lacedaemonii
1030 2806 1126 2826 vocant
1145 2804 1311 2830 μακελλωταε.
1374 2797 1479 2825 ratione
1499 2796 1532 2823 ab
1545 2796 1640 2823 eodem
1665 2798 1738 2833 saepe
1758 2799 1858 2826 timore
1876 2799 1993 2826 Macerat
2013 2796 2125 2824 inuidia.
2199 2797 2295 2824 Florus
2315 2805 2347 2831 2,
2365 2799 2399 2831 6,
2417 2802 2450 2828 28

245 2838 289 2864 sed
303 2838 380 2864 Iones
393 2836 458 2863 ostia
472 2836 615 2864 hortorum
629 2843 655 2865 et
668 2837 766 2864 castelli
780 2836 907 2870 μακέλλυς.
964 2837 1062 2862 Deinde
1074 2833 1197 2869 postquam
1212 2834 1241 2857 de
1247 2830 1312 2856 f01'0
1375 2835 1467 2868 Itaque
1483 2842 1530 2867 per
1544 2833 1679 2859 Samnium
1694 2840 1798 2868 totum,
1823 2844 1872 2870 per
1891 2835 2033 2868 Falernos,
2055 2835 2247 2868 Gauranosque
2260 2833 2338 2860 saltus
2351 2833 2384 2860 fic
2395 2841 2450 2861 ma-

245 2874 357 2908 piscario
371 2880 394 2898 et
407 2872 542 2907 cupedinis
562 2874 626 2901 foro
645 2874 728 2906 dixis,
753 2874 854 2909 pergit,
887 2873 959 2899 Haec
981 2872 1074 2898 omnia
1092 2869 1231 2905 postquam
1251 2873 1311 2892 con·
1376 2869 1477 2897 cerauit
1491 2868 1667 2904 Annibalem,
1686 2876 1731 2904 vt,
1752 2871 1901 2906 quirfrangi
1915 2871 2014 2897 virtute
2029 2879 2084 2897 non
2096 2875 2218 2905 poterat,
2245 2878 2321 2896 mora
2336 2870 2449 2896 commi-

244 2908 328 2936 tracta
348 2908 377 2935 in
396 2917 481 2934 vnum
499 2909 604 2942 locum,
631 2918 697 2944 quae
715 2909 748 2936 ad
773 2909 875 2936 vidium
897 2908 1082 2944 pertinebant,
1114 2911 1140 2932 et
1159 2903 1310 2944 aedificatus
1329 2908 1356 2933 ῖς
1376 2911 1513 2932 nueretur.
1674 2903 1695 2945 ff
1717 2915 1733 2933 2
1769 2907 1922 2940 Macerare,
1951 2906 2116 2942 Mollificare,
2136 2913 2166 2932 vt
2179 2907 2214 2941 fit
2234 2915 2307 2940 quum
2321 2906 2448 2940 quippiam
2471 2917 2473 2919 ¹

245 2946 335 2978 locus,
351 2944 509 2979 appellatum
522 2945 673 2978 Macellum,
695 2952 723 2972 vt
736 2945 844 2980 qnidam
858 2945 986 2975 scribunt,
1006 2941 1133 2979 quodibi
1147 2940 1312 2967 fueritortus
1376 2950 1428 2968 tam
1441 2942 1485 2968 diu
1500 2942 1526 2966 i„
1543 2950 1609 2976 aqua
1624 2950 1739 2976 tenetur,
1764 2944 1839 2969 donec
1856 2951 1967 2969 ,merum
1986 2950 2011 2969 et
2028 2941 2096 2968 molle
2107 2943 2167 2978 fiat,
2245 2940 2313 2968 Ter,
2333 2941 2448 2976 Adelph·

245 2982 349 3015 (hortus
357 2981 371 3014 )
397 2980 461 3012 affl,
481 2979 554 3015 quod
572 2980 612 3007 ibi
632 2981 725 3007 domus
745 2981 845 3016 fuerit,
869 2982 913 3008 cui
932 2988 1081 3016 cognomen
1099 2978 1152 3004 fuit
1171 2973 1313 3004 Macellus,
1376 2987 1406 3011 3,
1420 2986 1449 3011 3,
1463 2984 1496 3012 27
1523 2977 1681 3005 Salsamenta
1694 2978 1757 3005 haec
1770 2979 1913 3014 Stephanio
1925 2978 1967 3005 fac
1979 2984 2148 3005 macerentur
2160 2977 2254 3013 probe.
2312 2977 2448 3005 Columel.

246 3025 311 3052 quae
331 3015 371 3042 ibi
389 3016 495 3051 publice
516 3015 619 3050 diruta,
647 3026 661 3042 e
678 3025 730 3051 qna
748 3017 898 3043 aedificium
914 3017 982 3049 hoc,
1008 3015 1080 3051 quod
1099 3018 1210 3051 vocatur
1228 3010 1262 3037 ab
1280 3017 1312 3034 ⁰0
1375 3023 1401 3047 2,
1415 3023 1431 3046 9
1458 3014 1518 3039 Hoc
1533 3013 1709 3041 medicamine
1722 3023 1773 3041 vna
1785 3015 1865 3042 nocie
1884 3015 1983 3042 semina
2006 3021 2136 3042 macerata
2155 3014 2298 3041 iaciuntur.
2359 3013 2449 3040 Braffi-

246 3052 394 3080 macellum.
449 3051 552 3085 Festus,
574 3053 715 3080 Macellum
729 3051 831 3079 dictum
843 3061 857 3079 a
872 3053 984 3079 Maccllo
997 3051 1131 3088 quodam,
1150 3058 1198 3084 qui
1211 3053 1312 3074 exerce-
1378 3059 1434 3076 cam
1456 3058 1588 3076 macerare
1609 3050 1637 3076 in
1651 3059 1746 3085 aquam
1774 3051 1842 3078 Cato
1862 3054 1919 3085 156,
1939 3060 1961 3082 ς.
2032 3049 2089 3078 Sale
2106 3058 2241 3076 macerare
2273 3048 2341 3076 Plin.
2358 3057 2401 3082 31,
2420 3056 2448 3084 7.

248 3090 291 3116 bat
304 3088 331 3114 in
345 3087 410 3114 vrbe
425 3087 581 3121 latrocinia,
601 3097 655 3122 quo
669 3087 793 3114 damnato
808 3088 935 3115 Censores
952 3089 1081 3115 Aemilius
1101 3093 1127 3112 ct
1142 3081 1312 3122 Fuluius-stiff-
1330 3088 1363 3113 80
1377 3093 1444 3112 extr.
1520 3086 1587 3112 Plin.
1602 3095 1640 3119 11,
1660 3095 1690 3120 4ι
1723 3089 1753 3113 de
1765 3088 1829 3113 [able
1848 3087 1961 3120 aſsninO,
1990 3087 2149 3113 Balnearum
2169 3085 2250 3112 etiam
2270 3084 2340 3112 solio
2360 3089 2449 3112 totum

247 3130 371 3159 (nerunt,
397 3129 425 3149 vt
441 3124 469 3150 in
489 3123 571 3151 domo
590 3125 648 3151 eius
667 3124 778 3158 opsonia
798 3124 985 3151 venderentur.
1044 3125 1094 3150 Sed
1105 3120 1227 3156 fubcllmn
1242 3123 1312 3154 Japtt
1377 3130 1472 3156 corpus
1492 3122 1541 3148 illo
1561 3122 1629 3148 lae'te
1651 3122 1798 3150 macerabat
1825 3125 1929 3159 Poppea.
1969 3122 2112 3149 Vitruuius
2125 3128 2157 3155 7,
2171 3129 2195 3147 2.
2212 3127 2253 3156 pr.
2291 3121 2358 3147 Item
2373 3119 2450 3148 iubet

248 3161 295 3196 isla
308 3160 433 3186 naz-ratim
487 3159 655 3196 Sifiaspicioni
667 3160 838 3194 etymologis-ae
858 3160 921 3185 locus
928 3160 965 3192 sit
975 3181 982 3192 ‚
1012 3161 1066 3191 his,
1087 3167 1149 3193 quas
1168 3158 1204 3182 ad
1221 3154 1313 3190 fastum
1377 3158 1474 3184 calcem
1488 3158 1591 3184 coctam
1607 3158 1654 3185 diu
1670 3159 1799 3186 macerari
1811 3165 1871 3186 ante
1884 3167 1963 3194 quam
1976 3157 2048 3184 fabri
2061 3165 2091 3184 ea
2104 3163 2220 3184 vtantur.
2295 3156 2404 3183 Colum.
2417 3166 2450 3191 4,

249 3197 335 3221 dedere
355 3195 411 3221 viri
426 3196 504 3227 dmi,
528 3196 677 3225 adiecerim,
711 3206 727 3221 a
748 3195 911 3221 maccrandis
926 3195 1084 3231 ficlsamemis
1102 3194 1185 3228 primo
1205 3192 1313 3221 dieltm',
1376 3202 1426 3227 22,
1441 3196 1457 3220 6
1483 3194 1599 3220 Macerat
1617 3194 1742 3221 arborem
1762 3195 1809 3222 situ
1822 3201 1848 3222 et
1860 3200 1972 3221 veterno
1990 3194 2104 3220 muscus.
2175 3191 2214 3220 id.
2227 3200 2248 3225 1,
2263 3194 2290 3226 6,
2308 3200 2335 3219 21
2363 3193 2450 3220 Macc-

250 3240 301 3256 eum
319 3232 362 3257 hoc
380 3231 502 3266 opsonitcm
521 3230 713 3265 antiquiſjimum
730 3239 753 3257 et
773 3230 967 3266 vulgatisfimum
980 3231 1081 3265 fucrit,
1109 3237 1132 3255 et
1150 3237 1241 3263 magna
1253 3233 1314 3262 pars
1377 3239 1436 3257 rare
1452 3229 1590 3264 lupinum,
1610 3230 1728 3264 vimina,
1748 3232 1846 3266 virgas.
1903 3231 1934 3255 Et
1948 3238 1987 3263 11,
2007 3238 2036 3262 3,
2056 3238 2082 3262 ςι
2109 3228 2244 3255 Macerare
2263 3228 2332 3255 lafiie
2352 3229 2450 3255 semen.

250 3267 394 3292 recentior&
406 3267 479 3292 etiam
492 3266 585 3292 macelli
604 3268 701 3293 cetarii.
773 3267 905 3294 Pernicies
925 3272 951 3294 et
972 3265 1123 3301 tempestas,
1147 3264 1314 3291 barathrum·
1333 3271 1361 3297 35
1380 3268 1410 3292 Et
1424 3265 1456 3292 de
1474 3265 1539 3291 Arb.
1560 3275 1587 3298 19
1599 3286 1607 3298 ‚
1629 3276 1635 3292 1
1668 3267 1837 3294 Macerantur
1857 3264 1961 3292 scrobes
1982 3265 2037 3292 sole
2057 3271 2083 3292 et
2102 3265 2201 3300 pluuia,
2275 3266 2306 3290 Es
2324 3272 2350 3297 1,
2370 3267 2401 3295 6,
2415 3271 2450 3290 22.

252 3309 302 3335 que
315 3301 427 3327 macelli.
483 3302 552 3329 Hor.
565 3302 644 3337 Epist.
658 3312 677 3335 1,
695 3309 728 3335 ις,
743 3313 763 3335 3¹
791 3304 818 3328 in
833 3304 952 3329 hominem
966 3305 1069 3329 edacem.
1142 3301 1202 3327 Liu.
1222 3307 1271 3333 27,
1288 3305 1314 3337 ,ιι
1380 3301 1511 3330 Macerari
1535 3301 1632 3328 affiduo
1653 3302 1768 3338 liquore.
1847 3300 1979 3328 Macerari
2000 3301 2030 3327 in
2048 3300 2192 3328 sextarium
2212 3309 2295 3327 vnum
2327 3297 2450 3327 Scribon.

251 3344 317 3363 extr.
356 3336 592 3366 Locaueruntinde
611 3338 755 3372 (censores)
776 3338 927 3372 reficienda,
939 3347 1006 3374 quae
1013 3338 1081 3364 circa
1088 3333 1314 3363 ferumincendm
1380 3343 1434 3372 148-
1506 3337 1678 3365 Maceranmr
1690 3339 1749 3365 vase
1761 3337 1840 3364 fifiili
1855 3339 1912 3369 269.
1985 3337 2051 3363 Vini
2064 3336 2172 3364 hemina
2179 3345 2231 3364 vna
2239 3340 2296 3370 265„
2331 3336 2447 3370 Mempk.

253 3373 386 3398 consumta
404 3380 492 3405 crant,
513 3375 609 3408 septem
623 3373 760 3406 tabernas,
782 3374 935 3408 macellum,
955 3375 1053 3401 atrium
1068 3372 1180 3408 regium.
1244 3370 1315 3396 Ter.
1382 3375 1451 3401 Hor.
1466 3373 1555 3400 Carm.
1574 3383 1591 3405 r,
1606 3382 1640 3407 13,
1653 3380 1666 3405 8
1687 3373 1860 3407 Qtarnlcntis
1874 3373 1980 3399 Penitus
1992 3381 2110 3400 macerer
2121 3373 2237 3408 ignibus.
2272 3372 2289 3400 i.
2311 3369 2449 3405 Tabqscam,

254 3409 318 3434 Eun.
333 3417 348 3434 2
358 3429 364 3438 .
379 3416 409 3440 2,
423 3416 458 3441 24
485 3409 586 3436 Interea
599 3410 652 3436 loci
668 3409 699 3435 ad
719 3408 857 3436 macellum
878 3410 924 3436 vbi
943 3410 1116 3442 aducuimns,
1142 3409 1315 3434 Concurrunt
1380 3409 1524 3445 liquescam,
1547 3409 1681 3444 consumar.
1754 3410 1880 3437 Maceror
1893 3408 2045 3443 interdum,
2071 3409 2145 3444 quod
2159 3408 2207 3436 sim
2221 3407 2272 3435 tibi
2285 3406 2357 3433 causa
2371 3406 2448 3433 dolo-

254 3444 314 3470 laeti
330 3442 367 3470 mi
389 3443 498 3470 obuiam
517 3445 681 3479 cupedinarii
698 3454 805 3478 omncs,
825 3445 942 3478 Cetarii,
968 3446 1049 3478 lanii,
1068 3444 1165 3479 coqui,
1185 3444 1316 3475 sartoreS,
1331 3452 1366 3477 90
1382 3447 1419 3473 ris
1446 3444 1526 3472 Ouid.
1542 3445 1620 3479 Epist.
1633 3454 1677 3479 20,
1694 3453 1746 3478 ης.
1818 3445 1888 3472 Male
1901 3454 2038 3479 maceror,
2064 3446 2119 3472 vid.
2140 3448 2282 3473 MALvs.

254 3480 393 3514 piscatores
403 3501 410 3510 ,
430 3488 551 3515 aucupes.
605 3484 700 3507 Horum
720 3482 804 3516 itaque
822 3481 961 3507 macellum
972 3483 1060 3515 sorum
1067 3481 1134 3514 fuit.
1207 3480 1316 3506 Sucton.
1417 3489 1442 3508 M
1453 3487 1553 3508 Aci-:R
1563 3482 1585 3507 Ᾱ
1597 3487 1619 3507 Τ
1631 3488 1674 3507 vs
1684 3502 1692 3514 ‚
1719 3490 1749 3514 a,
1775 3490 1830 3508 um,
1868 3482 1961 3508 partic,
1999 3480 2085 3507 Mouis
2098 3488 2121 3507 et
2135 3477 2304 3511 tenerfaHus.
2361 3476 2445 3506 Plaut.

253 3516 324 3542 Caes.
339 3525 369 3547 43
396 3515 532 3550 Dispositis
544 3516 613 3543 circa
626 3517 766 3544 macellum
779 3516 947 3549 custodibus,
966 3517 1012 3552 qui
1026 3517 1136 3551 opsonia
1152 3524 1242 3542 contra
1251 3513 1317 3540 veti·
1382 3517 1493 3544 Poenul.
1506 3526 1518 3550 3
1528 3537 1536 3550 ‚
1554 3525 1586 3550 z,
1606 3525 1632 3542 21
1664 3517 1798 3543 Macerato
1812 3517 1863 3544 hoc
1876 3518 1987 3552 pingues
2004 3517 2072 3543 fiunt
2085 3526 2152 3544 auro
2168 3516 2196 3542 in
2208 3512 2333 3540 Barbaria
2351 3512 2446 3541 boues.

257 3559 313 3577 nnn
327 3551 480 3578 retinerent.
555 3553 644 3579 Varro
663 3553 693 3579 R.
707 3553 738 3579 R.
751 3562 763 3586 3
773 3574 780 3586 ,
800 3560 830 3585 2,
844 3554 871 3579 16
904 3553 948 3577 vbi
960 3557 990 3577 cte
1008 3553 1106 3584 turdis,
1132 3552 1238 3578 Coenae
1253 3558 1316 3577 tunc
1381 3554 1454 3580 Lana
1469 3553 1567 3588 saepius
1582 3558 1711 3579 macerata
1742 3553 1829 3580 senec,
1844 3553 1922 3588 Epist,
1937 3561 1975 3588 7¹·
2046 3553 2112 3580 Calx
2137 3548 2228 3578 Pallad.
2243 3558 2268 3582 1,
2287 3558 2325 3583 14.
2385 3550 2447 3576 Oua

257 3586 460 3613 innumerabiles
474 3588 719 3615 cxcandefaciebant
733 3597 865 3615 annonam
883 3588 997 3615 macelli.
1069 3587 1107 3614 Id.
1123 3596 1147 3620 3,
1164 3595 1207 3621 17,
1219 3595 1236 3621 7
1261 3587 1316 3613 Ma-
1380 3596 1456 3616 aceto
1470 3589 1582 3622 Plin.10,
1595 3591 1638 3615 60.
1695 3589 1856 3616 Maceratum
1870 3589 1898 3615 in
1906 3599 1973 3624 aqua
1981 3589 2146 3618 Scribon.8‚·.
2202 3600 2248 3605 --
2266 3594 2298 3612 ex
2310 3594 2377 3620 aqua
2384 3593 2445 3620 227.

255 3623 351 3649 cellum
371 3623 541 3650 cetariorum.
726 3622 747 3661 ἥ
776 3633 792 3650 2
830 3624 972 3659 Masculino
987 3632 1096 3658 genere,
1117 3624 1188 3656 forte
1206 3633 1257 3649 cum
1278 3633 1315 3648 re·
1333 3631 1364 3657 95
1382 3641 1428 3645 --
1452 3634 1520 3660 aqua
1539 3633 1582 3659 24,
1612 3633 1648 3658 ὃς,
1682 3633 1725 3651 112,
1797 3640 1844 3646 ..-
1870 3626 1958 3652 muria
1984 3628 2029 3652 60,
2099 3622 2246 3654 Macerata,
2275 3620 2446 3656 simpliciter,

251 3658 334 3694 speclu
347 3660 382 3683 ad
393 3659 532 3685 Macellum
546 3659 612 3684 illum
625 3660 755 3694 antiquum
767 3661 905 3693 dominum,
941 3658 1057 3686 Martial.
1071 3666 1115 3692 10,
1133 3661 1169 3692 96
1195 3659 1246 3684 Hic
1259 3668 1317 3694 pre·
1382 3660 1502 3688 Ser-ibon,
1522 3669 1558 3688 21,
1613 3667 1743 3687 macerata
1760 3667 1853 3695 aceto,
1878 3671 1911 3688 ex
1927 3667 2019 3694 aceto,
2043 3659 2106 3685 vino
2126 3663 2185 3690 248.
2205 3665 2256 3690 231.
2274 3664 2325 3691 173.
2343 3665 2367 3683 et
2389 3658 2444 3689 256.

256 3694 322 3720 tiosa
336 3694 433 3734 fames,
452 3694 679 3730 conturbatorque
698 3695 837 3728 macellus',
862 3696 906 3730 qui
912 3695 997 3731 facit,
1013 3701 1043 3720 vt
1057 3696 1201 3721 conturbent
1214 3703 1237 3720 et
1250 3698 1318 3721 deco·
1382 3697 1501 3723 Crocum
1515 3702 1674 3724 maceratum
1688 3701 1710 3727 8.
1786 3698 1860 3724 Panis
1873 3703 2017 3724 maceratus
2030 3700 2089 3727 227.
2126 3694 2242 3729 svleeaph.
2299 3693 2360 3719 Pars
2371 3701 2444 3720 exer.

255 3737 333 3765 quam
346 3731 459 3755 hommes.
1382 3733 1449 3758 citus
1463 3739 1591 3760 macerata
1621 3732 1715 3760 Vellei.
1729 3741 1759 3765 2,
1779 3742 1832 3765 112,
1846 3742 1869 3766 3.

293 3772 317 3792 M
327 3770 401 3792 ACE
411 3771 560 3792 L11AR1V
570 3772 583 3792 s
598 3786 606 3798 ,
625 3766 644 3793 i.
670 3776 705 3793 m.
744 3766 926 3801 [ὅψωνισπῶλης
945 3767 1004 3794 Vct.
1017 3765 1115 3799 Glotr]
1152 3766 1205 3801 Qi
1225 3766 1250 3791 in
1266 3775 1317 3791 ma-
1419 3775 1444 3794 M
1454 3775 1474 3794 A
1485 3775 1502 3795 c
1514 3775 1558 3796 ER
1568 3776 1588 3796 A
1598 3775 1619 3795 T
1629 3775 1667 3794 10
1682 3790 1690 3801 ‚
1711 3768 1779 3796 anis,
1811 3769 1832 3796 f,
1869 3769 1976 3796 Vitruu.
1990 3771 2023 3799 7,
2043 3772 2067 3791 2.
2141 3765 2280 3792 Viscerum
2299 3763 2443 3791 maceratio

257 3800 312 3827 cello
325 3800 405 3826 omnia
417 3800 564 3835 opsoniorum
573 3812 683 3836 genera,
703 3803 800 3829 vendit.
875 3803 983 3829 Sueton.
1003 3802 1030 3828 in
1043 3802 1115 3829 Caes.
1130 3804 1163 3827 26
1196 3801 1231 3826 Ea
1251 3810 1317 3835 quae
1327 3810 1373 3828 100
1382 3804 1484 3831 Arnob.
1505 3815 1527 3837 4.

257 3837 288 3864 ad
303 3837 410 3872 epulum
429 3836 612 3871 pertinebant,
636 3839 757 3872 quamuis
771 3838 927 3865 macellariis
943 3838 1064 3865 oblocata
1074 3858 1081 3870 ‚
1101 3837 1181 3864 etiam
1195 3836 1315 3863 domem.
1420 3845 1445 3865 M
1457 3847 1479 3866 A
1489 3846 1530 3867 (ΣΕ
1541 3847 1559 3867 R
1569 3845 1676 3873 ESCO,
1697 3843 1749 3869 ere.
1785 3836 2024 3871 Mat-cratumfit'rl'i
2052 3837 2200 3871 Antiquom.
2239 3837 2306 3863 (ἷᾶΐο
2324 3835 2357 3862 de
2369 3835 2400 3861 R·
2412 3835 2442 3861 R·

258 3874 334 3899 catim
349 3870 497 3907 apparabat.
558 3872 692 3908 Differam
706 3875 832 3899 interdum
847 3884 863 3900 a
878 3874 961 3900 laniis.
1035 3875 1122 3900 Varro
1136 3873 1167 3899 R.
1177 3873 1207 3898 R.
1223 3880 1279 3904 3‚2‚
1295 3882 1316 3899 ιι
1382 3883 1416 3910 92
1442 3876 1587 3902 Frumento
1601 3877 1720 3903 curculio
1733 3886 1765 3903 ne
1779 3883 1880 3906 noceat,
1899 3881 1950 3898 nen
1960 3881 2048 3898 mures
2064 3878 2181 3907 tangant,
2202 3872 2286 3898 lutum
2299 3871 2444 3898 deflmuroe

259 3907 289 3933 Et
308 3918 371 3934 num
391 3908 473 3942 pluris
493 3913 521 3933 tu
541 3916 556 3933 e
574 3908 635 3933 villa
656 3909 710 3934 illic
730 3916 805 3935 natos
825 3918 914 3936 verres
935 3908 1006 3936 lanio
1035 3909 1144 3941 vendis,
1176 3916 1255 3943 quam
1275 3907 1317 3934 hic
1382 3911 1485 3938 facito:
1523 3912 1654 3946 palearum
1677 3913 1793 3947 paullum
1813 3909 1918 3938 addito,
1952 3907 2030 3935 sinito
2048 3909 2222 3935 macerescant
2248 3907 2325 3934 bene.
2374 3908 2443 3932 Ante

260 3951 335 3975 apros
350 3944 502 3970 macellario
515 3943 606 3970 Seius?
644 3944 810 3970 Macellarios
823 3946 923 3978 quidam
937 3945 1014 3978 libri,
1036 3945 1109 3979 quast
1117 3945 1173 3977 sint
1192 3943 1249 3978 apri
1264 3944 1318 3970 Ma·
1389 3947 1521 3974 Viam-ium
1538 3948 1655 3973 edebatur
1670 3948 1836 3975 Marcescant.

261 3978 368 4004 cellarii.
424 3980 465 4006 Sic
480 3978 593 4006 Turdos
607 3979 679 4006 alunt
693 3981 839 4009 Macellarii
853 3982 922 4015 apud
932 3983 1032 4007 eundem
1048 3981 1124 4007 Varr.
1138 3980 1240 4016 R.R.;
1254 3990 1277 4013 4,
1293 3988 1316 4006 2.
1328 3988 1370 4012 ¹05
1418 3989 1445 4011 M
1455 3989 1478 4010 A
1488 3988 1504 4009 c
1514 3989 1577 4016 Ro,
1597 3986 1649 4011 are.
1686 3987 1753 4011 vnde
1764 3984 1917 4011 Emacrare,
1949 3980 2005 4010 vid.
2019 3986 2046 4015 p.
2061 3989 2085 4007 a.

2223 4021 2252 4044 ,Μ
2265 4020 2289 4042 Δ
2297 4019 2315 4040 c
2324 4018 2340 4039 Ε
2350 4019 2369 4040 R
2379 4019 2389 4039 1
2401 4019 2424 4041 Α
2434 4033 2442 4042 .
