2517 4231
267 214 337 258 623

268 298 367 328 militer,
385 294 501 330 pecunia,
520 299 544 318 et
559 291 705 318 huiusmodi.
778 288 819 314 Sic
832 295 927 314 ornare
943 286 1053 317 classem,
1074 285 1101 310 in
1116 289 1183 310 orat.
1197 292 1246 318 pro
1260 283 1330 317 Lege

268 332 362 360 Manil.
377 340 393 365 9
408 339 429 356 c.
442 341 455 362 4
473 336 519 364 pro
534 327 663 364 Instruere.

717 326 833 351 Ornatae
848 321 1005 356 prouinciae
1022 322 1074 355 lege
1088 322 1204 349 Curiata,
1226 328 1331 353 quarum

267 368 399 394 refloribus
412 365 550 401 imperium,
568 363 700 391 exercitus,
711 360 838 396 stipendia
849 368 872 390 Ἰ,
891 358 970 392 legati
982 357 1116 383 dabantur.
1162 357 1210 381 Sed
1219 357 1271 390 lege
1285 357 1332 380 cv-

267 405 337 430 riam
358 412 404 429 mm
426 410 505 427 onmes
525 401 594 425 ibant
615 399 640 423 in
658 395 819 432 prouincias,
846 393 946 427 ideoque
968 402 1014 418 non
1033 401 1111 418 omnes
1128 392 1222 426 publico
1238 390 1332 426 simitu.

268 441 325 466 Cic.
341 440 393 466 Att.
407 449 431 470 4,
446 443 469 466 ¹8
499 437 528 463 In
543 433 670 461 ornandis
683 429 831 465 prouinciis
845 428 1038 456 consularibus.
1147 427 1274 454 Consules
1290 435 1333 452 or-

269 484 332 503 nase
369 473 401 511 ζμ
417 472 562 500 prouincias
576 468 717 503 (jonfiililam
734 467 863 491 decernere
875 474 963 498 easque
975 474 1003 490 ea
1012 486 1019 499 ‚
1041 473 1089 498 qua
1103 466 1169 489 modo
1182 463 1274 489 diarum
1289 461 1332 497 est,

270 497 367 538 ratior’ie
379 519 476 537 ornare.
569 505 624 532 Cic.
641 506 693 528 Att.
706 511 726 534 3,
740 509 774 533 24
806 501 883 527 Suam
897 500 1052 534 potestatem
1066 500 1114 525 esle
1127 499 1158 526 de
1172 497 1333 526 Consulibus

271 546 409 574 ornandis.
502 545 541 569 Im
559 542 670 574 loquutus
687 537 721 572 cst
740 538 775 562 ad
791 537 829 570 Q
843 537 910 562 Frat.
926 545 938 568 3
955 543 996 571 pr.
1031 535 1209 563 Referebatur
1229 534 1261 561 de
1275 543 1336 569 pro-

272 583 369 610 vinciis
382 580 556 615 Quaestoruin
566 596 574 607 ,
594 581 619 600 et
633 573 664 599 de
680 572 807 599 ornandis
822 572 1001 599 Praetoribus.
1073 571 1240 606 Magistratus
1255 570 1335 596 mulis

272 618 500 650 tabernaculisque
521 618 547 638 et
567 610 643 636 omni
657 609 836 636 instrumento
857 608 968 635 militari
987 607 1153 635 ornabantur
1182 608 1242 634 Liu.
1258 615 1302 640 42,
1317 614 1335 632 1.

274 658 396 686 Omne,
416 656 528 686 Aptare,
549 653 681 682 apparare.
754 645 810 672 Cic.
832 654 882 679 pro
899 644 996 678 Qiint.
1009 653 1035 679 93
1068 645 1173 671 Ornare
1194 642 1337 677 magnifice

272 690 458 727 splendideque
479 684 648 711 conuiuium.
755 681 839 708 Plaut.
855 679 923 709 Rud.
939 689 948 707 1
958 702 967 713 ,
981 690 1007 713 2,
1020 689 1047 713 33
1082 680 1177 707 Iubere
1191 679 1286 706 melius
1301 678 1337 705 est

273 727 413 765 prandium
428 720 520 747 ornari
536 717 618 746 domi.
692 717 782 743 Armis
796 718 820 744 se
833 725 931 744 ornare
952 716 1033 744 Ouid.
1046 716 1125 751 Epist.
1138 725 1166 750 9,
1180 725 1231 745 103.
1293 715 1337 741 Pa-

273 764 327 791 i-ari
341 769 365 787 et
378 757 469 785 ornari
483 755 560 783 scutis
574 760 599 781 et
612 753 671 781 telis
690 753 807 789 Cic.pro
820 753 978 780 Caecin.60.
1051 753 1092 778 Sic
1102 758 1149 787 pro
1161 751 1254 788 vestire
1265 751 1337 786 isur-

269 807 346 835 patm·
367 795 435 828 Vitr.
452 794 468 820 l.
483 795 498 818 6
512 790 596 826 praef.
1314 787 1318 791 ⁴

273 831 416 863 Ferendae‚
436 837 500 864 quas
514 837 564 862 ego
580 835 633 852 non
648 825 734 852 solum
749 825 810 861 tuli,
830 825 872 853 sed
886 825 967 852 etiam
982 824 1091 857 ornaui,
1109 825 1227 853 oratione,
1300 822 1339 850 Id.

272 877 321 904 pro
336 868 404 901 Lege
418 864 512 892 Manil.
527 874 543 898 9
564 873 585 890 c.
601 874 616 895 4
641 862 698 895 Qui
713 862 881 897 posteaquam
894 862 1021 888 maximas
1035 859 1201 893 aedificasset,
1214 859 1339 886 ornasset-

271 913 322 939 que
337 903 443 937 class'es,
458 908 502 927 etc.
575 899 706 931 Ornatl'et,
725 899 743 924 i.
763 897 928 933 Irislruxtjffe't.
969 897 1025 922 Vid.
1047 897 1106 923 Liu.
1122 898 1165 926 26,
1179 905 1214 928 37.
1286 896 1338 921 Co-

270 940 326 975 pias
342 947 439 966 ornare
453 943 532 971 atque
546 935 675 962 instmere
689 934 815 961 omnibus
830 932 908 959 rebus
930 932 986 958 Cic.
996 941 1046 967 pro
1058 932 1128 965 Lege
1137 931 1270 957 Manil.2o
1284 936 1338 962 c.8.

270 975 424 1004 Exercitum
437 972 545 1001 auxiliis
558 979 656 998 ornare
688 970 761 997 Idem
778 970 849 995 Fam.
865 977 890 1003 2,
905 978 941 994 10.

270 1022 329 1038 rare
336 1012 428 1046 fitgam
462 1009 531 1036 Ter.
544 1009 611 1036 Eun.
626 1019 654 1038 a,
668 1016 696 1039 4,
712 1009 736 1033 6.
772 1006 806 1031 al.
828 1004 969 1031 adornare.

270 1056 369 1075 ornare
383 1052 408 1073 et
422 1046 538 1072 sternere
551 1043 599 1070 sibi
631 1042 687 1069 Cic.
701 1050 750 1076 pro
766 1041 872 1068 Cluent.
892 1049 927 1072 14.

269 1084 363 1119 Nepos
378 1092 417 1116 10,
430 1092 456 1115 9,
473 1090 494 1107 2.
566 1081 665 1107 Penum
679 1087 775 1104 ornare
810 1077 892 1104 Plaut.
905 1077 981 1111 Capt.
994 1084 1023 1110 4,
1035 1085 1065 1110 4,
1078 1084 1110 1103 12.

263 1120 349 1155 fundi
355 1119 437 1155 solent
451 1119 556 1144 Ornare
570 1124 594 1142 et
608 1117 740 1147 Onerare,
758 1123 785 1139 v.
800 1123 826 1140 v.

310 1162 330 1182 o
342 1162 359 1182 R
375 1161 399 1181 N
410 1161 432 1180 A
443 1160 466 1180 N
478 1160 491 1180 s
500 1174 507 1185 ‚
529 1152 606 1180 antis.
639 1150 732 1177 Partic.

1079 1003 1191 1030 Lectum
1206 1003 1339 1037 genialem

1001 1039 1107 1067 Nauem
1120 1040 1227 1066 armatis
1242 1047 1338 1065 ornare

1149 1079 1176 1102 in
1191 1076 1268 1102 MSS.
1283 1084 1338 1101 con-

268 1197 393 1219 ornantes
409 1191 433 1217 se
459 1190 538 1224 Vulg.
554 1186 698 1214 iTimoth.
711 1195 732 1219 2,
746 1195 770 1220 9.
1399 1186 1477 1212 Acus.
1570 1184 1653 1211 Ouid.
1667 1184 1699 1210 de
1715 1187 1779 1211 Arte
1792 1185 1853 1210 Am.
1867 1193 1890 1217 5,
1903 1193 1946 1218 239
1975 1182 2052 1210 Tuta
2065 1182 2095 1210 fit
2108 1182 2244 1209 ornatrix:
2260 1189 2306 1209 etc.
2394 1181 2466 1208 Idem
2510 1184 2511 1191 ¹

309 1233 329 1255 0
341 1234 359 1254 R
370 1233 391 1252 N
401 1233 422 1253 Α
434 1232 457 1252 N
472 1230 492 1252 D
505 1233 524 1252 v
534 1231 548 1252 s
559 1245 567 1257 ‚
597 1233 627 1256 a,
660 1232 715 1249 nm.
754 1221 847 1248 Partic.
886 1220 1051 1254 [κοσμητὲος]
1089 1219 1159 1247 Suet.
1179 1220 1245 1254 Aug.
1270 1229 1292 1247 c.
1315 1228 1339 1246 12
1400 1222 1495 1248 Amor.
1517 1230 1537 1254 1,
1552 1231 1586 1254 14,
1601 1222 1635 1247 16.

269 1264 408 1291 Caesarem
421 1262 572 1289 ornandum
586 1266 611 1286 et
625 1257 774 1286 tollendum
789 1257 910 1285 censebat
924 1257 1024 1289 Cicero,
1051 1256 1069 1282 i.
1084 1257 1248 1282 Laudandum
1264 1264 1288 1282 et
1300 1256 1339 1281 in·
1440 1263 1459 1284 ο
1471 1264 1490 1284 R
1501 1263 1523 1282 N
1534 1264 1556 1284 Α
1568 1264 1593 1283 Μ
1604 1263 1621 1282 E
1632 1263 1655 1282 N
1665 1262 1687 1282 Τ
1696 1263 1716 1282 V
1727 1262 1754 1283 M
1766 1277 1773 1289 ,
1793 1255 1813 1283 i.
1840 1264 1867 1282 n.
1895 1254 2025 1289 [κόσμημα
2032 1255 2053 1296 ]·
2071 1255 2139 1281 Idem
2152 1255 2219 1289 quod
2230 1256 2352 1280 Ornatus.
2401 1253 2469 1280 Cato
2502 1249 2506 1254 ⁷

268 1300 447 1335 teificiemlum.
486 1298 553 1331 conf.
577 1297 675 1323 Patere.
692 1304 718 1326 2,
739 1297 768 1320 62
788 1302 854 1322 extr.
929 1292 1063 1319 Victoriis
1081 1292 1217 1319 ornandus
1230 1293 1340 1326 Pompe-

268 1337 310 1363 ius
339 1335 395 1362 Cic.
411 1335 505 1361 Fam.i
532 1342 557 1366 c).

267 1372 331 1399 stius
345 1371 429 1406 potest
445 1371 493 1396 esl'e
509 1355 683 1404 ³perfugium,
705 1375 784 1401 quam
804 1365 871 1391 iuris
890 1365 1078 1399 interpretatio
1109 1365 1166 1391 Cic.
1180 1364 1212 1391 de
1227 1365 1303 1391 Orat.
1320 1374 1340 1398 1,

268 1417 320 1441 179.
394 1406 503 1434 Famula
517 1405 628 1440 operosa
640 1402 767 1430 ornandis
781 1401 882 1436 capillis
910 1400 993 1427 Ouid.
1008 1401 1101 1427 Amor.
1117 1410 1139 1434 2,
1152 1411 1173 1434 7,
1187 1410 1220 1433 23.

303 1452 323 1471 o
331 1450 350 1470 R
361 1451 382 1470 N
392 1446 410 1470 Ᾰ
421 1449 443 1469 Τ
456 1449 477 1468 v
487 1450 499 1468 s
510 1463 518 1477 ,
550 1450 564 1467 a
572 1462 582 1474 ,
614 1449 668 1466 um.
707 1438 801 1465 Partic.
837 1437 1049 1470 [κεκοσμημένος]
1087 1438 1204 1463 Ornatus
1225 1436 1341 1471 peffume

266 1479 349 1507 Plaut.
365 1479 425 1506 Aul.
439 1488 467 1513 4,
481 1487 506 1511 9,
520 1486 556 1504 10.
649 1475 780 1502 Nondum
793 1480 864 1500 totos
879 1479 973 1499 ornata
988 1472 1097 1506 capillos
1131 1471 1212 1498 Ouid.
1225 1474 1291 1498 Met.
1308 1481 1340 1504 11,

267 1521 316 1547 581.
376 1515 463 1541 clanis
477 1519 570 1540 ornata
583 1512 664 1538 armis
686 1512 791 1538 Lucret.
807 1518 832 1544 2,
846 1517 883 1539 ,12.

264 1552 341 1586 Virg.
355 1551 410 1577 Ecl.
426 1552 451 1582 6,
466 1551 507 1582 69.
583 1547 668 1574 Foliis
682 1554 791 1573 ornatus
807 1545 897 1572 oliuae
911 1544 964 1579 ipse
979 1550 1056 1579 caput
1071 1544 1161 1570 tonsae
1188 1542 1227 1570 Id.
1240 1544 1341 1577 Georg.

263 1596 286 1619 3,
299 1595 334 1613 2¹.
409 1585 539 1619 Pampino
558 1584 644 1610 viridi
659 1583 742 1609 Liber
758 1588 868 1608 ornatus
889 1588 1010 1616 tempora
1040 1581 1110 1607 Hor.
1125 1581 1213 1606 Carm.
1227 1588 1254 1612 4,
1268 1585 1292 1612 8,
1305 1589 1339 1611 33.

264 1624 381 1649 Ornatus
396 1623 424 1648 in
438 1621 610 1656 peregrinum
625 1619 736 1645 modum
768 1618 850 1644 Plaut.
865 1617 933 1644 Pers.
949 1627 966 1649 1,
980 1626 1001 1651 3,
1015 1622 1052 1649 78.
1128 1616 1245 1650 Copiose
1263 1623 1341 1642 orna-

263 1664 316 1693 tus,
337 1657 452 1693 vsd.sul1
473 1663 490 1684 C
500 1663 520 1683 0
531 1663 546 1683 Ρ
558 1662 568 1682 1
580 1663 610 1682 Α.
719 1656 836 1681 Ornatus
851 1660 876 1680 et
891 1654 979 1688 grauis
995 1654 1023 1679 in
1038 1653 1153 1679 dicendo
1167 1652 1252 1678 homo
1280 1651 1338 1678 Cic.

262 1694 294 1721 de
305 1696 380 1721 Orat.
389 1703 407 1727 1,
416 1702 453 1724 42.
510 1693 629 1719 Ornatus
642 1699 719 1724 auro,
738 1691 812 1717 bono
827 1690 938 1724 ingenio
957 1689 1157 1722 Plaut.Poen.1,
1166 1693 1233 1722 2,88.

262 1737 338 1756 natus
350 1739 381 1756 ex
395 1730 446 1756 suis
459 1728 606 1756 virtutibus
631 1728 700 1756 Ter,
716 1725 828 1760 Adelph.
841 1735 864 1759 2,
879 1735 898 1758 i,
911 1734 938 1752 21
958 1726 1080 1751 ι’νοπῐυῶι.
1155 1724 1339 1751 Testimoniis

260 1766 465 1792 'clariffimorum
481 1765 674 1798 imperatorum
689 1770 798 1789 ornatus
813 1763 957 1788 Deiotarus
986 1761 1044 1788 Cic.
1058 1761 1090 1786 de
1106 1761 1196 1795 Arusp.
1214 1760 1292 1793 Resp.
1308 1768 1338 1792 29

263 1811 287 1828 c.
303 1811 335 1834 ¹3·
409 1800 513 1826 Vestitu
527 1799 639 1825 militari
667 1799 737 1831 Nep.
753 1808 785 1830 hl,
799 1806 824 1829 9,
841 1806 860 1828 3.
934 1797 991 1822 Cic.
1007 1797 1038 1822 dc
1053 1796 1112 1823 Fin.
1128 1805 1150 1828 2,
1166 1804 1204 1821 112
1232 1795 1273 1821 Sic
1288 1804 1338 1820 nos

263 1837 409 1872 sapientem
429 1835 555 1870 plurimis
576 1840 602 1861 et
616 1833 772 1868 grauissimis
790 1832 892 1858 artibus
912 1838 992 1866 atque
1009 1831 1158 1858 virtutibus
1175 1830 1339 1857 Instrueiuin

263 1879 289 1900 et
303 1879 426 1900 ornatum
436 1891 444 1903 ,
466 1878 511 1897 etc.

262 1909 333 1936 Asini
348 1908 436 1934 ornati
450 1905 603 1938 clitellarii,
629 1908 649 1931 i.
666 1904 729 1938 asim*
743 1914 795 1930 cum
812 1903 910 1929 clittllis
933 1904 1000 1931 Cato
1021 1903 1053 1930 R.
1070 1903 1101 1929 R.
1117 1912 1155 1935 10,
1170 1911 1189 1929 1.
1280 1902 1337 1928 Ele.

261 1944 375 1980 phantus
404 1944 474 1978 Nep.
488 1952 530 1976 23,
545 1951 574 1975 3,
587 1950 614 1974 4.
689 1941 778 1974 Equus
806 1939 875 1966 Gell.
890 1948 912 1970 ς,
927 1948 949 1966 2.
1151 1936 1172 1977 ff
1194 1947 1206 1964 2
1251 1939 1337 1965 Orna-

260 1988 313 2014 tus,
334 1980 418 2015 inquit
433 1979 532 2009 Festus,
552 1978 660 2011 dicitur,
681 1977 736 2009 Qui
750 1975 829 2002 bonis
842 1975 944 2001 artibus
958 1974 1102 2002 instrn&us
1115 1975 1162 2008 est,
1179 1981 1204 2000 et
1218 1973 1337 2000 honores

259 2018 369 2050 adeptus
383 2024 397 2041 a
411 2015 527 2049 populo:
546 2020 571 2040 et
585 2014 655 2039 Bene
669 2020 755 2046 aptus,
776 2017 804 2037 vt
820 2010 895 2036 miles
915 2016 960 2037 aut
973 2011 1120 2045 gladiator,
1140 2017 1165 2037 et
1178 2010 1284 2036 aelurus
1299 2010 1337 2036 fa-

260 2052 345 2080 bulas.

260 2096 311 2123 pro
325 2087 411 2113 Corn.
428 2095 444 2111 1.
530 2081 696 2110 Leffiffimus
711 2088 789 2115 atque
805 2079 983 2106 ornatissimus
999 2080 1156 2104 Adolescens
1184 2079 1257 2104 Idem
1273 2079 1336 2104 Diu.

261 2125 291 2150 in
312 2124 389 2149 Verr.
411 2130 432 2147 c.
447 2130 473 2154 9.
567 2119 639 2153 Agro
659 2117 726 2144 bene
747 2116 820 2142 culto
840 2114 910 2140 nihil
931 2114 1015 2148 potest
1027 2114 1076 2139 ell'e
1091 2122 1140 2138 nec
1155 2114 1201 2139 vsu
1217 2113 1337 2145 vberius,

261 2168 310 2186 nec
327 2158 411 2194 specie
426 2156 547 2184 ornatius
572 2155 631 2182 Cic.
648 2153 680 2180 de
695 2153 753 2179 Sen.
767 2153 832 2192 c.36.
905 2149 1046 2176 Beneficiis
1058 2148 1235 2189 ornatiffimus
1257 2148 1337 2188 *Idem

264 2196 335 2222 Fam.
350 2205 373 2227 7,
387 2203 408 2224 5.
484 2194 515 2218 Et
534 2200 585 2227 pro
598 2190 694 2224 Qiint.
709 2199 721 2221 7
755 2186 858 2215 Deinde
873 2185 952 2212 habet
965 2186 1147 2212 aduersarium
1168 2185 1194 2211 P.
1208 2185 1338 2217 Quintius

263 2231 350 2258 verbo
365 2228 576 2260 Sex.Naeuium,
596 2235 690 2253 reuera
704 2225 816 2251 huiusce
829 2223 919 2249 aetatis
935 2222 1059 2249 homines
1073 2220 1262 2253 disertissimos,
1283 2221 1338 2246 sor·
1353 2228 1381 2254 33

263 2267 383 2299 1111111105,
403 2264 580 2292 ornatiffimos
595 2262 699 2289 nostrae
713 2259 838 2287 ciuitatis,
910 2258 1071 2284 Honoribus
1085 2255 1263 2292 amplissimis,
1282 2256 1338 2282 for-

263 2304 389 2337 tunisque
402 2301 536 2332 maximis,
550 2299 674 2332 coniuge,
687 2296 790 2328 liberis,
808 2301 833 2321 et
849 2293 971 2321 affinibus
986 2300 1094 2320 ornatus
1108 2295 1256 2328 imperator
1279 2291 1338 2318 Cic.

263 2339 297 2366 ad
313 2340 387 2365 Brut.
404 2343 436 2367 13.
511 2335 597 2363 Nauis
612 2335 683 2361 inter
696 2333 761 2360 alias
774 2331 898 2358 ornatior
918 2330 1009 2356 Tacit.
1020 2331 1136 2362 11111114,
1150 2338 1178 2362 4,
1192 2337 1212 2360 3.
1285 2328 1339 2354 Na-

262 2384 309 2402 ves
322 2374 397 2401 omni
411 2382 508 2407 genere
521 2380 661 2398 armorum
675 2367 850 2396 ornatissimae
873 2366 944 2393 Caes.
959 2365 1100 2393 Bell.Gall.
1116 2374 1139 2398 2,
1151 2374 1188 2396 42.
1245 2363 1336 2398 Splen-

263 2410 410 2438 didislimus
436 2415 516 2440 atque
542 2405 719 2433 ornatiffimus
745 2402 863 2430 ciuitatis
885 2403 944 2428 suae
966 2402 1009 2428 vir
1046 2402 1104 2428 Cic.
1125 2410 1175 2435 pro
1195 2400 1278 2440 Flacc.
1297 2401 1380 2432 4860

263 2448 357 2474 Homo
371 2444 549 2472 ornatiffimus
562 2443 632 2475 loco,
653 2441 760 2474 ordine,
778 2439 899 2471 nomine,
914 2437 1026 2472 virtute,
1039 2438 1159 2472 ingenio,
1180 2436 1275 2470 copiis,
1289 2443 1334 2462 etc.

263 2482 338 2511 Idem
352 2483 432 2508 Verr.
450 2490 468 2513 1,
484 2488 525 2515 ¹²7
543 2485 603 2510 cum
618 2485 687 2504 extr.
762 2474 940 2510 Ampliffimus
955 2473 987 2500 ad
1000 2473 1140 2509 agendum,
1159 2472 1338 2498 ornatissimus

264 2519 298 2546 ad
310 2517 452 2545 dicendum
468 2516 541 2542 locus
573 2514 631 2541 Cic.
651 2522 701 2548 pro
718 2513 788 2546 Lege
800 2510 896 2538 Manil.
917 2519 923 2536 ι
943 2517 984 2545 pr.
1188 2506 1208 2546 ff
1230 2517 1241 2540 3
1279 2508 1337 2533 For-

264 2555 346 2581 mulae
360 2553 440 2578 aliae.-
461 2551 567 2586 Capillo
581 2557 676 2576 ornato
692 2547 836 2583 procedere
856 2547 976 2581 Propert.
986 2555 1005 2578 i,
1020 2553 1044 2577 2,
1060 2551 1082 2571 1.
1155 2544 1237 2571 Plaut.
1247 2543 1337 2570 Pseud.

267 2600 291 2622 2,
306 2599 328 2622 3,
345 2598 372 2615 10
393 2589 429 2614 Vt
445 2587 538 2613 lenoni
552 2586 694 2619 surripiam
708 2582 904 2615 mulierculam,
924 2582 977 2608 iam
992 2581 1121 2613 instituta,
1135 2587 1230 2607 ornata
1243 2580 1376 2615 2111161265

266 2626 297 2652 in
310 2624 408 2652 ordine
422 2623 526 2656 habeo,
547 2629 575 2649 vt
589 2622 745 2653 volueram,
783 2620 806 2644 h.
820 2628 840 2645 e.
867 2617 992 2653 Dtspqlita
1010 2627 1034 2644 eo
1049 2617 1144 2649 ordine,
1160 2626 1206 2651 quo
1219 2617 1338 2651 optabam.

267 2661 416 2689 Domicilia
429 2660 498 2694 regis
513 2664 606 2685 ornata
620 2664 645 2684 et
660 2657 756 2683 referta
773 2653 900 2682 omnibus
914 2653 992 2680 rebus
1024 2652 1080 2680 Cic.
1096 2662 1148 2715 1)ῑὲ
1160 2653 1229 2693 Lege
1242 2652 1338 2714 Mq-nil.

1151 2695 1265 2715 xercitus
1290 2695 1339 2714 atis

267 2707 301 2725 21.
375 2697 462 2730 Eques
479 2694 602 2721 honestus
622 2700 648 2720 et
660 2699 768 2719 ornatus
795 2690 868 2717 Idem
886 2690 957 2716 Fam.
973 2699 1005 2722 13,
1022 2699 1054 2721 ¹4·
1289 2724 1308 2750 F

1310 2734 1338 2750 ο.

268 2733 354 2769 probe
367 2738 477 2759 ornatus
503 2731 560 2758 Cic.
576 2730 647 2757 Fam.
661 2739 683 2762 2,
697 2738 720 2762 9.
757 2727 822 2760 conf.
845 2726 936 2752 Tacit.
950 2726 1018 2752 Hist.
1033 2734 1055 2757 ς,
1069 2726 1108 2759 63,
1123 2734 1135 2751 2
1154 2724 1219 2760 Lips.

268 2779 309 2797 res
326 2775 436 2796 ornatae
464 2767 547 2794 Ouid.
562 2765 628 2793 Fast.
641 2774 669 2798 4,
684 2771 739 2800 738.
1155 2797 1159 2800 .
1302 2795 1310 2800 ἱ

269 2805 365 2832 tiffimo
379 2803 512 2835 1121261115,
538 2801 697 2837 ignominiis
711 2798 837 2826 omnibus
851 2804 992 2833 appetitus.
1084 2797 1181 2823 Oratio
1196 2798 1338 2830 composita

269 2848 294 2868 et
313 2847 421 2873 ornata,
441 2847 467 2866 ct
485 2838 601 2866 artificio
620 2837 735 2872 quodam
756 2842 782 2862 et
801 2834 968 2869 expolitione
988 2832 1111 2860 distinet-a
1144 2832 1201 2859 Cic.
1217 2831 1249 2858 de
1265 2832 1340 2857 Orat.

1022 2868 1217 2896 Sententiarum
1232 2868 1339 2894 concin-

270 2887 290 2910 1,
307 2885 348 2910 30.
423 2876 541 2902 Ornatus
555 2874 583 2900 in
599 2874 731 2900 Oratione
757 2871 828 2905 Nep.
844 2878 878 2905 ις,
894 2879 914 2902 3,
930 2878 948 2896 1.

1038 2904 1201 2930 Sententiam
1213 2902 1341 2929 0111211111-

269 2913 339 2940 nitas
355 2918 447 2939 ornata
473 2911 530 2937 Cic.
545 2910 577 2937 de
591 2910 662 2937 Clar.
677 2910 751 2935 Orat.
765 2911 810 2938 286
830 2914 854 2932 et
871 2915 920 2940 325.

269 2958 342 2977 inam
357 2948 388 2974 de
403 2956 445 2973 me
459 2947 527 2974 dixit
554 2947 627 2973 Idem
641 2954 690 2981 pro
705 2945 794 2971 Domo
811 2945 853 2976 69.

270 2995 322 3021 que
350 2984 424 3011 Idem
444 2983 471 3008 in
487 2984 561 3009 Orat.
582 2984 619 3014 36.

308 3027 385 3049 ORN
397 3021 415 3046 Ᾰ
427 3024 449 3045 Τ
460 3025 481 3043 v
492 3025 521 3050 S,
541 3016 580 3044 sis.
617 3027 653 3044 m.
690 3014 809 3048 [κόσμος,
831 3011 973 3047 κοσμιότης]
995 3013 1038 3038 vel
1050 3011 1158 3044 Ornati‚
1177 3011 1289 3045 antique,
1309 3017 1339 3036 vt

269 3059 339 3093 apud
350 3056 421 3082 Ter.
437 3054 519 3081 Andr.
534 3062 557 3086 2,
572 3063 594 3085 2,
609 3059 635 3082 28
658 3052 737 3079 Nihil
751 3052 849 3078 ornati.
908 3050 1014 3076 Dicitur
1035 3049 1149 3080 (mec‘lore
1163 3047 1256 3077 Festo)
1277 3047 1339 3073 Cul-

269 3101 312 3121 tus
328 3092 392 3128 ipse,
411 3100 466 3125 quo
481 3089 541 3124 quis
554 3095 679 3116 ornatur:
702 3094 730 3113 vt
751 3097 834 3121 quum
855 3085 968 3113 dicimus
988 3084 1106 3118 aliquem
1120 3083 1222 3118 tragico
1240 3082 1282 3109 vel
1297 3092 1339 3109 co-

270 3130 343 3156 mico
356 3133 452 3155 ornatu
468 3125 589 3161 prodire.

668 789 785 817 Cic.Att.
803 799 821 823 1,
835 800 859 822 ¹4
877 790 941 816 Ecce
953 789 1020 816 aliae
1034 788 1146 815 deliciae
1158 788 1279 822 equitum
1294 795 1338 813 Vix
1348 798 1373 824 15

1042 968 1140 1001 Fugam
1154 976 1268 1000 ornare,
1290 968 1378 992 Pa-zo

769 1149 898 1176 Mulieres
910 1158 970 1175 cum
985 1146 1145 1175 verecundia
1157 1152 1183 1174 et
1195 1146 1376 1182 sobrietate25

629 1331 761 1358 Senec‘hiti
776 1329 949 1356 celebrandae
964 1335 990 1355 et
1003 1328 1148 1362 ornandae,
1169 1328 1242 1363 quod
1254 1328 1376 1361 hone-30

941 1508 1011 1543 Apio
1025 1508 1111 1534 crines
1125 1514 1234 1534 ornatus
1247 1515 1340 1533 amaro
1357 1520 1383 1542 35

1286 1688 1337 1714 Or·
1345 1694 1383 1720 40

419 2048 604 2076 Adolescentia
620 2047 652 2072 ad
667 2048 796 2072 summam
811 2045 916 2071 laudem
932 2046 1059 2071 omnibus
1074 2046 1153 2071 rebus
1166 2053 1261 2071 ornata
1280 2046 1336 2071 Cic.
1345 2053 1378 2077 50

814 2762 871 2789 Cic.
885 2771 936 2802 pro
950 2762 1044 2795 Qiint.
1059 2768 1089 2795 93
1118 2761 1137 2787 Ε
1153 2760 1247 2787 Fundo
1261 2769 1338 2786 orna·
1345 2772 1377 2796 70

944 2941 1041 2967 Versus
1057 2946 1165 2967 ornatus
1180 2939 1341 2966 elaboratus·
1353 2949 1381 2974 75

663 3123 719 3150 Cic.
732 3123 809 3149 Acad.
823 3132 850 3155 4,
864 3131 901 3156 ιιι)
916 3132 938 3149 c.
953 3127 980 3154 38
1006 3121 1090 3148 Nulla
1103 3119 1222 3146 seneclus
1236 3118 1338 3145 diutur-
1355 3127 1388 3151 30
1400 3120 1465 3146 tiosa
1480 3126 1637 3145 ornamenta
1669 3120 1737 3146 Ηο1.
1752 3120 1784 3146 de
1799 3121 1863 3147 Arte
1880 3121 1951 3147 Poet.
1965 3129 2029 3155 447.

1799 4 1805 17 x
2250 0 2255 9 1
2334 0 2517 54 frum

1777 193 2062 235 ORN

1391 292 1476 319 erant,
1495 292 1520 312 et
1533 292 1638 313 ornatu.
1675 285 1769 312 Aufflor
1783 284 1853 311 Gell.
1867 296 1890 318 4,
1905 286 1941 310 16.
2015 284 2099 310 Genit.
2114 283 2140 308 in
2156 284 2165 308 i
2185 283 2253 310 Ter,
2270 282 2351 315 Andr.
2365 291 2417 315 2‚2‚
2428 289 2456 314 23

1391 322 1422 348 In
1435 322 1544 348 aedibus
1558 323 1627 349 nihil
1642 323 1747 354 ornati,
1768 320 1837 347 nihil
1856 319 1974 347 tumulti.
2047 321 2163 346 Ornatus
2184 326 2208 345 et
2223 319 2332 351 Cultus,
2349 318 2457 352 diuersa»,

1393 356 1512 396 Tremuli.
1530 359 1559 385 in
1578 359 1625 386 lib.
1646 359 1678 385 de
1700 357 1802 384 Habitu
1821 356 1958 389 mulieris,
1984 355 2098 387 Habitus
2117 355 2233 382 feminac
2253 354 2385 389 duplicem
2406 355 2459 389 spe.

1394 400 1463 417 ciem
1477 392 1641 428 circumfert,
1662 395 1761 422 cultum
1776 400 1801 419 et
1814 399 1949 419 ornatum.
2022 392 2131 419 Cultum
2147 392 2271 426 dicimus,
2290 399 2368 424 quem
2384 399 2460 416 mun.

1395 427 1458 453 dum
1473 429 1629 457 muliebrem
1644 436 1752 458 vocant:
1773 435 1898 455 ornatum
1908 449 1916 461 ,
1936 437 2016 463 quem
2037 428 2207 455 immundum
2222 426 2383 453 muliebrem
2398 434 2459 452 con-

1396 463 1470 490 venit
1483 463 1544 490 dici.

1397 499 1444 526 iste
1465 499 1493 524 in
1512 508 1573 526 cura
1588 502 1677 536 capilli
1695 508 1720 529 et
1733 502 1815 535 cutis,
1836 507 1862 528 et
1880 509 1973 527 earum
1992 506 2108 536 partium
2125 508 2263 536 corporis,
2282 506 2349 533 quae
2367 494 2459 525 oculos

1396 534 1515 561 trahunt.
1554 537 1621 563 Haec
1639 538 1687 564 ille.

1436 577 1455 597 O
1468 577 1486 597 R
1500 578 1521 597 N
1532 573 1581 599 ᾸΤ
1594 578 1622 598 Ε.
1659 573 1726 602 Adu.
1763 571 1971 608 [κεκοσμημένοις]
2007 571 2094 604 Rene,
2108 571 2224 607 propi-ie,
2246 571 2371 606 eleganter
2386 576 2409 595 et
2422 569 2460 595 di-

1353 614 1380 632 ¹0
1392 606 1497 642 spqfi'te:
1534 609 1636 634 Ornate
1648 608 1748 640 dicere,
1766 610 1908 645 proprium
1923 607 1959 634 est
1972 606 2133 641 eloquentis,
2151 613 2183 632 vt
2196 608 2234 632 ait
2251 605 2385 640 Qnindfil.
2398 610 2460 640 8pr-

1398 643 1455 669 Cic.
1470 643 1501 669 de
1516 644 1605 670 Finib.
1628 653 1651 678 i,
1672 651 1685 674 8
1718 645 1768 671 Res
1786 655 1852 672 vero
1864 645 1947 671 bonas
1963 643 2054 671 verbis
2073 643 2166 669 elePtis
2184 643 2302 677 grauiter
2315 649 2461 675 ornateque

1399 678 1518 714 dielatas,
1540 680 1599 713 quis
1614 689 1667 706 non
1682 680 1766 714 legat?
1838 682 1940 709 Ornate
1954 687 1979 707 et
1993 679 2100 714 copiose
2114 678 2202 705 dicere
2232 678 2306 706 Idem
2321 687 2371 713 pro
2384 678 2461 704 Caec.

1401 725 1421 741 c.
1435 722 1467 743 19.
1541 717 1642 743 Ornate
1657 715 1843 751 splendideque
1857 717 1943 744 facere
1957 715 2059 751 aliquid
2079 714 2136 742 Cic.
2146 714 2224 741 Offic.
2240 724 2258 748 ι,
2267 725 2290 747 4.
2361 714 2462 740 Ornate

1399 752 1536 786 politeque
1550 752 1639 778 dicere
1659 751 1733 779 Idem
1748 760 1798 786 pro
1811 753 1881 779 Cael.
1896 759 1919 783 8.
1991 750 2153 786 Compofite,
2170 756 2272 783 ornate,
2290 750 2396 785 copiose
2409 749 2463 775 elo-

1400 788 1447 821 qui
1474 789 1532 815 Cic.
1548 788 1579 814 de
1594 790 1671 815 Orat.
1685 797 1710 821 ι,
1726 793 1763 819 48.
1859 787 2007 822 Distinete,
2027 787 2184 820 distribute,
2202 786 2350 821 eleganter,
2370 791 2463 812 ornate

1397 824 1512 851 scribere
1544 824 1617 851 Idem
1631 824 1715 850 Tusc.
1729 832 1751 857 2,
1765 830 1791 858 7.
1863 824 1989 851 Ornatius
2009 826 2093 851 causas
2107 832 2184 858 agere
2213 822 2286 850 Idem
2299 822 2371 849 Fam.
2387 831 2412 855 9,
2426 829 2464 848 2¹.

1399 875 1445 880 —-
1460 861 1560 887 causam
1575 861 1646 886 suam
1660 860 1750 886 dicere
1774 858 1832 886 Cic.
1849 858 1881 884 de
1895 860 1969 886 Orat.
1983 869 1993 887 1
2009 870 2029 887 c.
2044 869 2081 895 53.
2174 858 2341 886 Ornatillime
2355 855 2465 885 defendi

1397 895 1472 924 Idem
1486 896 1518 923 de
1531 897 1600 923 Clar.
1616 898 1691 924 Orat.
1708 905 1729 922 c.
1745 904 1767 927 5.
1842 894 1882 921 De
1895 894 1986 930 aliquo
1998 896 2075 931 loqui
2099 895 2173 924 Idem
2187 895 2240 921 Att.
2254 903 2273 927 i,
2289 904 2322 928 ¹4·
2455 900 2457 903 ⁴

1435 954 1483 975 OR
1494 953 1546 974 NA
1557 955 1578 975 T
1588 956 1596 974 1
1608 954 1645 984 o,
1666 947 1736 974 onis.
1773 946 1794 973 f.
1831 946 1939 973 Vitruu.
1954 953 1977 979 ς,
1989 955 2003 979 7
2027 947 2118 982 Specie
2132 946 2293 980 ornationis,
2310 952 2356 973 eto.

1435 1006 1455 1026 ο
1466 1005 1484 1025 R
1496 1006 1516 1025 N
1528 1000 1546 1026 Ᾰ
1557 1005 1579 1026 Τ
1591 1005 1611 1025 O
1623 1006 1640 1026 i<
1650 1020 1659 1033 ,
1680 999 1747 1026 oris.
1783 1007 1819 1024 m.
1857 997 1939 1024 Gloff.
1955 998 2014 1024 Vet.
2035 999 2164 1031 Ornator,
2183 996 2310 1030 κοσμιὶτης.

1399 1034 1457 1063 dor.
1471 1035 1554 1098 Epist..
1570 1044 1596 1069 1,
1615 1044 1632 1062 2
1664 1036 1784 1062 Aceruus
1802 1034 1956 1069 Neptunius
1969 1040 2110 1068 generator
2122 1034 2241 1061 florentis
2253 1041 2403 1069 purpurae,
2422 1040 2465 1058 or-

1400 1078 1480 1098 nator
1506 1080 1522 1097 o
1536 1081 1565 1099 ii.

1437 1119 1517 1139 ORN
1532 1118 1678 1145 ATRIX,
1708 1111 1767 1138 icis.
1803 1110 1823 1138 f.
1866 1109 2034 1146 [κοσμῆτρια]
2079 1110 2148 1137 Suet.
2169 1110 2261 1137 Claud.
2281 1121 2303 1138 c.

1400 1149 1493 1176 matris
1512 1158 1585 1175 meae
1604 1147 1700 1174 liberta
1717 1154 1743 1175 et
1759 1147 1883 1174 ornatrix
1904 1147 1964 1175 fuit.
2001 1147 2056 1173 vid.
2075 1147 2099 1173 h.
2116 1148 2134 1173 Ι.
2153 1147 2268 1173 Tra-rent.

2324 1119 2362 1144 40
2394 1109 2467 1137 Haec.

1400 1303 1421 1321 c.
1437 1303 1464 1320 io
1498 1293 1664 1319 Ornamenta
1677 1292 1764 1319 bubus
1783 1292 1843 1327 sex,
1860 1292 1922 1326 iuga
1937 1301 1990 1316 cum
2003 1291 2073 1318 loris.

1400 1329 1481 1356 alicui
1489 1350 1498 1362 ,
1519 1329 1573 1355 vid.
1592 1337 1602 1356 1
1612 1337 1633 1356 N
1643 1335 1656 1355 S
1668 1334 1690 1355 'r
1702 1335 1722 1355 R
1731 1336 1751 1355 v
1762 1334 1794 1355 Ο.
1884 1328 2065 1360 Ornainenta‚
2085 1328 2205 1353 Honores.

1400 1364 1513 1393 habebat
1528 1371 1727 1397 ornamentum,
1748 1371 1777 1391 vt
1790 1363 1901 1396 caeteri,
1915 1363 1962 1398 qui
1976 1372 2023 1398 per
2038 1372 2099 1389 eum
2114 1369 2158 1389 aut
2171 1361 2289 1389 honores
2303 1368 2348 1388 2111
2361 1361 2468 1388 diuitias

1400 1407 1524 1437 ceperant
1551 1401 1621 1435 Nep.
1637 1410 1674 1435 25,
1687 1408 1715 1434 7,
1729 1409 1750 1426 2.
1858 1400 1915 1426 cie.
1928 1408 1978 1434 pro
1992 1400 2068 1426 Rosc.
2083 1400 2143 1425 Am.
2164 1408 2203 1432 ¹39
2222 1408 2243 1425 c.
2256 1404 2285 1431 48
2318 1397 2412 1425 Nostri
2427 1396 2470 1424 11111

1401 1438 1517 1467 nobiles,
1538 1436 1586 1463 nili
1603 1436 1753 1470 vigilantes,
1774 1441 1800 1461 et
1816 1435 1902 1468 boni,
1921 1442 1947 1462 et
1960 1435 2061 1468 forteS,
2079 1441 2104 1462 21
2119 1434 2306 1461 misericordes
2319 1442 2411 1463 erunt;
2436 1433 2485 1470 iis¹

1401 1473 1569 1505 hominibus,
1589 1473 1617 1499 in
1631 1471 1729 1508 quibus·
1741 1471 1806 1498 haec
1820 1478 1908 1504 erunt,
1928 1477 2086 1499 ornamenta
2100 1471 2144 1497 sua
2157 1470 2303 1498 concedant
2314 1471 2412 1497 necesse
2426 1469 2470 1496 est.
2485 1473 2487 1478 ⁴

1401 1511 1567 1537 Ornamenta
1579 1508 1687 1544 insensu
1703 1507 1744 1533 illo
1754 1507 1917 1542 prouinciali,
1931 1508 1962 1532 a'e
1976 1507 2060 1541 quoin
2075 1513 2178 1534 ORNO
2193 1516 2219 1533 n.
2233 1516 2254 1539 3.
2327 1506 2470 1533 cieverr.

1403 1556 1427 1579 5,
1443 1552 1470 1576 83
1501 1545 1556 1571 Vbi
1570 1545 1654 1571 ternis
1671 1543 1789 1570 denariis
1805 1542 1971 1569 aestimatum
1990 1542 2172 1570 frumentum?
2194 1543 2242 1570 vbi
2262 1543 2345 1570 muli3
2366 1541 2414 1569 vbi
2434 1548 2470 1568 ta-

1401 1581 1563 1608 bernacula?
1583 1579 1630 1606 vbi
1650 1586 1689 1606 tot
1710 1586 1835 1614 tantaque
1855 1585 2013 1605 ornamenta
2032 1578 2228 1614 magistratibus
2248 1586 2274 1605 et
2295 1578 2385 1614 legatis
2401 1587 2416 1604 a
2429 1573 2481 1605 Se-'

1402 1624 1465 1644 natu
1480 1617 1636 1652 Populoque
1649 1616 1763 1642 Roman.
1777 1615 1898 1650 ρει-1111112
1912 1620 1937 1641 et
1952 1614 2027 1641 data?
2101 1616 2306 1648 Ornamentum,
2323 1616 2470 1650 Beneficium

1401 1654 1568 1688 honorificum.
1623 1652 1680 1679 Cic.
1694 1652 1765 1678 Fam.
1779 1660 1802 1684 2,
1816 1658 1840 1680 18
1874 1652 2057 1686 Quaecunque
2069 1659 2083 1677 a
2096 1661 2140 1678 1112
2155 1659 2312 1678 ornamenta
2325 1651 2357 1678 ad
2371 1657 2395 1677 te
2410 1659 2470 1685 pro-

1401 1690 1561 1717 ficiscentur.
1635 1687 1747 1714 Afficere
1762 1687 1891 1723 populum
1906 1687 2072 1714 ornamentis
2099 1687 2172 1715 Idem
2187 1697 2237 1722 pro
2252 1688 2335 1714 Corn.
2350 1686 2421 1713 Balb.
2434 1695 2469 1719 43.

1402 1727 1456 1752 Arx
1476 1732 1501 1752 et
1523 1731 1712 1752 ornamentum
1729 1724 1882 1751 amicorum
1902 1724 2014 1750 Antonii
2036 1724 2130 1756 Cotyla
2168 1724 2241 1751 Ideni
2260 1723 2376 1758 Philipp.
2395 1728 2417 1755 8,
2433 1732 2468 1754 24·

1403 1762 1464 1788 Flos
1484 1761 1594 1794 Italiae,
1620 1761 1821 1787 firmamentum
1840 1759 1950 1794 imperii
1970 1759 2102 1791 Romani,
2127 1767 2315 1787 ornamentum
2335 1757 2470 1794 dignitatis

1401 1797 1458 1823 Cic.
1472 1797 1588 1831 Philipp.
1603 1805 1624 1828 3,
1639 1805 1668 1827 ¹3.
1742 1795 1858 1829 infignia
1869 1801 1895 1821 et
1907 1802 2063 1822 ornamenta
2076 1797 2192 1830 generis,
2211 1796 2340 1830 nominis,
2359 1794 2469 1822 honoris

1401 1832 1558 1858 occiderunt
1592 1831 1665 1857 Idem
1681 1840 1731 1865 pro
1744 1831 1808 1856 Snll.
1822 1835 1861 1860 88.

2064 1866 2121 1892 Cic.
2136 1868 2215 1893 Verr.
2230 1877 2248 1900 1,
2265 1877 2301 1898 152
2332 1867 2413 1901 Qiod
2427 1875 2468 1893 or-

1399 1909 1553 1930 namentum
1569 1902 1704 1929 Pueritiae
1722 1907 1798 1936 pater
1816 1899 1941 1932 dederat,
1964 1899 2094 1927 indicium
2116 1908 2195 1935 atque
2214 1902 2317 1937 insigne
2336 1904 2469 1936 fortunae,

1399 1939 1452 1967 hoc
1470 1939 1503 1966 ab
1522 1939 1573 1965 isto
1587 1937 1722 1973 praedone
1736 1942 1858 1971 ereptum
1874 1935 1939 1968 ess'e,
1959 1937 2078 1970 grauiter
2098 1943 2124 1964 et
2142 1938 2236 1964 acerbe
2257 1938 2380 1965 homines
2401 1939 2469 1965 fere-—
2487 1942 2492 1945 '

1399 1976 1471 2003 bant.
1565 1973 1739 2009 Reipublicae
1760 1973 1850 1999 lumen
1870 1977 1895 1998 21
1907 1978 2095 2000 ornamentum
2111 1975 2148 2007 Q
2159 1974 2316 2000 Hortensius
2347 1975 2404 2000 Cic.
2419 1983 2469 2009 pro

1398 2012 1499 2043 Milon.
1509 2017 1536 2044 38
1554 2020 1575 2038 c.
1589 2019 1626 2043 ¹4-
1708 2011 1782 2036 Inter
1796 2007 1938 2043 praecipua
1951 2008 2046 2035 saeculi
2060 2017 2232 2041 ornamenta,
2251 2011 2305 2035 vid.
2331 2016 2340 2034 1
2355 2016 2377 2036 Ν
2389 2016 2463 2038 TER

1399 2050 1491 2080 Praep.
1584 2044 1739 2078 Triumphi
1759 2045 1838 2071 decus
1851 2051 1876 2070 et
1890 2052 2079 2071 ornamentum
2100 2045 2277 2072 minuendum
2292 2045 2379 2071 nostra
2391 2045 2461 2082 parfif·

1400 2082 1491 2106 monia
1504 2088 1559 2103 non
1574 2080 1665 2111 putaui
1686 2079 1743 2104 cic.
1759 2079 1791 2103 de
1806 2079 2046 2107 Prouinc.Consul.
2056 2087 2092 2111 28.
2167 2080 2290 2107 Honoris
2303 2086 2456 2114 ornamenta,

1401 2113 1568 2139 monimenta
1581 2112 1695 2146 gloriae,
1709 2117 1735 2137 et
1748 2111 1861 2144 insignia
1874 2113 1960 2138 laudis
1992 2116 2066 2142 Idem
2079 2117 2108 2143 in
2120 2117 2200 2144 Catil.
2214 2127 2235 2149 3,
2250 2118 2287 2143 26.
2376 2116 2456 2144 Orna-

1401 2154 1495 2176 mento
1509 2148 1567 2181 effe,
1590 2149 1727 2179 Decorare,
1747 2156 1845 2172 ornare.
1895 2147 1952 2174 Cic.
1966 2147 2037 2176 Fam.
2052 2159 2085 2182 ις,
2100 2162 2114 2183 4
2135 2152 2185 2178 Tu
2199 2162 2264 2187 puer
2278 2161 2321 2178 me
2333 2136 2460 2186 29112ῐί1111

1400 2195 1451 2219 ego
1464 2190 1553 2210 autem
1567 2184 1670 2218 semper
1685 2188 1845 2209 ornamento
1858 2187 1883 2209 te
1897 2182 1966 2209 mihi
1981 2184 2040 2211 fore
2053 2185 2127 2213 duxi.
2220 2189 2286 2215 Non
2306 2178 2388 2214 modo
2401 2193 2463 2215 tem÷

1400 2220 1512 2256 poribus
1530 2220 1637 2252 nostris,
1653 2219 1694 2245 sed
1709 2219 1770 2254 ipfis
1783 2218 1863 2245 etiam
1877 2219 1963 2245 literis
1978 2229 2139 2248 ornamento
2154 2223 2260 2250 futurus
2277 2224 2428 2258 Plin.Ep.6,
2435 2231 2464 2249 u.

1400 2259 1471 2297 Λιίιζ.
1495 2257 1565 2290 Nep.
1581 2265 1619 2288 10,
1632 2265 1654 2291 2,
1671 2265 1687 2281 1.
1777 2255 1833 2281 Cic.
1848 2256 1925 2295 Verr.
1938 2264 1960 2287 2,
1977 2266 2004 2289 77
2034 2258 2061 2283 Si
2079 2268 2110 2285 ex
2123 2258 2175 2285 hoc
2190 2254 2287 2294 genere
2303 2259 2466 2294 splendorem

1400 2292 1492 2319 ordini
1506 2299 1584 2326 atque
1602 2296 1789 2319 ornamentum
1804 2299 1893 2318 curiae
1906 2291 2068 2320 constituere
2085 2295 2190 2328 velitis,
2212 2296 2331 2322 habeatis
2349 2296 2408 2322 sane
2421 2302 2467 2321 vo-

1400 2328 1504 2355 biscum
1527 2328 1606 2354 istum
1625 2329 1789 2355 Senatorem.
1899 2327 2078 2362 Ornamenta,
2100 2337 2146 2364 pro
2159 2331 2256 2356 Armis.
2330 2332 2389 2358 Seu.
2403 2331 2467 2358 Nat.

1399 2364 1506 2398 Quaest.
1522 2375 1535 2396 4
1550 2364 1633 2399 praes.
1672 2364 1713 2391 Sic
1726 2372 1791 2397 ergo
1804 2362 1940 2396 formare,
1960 2370 1990 2390 vt
2009 2365 2071 2391 scias
2086 2370 2111 2391 te
2123 2374 2176 2390 non
2190 2366 2260 2400 posse
2274 2366 2417 2400 consequi,
2437 2371 2467 2392 vt

1399 2400 1430 2427 sis
1452 2401 1678 2435 impenetrabilis:
1698 2409 1759 2427 cum
1779 2399 1871 2426 onmia
1892 2400 2008 2433 caueris,
2030 2409 2077 2435 pei·
2095 2408 2251 2427 ornamenta
2274 2402 2361 2428 feriet.
2397 2400 2465 2435 conf.

1400 2436 1465 2471 Lips.
1481 2439 1584 2463 Sarum.
1600 2446 1623 2470 2,
1636 2447 1659 2469 7.
1732 2437 1782 2462 Per
1796 2443 1954 2462 ornamenta
1967 2437 2097 2471 percussus
2111 2436 2146 2462 est
2179 2436 2254 2462 Idem
2267 2437 2326 2463 Sen.
2339 2436 2417 2471 Epist.
2432 2446 2466 2469 ¹4·

1400 2474 1564 2500 Ornamenta
1577 2472 1752 2508 pugnantium
1783 2472 1853 2498 Suet.
1867 2471 1939 2498 Tito
1952 2482 1973 2498 c.
1990 2481 2016 2505 9.
2108 2473 2184 2509 Qod
2195 2472 2221 2497 in
2236 2473 2380 2506 quibusdam
2392 2473 2466 2505 libris

1398 2509 1433 2545 est
1445 2508 1618 2542 ferramenta,
1635 2509 1716 2545 gl‘ffi
1728 2518 1758 2534 ex
1771 2509 1886 2542 margine
1898 2508 2022 2544 irreplfll}
2035 2509 2146 2535 videtur.
2193 2508 2330 2541 Vm'uerstm
2343 2517 2389 2534 non
2402 2512 2464 2536 nuno,

1399 2555 1473 2580 quam
1487 2545 1583 2570 dicitur
1596 2548 1626 2570 sle
1639 2552 1762 2580 apparatu
1775 2543 1865 2571 bellico.
1971 2540 2068 2585 Neque
2081 2553 2148 2571 vero
2163 2550 2275 2570 caeteras
2290 2543 2374 2578 copias
2387 2551 2463 2570 orna-

1399 2586 1504 2613 menta,
1525 2580 1653 2615 praesidia
1668 2580 1752 2606 vestra
1772 2589 1833 2606 cum
1847 2579 1920 2607 illius
1934 2581 2045 2607 latronis
2059 2581 2149 2617 inopia
2164 2588 2244 2614 atque
2257 2579 2367 2615 egestate
2377 2578 2458 2611 debeo

1401 2617 1525 2643 conferre
1551 2617 1607 2643 Cic.
1617 2616 1695 2643 Catil.
1710 2624 1722 2640 2
1743 2625 1763 2640 c.
1777 2625 1804 2641 11.
1863 2618 1912 2641 Sed
1923 2618 1999 2641 etiam
2011 2619 2042 2642 cle
2054 2616 2157 2651 vestibus
2165 2616 2279 2650 scenicis.
2334 2615 2375 2642 Eis
2385 2622 2458 2642 orna-

1401 2659 1489 2679 menta
1504 2658 1529 2679 et
1543 2653 1647 2679 corium
1664 2652 1702 2678 vti
1717 2649 1888 2677 conciderent
1906 2651 1987 2676 Plaut.
1998 2651 2172 2686 Ampli.prol.
2187 2658 2259 2684 v-83.
2296 2644 2459 2678 Addfflseiul.

1401 2697 1422 2725 1,
1436 2699 1457 2722 ς,
1473 2695 1526 2719 108.
1599 2690 1654 2714 Huc
1667 2687 1737 2721 refer
1758 2687 1922 2713 Ornamenta
1934 2687 2099 2720 consularia,
2118 2688 2267 2722 senatoria,
2284 2685 2462 2722 triumphalia,

1400 2726 1418 2750 i,
1440 2724 1524 2760 vestes.
1623 2725 1673 2749 Sed
1691 2724 1727 2748 ad
1745 2723 1864 2748 orationis
1882 2724 1974 2748 cultum
1990 2723 2103 2757 pertine!
2135 2724 2192 2750 Cic.
2208 2724 2240 2750 de
2255 2724 2315 2750 Fiu-
2330 2732 2355 2757 1,
2376 2732 2401 2756 14
2416 2731 2436 2749 t.
2450 2729 2473 2756 ς.

1402 2761 1483 2794 Qiod
1499 2759 1545 2786 illa
1560 2759 1691 2792 Platonis,
1713 2757 1878 2792 Aristotelis,
1897 2758 2081 2793 Theophrasti
2101 2760 2234 2786 orationis
2254 2765 2408 2787 ornamenta
2421 2765 2464 2785 ne·-

1401 2796 1523 2831 glexerit.
1623 2796 1787 2821 Ornamenta
1807 2795 1960 2820 orationum
1973 2801 1999 2821 et
2013 2796 2246 2823 conformationes
2278 2796 2335 2823 Cic.
2350 2796 2381 2822 de
2393 2794 2463 2822 Clar.

1402 2833 1478 2858 Orat.
1495 2841 1547 2863 ¹40·
1638 2830 1813 2864 Eloquentiae
1825 2838 2013 2857 ornamentum

1400 2873 1556 2894 ornamenta
1570 2866 1676 2893 dicendi
1703 2866 1760 2892 Cic.
1774 2866 1806 2892 de
1821 2866 1891 2893 Clar.
1900 2868 1974 2894 Orat.
1989 2869 2040 2894 261.
2114 2869 2277 2895 Ornamenta
2290 2867 2396 2895 dicendi
2409 2873 2474 2894 non·

1400 2904 1459 2929 satis
1473 2903 1573 2937 opima,
1590 2904 1643 2928 vid.
1666 2909 1793 2929 orin
1805 2909 1827 2929 S.
1900 2903 2037 2930 Adhiberc
2051 2912 2217 2938 ornamenta,
2237 2905 2291 2931 vid.
2314 2904 2464 2932 ADnmEQ'

1401 2939 1553 2974 Adiungerc
1573 2946 1730 2965 ornamenta
1749 2938 1885 2972 oratoria,
1903 2941 1957 2966 vid.
1979 2946 2165 2968 AnivNGo.

1401 2975 1530 3002 Amittere
1545 2982 1701 3001 ornamenta
1726 2975 1782 3003 Cic.
1797 2975 1868 3002 Fam.
1881 2986 1906 3007 4,
1920 2979 1944 3001 6.

1400 3011 1489 3038 Deiot.
1505 3020 1540 3037 12.
1614 3013 1644 3036 lit
1665 3011 1739 3038 Idem
1760 3030 1767 3037 .

2043 2832 2175 2866 Qinffil.
2191 2841 2209 2864 1,
2225 2839 2247 2862 8.
2339 2829 2464 2861 Oratori-

2017 2977 2172 3010 Congerere
2187 2983 2344 3004 ornamenta
2368 2975 2405 3003 Id.
2415 2982 2469 3011 pm.

1402 3047 1485 3082 potest
1499 3052 1589 3073 contra
1603 3048 1774 3081 petulantiam
1789 3054 1813 3074 te
1828 3047 1986 3075 defendente
1997 3049 2137 3080 obtinere,
2163 3050 2181 3077 ι’.
2200 3050 2330 3076 Detinere.

1400 3084 1551 3110 ficiscuntur
1564 3090 1719 3110 ornamenta
1733 3083 1765 3110 ab
1778 3084 1870 3118 aliquo
1897 3084 1952 3110 Cic.
1966 3085 2039 3111 Fani.
2052 3094 2079 3119 2,
2095 3095 2131 3120 19.

2376 194 2453 245 624
2476 249 2478 251 ‚

1596 467 1643 494 Ille
1658 468 1685 493 in
1699 475 1774 499 auro,
1796 472 1822 492 et
1835 471 1954 499 argente,
1973 470 1998 491 et
2013 464 2124 504 gemmis
2137 470 2163 491 et
2176 463 2292 503 vestibus
2306 463 2460 497 deputatur:
2481 475 2484 485 .

2368 991 2466 1024 Camo-

2165 1290 2299 1317 Inssruere
2312 1295 2469 1316 ornamenta
2484 1297 2495 1326 J

2261 1325 2375 1353 Nullum
2388 1325 2422 1352 ab
2435 1333 2469 1352 eo
2499 1335 2501 1341 ·

1956 1830 2143 1858 Matronaruin
2164 1841 2226 1859 vera
2242 1840 2398 1859 ornamenta
2412 1832 2469 1858 sunt
2484 1843 2490 1847 ·

622 1869 710 1896 Rebus
731 1866 858 1894 omnibus
873 1874 982 1894 ornatus
998 1867 1104 1893 excellit
1137 1867 1242 1893 Lucret.
1258 1876 1282 1899 i,
1300 1871 1338 1897 28.
1351 1876 1384 1902 45
1401 1867 1541 1903 pudicitia,
1560 1875 1615 1893 non
1628 1865 1710 1892 vestes
1739 1865 1832 1892 lustin.
1847 1872 1890 1894 20,
1901 1873 1971 1896 4,12.

1791 3031 1798 3038 .
1825 3012 1850 3038 Si
1865 3020 1931 3046 quae
1946 3011 2048 3046 pudore
2063 3013 2114 3040 tibi
2128 3020 2284 3041 ornamenta
2298 3012 2416 3048 peperit,
2433 3017 2478 3042 en]
2493 3031 2495 3033 .

2241 3084 2369 3111 Recidere
2382 3082 2486 3117 ambri-u
2504 3090 2505 3096 ¹

2128 3122 2294 3156 Recuperare
2309 3124 2495 3155 ornainentgt„

2491 53 2502 74 “e

2305 1147 2335 1173 it.
2355 1146 2420 1174 Fest.
2439 1145 2468 1172 in
2486 1171 2498 1178 ,,

2278 2943 2315 2966 De
2328 2939 2465 2974 honoribus,-
2506 2954 2507 2959 ι

269 3166 354 3192 nitate
368 3171 521 3198 temporum
540 3160 666 3194 existere,
687 3164 716 3184 vt
731 3158 774 3184 hic
794 3164 901 3184 ornatus
921 3157 1073 3191 (mundus,
1092 3155 1201 3190 κόσμος)
1221 3164 1338 3189 vnqnain
1399 3156 1535 3182 cufim.
1547 3164 1577 3181 12.
1599 3176 1605 3181 .
1627 3176 1633 3181 .
1709 3155 1867 3183 Redundare
1879 3157 2044 3184 ornamentis
2064 3157 2103 3184 Id.
2118 3158 2183 3184 ibid.
2201 3168 2221 3190 3,
2234 3166 2271 3184 10.
2344 3155 2475 3191 Spoliare.

270 3202 384 3235 dilapsus
399 3198 510 3225 occidat.
582 3198 716 3227 Ornatus,
737 3192 806 3228 qnasi
820 3193 853 3219 ab
867 3202 914 3219 ore
929 3200 1013 3220 natus.
1087 3192 1159 3218 Hinc
1174 3191 1246 3218 enim
1259 3191 1340 3218 maxi.
1399 3191 1563 3218 ornamentis
1589 3191 1660 3218 Idem
1677 3192 1744 3218 ibid.
1760 3202 1784 3225 5,
1821 3213 1827 3218 .
1868 3213 1874 3219 .
1954 3193 2012 3229 obs,
2038 3195 2126 3220 Varro
2139 3194 2171 3220 de
2186 3193 2214 3220 L.
2229 3193 2257 3219 L.
2272 3200 2294 3225 ς,
2308 3201 2320 3224 7
2342 3201 2366 3227 p.
2378 3201 2420 3226 59,
2433 3198 2472 3224 30-

270 3247 313 3265 me
327 3236 451 3267 sumitur,
466 3233 538 3268 quod
552 3242 611 3260 eam
624 3232 721 3259 deceat.
761 3231 853 3264 Itaque
866 3228 902 3255 ob
917 3228 943 3254 id
959 3235 1065 3263 paratur
1079 3229 1222 3263 speculum.
1271 3229 1340 3253 Haec
1400 3228 1562 3255 Osnamenta
1577 3228 1668 3254 scenici
1685 3228 1805 3263 plerique
1819 3228 1921 3262 dicunt,
1937 3237 1961 3254 et
1973 3229 2043 3254 haud
2053 3229 2150 3264 obscure
2162 3228 2192 3254 ab
2204 3238 2245 3253 ore
2258 3229 2367 3254 derium.
2403 3228 2475 3254 flaco-

270 3275 361 3300 Varro
375 3271 406 3297 de
414 3271 552 3303 L.L.4,29
571 3266 742 3301 cuiussimilia
755 3267 841 3292 damus
854 3265 881 3290 in
895 3271 1148 3291 ORNAMENTVM.
1223 3264 1340 3290 Ornatus
1400 3264 1453 3290 rint
1465 3263 1550 3298 itaque
1558 3263 1690 3299 speciatim
1704 3264 1833 3297 πρόσωπα,
1851 3273 1875 3291 et
1893 3273 1992 3291 ornare
2010 3266 2167 3298 καλλωπίζειν
2183 3273 2213 3290 os
2226 3263 2355 3300 pulchrius
2362 3255 2499 3302 fta-ere.3¹.!.¹¹

273 3308 388 3343 Argiuae
402 3307 519 3333 Helenae
549 3305 624 3339 Virg.
639 3305 704 3330 Aen.
718 3312 736 3335 ι,
752 3304 800 3335 650
814 3299 877 3335 sum
891 3299 968 3340 palla,
988 3300 1118 3326 velamen.

269 3344 327 3371 bris
340 3348 459 3377 ornatus,
478 3342 535 3368 vid.
557 3348 574 3367 L
583 3348 603 3367 v
613 3346 633 3365 G
644 3346 661 3366 E
674 3347 703 3366 o.
795 3337 852 3363 Cic.
867 3336 921 3362 Ost.
937 3345 955 3368 1,
968 3338 993 3362 61
1014 3345 1036 3361 c.
1053 3342 1076 3364 18
1088 3343 1155 3361 extr.
1184 3336 1339 3362 Declaratur

1191 3300 1232 3325 Sic
1253 3300 1339 3334 Lugu-
1358 3305 1387 3330 85
1400 3300 1465 3334 conf.
1486 3304 1561 3326 ORN
1572 3306 1592 3326 Α
1601 3306 1623 3326 Τ
1632 3306 1650 3323 V
1661 3306 1687 3332 s,
1709 3298 1749 3331 sis,
1768 3302 1813 3326 vbi
1819 3301 1917 3333 similia
1932 3300 2062 3326 Varronis
2075 3303 2170 3326 damus.

1438 3337 1670 3369 ΟΚΝᾸΜΕΝ,
1692 3337 1753 3363 inis.
1793 3346 1819 3363 n.

1858 3337 1938 3363 Mart.
1952 3336 2058 3371 Capella
2072 3338 2086 3363 6
2102 3346 2127 3371 p.
2143 3345 2183 3370 ¹92
2210 3335 2364 3369 Cyllenium
2377 3317 2461 3363 exclu-
2475 3299 2499 3361 'e

270 3386 360 3407 autem
374 3378 490 3405 studium
507 3377 619 3404 bellicae
637 3375 756 3410 gloriae,
776 3372 849 3408 quod
868 3372 961 3399 statuas
979 3380 1086 3404 quoque
1107 3370 1229 3397 videmus
1242 3378 1339 3397 ornatu

273 3417 328 3442 fere
343 3415 465 3442 Militari.
538 3412 612 3440 Idem
626 3411 658 3438 de
673 3410 774 3437 Sencct.
792 3419 820 3442 59
849 3409 926 3435 ¹I'um
943 3406 1104 3439 Lysandrum
1120 3406 1267 3432 intuentem
1281 3407 1339 3433 eius

273 3459 435 3485 purpuram,
457 3455 483 3475 et
507 3450 623 3476 nitorem
645 3446 785 3481 corporis,
810 3450 987 3479 ornatumque
1008 3442 1137 3468 Persicum
1157 3441 1243 3468 multo
1262 3451 1339 3477 auro,

273 3487 419 3521 multisque
432 3485 561 3520 gemmis,
583 3483 692 3517 dixill‘e,
710 3490 755 3509 etc.
793 3483 823 3506 de
838 3483 909 3514 Cyro.
983 3478 1127 3505 Pulchrum
1147 3485 1270 3504 ornatum
1286 3485 1339 3505 tur·
1354 3486 1389 3509 90

275 3532 318 3557 pes
332 3531 418 3548 mores
433 3521 507 3555 peius
522 3530 606 3546 coeno
619 3520 750 3546 collinunt
771 3516 853 3543 Plaut.
870 3517 949 3542 Poen.
964 3525 983 3549 1,
996 3524 1020 3548 2,
1036 3523 1074 3547 93.
1146 3514 1250 3547 Regalis
1264 3524 1339 3540 orna.

1399 3370 1438 3398 dit
1453 3380 1589 3398 ornamcn.

1439 3413 1459 3435 o
1469 3414 1488 3434 R
1497 3414 1517 3448 ¹³3
1528 3415 1550 3434 Α
1561 3414 1585 3433 Μ
1597 3413 1611 3432 1ῑ
1623 3413 1643 3431 Ν
1654 3414 1675 3433 τ
1684 3414 1704 3433 ,x
1716 3415 1733 3434 r.
1745 3415 1755 3434 i
1766 3415 1808 3435 vs
1817 3428 1826 3441 ‚
1853 3407 1871 3435 i.
1908 3417 1943 3436 m.
2001 3409 2082 3436 Glon'.
2098 3409 2144 3435 Gr.
2157 3409 2214 3435 Lat.
2231 3408 2368 3441 κισμιὶτης,
2384 3403 2470 3435 orna-²

1402 3450 1555 3475 mentatum,
1574 3450 1694 3470 ornator.
2465 3452 2467 3454 1

1440 3485 1548 3506 ORNV
1559 3485 1587 3511 S,
1607 3479 1625 3505 i.
1663 3480 1682 3506 f.
1711 3481 1813 3506 Arbor.
1851 3480 1983 3507 Coluincl.
1999 3480 2031 3507 de
2045 3480 2141 3508 Arbor.
2157 3490 2176 3507 c.
2191 3482 2217 3506 ¹6
2243 3479 2291 3507 Sed
2305 3480 2322 3507 fi
2335 3481 2424 3515 aspera
2435 3482 2474 3506 eh
2499 3502 2501 3505 .

1401 3515 1529 3543 siticulosa
1543 3514 1599 3541 loca
1617 3515 1759 3542 arboribus
1779 3515 1923 3543 obserenda
1939 3524 2034 3550 erunt,
2056 3526 2142 3551 neque
2165 3517 2297 3551 populus,
2319 3524 2406 3551 neque
2423 3511 2475 3541 vl-¹

274 3565 316 3585 tus
329 3564 354 3584 et
368 3557 475 3583 vestitus
490 3556 687 3591 pulcherrimus
721 3554 777 3580 Cic.
792 3552 823 3579 de
839 3551 925 3579 Finib-
942 3561 963 3582 ²,
978 3553 1010 3584 69
1030 3560 1051 3576 C·
1066 3559 1101 3576 2¹·
1192 3550 1278 3583 Regio
1296 3559 1339 3576 or-
1401 3561 1469 3585 mus,
1490 3558 1541 3578 tam
1557 3549 1667 3577 idoneae
1681 3553 1747 3586 sumt,
1761 3559 1847 3585 *11112111
1861 3552 1938 3581 orni;
1960 3562 2004 3579 cae
2021 3553 2146 3580 filuestres
2161 3553 2263 3580 fraxini
2277 3553 2351 3583 sunt,
2371 3551 2465 3588 paullos.
2485 3579 2487 3582 ,
2500 3559 2501 3573 l

275 3600 338 3620 natu
351 3593 490 3623 instratus,
508 3593 562 3618 vid.
583 3599 592 3617 1
603 3599 624 3617 N
634 3599 646 3617 s
659 3598 681 3618 'r
693 3597 708 3616 E
719 3597 737 3617 R
749 3596 770 3616 N
783 3596 813 3614 0.
848 3589 915 3622 conf.
937 3588 1005 3622 Nep·
1025 3596 1055 3618 ¹3,
1069 3594 1139 3625 '3⁷32
1230 3587 1338 3620 Amphis
1402 3587 1541 3615 latioribus
1553 3593 1640 3613 tamen
1661 3587 1752 3622 soliis,
1771 3597 1851 3622 quam
1871 3597 1988 3615 caeterae
2003 3589 2121 3625 fraxini,
2141 3598 2187 3615 nec
2207 3588 2368 3615 deteriorem
2388 3583 2471 3614 fron-'-

274 3635 383 3655 ornatus
400 3629 488 3654 scenae
501 3635 544 3655 ant
559 3628 615 3654 fori
639 3628 695 3654 Cic.
710 3626 738 3652 in
752 3627 826 3652 Orat.
840 3632 887 3656 ¹34·
980 3621 1154 3661 Admirabilis
1169 3621 1233 3647 caeli
1265 3622 1338 3648 Idem
1401 3623 1477 3655 dem,
1496 3631 1572 3659 quain
1587 3623 1651 3648 vlini
1667 3623 1804 3656 praeliant.
1877 3626 1978 3660 Caprae
1998 3625 2106 3660 quidem
2123 3631 2149 3651 et
2163 3634 2226 3652 oues
2240 3624 2366 3651 libentius
2380 3624 2462 3652 etiaim
2498 3632 2499 3637 1

275 3665 308 3691 (12
322 3665 384 3691 Nat.
400 3664 480 3690 Dcor.
501 3673 528 3697 ε,
547 3674 588 3698 94.
696 3662 790 3689 Omnis
810 3666 919 3687 ornatus
938 3659 1053 3693 virginis
1083 3658 1160 3692 Virg.
1173 3658 1238 3683 Aen.
1252 3665 1277 3692 7,
1292 3666 1336 3692 74.
1354 3669 1383 3693 95
1400 3660 1466 3686 hanc
1481 3658 1601 3686 frondem
1613 3665 1746 3692 appetunt.
1855 3663 1941 3689 A'e'rea
1974 3662 2061 3688 Valcr.
2077 3663 2175 3696 Argon.
2190 3666 2220 3693 8,
2241 3669 2280 3693 ¹¹3-
2316 3661 2334 3687 i.
2356 3657 2472 3696 avt-elsa*

275 3699 420 3726 Distinetio
434 3706 459 3725 et
475 3706 582 3726 ornatus
598 3699 714 3725 oratoris
745 3697 801 3723 Cic.
816 3696 847 3722 de
862 3697 937 3722 Orat.
953 3705 977 3729 2,
993 3697 1048 3726 366.
1118 3694 1235 3719 Ornatus
1248 3701 1336 3720 orato-
1401 3696 1504 3722 Annosa
1532 3695 1604 3729 Virg.
1620 3695 1684 3721 Acn.
1702 3705 1739 3728 ιο,
1754 3699 1810 3728 766,
1883 3698 2003 3724 Exceffae
2025 3698 2112 3724 vales,
2126 3698 2227 3730 Argon,
2243 3705 2262 3727 3,
2276 3702 2328 3727 485.
2401 3695 2456 3722 Hu-

275 3737 312 3762 ris
325 3742 448 3768 tanquam
465 3735 543 3761 vestis
578 3735 651 3761 Ideni
667 3734 699 3760 de
711 3734 782 3760 Clar.
796 3734 871 3760 Orat.
888 3735 939 3759 262.
1057 3728 1212 3756 Verborum
1229 3737 1337 3756 ornatus
1400 3731 1473 3758 milis
1498 3730 1594 3758 Claud.
1611 3729 1641 3756 dc
1657 3731 1731 3765 Rapt.
1748 3733 1867 3767 Proserp.
1888 3743 1907 3765 3,
1924 3743 1973 3765 iio.
2083 3732 2192 3767 Rigidae
2225 3726 2299 3766 Virg.
2318 3732 2370 3758 Ecl-
2384 3732 2409 3763 6,
2421 3728 2456 3762 7'1·
2515 3734 2517 3745 ¹

275 3770 391 3798 oratoris
407 3770 534 3803 putandus
549 3770 584 3796 est
604 3771 675 3796 Idem
690 3770 720 3796 dc
736 3770 810 3795 Orat.
827 3778 845 3801 ι,
859 3777 901 3801 49.
975 3765 1084 3800 Insignis
1105 3765 1161 3791 Cic.
1171 3765 1199 3791 in
1213 3766 1287 3792 Orat·
1303 3771 1339 3795 ΤΒ.
1402 3768 1507 3794 Steriles
1520 3765 1610 3794 saxosis
1625 3767 1761 3794 montibus
1788 3769 1860 3796 ldem
1875 3770 1974 3804 Georg.
1990 3778 2014 3802 2,
2033 3778 2073 3795 ιιι.
2145 3768 2274 3794 Truncae
2295 3763 2456 3794 Stanachill.
2504 3762 2506 3766 ¹

276 3805 404 3842 Disposita
417 3814 512 3831 ornatu
527 3806 654 3839 quaedam
670 3805 779 3839 insignia
792 3812 816 3830 et
831 3804 933 3831 lumina
953 3803 992 3830 Id.
1005 3802 1037 3828 de
1051 3802 1126 3828 Orat.
1142 3810 1164 3834 3,
1176 3809 1221 3834 94.
1294 3802 1338 3827 As-
1400 3813 1419 3835 1,
1434 3812 1475 3835 ¹¹3·
1551 3802 1643 3828 Vatiae
1667 3804 1739 3830 Idem
1756 3805 1845 3833 Theb.
1859 3815 1882 3838 5,
1897 3811 1931 3833 111.
2023 3803 2178 3831 Aduoluunt
2192 3803 2310 3833 ingentes
2323 3801 2456 3830 montibus

276 3844 365 3870 ferunt
382 3841 443 3867 hacc
462 3841 530 3874 quali
546 3841 645 3867 lumina
662 3850 789 3875 magnum
806 3846 931 3866 ornatum
945 3838 1063 3865 orationi
1091 3837 1149 3864 Cic.
1164 3837 1192 3863 in
1205 3837 1279 3863 Orat.
1293 3845 1481 3869 ¹³4.iooornos
1509 3837 1583 3873 Virg.
1598 3840 1661 3864 Aen.
1678 3842 1701 3871 (1,
1719 3848 1766 3869 ¹82.
1877 3842 2019 3874 Agitantur
2032 3847 2133 3866 veteres
2167 3832 2235 3867 Ilois,
2249 3840 2335 3866 Carm.
2353 3848 2371 3873 i,
2383 3846 2408 3872 9,
2422 3843 2461 3864 12.
2502 3840 2517 3877 ὲ]

275 3879 350 3907 Idem
364 3878 395 3904 de
409 3878 483 3902 Orat.
500 3886 516 3908 ι,
530 3884 571 3905 235
603 3876 671 3902 Vide
684 3877 769 3903 Crasse
779 3896 786 3909 ,
807 3884 839 3901 ne
852 3876 915 3902 dum
929 3884 1003 3902 nouo
1015 3880 1040 3901 et
1058 3873 1149 3899 alieno
1162 3879 1257 3899 ornatu
1270 3873 1337 3899 velis
1400 3876 1516 3904 Accisam
1531 3874 1604 3900 ferro
1619 3884 1711 3901 crucrc
1725 3876 1860 3911 antiquam
1874 3886 1972 3904 ormnn
1999 3876 2074 3911 Virg.
2087 3876 2152 3901 Aen.
2167 3882 2191 3907 2,
2205 3878 2261 3902 ⁶26.
2336 3871 2453 3901 Incanuit
2502 3870 2504 3874 ’

276 3923 373 3941 ornare
388 3912 454 3939 iuris
470 3911 568 3937 Ciuilis
582 3911 726 3945 scientiam,
747 3913 793 3937 suo
807 3919 912 3945 quoque
926 3920 984 3938 eam
997 3910 1115 3936 conccss‘o
1130 3916 1155 3935 et
1168 3909 1266 3935 tradito
1281 3909 1337 3943 spo.
1399 3919 1481 3938 ornus
1493 3909 1553 3936 albo
1568 3911 1633 3936 flore
1646 3912 1705 3945 pyri
1737 3912 1810 3940 Idem
1823 3913 1922 3948 Georg-
1938 3922 1967 3946 2,
1987 3919 2027 3939 ut·
2135 3910 2288 3938 Viduantur
2308 3910 2382 3937 foliis
2394 3905 2453 3936 orni

276 3951 325 3977 lies
344 3955 422 3984 atque
442 3947 566 3973 denudes.
763 3945 786 3984 ff
812 3956 823 3972 2
872 3946 1072 3980 Osset-uaticinos:
1110 3947 1229 3977 ornatu,
1256 3943 1308 3970 siue
1328 3945 1337 3971 i
1399 3947 1468 3973 Hor.
1483 3947 1570 3973 Carm.
1584 3952 1608 3977 2,
1622 3957 1646 3979 9,
1663 3957 1693 3973 12.

276 3985 353 4012 litera
366 3986 394 4012 in
410 3984 507 4011 0211110
522 3983 679 4016 vsurparunt
698 3982 840 4016 grauilllmi
854 3982 984 4009 auctores.
1056 3982 1087 4008 C.
1102 3981 1196 4007 Cacsar
1216 3980 1244 4006 in
1259 3980 1336 4007 Dola-
1438 3990 1458 4009 0
1470 3990 1518 4011 RN
1531 3988 1546 4007 iz
1556 3989 1576 4007 v
1587 3988 1614 4014 S,
1640 3991 1669 4015 a,
1697 3993 1751 4011 um,
1790 3983 1850 4011 Adi,
1888 3985 2005 4011 Orneam
2019 3980 2143 4008 frondem
2162 3981 2248 4008 bubus
2263 3981 2336 4009 12612
2351 3977 2453 4016 praebe·

276 4021 338 4049 bell.
346 4020 462 4049 2161101115
476 4020 525 4048 lu.
549 4018 589 4045 Ibi
604 4018 645 4044 isti
660 4026 774 4051 <piorum
788 4019 816 4044 in
830 4017 937 4044 aedibus
953 4018 1073 4052 tanisque
1087 4016 1177 4052 polita,
1197 4022 1222 4043 et
1233 4015 1384 4052 honori105
1397 4017 1486 4046 bimus
1512 4017 1618 4045 Colum.
1635 4028 1664 4051 n,
1679 4027 1702 4046 2.
2431 4044 2442 4054 υ

2329 4059 2348 4078 o
2359 4059 2378 4078 R
2386 4057 2407 4078 N
2417 4057 2435 4077 Υ
2443 4064 2453 4072 ·
