2517 4231
428 243 697 285 OPT

40 336 112 371 Confi
132 335 207 370 Virg.
222 336 286 362 Aen.
299 344 321 368 3,
334 343 380 367 ¹09
398 341 421 360 et
440 334 478 362 ibi
496 335 586 361 Cerdo.
681 331 804 367 Plerique
822 330 931 359 Austros
952 338 1042 368 optant
1059 332 1091 360 ad

0 386 3 400 ι
40 373 166 401 sationem
185 371 250 398 Plin.
265 378 301 406 17,
316 378 342 396 22
361 370 378 396 s.
391 378 427 403 35.
509 370 602 397 Sermo
615 367 684 404 ipse,
705 367 752 401 qui
766 367 845 394 facile
857 367 972 395 iudicem
990 368 1092 402 doceat,

42 407 170 443 optandus
200 405 330 440 Qninffil.
354 415 387 440 12,
402 415 438 441 10,
451 408 492 438 56.
600 405 690 437 Qium
702 408 845 436 patronum
859 412 902 430 me
914 405 1091 439 prouincialcs

40 443 165 506 optgss'ent
183 448 273 469 contra
286 441 403 468 Marium
417 441 532 468 Priscum
558 440 625 467 Plin.
643 438 722 473 Epist.
739 448 776 472 10,
789 448 829 466 20.
924 439 997 466 Adeo
1013 440 1034 466 is
1048 449 1092 467 cu-

60 487 83 506 10
104 484 162 505 atur

40 488 113 542 81110
130 498 191 540 eur’n
210 512 259 540 sibi
280 513 413 548 optauerit
450 511 528 548 Apul.
541 511 568 538 in
582 510 683 537 Florid.
696 510 728 537 de
742 510 864 542 Cratete‚
899 512 954 540 vid.
970 512 1091 538 Buchner.

41 551 79 577 ad
95 549 159 577 Plin.
180 549 197 576 l.
217 558 238 575 c.
261 558 288 576 n.
310 551 338 576 62
357 569 364 577 .

53 595 57 603 ¹
79 591 152 612 οΡΤ
163 591 185 612 Α
196 591 218 612 N
229 591 258 617 S,
283 558 361 613 antii.
396 583 488 611 Partic.
523 581 682 621 [ἐρχόμενος]
719 581 774 609 Cic.
789 582 821 609 de
836 582 911 609 Orat.
925 592 943 616 1,
956 583 987 616 96
1007 582 1054 609 Ins
1067 589 1093 607 e·

42 620 110 648 ranti
125 620 208 653 mihi,
241 620 282 647 sed
298 621 375 647 valde
388 617 487 655 optanti
501 616 612 650 cec1d1t,
647 624 675 644 vt
691 617 718 643 in
732 618 809 645 istum
826 619 974 645 sermonem
988 616 1046 644 dela
1067 625 1092 642 e-

41 656 140 690 remini
164 656 242 691 Virg.
259 658 323 684 Aen.
341 666 365 690 9,
385 657 408 682 6.

41 700 104 718 200.
141 693 210 718 Add.
221 692 279 720 Cic.
296 691 328 719 de
341 692 413 718 Orat.
428 698 436 715 1
449 697 471 715 c.
483 697 501 715 1.

76 734 96 755 o
106 734 122 755 Ρ
132 734 243 754 TAND
252 735 273 754 v
282 734 294 753 s
303 747 311 759 ‚
329 736 359 759 a,
378 734 433 753 um.
460 724 527 751 Part.
563 724 714 761 [δυκταῐως]
751 725 868 753 Fortuna
881 723 996 759 optanda
1010 728 1036 750 et
1047 730 1093 749 ex-

41 763 152 799 petenda
171 763 228 790 Cle.
241 763 269 789 in
283 762 364 789 Pison.
379 769 408 793 32
419 769 442 787 c.
457 769 491 791 14.
533 759 593 787 Fuit
605 760 748 795 optandum
766 760 805 789 Ib.
820 769 843 787 c.
856 768 895 786 20.
987 792 993 798 .
1026 792 1031 797 ⁸

78 805 98 826 O
106 806 122 826 Ρ
132 805 156 827 ¹1·
166 800 220 826 A'T
229 804 249 824 v
257 804 287 827 S,
304 806 318 823 a
326 818 334 830 ‚
350 805 403 823 um.
423 797 492 823 Part.
514 795 640 831 [ιύχθεὶε]
660 797 743 823 ΡΙ3111.
752 796 809 823 Aul.
817 805 838 828 3,
847 804 866 828 1,
876 803 885 820 1
903 793 995 827 Optan
1009 800 1093 822 ciues,

40 227 115 299 &ss

34 871 97 907 sunt
115 869 198 896 Vocati
208 875 232 894 et
244 868 380 902 implorati.
419 868 555 895 Turnebus.
609 868 751 903 [δοκι-αἴας]
788 866 844 893 Cic.
861 865 931 891 Fam.
947 874 965 898 1,
977 873 990 895 ς
1008 864 1038 891 T
1039 872 1093 890 am-

40 905 86 934 etfi
100 905 165 933 mihi
177 902 245 930 nihil
257 903 310 930 fuit
326 904 457 938 optatius,
492 912 571 937 quam
583 910 612 931 vt
623 903 740 939 primum
754 901 798 928 abs
812 906 837 927 te
848 900 920 935 ipso,
956 899 1054 926 deinde
1075 907 1090 926 a

2 941 4 949 '
42 942 148 968 caeteris
159 937 283 967 omnibus
292 960 301 973 ‚
324 948 402 977 quam
416 939 571 974 gratissimus
584 947 644 974 erga
656 944 682 965 te
692 938 742 965 01Γο
752 937 932 972 cognoscerer.
1029 936 1093 962 Are-

40 985 74 1004 na
86 981 169 1010 optata
182 974 323 1009 potiuntur
335 975 426 1002 Troos
446 975 520 1010 Virg.
535 976 599 1002 Aen.
615 983 633 1006 1,
647 975 700 1007 176.
772 974 859 999 Aurae
872 977 977 1006 optatae
989 971 1093 998 crebre.

2 1021 5 1043 l
38 1013 112 1039 stunt
130 1009 203 1038 Idem
216 1009 252 1037 ib.
267 1019 288 1043 3,
302 1020 354 1042 530.

35 1055 77 1080 43.
107 1045 111 1050 ’
147 1046 243 1081 Epulae
270 1047 338 1073 Hor.
357 1047 443 1073 Carm.
457 1055 480 1079 4,
493 1050 516 1078 8,
530 1053 567 1077 30.
656 1044 696 1071 Mi
711 1044 813 1079 optime
826 1052 855 1070 ac
867 1044 1023 1078 optatiffime
1036 1042 1090 1069 fra-

36 1088 92 1114 ter,
112 1082 170 1108 vale
190 1081 247 1108 Cic.
267 1083 304 1116 Q
315 1082 383 1110 Frat.
400 1091 421 1115 2,
435 1091 459 1114 7.
544 1080 642 1106 Houor
665 1080 741 1115 Virg.
754 1080 820 1107 Aen.
834 1089 856 1114 5,
870 1088 923 1106 201.
995 1078 1090 1105 Hostia

35 1117 55 1145 ἰ.
72 1117 171 1150 opima.
192 1117 258 1144 Fest.
339 1119 406 1144 Luce
419 1115 475 1143 frui
499 1115 576 1149 Virg.
590 1116 655 1142 Aen.
668 1125 692 1149 4,
705 1117 759 1148 619.
858 1115 957 1142 Metam
971 1120 1089 1150 optatam

35 1154 112 1180 cursu
123 1152 278 1188 contingere
299 1153 364 1179 Hor.
380 1152 411 1179 de
425 1153 488 1178 Arte
504 1152 574 1178 Poet.
589 1159 637 1182 412.
730 1151 788 1178 Cic.
802 1150 915 1185 Philipp.
931 1159 968 1184 14,
983 1150 1088 1177 161Post

35 1224 129 1251 literae
145 1229 283 1251 venerunt.
319 1225 388 1250 Add.
402 1223 440 1251 Id.
455 1223 527 1250 Fam.
542 1231 564 1258 2,
582 1231 607 1256 19
618 1229 660 1258 pr.
739 1223 871 1250 Rumores
884 1222 952 1258 grati
965 1228 990 1249 et
1003 1221 1088 1257 optati

35 1260 182 1287 afferuntur
194 1259 225 1287 de
240 1259 322 1287 fratre
333 1268 394 1287 meo
414 1259 470 1287 Cic.
483 1259 554 1287 Fam.
569 1261 606 1292 16,
622 1268 655 1286 21.
689 1262 691 1264 ’
727 1258 851 1294 Tempus
864 1264 983 1293 optatum
1002 1257 1090 1285 Catul.

36 1296 137 1330 Argon.
151 1299 191 1329 62,
203 1305 238 1322 22.
346 1297 458 1332 Compar.
495 1294 566 1322 Mihi
582 1294 704 1330 quaestor
715 1295 843 1330 Optatior
856 1294 996 1330 obtingere
1009 1302 1090 1320 nemo

36 1333 125 1366 potuit
147 1331 201 1359 Cic.
216 1332 286 1363 Fam.
301 1340 321 1364 2,
336 1340 370 1365 ¹9·
447 1348 452 1352 -
466 1330 537 1357 Mihi
551 1330 619 1357 1111111
633 1330 687 1357 fuit
700 1331 816 1366 optatius
842 1330 916 1358 Idem
934 1331 987 1357 Att.
1005 1339 1036 1364 9,
1058 1338 1090 1360 15-

34 1411 69 1429 ne
81 1403 203 1429 oinnium
218 1403 346 1430 virtutum
359 1402 485 1436 31161010,
506 1402 538 1429 de
552 1401 698 1429 virtutibus
712 1402 863 1437 disputare?
965 1403 1090 1438 Superlat.

34 1438 92 1465 Cic.
107 1447 157 1474 pro
173 1439 247 1466 Rosc.
266 1439 355 1466 Amer.
368 1447 399 1472 43
425 1438 526 1465 Nonne
546 1438 734 1473 optatissimum
753 1437 800 1465 fibi
819 1443 911 1472 putant
929 1438 994 1471 ess‘e,
1018 1437 1089 1464 filios

33 1474 93 1500 suos
105 1475 146 1500 rei
161 1474 288 1500 familiari
301 1475 414 1500 maxime
427 1474 546 1500 seruire?
637 1473 669 1501 Et
683 1482 749 1509 quae
761 1473 832 1501 mihi
844 1475 922 1501 effent
935 1473 1090 1508 optatiffima

33 1515 61 1552 et
72 1509 251 1544 pulcherrima
271 1510 344 1537 Idem
358 1519 407 1546 pro
423 1510 511 1537 Domo
523 1519 544 1537 c.
559 1516 598 1539 28.

0 1590 1 1595 ¹
33 1579 98 1608 cidit
111 1586 215 1616 praeter
229 1586 349 1617 optatum
362 1590 451 1609 meum
461 1601 468 1614 ,
486 1581 529 1608 sed
543 1580 619 1609 valde
632 1590 664 1608 ex
677 1581 824 1609 voluntate.
915 1580 1090 1607 Furiosorum

33 1622 123 1651 optata
146 1617 220 1645 Idem
233 1617 265 1644 de
277 1618 346 1652 Lege
359 1618 451 1652 Agrar.
467 1627 486 1651 1,
502 1627 519 1644 1.
592 1616 778 1644 Abominanda
790 1621 894 1652 optata,
936 1616 990 1643 vid.
1011 1621 1090 1642 ΑΒο-

34 1658 158 1680 MINOR.
230 1653 357 1680 Accidere
372 1660 477 1688 praeter
489 1658 626 1687 optatum,
662 1653 717 1679 vid.
740 1658 877 1680 ACCIDO.
955 1652 1089 1678 Eueniunt

34 1687 116 1716 Ouid.
129 1689 193 1715 Met.
208 1690 232 1722 6,
244 1698 296 1722 370.
392 1689 461 1716 Ter.
476 1689 572 1715 Heaut.
587 1698 607 1721 3,
620 1697 643 1722 3,
655 1697 688 1718 50
708 1688 760 1715 Pro
775 1687 933 1715 Menedemo
948 1696 1017 1714 nunc
1037 1686 1089 1713 tibi

34 1724 197 1759 r'espondeo,
217 1733 273 1751 non
286 1733 355 1752 emo.
392 1724 457 1759 quid
472 1724 527 1750 ais?
566 1729 593 1750 s.
614 1728 702 1756 optata
715 1722 835 1757 loquere.

6 1781 7 1790 ,
33 1759 72 1787 Ita
94 1759 213 1794 loquitur
231 1760 277 1786 ille
286 1781 296 1794 ‚
324 1759 370 1795 qui
384 1769 442 1786 cum
456 1759 510 1785 alio
523 1757 657 1791 loquitur:
682 1764 709 1784 et
722 1758 767 1785 cui
778 1758 801 1784 is
814 1757 967 1784 aduersatur
980 1757 1010 1783 in
1026 1765 1089 1783 con·

6 1796 7 1819 1
33 1794 93 1823 filio
107 1796 134 1822 in
148 1804 178 1822 re
189 1796 345 1830 peragenda.
416 1793 566 1827 Respondet
580 1793 675 1827 optatis
690 1793 756 1819 meis
768 1793 877 1820 fortuna
897 1793 952 1820 Cic.
961 1793 1031 1819 Fam.
1039 1801 1062 1826 2,
1071 1801 1090 1820 1.

32 1831 64 1857 In
80 1831 175 1865 optatis
189 1830 226 1856 est
236 1828 376 1865 compleffi'ti
388 1828 526 1854 hominem
546 1827 619 1854 Idem
628 1827 665 1854 ib.
673 1837 694 1861 2,
705 1829 798 1863 1203).
869 1827 916 1855 Dii
928 1827 981 1856 tibi
993 1837 1088 1856 omnes

33 1873 100 1898 oro,
115 1865 206 1892 omnia
214 1870 303 1899 optata
324 1865 426 1899 semper
438 1863 552 1890 offerant
569 1863 639 1890 Ter.
649 1863 760 1899 Adelph.
769 1873 793 1897 ς,
801 1872 827 1897 9,
836 1872 869 1892 21.

217 484 246 504 vt
265 477 344 512 virgo
365 477 481 511 nobilis,
519 475 608 511 spretis
627 473 780 501 iunioribus
795 483 824 501 ac
837 474 981 502 ditioribus
994 475 1093 511 procis,
1115 481 1129 506 ς

42 835 198 871 populares,
216 832 333 866 incolae,
350 832 470 867 accolae,
489 831 607 858 aduenae
621 841 729 867 omnes,
747 832 806 858 date
822 830 902 857 viam.
945 828 1037 863 Optati
1050 827 1091 854 hic
1110 833 1136 858 ις

428 1010 491 1037 Dies
504 1015 590 1045 optata
603 1007 755 1043 parentibus
769 1008 848 1035 instat
874 1007 955 1034 Ouid.
970 1006 1048 1042 Epist.
1065 1015 1133 1038 ²120

34 1187 102 1216 hanc
121 1188 237 1216 habitam
256 1188 410 1214 contionem
429 1187 529 1214 duabus
549 1186 669 1215 tribusne
687 1186 762 1214 horis
779 1186 930 1221 optatiss'imi
945 1186 1042 1213 Nuntii
1062 1191 1089 1212 et
1109 1195 1137 1219 25
1154 1192 1209 1214 tem
1221 1188 1342 1223 Opuntia
1354 1188 1391 1215 est
1403 1188 1502 1223 herba,
1523 1189 1603 1217 etiam
1617 1189 1723 1217 homini
1738 1191 1831 1218 dulcis.

34 1367 109 1395 Idem
123 1365 154 1394 de
169 1367 255 1394 Finib.
271 1377 292 1399 4,
305 1377 338 1401 44
361 1366 434 1400 Qud
447 1366 515 1393 mihi
529 1367 611 1402 potest
624 1367 673 1393 else
686 1367 818 1402 optatius,
843 1375 923 1400 quam
937 1375 997 1393 cum
1010 1366 1089 1393 Cato·
1096 1374 1128 1399 30

895 1723 940 1748 Vbi
957 1723 1089 1757 interpres.
1097 1732 1131 1756 40
1152 1724 1211 1755 ria,
1230 1730 1254 1749 et
1266 1724 1362 1759 diuerso
1371 1733 1464 1760 genere
1478 1724 1583 1760 Poe'seos.

1551 243 1821 285 OPV
2132 254 2214 293 606

1155 331 1329 365 distulerunt.
1366 341 1420 367 quo
1441 333 1578 368 optionem
1600 334 1713 361 carceris
1733 334 1898 369 baptizarent
1916 344 1975 363 cum
2003 341 2127 368 omnlbns
2147 343 2214 370 cius,

1159 369 1263 396 Tui-neb.
1278 369 1382 403 Aduers.
1403 379 1430 401 11,
1447 378 1477 402 13.
1515 370 1587 404 Conf.
1603 371 1668 405 Lips.
1682 371 1717 396 ad
1728 370 1795 397 Tac.
1810 371 1879 397 Aun.
1898 381 1905 397 1
1921 381 1945 405 p.
1962 381 1986 398 12
2082 378 2165 411 Optio
2184 379 2215 404 ll.

1155 403 1336 438 guise-rorum:
1375 405 1466 439 Antiq.
1488 405 1567 433 Inscr.
1583 406 1660 433 Grut.
1679 411 1728 437 804
1759 406 1782 432 D
1792 406 1810 432 Ε
1820 407 1840 432 A
1849 406 1868 432 E
1902 407 1956 434 NE
1965 408 1991 433 Μ
2001 408 2019 434 Ρ,
2028 410 2060 436 Sl
2094 415 2113 437 A
2124 414 2144 438 V
2153 414 2214 440 RE.

1155 438 1249 466 L1VS
1270 438 1411 465 OPTIO
1432 441 1541 469 SIGN.
1563 442 1650 469 [ΕΟ.
1672 442 1760 469 XIII.
1783 442 1878 472 GEM.
1899 449 1944 469 etc.
1966 444 2213 481 Conflldc1up.445.

1156 484 1183 500 n.
1198 482 1236 513 1ο.
1251 480 1275 514 et
1288 482 1314 508 p.
1328 478 1376 513 ςςξ.
1392 484 1417 500 11.
1430 485 1450 508 7.
1469 479 1529 502 Item
1543 477 1607 512 Llps.
1622 480 1652 503 dc
1666 479 1725 504 Mil.
1742 478 1810 506 Rom.
1827 486 1840 504 2
1854 478 1925 504 Dial.
1944 485 1970 513 7.
2063 483 2145 515 Optio
2161 494 2216 511 car-

1156 517 1242 542 cens,
1264 518 1292 533 m
1307 509 1397 548 Antiq.
1414 512 1490 537 Inscr.
1507 513 1541 548 est
1559 516 1605 538 Cui
1618 514 1790 539 damnatorum
1808 523 1868 540 cura
1880 514 2054 540 committitur:
2092 519 2143 543 vis,
2160 522 2216 544 Sca.

1157 545 1204 580 lig.
1216 545 1252 584 (td
1262 544 1355 570 Manu.
1371 554 1381 574 5
1395 554 1419 579 p.
1433 549 1486 579 462
1506 556 1530 572 et
1544 548 1645 574 Rcincs.
1661 549 1738 576 lnscr.
1752 549 1844 585 Antiq.
1858 559 1883 584 p.
1898 558 1928 576 12.
1965 550 2056 584 ltaque
2072 552 2088 577 l.
2105 555 2121 578 6
2139 553 2168 578 l).
2184 554 2216 580 de

1156 579 1236 607 bonis
1247 579 1392 606 damnator.
1405 590 1456 606 cum
1464 582 1751 611 Commentaricnsilms
1765 586 1908 620 iunguntur
1919 585 2059 620 Optiones.
2133 590 2217 622 Optio

1157 614 1375 644 tabellariorum.
1413 616 1539 643 Stationis
1552 627 1717 647 marmorum
1730 641 1739 654 ,
1777 621 1872 647 dicitur
1884 621 1911 647 in
1925 622 2008 648 veteri
2026 623 2124 660 lapide:
2162 626 2215 650 vid.

501 652 605 679 Afferre
617 653 747 681 auxilium
759 652 912 689 optantibus
931 652 1004 681 Idem
1018 651 1056 680 ib.
1070 657 1094 684 8,
1104 659 1134 677 10
1157 651 1262 677 Guther.
1277 654 1307 676 a‘e
1321 650 1374 686 Off.
1391 653 1460 677 Dum.
1473 655 1539 686 Augu
1554 663 1574 685 3,
1593 663 1626 686 ¹9-

1193 693 1213 713 0
1223 692 1238 712 P
1252 692 1274 712 T
1286 693 1324 713 10
1334 694 1355 713 N
1365 688 1388 713 A
1400 693 1422 713 Τ
1434 694 1454 712 ν
1464 694 1476 712 S
1487 708 1496 720 ‚
1517 686 1555 714 sis.
1576 698 1612 714 m.
1650 690 1761 720 Officium
1781 692 1886 726 optionis
1903 692 2035 721 militaris.
2076 694 2132 720 Vid.
2153 694 2218 722 Fcst.

1156 723 1201 749 vbi
1213 729 1236 748 et
1249 722 1335 754 Cato,
1356 722 1449 749 Parare
1464 722 1542 749 bonis
1555 730 1632 757 atque
1646 724 1757 751 strenuis
1771 726 1934 760 optionatus,
2112 739 2119 744 “

1195 764 1238 785 ΟΡ
1248 765 1269 784 Τ
1280 759 1319 784 IV
1331 764 1351 782 V
1363 764 1393 793 S,
1420 767 1434 784 a
1445 779 1454 790 ‚
1481 767 1535 785 um.
1582 760 1641 787 Adi.
1678 761 1839 798 [εἰσποιητὸς]
1877 773 1895 789 1.
1926 765 2003 800 Quod
2016 763 2068 799 ipse
2084 766 2217 801 optauerit,

1153 800 1230 829 atque
1242 793 1356 829 elegerit.
1428 794 1585 828 Cognomcn
1606 795 1730 830 optinum
1758 797 1825 824 Hor.
1838 798 1913 834 Epist.
1931 793 1990 833 23⁵2,
2005 809 2054 828 101.

1565 869 1595 900 0
1670 869 1692 900 P
1767 870 1797 900 V

1193 943 1292 965 orvi.
1304 943 1352 964 EN
1364 943 1387 964 Τ
1399 944 1419 964 ν
1431 944 1463 972 5,
1500 939 1553 965 vid.
1574 939 1645 973 Opes
1668 939 1697 966 in
1718 945 1794 967 ors.

1194 979 1437 1007 orvmzsco,
1473 976 1528 1001 vid.
1549 975 1578 1001 in
1598 981 1674 1002 ors.

1191 1015 1236 1036 ΟΡ
1247 1006 1291 1036 &L
1305 1015 1326 1035 v
1340 1015 1354 1036 s
1366 1030 1374 1042 ,
1401 1010 1419 1036 i.
1446 1010 1467 1037 f.
1504 1011 1606 1042 Arbor,
1631 1011 1672 1038 cui
1688 1011 1754 1038 vites
1772 1012 1915 1047 applicare,
1942 1021 1971 1040 vt
1988 1014 2068 1050 τίνω,
2096 1008 2225 1052 solebant..¹

1159 1045 1216 1072 Via.
1237 1045 1371 1072 Columel.
1385 1052 1408 1078 ς,
1422 1048 1446 1073 6.
1483 1047 1551 1073 Adcl.
1565 1047 1671 1074 Colum.
1686 1047 1718 1073 de
1733 1046 1797 1074 Arb.
1810 1057 1832 1074 c.
1848 1049 1884 1075 16.
1904 1056 1928 1075 et
1941 1049 1991 1086 ipse
2005 1052 2080 1078 Varr.
2089 1053 2119 1079 R.
2129 1054 2158 1080 R.
2167 1063 2184 1088 1,
2194 1061 2218 1085 8.

1191 1086 1212 1107 ο
1224 1087 1436 1114 PVNCVLO,
1456 1082 1525 1108 61115.
1546 1083 1588 1108 vel
1602 1089 1831 1117 OPVNCVLA,
1850 1092 1890 1111 ae.
1910 1084 1930 1110 f.
1967 1086 2032 1114 Auit-
2046 1089 2219 1124 genus‚quod

1153 1116 1283 1151 opilionis
1297 1123 1387 1144 cantus
1400 1117 1531 1144 imitatur.
1568 1118 1664 1146 Festus.

1193 1158 1213 1179 ο
1223 1160 1239 1179 1³
1249 1158 1269 1177 v
1281 1160 1303 1180 N
1314 1159 1336 1179 T
1347 1159 1359 1180 1
1369 1159 1390 1178 A
1399 1173 1408 1186 ‚
1431 1162 1469 1180 ae.
1507 1154 1609 1188 Herba,
1633 1157 1664 1180 de
1678 1164 1728 1190 qua
1735 1155 1776 1188 fic
1796 1155 1864 1182 Plin.
1873 1164 1907 1188 21,
1921 1164 1944 1188 17
1965 1157 2031 1185 Item
2044 1160 2112 1187 circa
2126 1161 2219 1197 Opun-

1205 1224 1210 1228 η
1336 1224 1341 1229 ⁴
1603 1225 1607 1229 ·
1881 1191 2036 1227 Mirumque
2048 1205 2063 1222 e
2075 1196 2147 1224 folio
2161 1198 2220 1227 eim

1154 1223 1271 1251 radicem
1283 1224 1359 1258 11011,
1378 1233 1406 1251 ac
1422 1225 1455 1252 fic
1467 1234 1526 1252 eam
1540 1227 1618 1252 nasci.
1655 1228 1747 1261 Nempe
1760 1227 1895 1262 Opuntius
1910 1227 1942 1263 est
1957 1230 2016 1256 Adi.
2031 1232 2061 1256 ab
2100 1252 2105 1257 .

1192 1266 1236 1287 01³
1248 1266 1269 1286 v
1281 1268 1293 1286 s
1303 1282 1311 1295 ‚
1332 1260 1414 1288 untis.
1452 1261 1565 1296 [Ὀπές]
1604 1262 1700 1287 Ciuitas
1716 1264 1742 1287 in
1756 1263 1847 1289 Locris.
1886 1263 1967 1290 Ouid.
1983 1273 2015 1291 ex
2030 1266 2105 1294 Pont.
2122 1277 2141 1300 1,
2156 1277 2177 1302 3,
2192 1278 2221 1301 73

1154 1296 1241 1324 Caede
1252 1305 1320 1332 puer
1333 1296 1403 1324 faeia
1418 1296 1551 1324 Patroclus
1565 1297 1673 1332 Opunta
1688 1297 1808 1333 reliquit.
1857 1300 1923 1325 Hinc
1936 1300 2054 1335 Opuntia
2068 1302 2110 1329 illa
2124 1304 2222 1339 Megil-

1156 1332 1181 1359 la
1205 1333 1273 1359 Hor.
1286 1332 1338 1360 Od.
1353 1342 1373 1365 1,
1387 1341 1426 1367 27,
1441 1342 1478 1362 10.

1193 1374 1214 1395 0
1225 1375 1240 1395 P
1249 1375 1271 1394 V
1281 1375 1294 1395 s
1303 1389 1311 1402 ,
1332 1368 1395 1395 eris.
1415 1378 1442 1396 n.
1479 1365 1575 1403 [ἔῃ-ον,
1593 1369 1695 1404 ποίημα]
1733 1368 1773 1405 Est
1780 1370 1854 1405 finis,
1872 1369 2021 1406 frullusque
2031 1380 2125 1408 operae,
2139 1385 2169 1401 ac
2182 1377 2222 1401 la.

1154 1404 1230 1431 boris.
1259 1405 1309 1430 Sed
1319 1411 1400 1430 tamen
1416 1405 1552 1430 etiacho
1565 1404 1700 1438 tribuitur,
1712 1405 1739 1430 in
1751 1414 1820 1439 quem
1833 1415 1916 1441 opera
1929 1415 1952 1433 ct
1967 1408 2043 1435 labor
2056 1418 2103 1435 non
2115 1412 2220 1439 cadunt.

1153 1440 1211 1467 Cic.
1226 1440 1309 1466 Tusc.
1325 1449 1343 1471 1,
1356 1448 1388 1471 70
1403 1449 1425 1465 c.
1441 1448 1471 1473 29
1509 1439 1668 1466 Μοά013101·
1679 1440 1745 1467 tanti
1765 1442 1855 1476 operis
1868 1451 1896 1469 ac
1909 1444 2045 1478 muneris,
2082 1447 2111 1472 de
2123 1449 2221 1474 mundo.

1154 1474 1301 1509 Etstan’m,
1328 1474 1369 1501 Sic
1386 1482 1502 1502 mentem
1515 1475 1650 1509 hominis,
1675 1478 1797 1511 quamuis
1811 1486 1868 1505 eam
1884 1487 1939 1505 non
1954 1480 2060 1514 videas,
2091 1486 2120 1508 vt
2133 1482 2221 1510 Deum

1134 1536 1137 1539 .
1155 1519 1211 1537 non
1225 1509 1315 1541 vides;
1351 1516 1441 1537 tamen
1455 1516 1484 1537 vt
1499 1511 1585 1537 Deum
1598 1512 1717 1546 agnoscis
1737 1521 1770 1539 ex
1784 1513 1911 1548 operibus
1924 1515 1997 1548 01115,
2024 1516 2057 1542 lic
2069 1525 2103 1544 ex
2117 1526 2222 1545 memo-

68 1551 111 1572 01²
122 1547 288 1580 ΤᾹΤνΜ,
313 1546 332 1573 1.
357 1556 382 1573 11.
402 1545 484 1573 Subst.
522 1545 578 1573 Cic.
592 1545 621 1571 in
636 1545 720 1573 Pison.
735 1546 770 1580 46
785 1554 807 1572 c.
820 1554 852 1572 20
873 1543 941 1572 Illud
955 1544 1035 1571 etiam
1048 1552 1089 1570 ac·
1108 1551 1135 1576 35
1154 1545 1194 1572 ria
1208 1554 1299 1573 rerum
1334 1561 1380 1567 ——
1418 1547 1474 1573 vim
1488 1546 1608 1573 diuinam
1625 1548 1722 1574 mentis
1734 1550 1877 1583 agnoscito.

1190 1581 1195 1586 ἱ
1394 1582 1400 1589 .
1442 1585 1445 1589 ι
1506 1583 1511 1589 ’
1934 1552 2062 1590 ficet-erum
2081 1554 2156 1588 Opus
2173 1555 2221 1590 eff?

1153 1581 1265 1616 effellum
1277 1590 1374 1617 operae
1389 1584 1487 1608 mdrcat
1501 1582 1563 1608 illud
1581 1583 1652 1610 Ter.
1665 1583 1762 1611 Heaut.
1778 1594 1795 1618 1,
1814 1594 1831 1617 1,
1845 1595 1868 1612 21
1890 1586 1970 1620 Quod
1987 1595 2015 1612 m
2029 1596 2110 1622 opere
2121 1590 2221 1616 facien-

1153 1617 1206 1650 do,
1241 1625 1338 1651 operae
1354 1618 1486 1645 con‘sumis
1507 1625 1580 1645 tuae:
1618 1618 1636 1645 li
1654 1618 1738 1646 sumas
1758 1620 1786 1646 in
1800 1621 1854 1647 iliis
1867 1622 2036 1656 exercendis,
2073 1625 2131 1659 plus
2150 1634 2220 1661 agas.

1154 1652 1204 1679 Hic
1216 1661 1282 1686 opus
1297 1653 1423 1680 rusticum
1436 1652 1593 1689 inteHflgitur.
1650 1656 1690 1680 De
1701 1655 1799 1690 Ingenii
1812 1656 1937 1689 effbc‘libus
1959 1658 2026 1684 Vell.
2043 1667 2063 1692 c,
2077 1664 2105 1691 36
2127 1670 2138 1692 3
2160 1662 2222 1688 Per.

1153 1687 1285 1714 fectiffimi
1301 1689 1329 1715 in
1351 1688 1440 1715 forma
1454 1690 1543 1724 operis
1558 1690 1597 1716 sui
1615 1689 1726 1726 Liuius,
1750 1687 1898 1725 Tibullus,
1926 1692 1998 1718 Naso
2015 1701 2096 1729 nempe
2106 1683 2137 1720 ’in
2149 1697 2223 1731 hylo-

1658 1726 1789 1751 Caeterum
1801 1725 1918 1759 latiffi'me
1927 1733 1998 1761 patet
2011 1729 2070 1754 haec
2083 1730 2223 1765 appellatio,

1151 1759 1330 1793 adhibeturque
1365 1768 1392 1785 v.
1412 1768 1441 1794 g.
1478 1761 1508 1785 de
1524 1760 1593 1785 rebus
1606 1759 1734 1794 fallitque
1748 1761 1851 1787 maioris
1863 1762 1979 1788 momenti
1985 1783 1995 1796 ,
2028 1771 2058 1789 vt
2074 1766 2104 1790 de
2121 1766 2224 1794 bellicis.

1153 1794 1195 1820 Si.-
1208 1793 1312 1820 bellicis
1325 1794 1453 1829 operibus
1466 1801 1621 1832 opponuntm·
1633 1795 1726 1821 ciuiles
1744 1801 1814 1822 artes
1849 1796 1916 1824 Vell.
1932 1806 1954 1830 2,
1975 1808 2014 1832 97,
2034 1808 2055 1825 2.
2092 1803 2161 1828 Add.
2181 1801 2223 1829 Id.

1153 1838 1181 1862 2,
1195 1838 1234 1864 95,
1250 1839 1268 1856 1.
1288 1837 1312 1856 et
1325 1839 1348 1861 2,
1362 1838 1410 1866 117,
1425 1840 1441 1857 ι.
1514 1831 1588 1866 Opus
1602 1831 1669 1857 felix
1683 1837 1796 1865 euentu,
1817 1832 1888 1859 forte
1903 1840 1999 1861 conatu
2021 1835 2090 1862 Vell.
2104 1846 2126 1870 2,
2141 1845 2185 1871 112,
2197 1847 2222 1865 2.

1153 1865 1256 1892 Maiori
1271 1866 1347 1901 operi
1362 1875 1518 1902 praeparare
1531 1867 1680 1893 exercitum
1710 1866 1784 1894 Idem
1806 1877 1828 1901 2,
1849 1877 1906 1903 109,
1919 1877 1944 1896 2.
2035 1871 2114 1898 Nihil
2128 1881 2223 1901 rerum

67 1906 88 1927 ο
99 1908 115 1928 1>
128 1907 150 1927 'r
161 1900 186 1926 Α·
193 1905 255 1927 To.
291 1899 415 1926 Aduerbii
432 1899 511 1925 vicem
523 1899 628 1933 ohu'net,
661 1900 811 1936 [ἰυκτοιιως]
842 1899 915 1935 quqfi
925 1901 984 1926 Cum
998 1900 1090 1934 defide-
1108 1907 1136 1935 45
1154 1901 1208 1937 ipsa
1222 1907 1315 1928 natura
1330 1902 1419 1929 voluit
1433 1911 1558 1937 magnum
1573 1901 1641 1929 effici
1654 1902 1724 1937 cito,
1751 1905 1954 1940 praeposuitque
1969 1906 2152 1941 pulcherrimo
2167 1910 2223 1936 cui-

28 1935 76 1963 rt‘o.
113 1936 182 1963 Ter.
197 1935 279 1962 Andr.
292 1945 314 1968 3,
327 1945 338 1967 3
348 1942 390 1971 pr.
410 1935 508 1970 Optato
520 1934 637 1962 aduenis.
690 1936 773 1973 Qast
783 1937 868 1969 dicat,
888 1937 983 1962 Gratus
994 1943 1018 1963 et
1029 1936 1089 1969 deſs-

6 1971 8 1990 ¹
28 1972 139 1999 demtus.
211 1971 267 2012 Cic.
281 1973 334 1999 Att.
349 1979 384 2005 13,
401 1977 429 2002 28
450 1977 515 1998 extr.
547 1970 605 1998 Nili
625 1970 691 2007 quid
710 1978 737 1999 te
755 1970 829 1999 aliud
847 1971 994 2008 impediet,
1020 1971 1091 1999 mihi

30 2013 120 2043 optato
141 2016 255 2034 veneris.

65 2049 111 2071 oP
122 2049 145 2070 Τ
159 2050 182 2070 Α
193 2049 215 2070 Τ
227 2050 238 2070 1
249 2048 270 2070 ο
280 2063 288 2076 ,
320 2042 390 2070 onis.
421 2041 441 2069 f.
477 2040 575 2077 [ἰυχιῗ]
613 2042 671 2068 Cic.
691 2042 747 2068 Off.
764 2051 786 2076 3,
799 2049 832 2073 94
845 2050 867 2067 0.
879 2048 908 2073 25
932 2042 984 2068 Cui
1006 2050 1089 2076 quum

29 2082 82 2106 tres
100 2079 251 2113 optationes
269 2079 410 2112 Neptunus
431 2077 556 2111 dedisset,
589 2076 694 2111 optauit
712 2076 853 2103 interitum
866 2076 1008 2110 Hippolyti
1028 2076 1089 2109 filii,
1105 2087 1139 2110 50
1153 2076 1191 2103 ib.
1205 2086 1232 2104 11.
1247 2087 1271 2110 4.

17 2114 49 2141 “ἱ.
77 2115 202 2149 optiones.
243 2115 295 2140 Nec
309 2112 404 2145 desum,
418 2112 462 2146 qm·
474 2112 604 2146 Optiones
616 2113 711 2146 legant.
785 2110 860 2139 Idem
872 2109 905 2137 de
919 2112 995 2138 Orat.
1007 2121 1029 2146 3,
1043 2119 1089 2145 205

7 2159 9 2167 ¹
29 2157 52 2176 c.
67 2157 94 2184 53
116 2148 227 2183 Optatio
238 2154 316 2182 atque
330 2146 478 2173 Exsecratio
492 2147 560 2172 inter
565 2147 674 2181 figuras.

7 2179 9 2184 ¹
65 2191 109 2212 ΟΡ
121 2190 144 2211 '1'
156 2191 179 2212 Α
191 2190 208 2211 Β
220 2181 258 2211 i'L
266 2190 276 2209 1
285 2189 309 2216 S,
326 2191 349 2209 e.
364 2181 423 2210 Adi.
444 2181 550 2216 [ἔωσι-δι,
569 2180 700 2217 ἐπείρασας]
718 2182 796 2218 Qod
803 2182 890 2217 optari
902 2182 995 2210 debeat.
1032 2182 1089 2210 Cic.

31 2219 63 2247 de
76 2219 163 2248 Finib.
184 2228 203 2252 1,
217 2229 242 2251 53
275 2220 367 2252 Itaque
385 2227 419 2244 ne
437 2217 564 2244 iustitiam
584 2217 692 2251 quidem
709 2217 783 2244 10610
799 2217 859 2252 quis
878 2217 978 2244 dixerit
996 2226 1046 2252 per
1063 2218 1089 2244 se

0 2277 4 2282 .
30 2256 113 2292 ipsam
127 2255 288 2291 optabilem,
313 2253 355 2280 sed
368 2253 431 2286 quia
445 2251 617 2278 iucunditatis
630 2253 671 2278 vel
685 2253 833 2287 plurimum
847 2252 948 2279 afferat.

1 2288 6 2290 “
31 2301 56 2326 2,
69 2297 98 2322 88
121 2291 291 2324 Voluptatem
306 2297 361 2315 non
374 2287 565 2323 optabiliorem
577 2287 751 2315 diuturnitate
761 2287 843 2315 facit?
921 2289 973 2315 Pax
984 2288 1088 2323 optabi.

31 2327 65 2354 lis
85 2327 141 2354 Cic.
155 2326 266 2361 Philipp.
278 2333 307 2360 7,
322 2333 346 2357 7.
436 2322 510 2350 Idem
523 2323 555 2349 de
573 2324 649 2351 Orat.
662 2332 681 2357 1,
694 2332 732 2351 221
745 2333 766 2351 c.
779 2332 804 2355 51
828 2323 905 2357 Qiae
918 2324 1001 2360 vulgo
1013 2333 1089 2359 expe.

8 2357 11 2389 1
30 2362 109 2390 tenda
121 2368 199 2396 atque
212 2360 339 2396 optabilia
351 2357 491 2391 videntur,
511 2358 626 2386 dicendo
640 2357 782 2394 amplificat
795 2364 874 2393 atque
888 2366 974 2386 ornat.
1047 2359 1086 2387 Id.

32 2398 105 2426 Fam.
118 2406 141 2428 5,
154 2406 178 2424 12
197 2398 272 2431 Quae
283 2395 328 2423 etsi
341 2395 419 2422 nobis
431 2394 560 2430 optabiles
575 2395 602 2420 in
617 2395 780 2429 experiendo
793 2403 849 2421 non
862 2394 988 2429 fuerunt,
1010 2395 1038 2422 in
1052 2396 1089 2422 le-

9 2438 11 2455 1
34 2432 121 2468 gendo
133 2438 219 2459 tamen
237 2437 315 2459 erunt
327 2430 464 2459 iucundae.
554 2430 679 2457 Solamen
715 2429 760 2457 Sil.
775 2439 806 2463 13,
820 2432 871 2463 236.

37 2467 117 2496 Ouid.
135 2468 200 2496 Met.
219 2477 244 2501 9,
262 2474 314 2502 758·
417 2469 558 2502 Comparat.
596 2466 659 2492 Vita
682 2465 830 2501 optabilior
847 2466 905 2495 Cic.
912 2467 962 2502 fin.
975 2477 989 2500 4
1007 2476 1029 2494 0.
1047 2476 1086 2501 23.

10 2534 11 2539 ,
36 2503 97 2532 Vox
109 2503 258 2539 generosior
271 2512 347 2538 quam
358 2502 504 2539 optabilior
525 2501 584 2528 Val.
597 2503 668 2529 Max.
684 2504 709 2534 6,
722 2510 741 2536 4
754 2507 807 2529 ext.
820 2513 844 2534 4.

70 2545 113 2566 01
124 2544 147 2566 ¹1·
157 2537 271 2571 AssJLf
281 2544 371 2568 TER.
408 2537 477 2566 Adn.
513 2538 639 2573 [ἰωῆς]
684 2537 742 2564 Cic.
761 2537 844 2566 Tusc.
862 2548 882 2572 ι,
901 2539 933 2572 96
945 2548 967 2565 c.
981 2547 1014 2572 40
1034 2539 1086 2566 Pro

10 2574 12 2606 ζ
33 2573 262 2609 (11111111110113105,
287 2584 366 2611 quam
383 2573 538 2611 optabiliter
550 2573 601 2600 iter
618 2573 687 2600 illud
697 2573 843 2600 iucundum
857 2575 906 2601 effe
918 2574 1012 2607 debet,
1032 2582 1088 2608 quo

31 2647 132 2673 {lorium
144 2651 168 2673 et
181 2648 321 2674 Lambinum
334 2657 346 2674 e
358 2649 446 2674 MSS.
472 2645 640 2681 Optabiliter‘
646 2644 780 2671 omittitur.
875 2647 988 2680 Compar.
1027 2646 1088 2674 Val.

0 2695 3 2718 :⁴
31 2683 102 2710 Max.
117 2689 141 2717 ς,
155 2692 163 2709 1
182 2690 233 2710 ext.
264 2684 300 2710 Vt
312 2682 457 2718 optabilius
471 2681 500 2708 in
513 2681 613 2716 patria,
632 2680 670 2707 ita
681 2679 821 2715 speciosius
836 2689 886 2716 pro
899 2682 999 2715 patria,
1019 2688 1065 2708 etr.

69 2724 90 2745 o
103 2724 119 2744 Ρ
130 2720 236 2746 ΤΑΤΙ·
245 2725 266 2745 ν
276 2725 298 2745 v
309 2725 322 2745 s
331 2739 339 2752 ,
358 2728 387 2753 a,
406 2727 461 2746 um.
498 2717 557 2744 Adi.
594 2716 691 2744 Modus
704 2716 837 2752 optatiuus
861 2716 920 2745 Ifid.
929 2726 948 2750 1,
963 2723 987 2748 8.
1006 2718 1086 2745 Mart.

29 2753 149 2790 Capell.3
161 2763 186 2790 p.
201 2760 229 2788 83
248 2762 270 2781 et
284 2755 421 2781 Grammat.
432 2750 527 2790 paffim.

25 2824 94 2854 haec
112 2832 157 2853 tua
173 2826 224 2859 est,
257 2820 341 2854 &tram
360 2827 455 2854 harum
471 2825 512 2853 vis
527 2825 727 2859 conditionem,
763 2834 862 2861 accipe.
971 2825 1087 2853 Deferre

1 2871 3 2873 ·
28 2862 167 2897 optionem
189 2863 245 2890 Cic.
258 2863 309 2890 Att.
324 2872 347 2896 4,
361 2870 387 2899 7.
479 2861 553 2890 Idem
567 2862 644 2888 Verr.
658 2861 775 2888 Diuinat.
788 2869 822 2895 45
841 2861 956 2895 Quoties
971 2861 1019 2888 ille
1033 2861 1086 2889 tibi

0 2902 2 2924 t
27 2897 180 2932 potestatem
193 2898 382 2934 optionemque
395 2898 514 2925 faeturus
526 2897 572 2930 fit,
592 2902 621 2923 vt
634 2896 716 2933 eligas
728 2902 818 2924 vtrum
831 2897 898 2924 velis
912 2897 1015 2924 factum
1026 2898 1086 2931 ess'e,

0 2948 3 2953 ·
28 2941 118 2961 necne.
141 2934 272 2968 Quinctil.
291 2942 312 2968 5.
394 2935 421 2962 Si
434 2933 503 2960 mihi
516 2933 592 2968 optio
605 2933 706 2967 Detur,
726 2938 817 2961 vtrum
828 2933 938 2969 malim,
957 2941 1003 2961 etc.
1026 2934 1085 2961 Cic.

47 2978 79 2996 ro
92 2970 166 2997 Caec.
181 2979 202 2997 c.
214 2978 251 3002 23.
288 2990 292 2994 .

0 2973 6 3034 i
27 2977 114 3032 11111101
126 3005 193 3041 apud
207 3012 289 3041 patres
302 3006 405 3033 nostros
419 3004 536 3040 eligendi
548 3004 590 3031 cui
604 3005 711 3039 patroni
724 3004 831 3032 daretur
842 3005 936 3041 optio,
961 3006 1026 3039 quin
1039 3011 1084 3032 aut

0 3040 4 3057 ἶ
28 3041 175 3068 Antonium
187 3047 289 3077 optaret
300 3047 344 3069 aut
357 3042 495 3069 Crassum?
573 3039 648 3068 Idem
662 3039 694 3066 de
707 3039 795 3068 Finib.
810 3050 828 3076 1,
841 3050 868 3075 33
883 3051 904 3068 c.
920 3051 947 3069 10
965 3041 1038 3069 Ν3111
1052 3041 1085 3068 11-

28 3074 94 3104 bero
106 3083 225 3112 tempore
239 3087 321 3113 quum
335 3078 419 3105 soluta
432 3076 512 3104 nobis
524 3076 560 3104 est
572 3075 688 3111 eligendi
700 3076 786 3112 optio,
801 3086 938 3113 quumque
950 3077 1020 3105 nihil
1034 3077 1083 3104 im-

30 3112 113 3145 pedit,
125 3121 178 3147 quo
191 3114 280 3140 minus
294 3113 331 3145 id,
346 3113 418 3148 quod
432 3113 547 3140 maxime
561 3113 671 3148 placeat,
680 3112 768 3141 facere
781 3113 913 3148 pollimus.
987 3114 1043 3140 Cic.
1053 3113 1086 3140 de

32 3181 142 3222 flendam
153 3189 255 3218 tamen,
280 3195 328 3212 nee
346 3185 430 3220 magis
449 3184 639 3220 expetendam,
665 3184 708 3211 sed
720 3184 803 3220 magis
815 3184 981 3213 sumendam:
1018 3192 1044 3212 et
1064 3184 1082 3212 11

32 3222 109 3252 optio
122 3219 195 3252 esset,
213 3220 360 3255 eligendam
372 3221 488 3255 Metelli,
511 3221 605 3255 Reguli
619 3220 800 3248 reiiciendam.
883 3221 958 3249 Idem
971 3221 1003 3249 de
1016 3221 1083 3248 Fato

32 3263 44 3286 3
58 3262 79 3280 c.
93 3262 106 3279 2
127 3253 217 3281 Hodie
227 3262 289 3282 vtro
301 3257 357 3284 frui
370 3257 463 3291 malis,
498 3257 574 3291 optio
597 3256 626 3284 fit
644 3262 697 3284 tua.
896 3254 917 3294 q
937 3265 953 3284 2.
988 3257 1084 3293 Optio,

31 3297 68 3315 m.
82 3288 170 3315 Festus
183 3290 270 3324 Pauli,
288 3292 370 3328 Optio
384 3293 413 3320 in
428 3301 458 3320 re
470 3292 583 3320 militari
596 3293 744 3328 appellatur
755 3292 793 3326 is,
813 3301 893 3328 quem
907 3294 1025 3320 Dccurio
1037 3298 1082 3319 aut

50 3359 136 3387 ublica
150 3359 245 3387 officia.

42 3396 135 3425 abatur
149 3397 286 3423 Accensus.

32 3433 118 3468 quiex
125 3440 158 3458 eo
167 3438 297 3466 tempore,
303 3440 357 3466 quo
364 3440 487 3473 cooptare
500 3444 578 3470 quem
590 3437 683 3469 velint,
703 3436 915 3464 Centurionibus
928 3436 1082 3473 permissum

31 3467 79 3502 est,
98 3467 206 3495 Nomen
215 3476 246 3494 ex
254 3467 326 3494 faeto
334 3469 491 3497 [οι-11105011.
511 3471 591 3499 Plaut.
600 3472 724 3507 Asi11.1,1,
733 3478 761 3503 88
775 3471 847 3499 Tibi
855 3474 995 3508 optionem
1004 3471 1082 3498 sumi-

323 3363 396 3390 Idem
408 3365 511 3398 Festus,
531 3365 614 3400 Optio
629 3365 676 3400 qui
689 3374 760 3391 nune
773 3364 889 3400 dicitur,
908 3372 983 3392 antea
996 3363 1083 3399 appel-

0 3437 11 3527 mn—rv
0 3283 9 3422 ,π’-’πή-

20 3553 22 3573 5
33 3545 88 3580 tum
97 3539 325 3580 hodie‚vthabeat
338 3539 419 3572 filius,
426 3540 524 3568 amicae
530 3544 600 3577 quod
609 3545 661 3572 det.
697 3545 844 3580 Optionem
857 3554 907 3580 pro
915 3544 1045 3572 Adiutore
1059 3549 1084 3570 et

20 3584 22 3592 ¹
34 3583 134 3601 vneario
141 3575 264 3610 qualique
271 3575 371 3610 collega
377 3574 500 3609 adoptato
507 3578 600 3611 posuit.
611 3581 667 3608 Vid.
675 3582 787 3607 Budaeus
793 3581 821 3607 in
826 3582 950 3608 Annotat.
955 3579 1084 3616 posterior.

4 3625 8 3629 ι
35 3617 60 3650 et
72 3610 176 3638 Tin-neb.
187 3609 295 3647 Aduers.
310 3620 337 3645 4,
352 3619 378 3645 7.
391 3646 396 3651 -
416 3611 478 3638 Par.
490 3612 549 3640 Lex.
562 3615 635 3649 Cr:p.
644 3614 697 3649 863.
733 3617 856 3644 Stewech.
870 3618 906 3643 ad
918 3617 1009 3650 Veget.
1021 3623 1044 3647 2,
1056 3622 1083 3649 7.

20 3653 22 3660 .
35 3644 165 3707 {igoni'tde
178 3652 229 3674 ant.
248 3648 302 3675 Iur.
317 3648 480 3721 Pr0111nc.5p.
495 3656 545 3680 130.
580 3650 668 3679 Cuiac.
679 3651 743 3679 Obs.
753 3655 781 3686 6,
794 3662 827 3686 33.
865 3652 1011 3687 Langlaeus
1024 3650 1084 3678 Otii

22 3714 23 3717 Ἰ
54 3688 110 3706 01110
132 3701 138 3708 .
150 3691 175 3716 p.
191 3692 237 3715 3¹2·
479 3691 490 3714 3

4 3746 6 3749 .
22 3744 23 3748 Ἰ
36 3716 68 3741 C.
83 3715 189 3744 Theod.
202 3718 234 3745 de
247 3724 346 3754 erogat.
359 3717 485 3745 militaris
502 3726 620 3746 annonae
630 3728 654 3747 et
667 3722 684 3749 1.
699 3722 747 3750 vlt.
761 3722 794 3751 de
808 3724 867 3751 iure
880 3723 934 3750 fisci
949 3730 1032 3755 erant,
1040 3723 1084 3758 qui

22 3771 23 3784 ¹
37 3759 155 3790 anrvtvsnam
169 3754 301 3781 militarem
315 3765 331 3780 a
339 3753 644 3790 sufieptoreflagitabant.
687 3759 879 3792 confunduntur
893 3760 1018 3785 interdum
1032 3768 1084 3784 cum

22 3794 23 3811 1
37 3786 224 3820 Opinatoribus
237 3791 267 3816 tle
278 3792 365 3825 quibus
378 3790 396 3817 s.
411 3790 428 3816 l.
517 3788 601 3824 Optio
613 3790 641 3815 in
652 3794 733 3818 veteri
745 3795 840 3821 militia
852 3797 906 3830 quis
920 3794 1022 3828 fuerit,
1041 3796 1083 3820 do-

22 3826 23 3862 }
37 3829 74 3861 cet
88 3823 222 3886 νᾶῑῖἱξᾶᾁε
240 3825 271 3853 L.
285 3827 315 3853 L.
330 3836 354 3860 4,
377 3828 404 3852 16
417 3835 441 3861 p.
456 3834 495 3858 24,
507 3833 532 3851 21
562 3825 644 3851 Primi
657 3825 813 3861 lingularum
824 3831 992 3858 decuriarum
1007 3829 1083 3856 decu-

22 3866 23 3891 1
35 3865 126 3884 riones
163 3867 172 3884 1
200 3868 218 3886 1.
286 3876 333 3883 -.

36 3892 164 3932 Optiones
176 3897 264 3934 uocari
271 3897 371 3932 coepti:
391 3906 458 3932 quos
472 3905 543 3923 nunc
550 3901 660 3931 propter
669 3895 842 3928 ambitionem
853 3902 956 3929 tribuni
970 3901 1080 3929 faciunt.

35 3928 321 3969 OptioFabricae,apua'
326 3933 529 3961 Iurisconsultos
535 3931 580 3967 ff
587 3932 700 3965 videtur,
707 3933 748 3966 qui
755 3936 929 3970 Imperatoriae
931 3937 1058 3972 fiabricae,
1065 3947 1081 3963 a

34 3963 255 3999 qual-'abricenses
261 3976 392 4002 vocantur,
400 3977 442 3995 aut
449 3969 561 4002 fabricis
574 3967 696 4002 legionum
703 3967 827 4002 scutariis
833 3980 858 3998 et
864 3973 991 3999 loricariis
1005 3972 1082 4007 mestos

34 4006 103 4039 praef
101 3999 136 4035 st,
145 4008 174 4026 vt
187 4009 210 4027 et
223 4003 295 4038 custos
306 4007 414 4030 carceris
425 4003 594 4033 aPrudentio
602 4011 722 4037 manceps
732 4004 841 4032 carceris
848 4014 893 4033 eta
900 4008 932 4035 D.
941 4007 1081 4035 Ambrosio

35 4035 118 4071 Optio
130 4037 243 4065 carceris
255 4039 405 4077 appeHatur:
417 4040 459 4069 Sic
470 4039 641 4077 nimfo-ibit,
656 4039 752 4074 Neque
759 4039 893 4071 Paulluset
903 4044 967 4072 Silas
980 4051 1083 4080 tempus
1097 4051 1161 4084 1051.
1170 4051 1193 4074 A
1201 4051 1221 4072 v
1229 4051 1252 4074 ‘r
1264 4050 1285 4071 V
1297 4049 1322 4070 S·

1021 2254 1086 2280 Ibid.
1094 2266 1123 2289 55
1151 2263 1232 2289 opere
1245 2255 1328 2287 boues
1350 2256 1416 2283 Plin.
1431 2261 1454 2290 8,
1468 2265 1506 2288 45.

963 2431 1088 2467 Tempus
1095 2435 1129 2461 60
1150 2433 1273 2469 epicedio
1287 2434 1465 2468 Maecenatis,
1485 2435 1516 2462 Et
1530 2444 1652 2470 magnum
1667 2436 1756 2472 magni
1771 2438 1889 2466 Caesaris
1900 2439 1968 2467 illud
1981 2451 2056 2477 opus.

10 2614 13 2634 1
31 2610 171 2645 confecto,
189 2611 260 2638 nulla
273 2611 375 2647 reliqua
388 2619 467 2645 cura,
486 2609 559 2636 nulla
571 2609 714 2637 solicitudo
728 2609 818 2635 futura
832 2609 876 2635 fit!
918 2610 968 2635 Sed
974 2610 1029 2647 post
1046 2611 1086 2636 Vi·
1094 2613 1123 2643 65
1151 2621 1212 2639 rum
1229 2612 1338 2639 Lucifer
1367 2613 1450 2641 Ouid.
1465 2615 1530 2641 Met.
1544 2624 1569 2647 4,
1583 2617 1636 2647 663.

68 2797 159 2818 οΡΤι
168 2797 204 2825 0,
226 2791 295 2818 onis.
328 2790 348 2817 f.
388 2790 484 2817 ΕΙεὲῖἱο.
522 2789 644 2825 [αἵρεσις]
680 2788 764 2816 Plaut.
776 2788 862 2830 Calin.
876 2798 900 2824 2,
912 2797 941 2823 4,
956 2798 978 2822 13
999 2789 1085 2824 Optio
1094 2799 1126 2824 70
1149 2791 1216 2819 Fast.
1229 2800 1257 2826 4,
1272 2802 1323 2826 257.

342 2969 416 2997 Idem
433 2969 465 2996 de
479 2969 550 2996 Clar.
565 2969 640 2996 Orat.
657 2973 699 3002 189
726 2968 841 3002 Qando
860 2975 949 2996 autem
969 2969 1083 2996 dubium
1093 2980 1121 3006 75
1149 2980 1211 2998 rum
1224 2972 1350 2999 iuuentus
1371 2973 1446 3007 Virg.
1462 2974 1560 3007 Georg.
1576 2982 1598 3006 2,
1612 2983 1666 3006 472.

30 3146 117 3174 Finib.
129 3157 153 3182 5,
165 3154 193 3180 88
217 3148 265 3177 Ille
279 3149 382 3177 Metelli
394 3149 479 3176 vitam
493 3155 570 3184 negat
581 3147 732 3175 beatiorem
744 3157 824 3184 quam
837 3148 949 3185 Reguli,
973 3158 1082 3185 praepo·
1091 3154 1124 3180 80
1148 3150 1205 3178 Cic.
1221 3150 1251 3176 in
1266 3151 1369 3191 Topic.
1384 3161 1411 3178 22
1435 3152 1500 3192 Non
1516 3153 1572 3179 eius
1586 3153 1663 3179 Vitio
1677 3154 1724 3188 qui
1737 3154 1769 3181 de

31 3323 164 3351 Centurio
176 3329 248 3359 optat
260 3325 308 3353 fibi
320 3337 409 3356 rerum
423 3329 587 3364 priuatarum
599 3328 767 3363 ministrum,
805 3337 860 3363 quo
878 3329 982 3357 facilius
1002 3329 1080 3356 obeat
1089 3335 1118 3361 85
1146 3331 1172 3362 6,
1188 3337 1225 3363 ¹4·

332 3399 358 3424 Is
368 3399 474 3427 adiutor
486 3400 596 3428 dabatur
607 3401 770 3428 Centurioni
783 3409 797 3427 a
809 3400 939 3428 Tribuno
950 3400 1083 3427 militum:
1108 3411 1110 3413 v

32 3510 62 3531 to
69 3502 226 3530 Leonidam.
245 3503 385 3530 Fabricare
392 3504 508 3539 quiduis,
516 3507 621 3541 quiduis
630 3509 841 3536 comminiscere.
861 3509 983 3536 Perficito
990 3516 1082 3542 312011-
1091 3519 1126 3545 90
1148 3508 1230 3536 latum
1254 3509 1330 3544 Virg.
1345 3510 1397 3537 Ecl.
1411 3519 1434 3544 3,
1442 3518 1480 3545 37.
1502 3511 1574 3544 Conf.
1590 3510 1728 3537 Censorin.
1743 3518 1794 3537 c.2.

527 3683 671 3720 Optiones,
701 3690 732 3714 de
744 3688 831 3723 quibus
847 3691 935 3723 agitur
949 3688 966 3714 l.
985 3697 992 3714 1
1012 3694 1036 3714 et
1054 3695 1083 3719 24
1102 3697 1132 3725 95
1146 3688 1210 3715 Aen.
1223 3694 1246 3720 8,
1257 3696 1299 3722 415
1318 3688 1447 3715 Mollibus
1461 3698 1475 3715 e
1489 3688 1575 3714 stratis
1589 3695 1669 3722 opera
1682 3687 1714 3717 ad
1731 3689 1849 3716 Fabrilia
1863 3692 1954 3726 surgit.

369 3863 444 3895 Qlos
465 3860 494 3888 hi
505 3860 594 3895 primo
613 3860 777 3890 administros
790 3866 837 3900 ipfi
849 3866 897 3893 fibi
912 3865 1082 3900 adoptabant,
1091 3867 1261 3900 100111fe6ta,
1299 3866 1358 3892 vid.
1380 3870 1556 3892 1NFECTVS.

1142 3943 1262 3973 terrupta
1291 3936 1366 3970 Virg.
1382 3937 1445 3962 Aen.
1460 3946 1485 3967 4,
1499 3941 1536 3968 88.

1142 3975 1172 4000 de
1186 3975 1282 4008 clypeo.

1154 1946 1206 1973 que
1221 1938 1299 1973 operi
1315 1937 1497 1966 difficultatem
1518 1938 1651 1972 Quinetil.
1666 1947 1704 1972 10,
1718 1949 1739 1972 3.
1775 1942 1846 1967 Aad.
1859 1940 1915 1967 Cic.
1930 1942 1975 1968 Ac.
1992 1952 2031 1975 1,4
2045 1953 2066 1970 c.
2076 1953 2093 1970 1.
2181 1947 2222 1971 De

1153 1974 1316 2000 munitionum
1330 1975 1479 2000 militarium
1493 1975 1559 2000 omni
1567 1984 1667 2010 genere.
1723 1975 1827 2002 Locum
1846 1976 1946 2010 reperit
1958 1978 2064 2013 egregie
2081 1985 2173 2007 natura
2193 1987 2222 2008 et

1154 2017 1237 2043 opere
1249 2010 1384 2036 munitum
1405 2010 1477 2036 Caes.
1494 2010 1523 2037 B.
1539 2010 1572 2036 G.
1586 2018 1609 2042 ς,
1623 2018 1655 2035 21.
1745 2011 1915 2037 Circumdata
1928 2013 2054 2047 operibus
2070 2015 2220 2043 Numantia

1153 2044 1293 2076 excisaque
1329 2045 1399 2070 Vell.
1417 2052 1443 2076 2,
1456 2054 1479 2077 4,
1494 2053 1515 2070 2.
1588 2044 1690 2070 Vrbem
1704 2045 1832 2079 operibus
1848 2046 1938 2074 clausit
1957 2048 2026 2083 Nep.
2038 2058 2056 2084 1,
2065 2059 2086 2082 7,
2101 2059 2125 2077 2.
2146 2053 2219 2078 Add.

1379 2081 1420 2104 De
1440 2079 1559 2112 vrbibus,
1583 2079 1698 2114 castellis,
1723 2088 1768 2107 etc.
1814 2081 1930 2109 Colonia
1949 2083 2087 2118 Tarraco,
2117 2086 2221 2122 Scipio·

1152 2121 1217 2138 num
1233 2121 1316 2148 opus,
1341 2112 1405 2140 sicut
1418 2113 1550 2148 Carthago
1564 2115 1717 2141 Poenorum
1744 2116 1810 2143 Plin.
1825 2126 1847 2150 3,
1861 2126 1880 2149 3.
1918 2119 1992 2153 Confi
2007 2121 2077 2148 Vell.
2091 2130 2116 2155 2,
2131 2132 2181 2156 130,
2197 2132 2218 2150 1.

1153 2150 1192 2174 De
1204 2150 1372 2183 agricultura.
1409 2148 1553 2177 Exercebat
1568 2159 1650 2185 opere
1664 2151 1704 2184 se,
1731 2157 1897 2187 terramque,
1928 2162 1956 2180 vt
1968 2164 2027 2182 mos
2041 2157 2093 2183 fuit
2113 2159 2205 2192 priscis

1152 2183 1161 2209 i
1183 2183 1207 2209 se
1220 2183 1356 2219 subigebat
1382 2186 1442 2212 Sen.
1454 2185 1532 2221 Epist.
1545 2188 1586 2217 86.
2205 2179 2218 2192 ’

1308 2220 1312 2224 ¹
1665 2187 1809 2215 Patricium
1823 2189 1913 2215 virum
1926 2189 2008 2229 lieior
2020 2192 2049 2218 in
2062 2193 2119 2228 ipso
2133 2203 2217 2230 opere

1170 2219 1327 2253 eprehendit
1357 2220 1429 2248 Flor.
1446 2231 1466 2255 1,
1482 2230 1510 2255 11,
1528 2231 1549 2254 13
1567 2223 1598 2248 de
1611 2222 1640 2248 L.

1657 2223 1709 2258 Q.
1731 2224 1891 2252 Cincinnato.
2002 2228 2164 2256 Excellentes
2185 2230 2218 2258 in

1599 2257 1749 2285 Concidere
1764 2259 1860 2286 infelix
1873 2260 1976 2288 validos
1992 2264 2104 2292 miratur
2116 2273 2218 2294 arator.

1149 2291 1223 2317 Inter
1235 2299 1302 2324 opus
1317 2296 1407 2318 tauros
1428 2291 1510 2319 Ouid.
1525 2292 1590 2319 Met.
1599 2302 1621 2326 7,
1635 2301 1687 2327 539.
1759 2296 1878 2330 Defiliv,
1916 2297 2014 2332 Neque
2026 2300 2098 2327 enim
2113 2301 2145 2328 de
2153 2302 2219 2329 Cae-

1149 2326 1214 2352 saris
1225 2325 1291 2352 actis
1305 2326 1390 2353 vllum
1403 2327 1488 2354 maius
1501 2337 1583 2362 opuS‚
1604 2337 1683 2362 quam
1698 2329 1771 2364 quod
1786 2338 1861 2366 pater
1876 2332 1974 2360 exstitit
1985 2334 2065 2362 huius
2086 2337 2160 2364 Idem
2175 2337 2217 2365 ib.

1150 2370 1185 2401 ις,
1200 2369 1248 2394 73¹·
1342 2364 1382 2388 De
1394 2363 1459 2396 iltis,
1481 2364 1525 2398 qui
1535 2363 1646 2397 instituti
1651 2365 1769 2401 samque
1777 2366 1841 2401 sunt
1853 2369 1883 2393 ab
1895 2370 1982 2396 altero.
2024 2373 2115 2399 Ass‘ero
2128 2378 2153 2400 te
2166 2374 2218 2400 mi-

1149 2397 1196 2430 hi,
1217 2406 1307 2424 meum
1322 2406 1389 2433 opus
1410 2399 1469 2426 Seu.
1484 2399 1563 2434 Epist.
1577 2409 1618 2433 34.
1653 2402 1722 2428 Add.
1742 2401 1801 2428 Pcd.
1816 2402 1943 2431 Albinou.
1958 2406 1990 2432 ad
2005 2407 2065 2434 Liu.
2078 2417 2105 2435 v.
2126 2418 2163 2442 39.
2182 2418 2216 2436 ex

1376 2470 1381 2475 .
1917 2475 1922 2480 .
2131 2445 2220 2481 Opus,

1147 2476 1195 2506 pro
1207 2470 1310 2497 Labore.
1347 2471 1423 2505 Virg.
1438 2472 1503 2497 Aen.
1519 2477 1543 2505 8,
1557 2473 1598 2502 516
1621 2471 1675 2499 Sub
1687 2477 1712 2499 te
1727 2473 1841 2501 tolerare
1855 2476 1980 2510 magistro
2016 2479 2144 2507 Militiam
2190 2487 2220 2509 el:

1150 2513 1232 2540 graue
1246 2505 1340 2532 Martis
1353 2515 1429 2541 opus.
1465 2507 1483 2535 i.
1509 2507 1625 2533 Laborem
1641 2507 1704 2535 belli.
1797 2510 1886 2544 Opus,
1912 2512 2055 2541 Officium:
2091 2504 2166 2544 Iden’1
2178 2517 2220 2544 ib.

1152 2550 1191 2574 10,
1206 2542 1258 2574 469
1280 2541 1327 2568 Sed
1340 2541 1438 2569 famam
1452 2542 1592 2570 extendere
1607 2543 1701 2575 fastis,
1728 2544 1788 2572 Hoc
1800 2546 1908 2574 virtutis
1921 2556 1998 2583 011115.
2040 2551 2083 2577 Sic
2101 2552 2220 2581 Seruius.
2250 2546 2251 2550 Ἰ

1151 2573 1173 2615 ff
1194 2584 1211 2603 2
1247 2578 1300 2602 Iam
1314 2579 1416 2604 varium
1428 2578 1496 2613 'vsum
1511 2579 1626 2605 Nominis
1638 2589 1690 2606 cum
1702 2581 1763 2606 aliis
1776 2584 1913 2611 videamus.
1970 2584 2135 2615 Admonitor
2153 2598 2220 2625 ope-

1203 2648 1210 2653 .
1316 2648 1322 2653 υ
1548 2650 1553 2655 .
1745 2617 1862 2645 Adiutor
1872 2620 1961 2655 operis
1994 2622 2093 2650 Patere.
2107 2633 2130 2657 2,
2143 2634 2183 2659 95,
2197 2635 2220 2654 1.

1152 2652 1224 2676 Artis
1235 2657 1392 2684 praecipuae
1405 2659 1473 2685 opus
1499 2650 1583 2678 Ouid.
1597 2650 1628 2677 de
1641 2652 1704 2679 Arte
1718 2652 1778 2680 Am.
1794 2663 1813 2685 1,
1825 2656 1881 2681 266.
1990 2658 2109 2686 Comites
2127 2661 2220 2695 operis

1151 2683 1226 2725 Idem
1239 2684 1303 2725 Met.
1316 2694 1339 2717 3,
1359 2694 1407 2719 129.
1481 2686 1617 2713 Contexus
1632 2689 1723 2723 operis
1744 2689 1836 2717 Tacit.
1850 2689 1917 2719 Hist.
1932 2701 1955 2725 2,
1969 2698 1993 2722 8.
2065 2695 2220 2731 Depopula-

1151 2725 1191 2748 tio
1204 2720 1374 2755 publicorum
1389 2730 1502 2757 operum
1525 2723 1581 2750 Cic.
1595 2724 1673 2751 Verr.
1689 2723 1745 2751 A&
1760 2733 1780 2758 1,
1793 2733 1828 2753 12.
1864 2726 1883 2753 i.
1903 2726 2097 2764 Aedificiorum,
2115 2732 2219 2768 statua-

1151 2766 1215 2783 rum.
1273 2756 1336 2783 Dies
1349 2756 1441 2784 felices
1455 2767 1568 2793 operum
1587 2759 1664 2794 Virg.
1678 2760 1777 2795 Georg.
1795 2771 1812 2795 1,
1826 2770 1878 2794 277.
1950 2764 2011 2791 Dux
2023 2766 2113 2800 operis
2131 2768 2218 2796 Ouid.

1414 2795 1552 2834 Immunes
1566 2803 1679 2829 operum
1706 2795 1778 2823 Idem
1794 2798 1858 2824 Met.
1874 2809 1897 2831 4,
1910 2806 1933 2832 ς.
2026 2802 2116 2830 Labor
2138 2804 2219 2840 Virg.

1428 2830 1557 2868 ,Mirator
1580 2831 1641 2858 Stat.
1656 2831 1720 2858 Silu.
1736 2842 1758 2864 3,
1771 2841 1797 2865 2,
1812 2841 1853 2866 94.
1932 2835 1989 2863 Cic.
2004 2837 2057 2864 Off.
2071 2848 2093 2872 3,
2107 2849 2122 2872 4
2143 2839 2218 2867 Afri-

1150 2872 1229 2891 canus
1250 2873 1383 2892 ma1orem
1402 2865 1508 2893 laudem
1527 2875 1587 2893 meo
1607 2866 1708 2893 iudicio
1725 2869 1920 2902 assequebatur:
1958 2873 2031 2899 nulla
2050 2879 2138 2901 tamen
2157 2875 2217 2902 eius

1148 2900 1252 2935 ingenii
1267 2907 1442 2928 monumenta
1455 2902 1576 2929 mandata
1591 2902 1691 2935 literis,
1713 2904 1815 2930 nullum
1830 2914 1896 2940 opus
1910 2905 1984 2941 Otii,
2004 2909 2108 2937 nullum
2122 2911 2216 2938 solitu-

1149 2935 1220 2964 dinis
1233 2945 1330 2963 munus
1345 2937 1433 2964 exstat.
1524 2938 1665 2973 participes
1686 2938 1768 2966 Ouid.
1786 2941 1851 2967 Met.
1859 2951 1881 2974 3,
1896 2951 1943 2975 147.
2034 2946 2137 2973 Patiens
2150 2955 2216 2982 ope·

1538 3010 1544 3014 Ι
1629 3009 1634 3014 ·
1755 2976 1900 3011 Populator
1912 2979 2002 3013 operis
2016 2981 2099 3007 1101111
2129 2981 2214 3010 Ouid.

1148 3008 1214 3048 Met.
1228 3017 1260 3042 12,
1274 3018 1325 3042 593·
1408 3010 1562 3049 ⁴Prudentia
1583 3018 1670 3037 maior
1688 3019 1801 3045 operum
1833 3012 1906 3039 Idem
1919 3014 1953 3041 de
1964 3017 2028 3042 Arte
2044 3022 2102 3043 [1111.
2116 3025 2137 3049 2,
2158 3020 2214 3050 67ς.

1149 3044 1233 3077 Ques
1247 3053 1359 3084 operum
1379 3045 1456 3079 Virg.
1472 3045 1568 3079 Georg.
1581 3055 1605 3078 4,
1622 3051 1669 3078 ¹84-
1765 3048 1857 3074 Socius
1871 3058 1983 3084 operum
2004 3052 2064 3078 Stat.
2081 3052 2145 3079 Silu.
2156 3061 2216 3087 3‚2,

1148 3088 1193 3113 94.
1264 3080 1376 3114 Spiritus
1388 3080 1478 3115 operis
1491 3080 1588 3114 huius,
1613 3087 1692 3116 atque
1704 3083 1808 3110 animus
1821 3084 1858 3110 est
1871 3085 1900 3110 in
1912 3086 2050 3113 affectibus
2077 3088 2213 3120 Qunc‘iil.

1148 3117 1174 3147 6,
1190 3123 1214 3141 2.
1308 3116 1444 3143 Strufiiura
1472 3116 1569 3143 Lucan.
1589 3119 1614 3149 6,
1627 3119 1672 3151 64.
1770 3120 1882 3181 ¹&cuns
1909 3122 1978 3148 Hor.
1991 3122 2073 3150 Serm.
2087 3131 2110 3158 2,
2125 3133 2148 3156 2,
2162 3132 2213 3157 ¹¹9-

1430 3187 1434 3191 ·
1819 3156 1880 3181 litus
1895 3155 1945 3188 est,
1971 3156 2096 3193 damnum
2111 3159 2215 3187 saelum

1147 3186 1200 3218 est,
1227 3186 1270 3213 sed
1282 3196 1340 3213 eius
1360 3196 1448 3222 operis
1462 3188 1547 3222 Vitio,
1579 3189 1651 3223 quod
1664 3189 1701 3216 ita
1713 3190 1878 3217 aedificatum
1893 3191 1943 3224 est,
1976 3198 2005 3219 vt
2019 3193 2140 3229 suspendi
2156 3205 2214 3223 non

1146 3221 1228 3257 ponit.
1301 3222 1383 3249 Vrbis
1397 3233 1464 3259 opus
1485 3224 1560 3259 Virg.
1574 3225 1640 3252 Aen.
1654 3235 1677 3259 5,
1689 3233 1728 3260 119
1749 3233 1851 3252 vocatur
1869 3228 1956 3259 nauis,
1977 3228 2004 3253 in
2017 3238 2067 3263 qua
2081 3238 2133 3257 tota
2152 3232 2215 3258 vrbs

1145 3264 1260 3292 occupata
1267 3257 1341 3292 fuit,
1361 3269 1414 3285 cum
1427 3260 1613 3295 aea'Ifitaretur.

1146 3301 1229 3328 opus,
1248 3294 1404 3330 Ingeniosum
1427 3295 1519 3328 Claud.
1532 3297 1560 3323 in
1575 3298 1684 3331 Eutrop.
1699 3306 1717 3329 1,
1732 3301 1769 3329 78.
1860 3297 2026 3326 Admirabile
2047 3301 2130 3330 Ouid.
2145 3304 2214 3333 Met.

1297 3329 1437 3357 Albarium
1451 3341 1532 3366 opus,
1559 3333 1612 3358 vid.
1626 3333 1649 3358 h.
1664 3341 1690 3358 v.
1764 3331 1901 3359 Aretatum
1915 3342 1981 3368 opus
2009 3337 2108 3365 Patere.
2116 3347 2137 3371 2,
2145 3341 2184 3372 86,
2193 3348 2213 3367 1.

1147 3364 1266 3392 Arduum
1274 3386 1283 3399 ‚
1319 3367 1373 3393 vicl.
1393 3373 1413 3393 Α
1423 3374 1443 3393 R
1455 3374 1475 3395 1>
1486 3375 1507 3393 v
1517 3375 1537 3393 v
1548 3374 1571 3394 5.
1645 3366 1829 3394 Artificiosum
1841 3375 1867 3395 et
1879 3368 2004 3398 diuinum
2030 3372 2088 3401 Cic.
2100 3373 2132 3400 de
2147 3375 2213 3404 Nat.

1146 3400 1228 3428 Deor.
1241 3410 1263 3435 2,
1278 3408 1324 3434 138.
1402 3403 1499 3430 Bellica
1512 3411 1593 3438 opera
1619 3403 1717 3430 Paterc.
1731 3413 1752 3436 2,
1765 3410 1810 3438 97,
1824 3412 1846 3431 2.
1919 3405 2007 3434 Breue
2031 3409 2113 3437 Ouid.
2129 3410 2212 3446 Epist.

1147 3445 1180 3472 ις,
1193 3446 1221 3471 4.
1292 3438 1453 3465 Censorium
1466 3449 1532 3472 opus
1552 3439 1620 3466 Suet.
1636 3439 1708 3465 Caes.
1727 3449 1749 3466 c.
1763 3449 1797 3471 41.
1819 3439 1953 3468 Columel.
1968 3451 1992 3469 12
2004 3445 2088 3479 praef.
2103 3454 2168 3473 extr.
2189 3447 2211 3476 i.

1146 3480 1213 3500 nota.
1286 3474 1396 3501 Clarum
1420 3475 1502 3502 Ouid.
1517 3475 1548 3501 de
1564 3475 1627 3500 Arte
1642 3475 1700 3500 Am.
1715 3485 1735 3507 3,
1752 3479 1791 3506 338
1812 3476 1851 3501 De
1862 3478 1974 3504 Aeneide
1993 3481 2106 3516 Virgilii.
2144 3483 2212 3510 Cae-

1869 3512 2090 3544 Consummatum
2105 3523 2210 3546 tantum

1147 3553 1214 3579 opus
1239 3545 1337 3573 Patere.
1351 3555 1374 3579 2,
1389 3556 1433 3578 117,
1454 3556 1471 3573 1.
1490 3548 1520 3572 de
1538 3545 1602 3572 bello.
1711 3546 1909 3579 Coronarium,
1945 3550 2001 3577 vid.
2023 3558 2042 3580 c
2054 3559 2100 3580 OR
2111 3560 2131 3580 ο
2142 3561 2165 3581 N
2175 3561 2210 3582 A.

1147 3580 1310 3608 Destinatum
1330 3580 1463 3615 Quinctil.
1473 3591 1496 3617 2,
1511 3591 1547 3608 10.
1620 3579 1701 3606 Dulce
1724 3581 1805 3608 Ouid.
1820 3582 1851 3609 de
1866 3586 1928 3611 Arte
1946 3586 2006 3613 Am.
2023 3598 2045 3621 2,
2060 3595 2119 3620 480.
2154 3590 2211 3617 Du-

1147 3624 1208 3643 rum
1228 3618 1332 3644 Lucret.
1347 3625 1371 3651 5,
1387 3625 1448 3651 1359.
1521 3616 1690 3643 Elaboratum
1711 3616 1769 3644 Cic.
1783 3618 1860 3645 Verr.
1876 3630 1899 3653 4,
1915 3624 1965 3649 126.
2038 3624 2210 3654 ΕΙώσι-ἃωηι

1146 3661 1212 3687 opus
1226 3652 1348 3684 dicendi,
1372 3653 1426 3680 vid.
1441 3658 1541 3685 mco,
1562 3653 1613 3678 ere.
1686 3652 1794 3686 Elegans
1814 3655 1870 3682 Cic.
1884 3656 1962 3685 Verr.
1977 3668 2001 3692 4,
2018 3663 2069 3687 126.
2133 3662 2209 3696 Virg.

2047 3696 2123 3723 Felix
2189 3707 2194 3723 1

1146 3730 1261 3758 euentu,
1284 3725 1355 3751 forte
1370 3730 1466 3752 conatu
1487 3724 1583 3750 Paterc-
1596 3732 1621 3755 2,
1636 3732 1681 3756 112,
1694 3733 1715 3751 2.
1820 3726 1962 3756 Furtiuum
2000 3731 2083 3758 Ouid.
2097 3732 2129 3758 dc
2141 3706 2210 3760 (Alibi

1145 3760 1205 3787 Am.
1218 3770 1241 3793 2,
1255 3769 1308 3793 730.
1400 3760 1511 3786 Gratum
1525 3758 1650 3793 agricolis
1675 3759 1750 3794 Virg.
1765 3760 1828 3788 Aen.
1845 3772 1863 3796 1,
1878 3773 1900 3796 4.
1975 3766 2135 3794 Immensum
2158 3769 2208 3794 Lu.

1146 3804 1200 3822 can.
1214 3805 1232 3826 ι,
1245 3798 1287 3825 68.
1357 3794 1539 3826 Immortalia,
1565 3795 1620 3821 vid.
1634 3801 1867 3825 lMMORTALIS.
1950 3801 2063 3829 Incenfls
2078 3802 2206 3837 operibus

1145 3840 1211 3865 quae
1226 3831 1361 3860 statuerat,
1385 3838 1429 3856 etc.
1454 3830 1545 3864 Nepos
1561 3837 1582 3864 1,
1596 3836 1623 3864 7,
1636 3837 1657 3857 2.
1735 3832 1883 3861 Infaustum
1908 3837 2042 3869 Qfiffiffl,
2056 3840 2071 3864 6
2084 3845 2207 3872 prooem.

1611 3866 1750 3906 Infinitum
1772 3869 1905 3902 Q1in6‘til.
1917 3872 2062 3907 Tryphoni
2076 3881 2095 3898 2.
2150 3872 2205 3899 Ini-

1569 3901 1723 3929 Instimtum
1750 3904 1823 3931 Idem
1839 3907 1921 3940 praef.
1935 3907 1966 3934 ad
1982 3907 2090 3941 Tryph.
2161 3909 2207 3935 In-

1617 3938 1750 3965 Intextum
1766 3941 1852 3967 tribus
1866 3944 1949 3969 tauris
1968 3943 2040 3970 Idem
2058 3942 2094 3967 ib.
2109 3950 2145 3975 10,
2160 3949 2204 3975 785

1374 3971 1498 3999 quenile
1510 3972 1650 4008 palaestrae
1672 3974 1754 4001 Ouid.
1769 3976 1834 4003 Met.
1849 3980 1876 4011 6,
1889 3987 1938 4010 241.

1531 4007 1675 4036 Laudabile
1714 4009 1817 4040 Lucret.
1833 4023 1854 4047 ς,
1868 4020 1918 4045 1ς9.

1410 4042 1534 4080 Longum
1556 4045 1625 4074 Hor.
1643 4045 1676 4073 de
1691 4047 1761 4083 Arte
1777 4048 1851 4076 Poet.
1871 4050 1926 4080 ³⁶0-

1303 4078 1454 4119 65553

1150 2828 1249 2864 Georg.
1264 2837 1287 2863 2,
1296 2838 1349 2869 ,¹55-

1842 3259 1864 3299 ἢ
1880 3271 1891 3293 3
1931 3264 2056 3297 Epitheta.
2097 3267 2213 3295 Acutum

1143 3902 1275 3929 mitabilia
1299 3901 1409 3933 Qiinet.
1424 3909 1448 3933 2,
1464 3902 1498 3928 16.

2016 3977 2205 4013 Laboriosum,

2015 4012 2113 4046 Lauta,
2149 4014 2203 4040 vid-

2015 4047 2157 4081 Magnifica
2176 4054 2203 4075 et

2070 4082 2203 4117 praeclara

1143 4011 1200 4036 vict.
1215 4014 1318 4036 LABOR
1331 4027 1340 4040 ,
1366 4007 1431 4034 oris.
