2517 4231
205 79 251 128 63
627 62 842 107 LER

244 168 262 188 L
272 167 289 188 Ε
302 166 318 186 r
330 165 350 186 o
368 163 387 184 R
401 163 424 184 A
436 162 456 182 R
468 163 478 183 1
490 162 559 188 VM,
577 154 596 182 i.
615 163 641 181 n.
661 151 873 186 [Αιγωτροφιῖσν]
891 149 981 187 Varro
1001 146 1032 187 de
1053 146 1084 171 R.
1098 145 1130 171 R.
1145 152 1166 176 3,
1181 151 1193 184 ³·
1215 142 1264 182 Le:

207 196 315 233 pot-aria
330 201 354 221 te
363 192 482 227 accipere
491 192 565 224 volo,
586 200 641 217 11011
654 198 694 221 ea,
708 196 775 222 quae
787 185 881 212 tritaui
895 183 979 210 nostrl
994 181 1127 221 dicebant,
1149 179 1196 206 vbi
1215 179 1265 205 solt

208 236 310 267 lepores
323 230 380 262 sint,
399 228 443 254 sed
457 227 548 254 omnia
563 228 632 261 septa
644 224 722 251 affixa
736 221 815 249 villae
829 228 897 254 quae
911 220 980 249 sunt,
1003 223 1029 245 et
1048 216 1149 243 inclusa
1167 214 1266 243 habent

207 266 341 300 animalia,
356 273 424 300 quae
437 264 586 299 pascuntur.
607 260 675 288 Ibid.
691 268 722 288 12.
765 256 898 285 Vid.Gell.
917 265 939 289 2,
959 263 1000 281 20.

627 323 652 354 L
725 321 754 352 E
818 320 847 351 R

247 381 266 401 L
280 380 298 402 E
310 380 331 401 R
343 381 354 401 1
365 379 388 402 A
398 394 407 406 ‚
429 380 516 399 orum.
536 380 562 397 n.
583 370 618 404 pl.
655 367 743 398 Festo,
762 367 928 393 Ornamenta
939 362 1092 390 timicarum
1100 370 1187 389 aurea.
1227 361 1270 386 Vi-

207 411 281 437 detur
295 411 425 436 Graecum.
462 406 595 442 Hesychius
613 405 680 439 Λῆςοι
692 407 725 430 τὰ
736 408 788 434 περὶ
800 402 855 431 ‘tite
867 403 1003 432 γυναικείως
1020 400 1107 432 χιτῶσι
1126 400 1271 429 κεχρυσωμέ-

209 457 243 475 να.
281 445 406 473 Laudauit
417 444 440 470 h.
454 444 472 470 l.
488 442 581 478 Scalig.
597 443 633 467 ad
651 437 795 473 ungarium
814 442 981 471 vnguentum
995 436 1083 462 Varro
1095 434 1127 459 de
1147 433 1178 459 L.
1195 432 1225 458 L.
1245 433 1274 471 6,

259 503 265 510 .
351 503 356 509 .
376 480 421 506 vbi
439 480 494 505 vid.
1217 503 1222 509 ι
1246 503 1252 508 ι

206 492 218 516 3
239 492 266 545 p1.
277 484 396 544 17361’133’415
433 523 471 543 ae.
490 514 510 541 f.
530 513 639 547 [Aspim]
672 510 751 536 Palus
771 508 856 544 (fhrte
876 508 951 534 etiam
968 505 1099 540 oppidum)
1128 504 1272 543 Arg-olidis.

212 555 273 581 Plus
287 560 352 580 certe
365 538 436 587 qutim
448 551 561 586 paludem
579 547 693 572 indicare
712 545 816 572 videtur
830 546 892 571 Stat.
914 540 1009 568 Theb.
1029 549 1067 581 2,.
1079 549 1119 581 433
1140 537 1273 566 Felicibus

212 592 297 624 Argos
311 587 444 623 Auspiciis
459 587 627 617 Lernamque
640 590 722 617 regas.
759 583 863 615 Propter
877 576 998 610 Hydram
1011 576 1144 602 nobilitata
1163 577 1193 601 ab
1207 576 1273 614 Her-

211 627 264 652 cule
284 624 451 658 interfeHam.
505 619 581 654 Virg.
602 619 669 646 Aen.
682 621 708 651 6,
722 622 767 649 803
785 618 815 641 de
827 614 946 646 Hercule,
960 613 1077 639 Lernam
1091 611 1274 652 tremefecerit

212 670 282 689 arcu.
321 660 381 687 Stat.
394 656 484 685 Theb.
499 664 519 690 1,
533 657 581 688 360
601 654 688 681 veteri
702 650 834 688 spumauit
853 650 942 677 Lerna
960 657 1077 675 veneno.
1114 649 1183 673 Hm:
1199 682 1205 689 .
1257 682 1263 687 .

249 704 266 723 L
280 702 298 723 Ε
310 702 328 722 R
343 702 366 722 N
380 701 401 721 A
414 698 499 725 EVS,
518 700 550 726 a,
568 700 623 718 um.
650 689 711 716 Adi.
737 688 883 722 [Λερναῖος]
910 685 986 712 Palus
1005 685 1141 723 Lernaea,¹
1160 683 1203 708 vb!
1215 682 1275 722 fuit

212 734 291 767 hydra
305 729 488 765 quinquaginta
500 728 622 762 capitum,
641 726 672 752 ab
691 724 799 750 Hercule
815 722 959 757 interftHa.
1032 720 1144 747 Alumni
1160 719 1275 745 Lernaei

212 769 273 796 Stat.
291 765 382 794 Theb.
397 774 422 797 4,
436 766 489 797 638.
527 763 607 791 Pestis
626 762 744 788 Lernaea
764 759 870 786 Lucret.
892 765 917 793 ς,
935 760 975 786 26.
1031 757 1143 783 Venena
1156 756 1275 782 Lernaea

211 803 291 831 Ouid.
307 801 388 837 Epist.
410 810 441 834 9,
458 809 501 831 ¹¹5·
741 831 747 835 -
1227 826 1233 832 η

249 845 266 865 L
277 845 293 865 E
306 845 325 866 R
334 844 357 864 N
366 835 380 864 i‘
387 842 404 863 F
414 842 431 863 E
443 843 462 862 R
472 857 480 869 ,
501 838 561 867 era,
584 834 670 860 erum.
695 831 758 859 Adi.
784 831 963 864 [Λερνηφὸςος]
989 829 1132 855 Venenum
1152 826 1274 853 Lermfe-
1283 835 1318 853 20

211 883 272 903 rum
283 874 412 910 legebatur
424 871 506 899 Ouid.
519 869 598 905 Epist.
611 877 638 903 9,
651 876 695 900 14¹·
731 868 782 894 Sed
792 866 907 900 Heinsius
920 865 983 901 legit
1002 864 1123 892 Letifero
1136 863 1239 890 Eueno.

628 931 656 963 L
729 931 758 962 E
838 930 858 961 S

247 990 264 1010 L
275 989 314 1012 138
323 989 339 1011 Β
350 989 371 1011 0
384 988 398 1009 s
409 999 418 1014 ,
438 981 458 1008 i.
479 981 499 1007 f.
521 977 652 1014 [Λὲσὲος]
673 976 761 1013 Insula
774 977 802 1003 in
815 978 924 1012 Aegaeo,
936 975 1097 1002 Aeolicarum
1117 973 1215 1000 vrbium
1231 981 1318 1030 ἠε-Ζ-

210 1021 341 1083 “⁰5⁰2le
352 1020 431 1088 {13:32
450 1050 586 1087 [Λίσξως]
613 1057 637 1077 et
664 1054 760 1076 LESB
772 1048 824 1076 6v
836 1054 865 1081 S,
884 1056 909 1081 a,
930 1055 986 1074 um.
1010 1045 1072 1073 Adi.
1093 1045 1166 1085 Hor..
1187 1043 1276 1071 Carm.
1306 1020 1317 1037 ³

211 1102 230 1126 1,
249 1102 269 1125 1,
282 1101 310 1125 34
342 1089 475 1118 Lesboum
503 1087 603 1122 refugit
628 1085 736 1113 tendere
753 1084 890 1111 barbiton.
927 1082 1061 1122 Plee'uum
1088 1080 1217 1122 Lesbium
1237 1080 1277 1107 Id.

210 1128 279 1156 ibid.
294 1138 312 1160 ι,
327 1129 366 1159 26,
379 1136 409 1153 11.
444 1125 516 1152 Vina
535 1123 630 1150 Lesbia
643 1122 682 1150 Id.
698 1121 783 1156 Epod.
805 1130 831 1155 9,
844 1131 880 1154 34.
930 1118 1026 1146 Lesbia
1040 1117 1131 1152 regula
1145 1116 1222 1152 nescio
1243 1125 1277 1142 an

210 1165 239 1190 in
251 1164 332 1190 veteri
339 1163 464 1198 scriptore
477 1161 566 1188 Latino
579 1166 733 1185 memoretur.
790 1158 840 1183 Sed
851 1156 954 1190 fundus
973 1154 1008 1191 est
1026 1153 1132 1195 Aristot3
1145 1155 1175 1195 tle
1188 1152 1275 1179 morib.

211 1209 234 1234 ς,
248 1210 273 1233 ¹4
292 1200 393 1226 Lesbiae
409 1196 593 1242 'aedificationis
608 1194 726 1232 plumbea
746 1202 832 1220 norma
845 1191 894 1228 est,
911 1193 948 1218 acl
951 1192 1065 1228 figuram
1078 1190 1171 1225 lapidis
1184 1198 1275 1215 accom-
1283 1196 1316 1221 30

210 1235 400 1299 modaligeneltii
412 1276 429 1296 C
441 1275 464 1295 v
476 1275 490 1296 s
501 1289 509 1303 ,
529 1277 553 1302 a,
565 1277 621 1294 um.
658 1268 733 1293 Idem.
753 1264 845 1292 Sidon.
860 1262 938 1299 Epist.
953 1272 981 1297 9,
996 1271 1017 1295 ¹3
1036 1261 1133 1290 luneio
1147 1261 1277 1288 Lesbiaco

216 1307 271 1335 fiue
285 1306 467 1343 Anapaestico‚
482 1314 574 1341 genere
581 1302 710 1330 carminis.
748 1303 839 1327 Netum
847 1301 946 1335 Lyrieos
957 1309 971 1326 a
983 1299 1056 1325 Lesbo
1064 1297 1146 1333 fiaiffe
1157 1299 1279 1324 Alcaeum

213 1345 379 1406 Sazplhzogtebnl’
388 1348 503 1413 semi—dis.
523 1375 646 1411 [Λεσβὶς]
668 1376 813 1408 Patronym.
828 1372 848 1399 f.
862 1381 877 1397 a
895 1372 953 1398 loco.
1010 1369 1093 1396 Ouid.
1108 1368 1188 1408 Epist.
1208 1376 1231 1401 3,
1251 1370 1279 1400 36
1288 1367 1317 1394 33

212 1416 310 1443 Forma
329 1414 474 1450 praestante
489 1413 591 1447 puellae
628 1409 766 1445 Lesbides,
786 1408 885 1440 euersa,
905 1415 952 1434 etc.
988 1405 1062 1446 Idem
1083 1404 1163 1439 Epist.
1178 1414 1211 1444 ¹5²
1227 1413 1279 1437 ¹99·

210 1450 338 1483 Lesbides
352 1458 500 1483 aequoreae
515 1454 661 1482 nupturae,
677 1452 811 1481 nuptaque
826 1444 931 1480 proles:
968 1441 1095 1470 Lesbides
1116 1440 1212 1467 Aeolia
1231 1448 1279 1466 no-

211 1488 286 1514 mina
304 1486 375 1513 11ὶέ13
393 1485 460 1517 lyra.

248 1527 490 1554 Lasntns‚
531 1517 636 1546 adiaf.

1291 291 1305 317 5

1291 474 1319 491 10

1286 654 1311 680 1⁵

700 1517 803 1543 Gemma
839 1516 910 1543 Lesbi
939 1511 1043 1551 patriae
1073 1521 1159 1539 nomen
1190 1512 1281 1539 habens

210 1560 278 1587 Plin.
297 1568 340 1593 37,
363 1567 400 1584 10.
420 1572 425 1580 ι
861 1587 866 1593 ·
916 1587 922 1593 -
1289 1553 1328 1579 40

249 1602 266 1622 L
280 1601 297 1622 E
309 1600 321 1621 s
334 1600 348 1621 s
361 1599 383 1620 v
395 1600 408 1619 s
417 1613 426 1626 ,
441 1590 482 1619 fis.
495 1600 531 1617 m.
556 1589 732 1625 [ὀλοφυρμὸς]
756 1587 878 1623 Lugubm
898 1588 1010 1614 mulatio.
1063 1586 1145 1614 Plaut.
1158 1585 1281 1618 Truc.'4,

212 1641 237 1663 2,
249 1629 394 1662 ¹81Thetis
409 1636 518 1663 quoque
532 1627 612 1653 etiam
629 1623 798 1651 lamentando
812 1623 902 1650 lessum
916 1623 980 1650 fecit
994 1622 1062 1650 filio.
1101 1622 1157 1649 Cic.
1177 1620 1209 1648 de
1230 1622 1278 1648 Le-

213 1667 268 1704 gib.
281 1676 305 1698 2,
318 1675 347 1700 59
360 1675 382 1692 c.
399 1674 425 1697 23
447 1663 548 1690 Mulier
560 1670 638 1697 genas
653 1669 685 1687 ne
699 1660 813 1695 carpito,
833 1667 901 1687 neue
916 1658 1007 1686 leffum
1022 1658 1126 1685 funeris
1151 1666 1215 1692 ergo
1233 1657 1279 1683 ha-

212 1704 286 1731 beto.
343 1702 404 1728 Hoc
418 1706 521 1727 veteres
536 1698 694 1733 interpretes
709 1697 767 1723 Sex.
806 1695 913 1730 Aelius,
932 1697 963 1723 L.
978 1695 1090 1723 Acillius
1104 1703 1161 1721 non
1181 1693 1240 1720 satis
1252 1694 1278 1720 se

210 1739 362 1773 intelligere
381 1737 523 1770 dixerunt,
546 1735 587 1761 sed
604 1732 728 1768 suspicari
749 1732 904 1759 vestimenti
919 1731 1029 1766 aliquod
1043 1740 1126 1766 genus
1141 1730 1319 1762 funebris:45

211 1777 242 1803 L.
257 1775 359 1808 Aelius,
378 1773 479 1805 lefl‘um,
499 1770 570 1806 quasi
589 1769 730 1805 lugubrem
748 1768 935 1803 eiulationem‚
952 1774 981 1795 vt
996 1777 1051 1795 vox
1065 1766 1119 1802 ipsa
1134 1766 1277 1801 fignificat,

212 1812 286 1847 quod
300 1820 332 1838 eo
348 1809 431 1844 magis
445 1807 538 1835 iudico
557 1816 653 1834 verum
669 1806 719 1832 ess'e
732 1825 741 1838 ,
767 1805 831 1839 quia
850 1805 894 1831 lex
917 1804 1024 1832 Solonis
1044 1803 1072 1830 id
1086 1804 1173 1838 ipsum
1195 1808 1276 1830 vetat.

213 1850 278 1884 Ergo
294 1848 331 1873 bis
343 1845 428 1872 verbis
441 1844 596 1872 Lamentatio
611 1841 731 1877 lugubris
744 1841 773 1867 in
787 1840 928 1867 funeribus
947 1839 1116 1875 prohibetur.
1173 1839 1277 1865 Less'um

212 1892 292 1911 autem
307 1882 415 1916 habere,
434 1890 462 1906 ea
474 1881 569 1906 dicitur
576 1879 674 1912 forma,
682 1887 730 1912 qua
738 1877 817 1903 ferias
826 1876 934 1910 habere,
957 1875 1055 1903 habere
1063 1875 1188 1902 comitia:
1205 1882 1280 1910 quum

211 1921 271 1945 hera
284 1919 331 1944 toti
336 1917 458 1951 familiae
472 1914 673 1940 lamentationem
687 1914 803 1947 imperat.

247 1947 587 1981 LESTRYGdNEs,
605 1947 660 1973 vid.
681 1943 1056 1974 LABSTRYGGNES.

624 2009 650 2041 L
730 2009 758 2040 E
830 2008 865 2039 T

248 2064 493 2092 LETHALIS,
514 2062 711 2084 LETHALI
726 2061 826 2088 TER,
845 2053 900 2080 vid.
916 2058 1108 2080 LETHVM.

250 2104 269 2124 1,
280 2104 298 2124 Ε
315 2104 336 2123 Τ
349 2103 370 2122 H
381 2103 403 2122 A
415 2100 466 2122 RG
476 2100 498 2118 V
511 2100 525 2119 s
535 2113 543 2126 ,
569 2092 588 2118 i.
614 2101 649 2119 m.
673 2090 830 2125 [Λήθαργος]
853 2090 891 2125 Est
905 2091 1013 2116 Marcor
1026 2095 1052 2115 et
1064 2087 1282 2124 inexpugnabilis
1298 2088 1327 2115 55

215 2143 298 2169 paene
312 2132 400 2159 somni
415 2129 557 2163 necessum,
576 2127 660 2161 inquit
674 2126 742 2154 Cels.
758 2134 778 2158 3,
792 2134 823 2151 20
841 2135 894 2150 cum
906 2126 1058 2150 alienatione
1075 2126 1173 2151 mentis.
1211 2125 1282 2151 Add.

213 2171 253 2199 Id.
265 2179 286 2202 3.
302 2174 337 2200 ¹8-
373 2166 539 2202 Sipontinus,
561 2163 714 2196 Lethargus,
727 2161 839 2188 morbus
853 2160 899 2192 est,
914 2168 995 2194 quem
1009 2159 1097 2186 Latini
1115 2160 1277 2194 Torporem

213 2200 355 2242 appellant.
399 2202 503 2230 Dicitur
519 2207 600 2226 autem
619 2198 783 2232 Lethargus‚
810 2203 838 2223 ut
851 2197 951 2232 quidam
966 2202 1069 2230 putant,
1084 2198 1129 2222 ἀπὸ
1142 2197 1185 2226 τῆς
1198 2194 1282 2227 Λήθης,

214 2244 238 2270 b.
251 2252 270 2268 e.
291 2242 322 2267 ab
336 2240 465 2266 obliuione.
485 2246 542 2263 nam
555 2235 582 2260 in
595 2244 619 2261 eo
632 2236 714 2260 morbo
726 2233 821 2259 accidit
833 2232 922 2258 obliuio
941 2232 1047 2258 omnium
1065 2241 1156 2257 rerum.
1213 2230 1280 2257 Plin.

214 2288 256 2311 20,
277 2286 300 2304 12
321 2277 459 2303 Praeterea
491 2271 623 2299 insaniam
649 2270 752 2302 facere,
781 2274 807 2295 et
829 2267 962 2302 lethargos
987 2272 1013 2293 et
1038 2266 1169 2294 iecinoris
1204 2266 1281 2293 vitia.
1291 2263 1327 2288 60

215 2313 289 2348 Conf.
309 2312 347 2339 Id.
362 2321 397 2345 32,
413 2319 451 2337 10.
507 2309 612 2335 Lucret.
625 2315 647 2339 3,
660 2312 700 2337 841
721 2304 796 2331 Adde
810 2302 883 2338 quod
899 2303 928 2329 in
940 2301 1029 2338 nigras
1043 2302 1157 2336 lethargi
1174 2303 1285 2328 immer-

214 2350 288 2385 gitur
303 2348 396 2378 vndas,
431 2346 449 2373 i.
476 2343 618 2371 Obliuiones
631 2342 727 2375 stmilcs
740 2341 782 2373 iis,
796 2349 858 2374 quas
872 2338 962 2373 facere
974 2339 1071 2364 dicitur
1084 2348 1149 2372 aqua
1168 2339 1283 2365 Lethaea.

215 2389 323 2414 Lucret.
347 2393 368 2417 3,
384 2383 431 2416 466
450 2383 481 2407 cle
494 2379 592 2412 animo,
612 2377 805 2411 Interdumque
818 2375 894 2410 graui
908 2373 1042 2409 Lethargo
1057 2375 1143 2401 fertur
1157 2375 1185 2400 in
1199 2374 1283 2400 altum

218 2424 419 2454 Aeternumque
433 2418 567 2452 soporem,
580 2414 666 2442 oculis
675 2419 795 2447 nutuque
803 2411 922 2446 ,caucum
976 2410 1080 2437 Grandi
1096 2409 1215 2444 lethargo
1237 2419 1284 2444 op-

215 2458 314 2495 preffus
334 2457 403 2483 Hor.
417 2455 501 2482 Serm.
516 2461 538 2486 2,
553 2460 574 2483 3,
591 2460 642 2483 ¹45·
687 2449 771 2476 Graui
786 2448 907 2483 lethargo
921 2448 1020 2482 press'us
1043 2446 1154 2480 Qun&
1169 2457 1193 2479 4,
1207 2455 1227 2472 2.
1245 2481 1250 2487 ⁸

254 2502 270 2520 L
282 2500 299 2520 E
310 2499 331 2519 Τ
342 2498 364 2519 u
374 2498 395 2518 A
406 2498 425 2518 R
436 2496 457 2517 G
469 2497 477 2516 1
490 2496 509 2515 A
520 2510 528 2523 ,
549 2496 587 2515 ae.
608 2487 628 2514 f.
649 2485 805 2521 [nisae-702]
827 2486 904 2511 Idem.
960 2484 1028 2510 Plin.
1041 2492 1068 2515 2⁴
1093 2492 1108 2518 9
1134 2484 1229 2510 Semen
1243 2490 1284 2508 m-

216 2530 330 2557 stillatur
344 2529 374 2555 in
387 2527 450 2554 oleo
467 2524 609 2552 deco&um
623 2522 703 2558 capiti
717 2521 747 2547 in
768 2521 896 2555 lethargia
912 2526 938 2547 et
959 2519 1059 2555 phrene
1072 2530 1088 2546 1.

256 2573 273 2593 L
292 2572 310 2592 E
329 2570 352 2592 'r
370 2570 392 2591 Η
407 2570 429 2590 Α
443 2569 463 2589 R
477 2568 499 2588 G
517 2561 532 2588 f
546 2566 562 2587 C
581 2566 603 2585 V
620 2565 653 2592 s,
672 2558 691 2585 i.
711 2567 748 2584 m.
768 2558 948 2591 [Αηξέαργικός]
968 2556 1024 2592 Qi
1035 2555 1163 2590 lethargia
1175 2555 1283 2581 laborat.

219 2602 286 2630 Plin.
302 2611 343 2634 20,
355 2610 370 2633 4
389 2597 552 2633 Hydropicis
568 2603 676 2630 quoque
689 2603 721 2621 ex
735 2600 809 2620 aceto
825 2599 869 2619 aut
883 2592 964 2628 sinapi
979 2592 1069 2625 sumti,
1091 2590 1284 2625 etlethargieis.

217 2638 292 2667 Idem
313 2639 358 2669 26,
383 2645 403 2662 11
429 2633 602 2668 Lethargicos
623 2630 735 2658 excitari
754 2628 831 2656 labor
845 2629 891 2656 est.
946 2630 1016 2656 Acld.
1036 2629 1131 2655 Horat.
1155 2628 1205 2655 Sat.
1218 2636 1241 2658 2,
1261 2635 1325 2663 3,70

218 2684 258 2708 30.
295 2673 363 2701 Cels.
381 2682 407 2705 3,
424 2677 458 2701 18.
776 2701 782 2707 ⁸
1053 2699 1058 2704 ⁸

255 2717 274 2737 L
285 2717 301 2736 E
312 2716 335 2737 Τ
347 2715 368 2735 u
381 2715 404 2735 A
417 2713 437 2734 R
450 2712 471 2733 G
481 2703 495 2733 1⁰
505 2710 593 2737 cvs,
613 2711 636 2738 a,
655 2712 712 2736 um.
732 2701 792 2729 Adi.
818 2699 1000 2736 [ληθαργικὸς]
1020 2699 1088 2727 ΡΙιη.
1106 2708 1155 2733 20,
1175 2708 1190 2732 4
1217 2699 1282 2726 Gra-

219 2746 346 2774 vedinem
358 2744 441 2777 enim,
460 2741 640 2774 morbumque
654 2738 828 2773 lethargicum
841 2737 949 2772 patitur.

255 2786 466 2809 LETHATv
481 2784 517 2809 s,
546 2777 602 2803 vid.
625 2784 642 2803 L
660 2781 824 2804 ETHVM.

254 2824 272 2845 L
286 2825 304 2846 E
318 2823 340 2844 Τ
353 2823 373 2843 Η
384 2823 401 2842 Ε
411 2837 419 2849 ,
444 2824 480 2842 es.
499 2814 518 2839 f.
540 2812 651 2848 [Λήθη]
674 2812 785 2844 Flauius,
797 2818 864 2845 quem
873 2809 941 2844 apud
952 2807 1048 2842 inferos
1060 2807 1106 2843 effi
1121 2808 1210 2833 Poi³tae
1229 2813 1282 2832 tra·
1292 2815 1320 2841 75

219 2855 349 2886 didm-unt,
368 2853 436 2878 cuius
450 2850 538 2876 latices
544 2849 575 2879 fi
581 2849 636 2883 quis
640 2847 788 2884 gustaneris,
808 2846 914 2872 omnium
925 2843 1122 2880 praeteriturum
1130 2852 1211 2869 rerum
1225 2842 1283 2868 obli.
1317 2855 1321 2858 -

219 2890 335 2924 viscitur.
372 2887 469 2915 Idcirco
482 2889 529 2912 ἀπὸ
549 2887 592 2915 τῆς
606 2883 689 2917 λήθης,
709 2883 725 2909 i.
740 2893 761 2910 e.
774 2883 804 2909 ab
818 2880 939 2908 obliuione
956 2889 1041 2906 nomen
1062 2879 1143 2906 habet.
1199 2880 1282 2919 Datus

220 2927 252 2962 est
269 2926 328 2952 hinc
340 2924 450 2959 fabulae
468 2923 549 2954 locus,
569 2920 628 2954 quia
648 2919 808 2945 morientibus
825 2916 931 2944 omnium
950 2925 1034 2942 rerum
1054 2915 1142 2941 obliuio
1158 2913 1282 2949 surrepit.

221 2961 317 2998 Constat
330 2967 411 2986 autem
421 2966 514 2985 amnem
529 2957 600 2982 huius
617 2955 721 2981 nominis
735 2955 762 2980 in
773 2953 869 2988 Africa
884 2953 950 2979 circa
964 2959 1100 2978 extremum
1114 2951 1226 2985 Syrtium
1232 2959 1283 2976 cor.

221 3009 264 3031 nu,
285 2996 403 3023 Bernicen
417 2994 501 3019 vrbem
515 2992 619 3018 alluere:
639 3000 692 3016 eum
700 2990 776 3024 fama
788 2990 822 3025 est
835 2990 870 3014 ad
882 2999 911 3014 ea
929 2990 983 3014 loca
1003 2987 1108 3022 inferna
1121 2985 1284 3012 inundatione
1292 2992 1326 3016 80

218 3039 386 3070 prormnpere,
424 3030 523 3058 Lucan.
536 3038 561 3061 9,
578 3035 617 3060 355
636 3027 725 3059 Q1am
738 3024 812 3051 iuxta
821 3024 916 3051 Lethes
929 3024 1022 3051 tacitus
1036 3022 1283 3059 perlabituramnis‚

221 3069 337 3097 Infernis
359 3071 405 3100 (vt
420 3067 491 3092 fama
507 3064 563 3096 est)
582 3062 688 3091 trahens
704 3060 808 3089 obliuia
822 3061 907 3087 venis.
980 3061 1077 3086 Secura
1098 3058 1180 3086 Lethe
1200 3058 1283 3085 Ouid.

656 3096 677 3137 ff
710 3107 722 3125 2
755 3097 840 3124 Lethe
856 3103 902 3131 pro
920 3096 995 3122 herba
1006 3102 1131 3131 papauere
1152 3094 1231 3130 Apul.
1251 3094 1283 3121 de

1289 1912 1322 1938 50

1291 2446 1324 2478 63

222 3114 254 3131 ex
273 3106 347 3131 Pont.
366 3112 392 3136 2,
413 3112 444 3134 4,
461 3110 496 3134 23.

221 3139 364 3202 Reiz-Teii
379 3148 502 3203 {3⁶13VS,
520 3181 544 3204 a,
565 3180 619 3198 um.
642 3170 702 3198 Adi.
720 3170 819 3197 Lucan.
834 3179 854 3202 3,
868 3173 896 3198 28
924 3167 990 3194 Non
1008 3176 1051 3193 me
1071 3167 1202 3194 Lethaeae
1222 3175 1284 3194 con·
1305 3167 1333 3193 85

223 3212 290 3238 iunx
306 3210 408 3237 obliuia
423 3210 498 3244 ripae
540 3209 732 3235 Immemorem
745 3207 833 3232 fecere
851 3204 899 3232 tui.
943 3203 1037 3230 Amnis
1058 3203 1188 3229 Lethaeus
1208 3203 1284 3237 Virg.

226 3249 291 3275 Aen.
300 3250 325 3280 6,
334 3254 388 3279 705.
408 3247 498 3279 Aquae
507 3243 636 3271 Lethaeae
656 3241 938 3274 Ouid.Trist.1‚7,36.
973 3238 1104 3266 Fluminis
1119 3239 1284 3265 Lethaeivn.

225 3284 257 3310 da
277 3283 352 3317 Virg.
367 3282 430 3307 Aen.
443 3283 469 3315 6,
481 3291 529 3313 7¹4-
566 3279 669 3307 Ianitor
684 3277 814 3305 Lethaeus
832 3278 895 3304 Stat.
909 3275 974 3303 Silu.
988 3285 1009 3308 3,
1023 3284 1045 3307 2,
1064 3284 1108 3301 ua.
1152 3276 1284 3309 Papauera

225 3319 340 3346 Lethaea
361 3317 434 3351 Virg.
448 3317 544 3348 Georg.
558 3327 581 3349 4,
596 3323 645 3349 545.
719 3313 801 3348 Ripae
821 3312 951 3340 Lethaeae
968 3311 1072 3339 obliuia
1097 3311 1195 3338 Lucan.
1211 3320 1233 3344 3,
1247 3317 1283 3341 28.

225 3357 338 3383 Somnus
352 3352 481 3380 Lethaeus
501 3352 577 3385 Virg,
593 3352 691 3386 Georg.
709 3360 727 3384 ι,
742 3356 779 3383 73.

264 3393 512 3420 LETHIFER,
536 3388 591 3415 vid.
608 3396 662 3413 mox
692 3390 891 3414 LETHVM.

265 3434 282 3454 L
295 3433 312 3453 E
323 3433 344 3453 Τ
357 3432 377 3452 Η
391 3431 412 3451 v
424 3431 450 3451 M
459 3443 467 3457 ,
486 3424 530 3449 vel
542 3429 558 3448 L
569 3429 585 3449 Ε
595 3429 616 3448 Τ
626 3430 645 3448 ν
656 3429 681 3450 Μ
693 3444 701 3455 ,
724 3422 744 3449 i.
765 3430 792 3449 n.
812 3421 946 3455 [θάιατος]
965 3421 1044 3447 Mors.
1081 3419 1217 3445 Secundum
1232 3416 1287 3445 Pri-

226 3463 343 3490 scianum
358 3471 373 3495 9
386 3468 451 3488 extr.
471 3469 496 3494 p.
518 3463 559 3491 873
578 3467 591 3484 a
607 3459 662 3485 Leo
676 3460 715 3492 tit,
737 3467 791 3493 quo
805 3463 907 3483 veteres
921 3455 958 3482 vfl
971 3456 1029 3482 sunt
1044 3464 1094 3490 pro
1111 3454 1206 3487 Deleo,
1220 3463 1285 3489 quo-

227 3499 300 3526 niam
322 3506 394 3524 mors
408 3496 499 3523 omnia
512 3494 590 3521 delet.
627 3495 699 3530 Qae
720 3494 800 3530 opinio
809 3493 838 3526 st
847 3502 909 3519 vera
921 3490 962 3526 est,
984 3490 1159 3526 aspirationem
1180 3499 1228 3516 non
1248 3500 1285 3516 re.

226 3535 287 3570 cipit
301 3535 404 3561 Letum.
441 3531 569 3566 Apuleius
584 3530 764 3556 Grammaticus
776 3539 791 3556 a
803 3529 862 3556 Luo
869 3527 976 3560 deducit,
993 3529 1091 3561 ideoque
1102 3532 1147 3560 per
1163 3531 1207 3552 013
1220 3526 1284 3561 scri.

227 3572 252 3597 bi
262 3569 400 3606 praecepit.
436 3568 525 3594 Varro
539 3566 571 3593 de
584 3567 613 3593 L.
630 3566 659 3592 L.
673 3566 700 3598 6,
714 3575 724 3597 3
738 3575 763 3599 p.
779 3575 804 3597 73
823 3573 847 3592 et
854 3563 943 3592 Festus
956 3573 972 3589 a
983 3562 1072 3596 Λῖιθης,
1090 3562 1108 3587 i.
1121 3562 1152 3587 ab
1164 3562 1285 3587 obliuione

229 3608 285 3641 fieri
296 3612 396 3641 putant,
416 3605 483 3630 vnde
497 3603 572 3630 etiam
587 3601 660 3628 multi
669 3607 715 3636 per
732 3601 884 3636 aflspiratam
899 3600 915 3626 s.
929 3605 976 3626 ΤΗ
994 3597 1125 3635 scribunt,
1143 3598 1201 3623 licet
1220 3598 1288 3632 apud

223 3639 380 3670 'Varronem
393 3647 415 3666 et
428 3639 532 3666 Festum
539 3638 647 3673 simplex
661 3643 684 3662 'r
698 3637 804 3662 habeant
816 3637 891 3662 libri:
916 3636 981 3669 quod
998 3635 1073 3660 etiam
1092 3634 1181 3659 habent
1195 3634 1289 3668 lapides

237 3679 306 3715 apud
319 3675 450 3704 Cellarium
463 3676 489 3701 in
504 3675 620 3708 Orthogr,
661 3674 691 3699 m
703 3672 773 3698 hodie
787 3671 960 3706 accuratiffimi
971 3671 1059 3706 qm'que
1072 3671 1178 3695 editores
1197 3669 1293 3696 Letum

224 3713 304 3749 firibt'
324 3719 415 3739 curant
435 3712 462 3737 in
483 3710 618 3744 Virgilio,
641 3708 746 3736 Ouidio
765 3715 810 3734 etc.

231 3750 352 3777 Poeticum
372 3757 445 3783 quam
462 3746 561 3782 prosae:
601 3745 655 3773 vid.
676 3745 794 3771 Ruchner.
815 3744 846 3769 de
860 3746 976 3770 Commut.
990 3749 1040 3769 rat.
1060 3741 1109 3767 dic.
1122 3747 1146 3775 p.
1161 3749 1205 3772 231.
1240 3741 1287 3766 Τα-

230 3796 284 3817 ‚mm
305 3785 366 3812 Liu.
389 3792 413 3816 2,
425 3791 463 3815 40
488 3782 616 3808 Adduffis
631 3780 727 3807 deinde
742 3778 893 3813 legionibus
907 3789 937 3806 ex
954 3787 1018 3813 agro
1032 3779 1165 3806 Romano,
1185 3776 1288 3802 inuidia

233 3822 271 3846 rei
285 3820 434 3855 oppressum
448 3818 541 3853 pcriss'e
554 3817 674 3843 tradunt:
693 3816 740 3842 alii
753 3816 809 3843 alio
826 3815 887 3841 leto.
946 3815 1032 3841 Dolor
1058 3821 1087 3840 ac
1107 3811 1215 3839 morbus
1241 3812 1287 3838 leti

232 3856 376 3883 fabricator
389 3861 501 3888 vterque
522 3854 626 3879 Luci-ct.
639 3862 661 3888 3,
674 3861 724 3885 473.
778 3852 838 3878 Nee
850 3850 903 3877 vlla
917 3851 952 3877 est
972 3852 1025 3878 Aut
1038 3857 1134 3883 magno
1147 3853 1190 3874 aut
1203 3856 1287 3882 paruo

233 3891 278 3918 leti
292 3893 352 3926 suga
373 3892 439 3918 Hor.
453 3891 503 3917 Sat.
517 3898 538 3924 2,
551 3893 576 3921 6,
593 3899 632 3922 94.
676 3889 767 3915 Genus
780 3886 930 3914 miserabile
947 3887 994 3914 leti
1015 3883 1185 3913 Ouid.Trist.
1195 3894 1212 3917 1,
1220 3892 1241 3915 2,
1254 3893 1287 3915 5¹·
1297 3893 1338 3915 105

1298 3352 1333 3378 90

1304 3533 1334 3560 95

1328 146 1422 173 Limen
1435 146 1481 173 leti
1507 146 1613 173 Lucret.
1627 148 1660 180 6,
1673 153 1733 180 1133.

1745 57 1966 100 LEV
2341 61 2394 109 64

1807 148 1878 174 Viue
1891 148 1998 176 Memor
2013 148 2061 176 leti
2075 148 2143 176 Pers.
2156 154 2185 182 ς,
2198 154 2246 182 153.
2319 147 2398 175 Mille

1329 182 1419 209 Modis
1433 183 1479 209 leti
1492 183 1603 209 miseros
1616 192 1689 209 mors
1704 191 1755 209 vna
1771 183 1865 218 fatigat
1878 184 1940 210 Stat.
1955 185 2047 212 Theb.
2063 193 2089 218 9,
2103 190 2162 215 280.
2235 184 2321 219 Sopor
2336 193 2398 211 con-

1330 217 1485 251 sanguineus
1500 218 1545 245 leti
1568 218 1644 253 Virg.
1652 219 1717 246 Aen.
1726 221 1753 251 6,
1766 222 1823 252 278.
1897 219 2030 247 Omnibus
2042 220 2078 247 est
2089 220 2181 248 eadem
2195 220 2241 246 leti
2253 220 2304 246 Via
2313 220 2398 246 Corn.

1334 251 1423 280 Gallus
1437 255 1490 282 Ecl.
1505 256 1532 287 6,
1546 261 1567 287 ς.
1640 254 1687 280 Vis
1700 253 1812 281 horrida
1826 253 1892 281 lethi
1918 255 2023 282 Lucret.
2037 265 2060 289 3,
2074 264 2123 292 171.
2195 255 2325 282 Voluntas
2344 255 2400 281 ani-

1336 289 1408 313 mosa
1421 289 1467 316 leti
1493 291 1555 317 Stat.
1572 288 1665 317 Theb.
1685 298 1718 322 9,
1739 296 1781 319 80.
1855 290 1953 317 Felices
1966 291 2013 317 leti
2039 292 2132 326 Sil.4,
2151 297 2204 326 398.
2277 290 2400 325 Ignobile

1336 322 1418 348 letum
1442 324 1487 353 Sil.
1499 334 1523 360 3,
1539 331 1585 356 128·
1658 325 1836 352 Memorabile
1849 326 1931 353 letum
1958 326 2003 352 Sil.
2019 335 2040 353 11
2050 347 2058 359 ,
2071 335 2123 362 173,
2195 327 2297 355 Nobile
2317 326 2400 352 letum

1336 358 1405 399 Hor.
1420 358 1509 388 carm.
1521 371 1547 396 1,
1568 370 1612 395 12,
1630 363 1670 394 36.
1744 361 1888 388 Absumere
1907 362 2023 388 animam
2037 363 2090 389 leto
2116 364 2192 398 Virg.
2207 364 2270 389 Aen.
2289 371 2319 395 3,
2341 363 2401 394 654.

1336 393 1462 421 Adit-nere
1473 395 1588 430 aliquem
1596 398 1651 425 leto
1669 397 1737 423 Hor.
1746 397 1867 431 Carin.3,
1881 406 1926 430 22,
1940 407 1962 430 3.
2036 397 2112 424 Affici
2125 399 2178 426 leto
2193 400 2262 434 Nep.
2272 399 2298 424 iu
2307 396 2402 432 ltegib.

1337 439 1358 456 c.
1373 438 1405 471 3.⁴
1421 430 1438 458 i.
1453 432 1548 471 *cadere
1560 433 1588 458 in
1602 438 1698 469 pugna.
1770 432 1863 459 Auehe
1881 433 1987 460 instanti
2005 440 2111 469 raptum
2131 435 2184 462 leto
2216 435 2261 476 5¹¹¹ae
2280 442 2324 468 17,
2350 438 2402 465 383·

1339 466 1460 506 Deiutari
1479 476 1534 493 11011
1552 469 1634 500 potest
1657 470 1740 496 letum
1773 470 1879 496 Luci-et.
1903 479 1931 502 3,
1956 479 2029 503 ¹092·
2110 470 2179 497 Dare
2205 471 2322 504 aliquem
2347 469 2402 495 leto

1339 501 1415 537 Virg.
1429 504 1493 543 Aen.
1509 510 1538 535 ς,
1552 504 1611 531 806.
1682 506 1724 532 Sic
1738 513 1761 531 et
1774 504 1883 531 Phaedr.
1896 513 1923 537 1,
1938 513 1987 536 22,
1999 515 2025 538 9.
2052 512 2076 532 et
2096 505 2178 532 Ouid.
2197 506 2274 540 Epist.
2296 514 2328 538 2,
2350 510 2402 537 147.

1339 538 1410 573 Qin
1424 539 1480 579 Cic.
1496 538 1527 565 de
1541 538 1645 573 [θές-Ζ
1658 548 1680 570 c.
1694 550 1709 573 9
1734 542 1792 568 Hos
1808 542 1861 567 leto
1877 540 1952 567 datos
1965 541 2043 568 diuos
2055 541 2181 568 habento.
2254 542 2365 576 Eripere
2378 540 2405 565 se

1338 572 1393 599 leto
1413 575 1490 608 Virg.
1503 574 1568 602 Aen.
1582 582 1613 606 2,
1627 581 1679 606 134-
1751 577 1830 604 Ferre
1843 577 1927 603 letum
1947 577 2022 612 Virg.
2037 578 2101 605 Aen.
2116 586 2146 610 11,
2161 583 2219 612 872.
2289 576 2404 604 interire

1339 607 1410 641 leto,
1430 611 1472 636 vel
1485 610 1575 644 perire
1595 609 1698 651 Cic3de
1711 609 1802 639 Diuin.
1814 622 1825 640 1
1843 623 1864 639 e.
1878 615 1920 640 26.
1992 612 2132 639 Labuntur
2144 613 2245 639 lumina
2259 612 2404 646 letozvirg.

1340 644 1463 685 Aen311,
1488 651 1538 676 818.
1612 646 1719 672 Offerre
1744 654 1820 680 caput
1845 649 1900 676 leto
1936 648 2042 675 Lucret.
2066 658 2078 681 3
2088 670 2097 681 ,
2122 656 2193 682 ¹054-
2268 647 2406 674 Ostentant

1341 688 1432 707 omma
1446 681 1529 707 letum
1555 681 1653 709 Catull.
1665 683 1765 716 Argon.
1779 684 1823 714 62,
1836 690 1888 717 ¹87-
1962 685 2056 711 Parere
2071 684 2117 711 fibi
2129 684 2212 711 letum
2225 692 2306 711 manu
2329 683 2406 717 Virg-

1340 716 1406 756 Aen.
1422 718 1449 749 6,
1465 725 1530 757 ¹434..
1552 752 1558 757 .
1601 718 1691 744 Perire
1705 718 1842 753 praecipiti
1856 719 1911 745 leto
1929 720 2016 747 Senec.
2031 720 2140 755 Hippol.
2153 723 2210 753 263.
2283 720 2407 746 Praeuer-

1341 757 1375 778 tit
1393 753 1473 779 celeri
1492 752 1576 779 tristia
1595 753 1651 780 leto
1688 754 1785 780 Lucan.
1804 760 1835 789 8,
1863 762 1904 787 30.
1973 758 2096 783 Sternere
2115 757 2169 783 leto
2189 756 2305 791 aliquem
2331 754 2408 788 Virg.

1340 789 1406 815 Aen.
1421 793 1444 821 8,
1458 789 1516 821 566.
1589 789 1673 815 Volui
1686 790 1740 816 leto
1773 790 1849 825 Virg.
1864 790 1929 817 Aen.
1943 799 1975 824 9,
1993 800 2047 824 433,

1379 831 1456 851 LET
1469 825 1603 859 HALIS,
1622 826 1666 850 vel
1686 832 1727 852 LE
1740 831 1866 852 TAL1s
1882 847 1890 859 ,
1916 835 1939 853 e.
1977 827 2151 861 Mortifi-rum.

2197 827 2263 855 Plin.
2285 835 2307 853 11
2325 836 2346 853 c.
2360 826 2408 852 vlt.

1343 859 1460 886 Homini
1474 869 1529 887 11011
1542 860 1635 895 vtique
1648 860 1760 895 septimo
1786 862 1906 897 (subaudi
1920 861 1986 893 Die)
2009 862 2093 889 letalis
2109 863 2206 891 inedia.
2263 862 2371 889 Durasse
2384 867 2411 888 et

1342 896 1411 937 vltra
1425 895 1596 923 vndecimum
1618 896 1730 931 (scilicet
1746 898 1839 933 Diem)
1866 898 2006 933 plerosque
2029 903 2130 924 certum
2143 900 2187 927 est.
2261 896 2331 925 Ensis
2349 898 2411 924 leta-

1343 932 1377 958 lis
1398 932 1479 959 Ouid.
1494 933 1558 959 Met.
1573 941 1607 965 13,
1626 941 1680 965 392.
1754 933 1849 959 Hiems
1863 934 1947 960 letalis
1969 933 2050 960 Ouid.
2065 934 2128 960 Met.
2143 942 2169 967 2,
2184 942 2242 970 827.
2315 933 2411 968 Frigus

1343 968 1420 994 letale
1447 968 1530 995 Ouid.
1551 968 1615 995 Met.
1636 976 1670 1001 2,
1695 970 1743 995 611.
1816 970 1934 996 Iaculum
1948 970 2024 996 letale
2046 969 2085 996 ld.
2100 970 2165 996 Met.
2186 978 2216 1003 5,
2240 976 2290 1002 ¹82·
2354 970 2411 996 Ser-

1344 1013 1408 1039 pens
1421 1003 1505 1031 letalis
1532 1005 1595 1031 Stat.
1609 1003 1702 1031 Theb.
1718 1007 1745 1037 6,
1765 1013 1811 1037 40.
1868 1005 1977 1032 Venena
1996 1006 2083 1032 letalia
2102 1005 2224 1033 Scribon.
2238 1009 2292 1040 169.
2347 1004 2412 1032 Vul-

1342 1050 1391 1067 nus
1406 1041 1481 1068 letale
1509 1041 1585 1077 Virg.
1598 1041 1662 1067 Aen.
1677 1049 1708 1073 11,
1721 1048 1784 1074 749.
1858 1041 1954 1069 Letalis
1969 1048 1992 1067 et
2006 1042 2101 1068 Fatalis
2113 1052 2129 1067 a
2143 1041 2260 1068 librariis
2268 1048 2413 1077 permutan-

1342 1083 1400 1103 tur:
1437 1077 1491 1103 vid.
1514 1077 1617 1103 Fatalis.
1693 1077 1793 1103 Minari
1811 1076 1888 1103 letale
1915 1077 1977 1103 Stat.
1995 1077 2059 1103 Silu.
2072 1088 2101 1110 4,
2120 1086 2156 1111 4,
2176 1083 2217 1111 84.

1378 1119 1482 1139 LETA
1492 1119 1509 1139 L
1519 1119 1553 1146 Ε,
1574 1113 1642 1139 Adu.
1679 1114 1734 1140 Iam
1750 1113 1826 1139 letale
1838 1113 1931 1139 furens
1956 1113 2017 1139 Stat.
2031 1112 2124 1139 Theb.
2141 1122 2175 1139 12.

1382 1155 1399 1175 L
1410 1156 1427 1175 E
1436 1155 1487 1176 ΤΗ
1496 1155 1518 1176 A
1527 1155 1543 1175 L
1554 1146 1597 1176 i'T
1607 1156 1624 1175 E
1634 1155 1676 1189 R..
1706 1148 1773 1175 Adu.
1811 1149 1879 1176 Plin.
1893 1158 1930 1182 11,
1948 1156 1980 1184 37
2011 1149 2082 1176 Oues
2098 1148 2206 1184 quidem
2218 1149 2352 1176 lethaliter
2364 1148 2416 1176 cir-

1342 1193 1402 1211 eum
1415 1194 1490 1211 renes
1503 1191 1629 1212 concreto
1651 1185 1755 1220 pingui.

1379 1228 1396 1247 L
1407 1227 1423 1247 E
1434 1227 1457 1247 'r
1467 1228 1486 1247 H
1499 1227 1521 1248 A
1531 1227 1547 1248 Β
1558 1219 1613 1247 sLl
1625 1228 1637 1247 s
1647 1242 1655 1254 ,
1676 1231 1699 1248 e.
1736 1223 1804 1247 Idem
1819 1223 1885 1257 quod
1895 1221 1998 1248 Letalis.

1342 1256 1410 1283 lucri
1424 1257 1565 1283 velocitate
1585 1256 1709 1284 letabilis.

1382 1298 1399 1319 L
1409 1291 1556 1320 ETuirE
1566 1299 1603 1325 R,
1623 1294 1641 1319 s.
1657 1299 1673 1318 L
1683 1300 1699 1319 E
1711 1299 1733 1319 Τ
1745 1299 1806 1320 IFE
1816 1300 1853 1327 R,
1871 1295 1932 1327 era,
1953 1295 2038 1320 erum.
2075 1293 2136 1320 Adi.
2173 1292 2341 1330 ,Qodinftrt
2352 1301 2414 1318 mor-

1344 1336 1401 1356 tem.
1461 1329 1593 1356 Columel.
1608 1336 1635 1363 7,
1650 1337 1677 1355 12
1703 1329 1735 1355 Et
1755 1328 1806 1361 (vt
1820 1330 1931 1364 plurimi
1944 1329 2060 1365 pastores
2073 1328 2226 1364 affirmant)
2246 1328 2333 1355 rabies
2346 1336 2417 1354 arce-

1345 1370 1406 1398 tur,
1426 1365 1517 1392 letifer
1529 1364 1640 1392 morbus
1654 1365 1716 1391 huic
1730 1365 1830 1399 generi⁴
1874 1368 1914 1391 De
1933 1366 2041 1392 canibus.
2099 1365 2190 1392 Aestus
2215 1365 2307 1391 letifer
2332 1362 2415 1390 Ouid.

1345 1401 1410 1427 Met.
1426 1409 1459 1436 7,
1477 1409 1531 1434 332.
1605 1401 1706 1436 Anguis
1734 1401 1795 1427 stat.
1809 1400 1902 1428 Theb.
1915 1409 1944 1435 ς,
1957 1404 2015 1432 628.
2089 1402 2180 1428 Annus
2212 1401 2263 1428 Vir
2284 1422 2288 1428 .
2302 1399 2366 1426 Aen.
2388 1409 2418 1432 3,

1345 1444 1398 1469 139.
1454 1437 1537 1463 Arcus
1563 1437 1639 1471 Virg.
1654 1438 1720 1464 Aen.
1735 1445 1773 1468 10,
1792 1438 1845 1469 169.
1918 1437 2018 1465 Caedes
2044 1436 2137 1465 Claud.
2158 1438 2187 1464 iu
2200 1437 2259 1463 Con
2274 1457 2280 1463 .
2296 1434 2375 1463 Prob.
2391 1440 2417 1460 et

1346 1472 1427 1505 Olyb.
1443 1481 1480 1508 ¹9·
1552 1473 1696 1500 Certamen
1708 1473 1773 1499 belli
1799 1473 1885 1500 Catul.
1899 1474 1999 1508 Argon.
2019 1476 2068 1507 62,
2085 1481 2145 1506 394.
2214 1473 2312 1498 Dextra
2332 1469 2416 1497 Ouid.

1346 1509 1412 1535 Met.
1422 1517 1465 1542 12,
1485 1510 1547 1535 606.
1621 1508 1693 1536 letus
1713 1508 1750 1536 Id.
1766 1509 1831 1535 Met.
1845 1513 1869 1542 8,
1883 1511 1940 1541 362.
2014 1510 2099 1536 Locus
2109 1508 2200 1536 letifer
2219 1507 2301 1534 Ouid.
2315 1507 2380 1534 Met.
2393 1512 2418 1539 ς,

1347 1553 1395 1578 133.
1470 1545 1603 1580 Sanguine
1617 1545 1726 1572 letifero
1745 1551 1815 1571 totus
1830 1544 1985 1579 miscebitur
1997 1545 2073 1572 orbis
2101 1544 2183 1572 Ouid.
2199 1543 2265 1571 Fast.
2278 1552 2298 1577 1,
2312 1552 2362 1574 123·

1383 1580 1640 1609 LETmecvs
1654 1602 1663 1614 ‚
1690 1582 1708 1608 s.
1730 1587 1970 1615 LrT1r1cvs,
1988 1590 2019 1615 a,
2037 1590 2091 1608 um.
2128 1582 2204 1607 Idem.
2243 1580 2305 1607 Stat.
2323 1577 2418 1606 Theb.

1346 1622 1370 1651 8,
1390 1626 1406 1644 2
1433 1619 1535 1644 Domus
1548 1617 1669 1644 letificae.
1707 1618 1753 1643 Al.
1776 1617 1919 1645 Letiferae.

1382 1661 1399 1680 L
1407 1660 1424 1680 E
1435 1660 1457 1680 T
1469 1660 1490 1680 H
1498 1659 1518 1680 O
1527 1674 1535 1686 ,
1547 1655 1590 1679 vel
1602 1660 1618 1679 L
1628 1660 1645 1680 E
1656 1659 1679 1680 '1'
1691 1660 1711 1681 O
1718 1674 1727 1687 ,
1742 1657 1796 1680 are.
1818 1655 1968 1689 Interficere,
1977 1654 2025 1679 leto
2032 1654 2102 1679 dare.

1345 1689 1444 1717 Rursus
1459 1689 1552 1716 acerba
1565 1690 1701 1722 fremunt,
1721 1690 1793 1716 Paris
1807 1689 1878 1716 hunc
1892 1689 1965 1724 quod
1981 1689 2059 1721 lem,
2079 1696 2124 1716 etc.

1381 1727 1598 1753 LETHATVS
1615 1747 1623 1759 ‚
1649 1734 1680 1758 a,
1705 1735 1760 1752 um.
1798 1725 1860 1752 Adi.
1899 1724 1982 1752 Ouid.
2000 1725 2066 1751 Met.
2086 1733 2114 1758 3,
2135 1731 2164 1758 55
2191 1724 2313 1760 Desociis
2327 1723 2418 1749 Cadmi

1344 1762 1502 1797 interemptis
1521 1772 1538 1789 a
1550 1761 1687 1797 serpente,
1721 1762 1757 1788 Vt
1777 1770 1871 1788 nemus
1894 1761 2022 1793 intrauit,
2046 1760 2177 1796 letataque
2197 1768 2311 1795 corpora
2331 1759 2419 1792 vidit,

1344 1797 1540 1833 Vifftoremque
1561 1799 1638 1833 supra
1658 1797 1762 1833 spatiosi
1782 1797 1905 1834 corporis
1925 1796 2038 1825 hostem.
2084 1798 2088 1803 '

1384 1841 1402 1860 L
1413 1841 1430 1860 E
1439 1841 1460 1860 Τ
1469 1841 1491 1860 Η
1503 1840 1525 1862 v
1537 1841 1550 1860 S
1559 1840 1581 1860 A
1592 1854 1601 1867 ,
1621 1842 1660 1861 ae.
1687 1834 1707 1860 f.
1747 1835 1863 1869 Papauer
1870 1833 2048 1870 soporiferum.
2084 1833 2163 1868 Apul.
2177 1831 2209 1860 de
2226 1832 2311 1859 Herb.
2326 1841 2347 1859 c.
2363 1838 2401 1866 53.

2056 1220 2189 1248 Ainmian.
2205 1229 2243 1255 19,
2255 1232 2269 1255 4
2286 1221 2355 1248 Lues
2367 1229 2415 1248 vo-

2140 1653 2218 1688 Virg.
2226 1652 2255 1679 in
2263 1651 2355 1678 Culice
2361 1659 2418 1683 322.

1766 1896 1792 1927 L
1861 1897 1889 1927 E
1960 1896 1991 1926 V

1346 1978 1352 1984 ·
1383 1949 1550 1971 LavAMi:
1562 1949 1604 1976 N,
1619 1942 1673 1977 fine
1689 1947 2007 1976 LEVAMENTVM,
2029 1947 2217 1970 Levis-rio.

1343 1987 1373 2005 m
1395 1986 1411 2005 L
1421 1986 1437 2005 Ε
1447 1986 1468 2005 v
1481 1987 1490 2005 1
1501 1986 1523 2008 S.

1383 2019 1425 2037 LE
1435 2019 1511 2039 VCA
1521 2033 1530 2044 ‚
1550 2022 1589 2040 ae.
1611 2014 1631 2039 f.
1668 2013 1796 2048 Spatium,
1816 2023 1864 2047 quo
1882 2013 1949 2040 Galli
1969 2021 2054 2040 terras
2059 2013 2116 2046 siue
2130 2013 2225 2040 itinera
2237 2014 2420 2047 metiebantur,

1346 2048 1420 2082 quale
1430 2049 1499 2082 apud
1511 2046 1600 2082 Persas
1614 2048 1779 2083 Parasanga3
1801 2050 1871 2082 apud
1881 2050 2000 2075 Romanos
2014 2049 2168 2074 Milliarium
2181 2050 2318 2075 dicebatur.
2358 2050 2421 2076 Erat

1346 2082 1420 2109 mille
1427 2083 1671 2117 etquingentorum
1679 2083 1807 2117 passuum,
1828 2083 1919 2117 Papias
1932 2082 1961 2109 iu
1973 2083 2084 2109 Gloffar.
2105 2085 2175 2110 Petr.
2188 2084 2304 2110 Pithoeus
2311 2084 2419 2119 Aduers.

1348 2127 1368 2150 1,
1381 2126 1414 2149 13.
1467 2118 1601 2143 Ammian.
1615 2120 1654 2150 16,
1674 2126 1706 2150 23
1735 2118 1758 2143 A
1770 2118 1848 2150 loce,
1869 2118 1939 2145 vnde
1953 2119 2073 2150 Romana
2086 2124 2212 2153 promota
2225 2121 2284 2146 sunt
2294 2119 2374 2154 ligna,
2386 2119 2419 2147 ad

1347 2154 1429 2187 vsque
1443 2153 1543 2179 vallum
1557 2151 1743 2185 barbaricum,
1761 2159 1855 2187 quarta
1869 2154 1943 2179 leuca
1956 2152 2106 2188 signabatur
2120 2160 2146 2180 et
2161 2155 2261 2182 decima
2270 2176 2278 2188 ‚
2306 2157 2322 2182 i.
2342 2165 2418 2182 vnum

1346 2197 1370 2215 et
1383 2189 1481 2224 viginti
1496 2187 1575 2215 millia
1584 2188 1706 2223 paſjitum.
1748 2188 1809 2214 Alii
1827 2189 1907 2214 aliter
1924 2190 2020 2225 legunt.
2066 2189 2123 2216 Vid.
2142 2191 2231 2217 Barth.
2252 2199 2276 2217 et
2295 2192 2419 2218 Nithard.

1347 2225 1452 2260 itemque
1465 2226 1549 2252 Burm.
1562 2227 1598 2251 ad
1611 2224 1695 2251 Rutil.
1707 2232 1733 2257 2,
1747 2229 1770 2254 8.
1830 2224 1895 2258 Vqffl
1905 2226 1935 2250 de
1953 2226 2003 2251 Vit.
2016 2226 2091 2251 Serm.
2106 2234 2129 2258 3,
2143 2234 2180 2259 19.
2200 2234 2224 2253 ee
2236 2227 2315 2263 Vales.
2328 2230 2363 2254 ad
2370 2229 2388 2254 l.
2396 2237 2420 2255 c.

1346 2260 1480 2287 Ammian.
1498 2270 1522 2295 p.
1532 2269 1589 2294 140.
1759 2257 1781 2298 ff
1803 2266 1820 2286 2
1856 2260 1959 2294 Leuca,
1972 2270 2072 2297 gemma
2088 2261 2153 2290 Ptin.
2160 2268 2202 2297 37,
2215 2271 2253 2290 10.
2289 2264 2420 2291 Harduin.

1346 2297 1396 2333 leg.
1410 2297 1561 2331 leucogaea.

1385 2339 1402 2359 L
1411 2339 1428 2359 E
1436 2339 1458 2359 V
1467 2339 1484 2359 C
1493 2340 1515 2360 A
1525 2338 1542 2359 c
1551 2338 1574 2359 A
1583 2339 1607 2358 N
1617 2338 1640 2359 'r
1649 2338 1670 2358 H
1679 2339 1700 2359 Α
1709 2351 1717 2365 ,
1736 2341 1774 2358 ae.
1799 2331 1821 2359 f.
1859 2332 2048 2366 [Λινκάκανθα]
2086 2333 2173 2360 Herba
2186 2334 2215 2359 in
2227 2335 2352 2362 cacumine
2363 2345 2420 2362 acu-

1348 2369 1412 2394 leum
1431 2368 1537 2402 habens,
1562 2367 1652 2395 radice
1671 2368 1775 2402 cyperi,
1806 2376 1873 2403 quae
1893 2368 2127 2402 commanducata,
2157 2368 2279 2397 dentium
2297 2370 2421 2400 dolorem

1348 2404 1419 2431 sedat
1440 2405 1507 2432 Plin.
1521 2413 1564 2438 22,
1578 2405 1615 2430 16.
1652 2404 1722 2430 Add.
1738 2412 1774 2437 21,
1789 2412 1822 2436 31.
1836 2412 1859 2430 et
1872 2411 1914 2439 27,
1929 2412 1965 2432 12.

1347 2447 1403 2504 Pl*L
1413 2447 1430 2467 E
1439 2447 1462 2465 v
1472 2447 1489 2467 C
1498 2448 1521 2468 A
1530 2446 1546 2467 C
1556 2447 1576 2467 H
1585 2442 1610 2469 A*
1618 2446 1640 2467 T
1648 2446 1665 2466 E
1675 2446 1703 2474 s,
1724 2440 1756 2467 is.
1773 2449 1809 2467 m.
1846 2441 1964 2473 Gemma,
1985 2440 2058 2476 quast
2065 2447 2092 2467 tu
2105 2439 2196 2468 album
2203 2440 2330 2469 Achatem
2341 2443 2420 2471 dicas.

1376 2485 1413 2504 in.
1429 2484 1476 2512 37,
1497 2486 1534 2505 10.

1386 2519 1614 2543 LEVCADIA,
1638 2517 1894 2546 LEVCADIVS,
1931 2512 1986 2540 vid.
2014 2522 2071 2539 mox
2091 2519 2254 2541 Lssvcns.
2462 2543 2463 2549 ¹

1388 2556 1405 2576 L
1414 2556 1461 2576 EV
1470 2555 1487 2576 C
1496 2555 1517 2576 A
1526 2556 1549 2575 N
1561 2556 1584 2576 T
1595 2556 1616 2575 Η
1625 2548 1674 2576 §M
1684 2555 1693 2575 1
1702 2555 1715 2575 s
1730 2569 1738 2581 ‚
1764 2548 1825 2575 i'dis.
1854 2548 1875 2575 f.
1920 2549 2012 2574 Herba.
2070 2549 2137 2578 Plin.
2155 2557 2202 2583 22,
2226 2558 2254 2576 21
2280 2550 2420 2578 Anthemis

1350 2585 1452 2620 magnis
1465 2584 1587 2612 laudibus
1601 2584 1751 2612 celebratur
1771 2584 1804 2611 ab
1817 2583 1977 2619 Asclepiade.
2019 2584 2111 2620 Aliqui
2130 2585 2353 2613 Leucanthemida
2373 2596 2421 2614 vo.

1351 2627 1427 2654 cant,
1452 2621 1498 2647 alii
1517 2620 1759 2652 Leucanthemum,
1784 2621 1831 2647 alii
1847 2619 2042 2647 Eranthemon:
2081 2621 2210 2656 quoniam
2230 2631 2292 2649 vere
2310 2623 2419 2651 floreat:

1348 2657 1397 2683 alii
1410 2656 1623 2689 chamaemilon,
1643 2655 1771 2691 quoniam
1786 2656 1899 2683 odorem
1913 2657 1977 2682 mali
1992 2656 2099 2684 habeat:
2137 2658 2262 2684 nonnulli
2276 2659 2420 2686 melanthe-

1348 2702 1413 2720 mon
1429 2698 1534 2720 vocant.
1578 2693 1681 2719 Genera
1695 2691 1752 2718 eius
1766 2691 1817 2718 tria
1828 2692 1897 2719 flore
1909 2698 2010 2719 tantum
2026 2692 2137 2726 distant,
2163 2694 2281 2728 palmum
2299 2703 2354 2721 non
2375 2703 2420 2722 ex-

1349 2728 1484 2762 cedentia,
1503 2729 1644 2763 paruisque
1657 2726 1769 2754 floribus
1789 2733 1816 2755 vt
1830 2734 1906 2756 rutae
1920 2728 2055 2762 candidis,
2082 2737 2127 2757 aut
2144 2729 2268 2764 melinis,
2294 2737 2339 2758 aut
2357 2740 2420 2766 pur.

1347 2764 1446 2800 pureis.
1486 2764 1558 2798 Confi
1578 2764 1644 2791 Plin.
1657 2772 1705 2799 27,
1720 2772 1754 2791 12.

1385 2807 1402 2827 L
1412 2807 1428 2827 E
1437 2808 1458 2827 v
1467 2807 1484 2827 C
1493 2807 1516 2828 Α
1525 2807 1548 2827 Ν
1559 2806 1636 2827 THE
1648 2807 1677 2834 S,
1698 2800 1728 2826 is.
1749 2800 1770 2827 f.
1808 2801 1849 2826 lta
1864 2800 1914 2826 alii
1926 2800 2089 2827 Parthenium
2101 2808 2202 2828 vocant.
2239 2802 2306 2829 Plin.
2321 2810 2364 2836 21,
2377 2808 2419 2836 30.

1385 2844 1402 2863 L
1413 2843 1430 2864 Ε
1441 2843 1460 2862 v
1470 2842 1518 2864 CA
1529 2843 1551 2863 N
1563 2843 1613 2864 ΤΗ
1625 2843 1646 2863 V
1657 2843 1685 2870 S,
1707 2836 1725 2863 i.
1746 2845 1782 2863 111.
1807 2835 1974 2871 [λεύκαν-ἧος]
1999 2837 2092 2864 Herba.
2118 2837 2238 2872 Apul.de
2247 2838 2331 2866 Herb.
2345 2847 2419 2872 c.92.

1386 2879 1429 2900 LE
1439 2879 1460 2898 v
1472 2879 1546 2900 CAR
1556 2879 1577 2899 G
1588 2880 1596 2899 1
1606 2879 1622 2899 L
1633 2878 1698 2900 1710
1708 2879 1730 2898 N
1745 2893 1753 2906 ,
1778 2873 1796 2898 i.
1822 2882 1849 2898 n.
1900 2873 1966 2899 Plin.
1984 2881 2028 2907 17,
2047 2880 2065 2908 7
2103 2873 2302 2909 Leucargillion
2322 2880 2419 2902 vocant

1349 2908 1491 2936 candidum
1503 2909 1624 2944 argillam
1633 2929 1641 2942 ‚
1662 2917 1713 2943 qua
1725 2909 1752 2934 in
1767 2908 1903 2944 Megarico
1917 2917 1983 2943 argo
1996 2914 2117 2936 Vtuntur.

1386 2952 1403 2972 L
1413 2951 1429 2971 Ε
1439 2951 1460 2971 ν
1471 2951 1488 2971 c
1500 2951 1522 2972 A
1534 2952 1563 2978 s,
1582 2945 1647 2972 adis.
1673 2945 1693 2971 f.
1732 2945 1862 2979 [Ae-mac]
1900 2946 1932 2971 Et
1953 2951 1970 2971 1.
1980 2951 1996 2971 E
2008 2951 2030 2971 v
2040 2951 2116 2973 CAD
2127 2952 2167 2972 1A
2184 2947 2279 2979 Petra,
2304 2938 2419 2981 promeb-

1349 2982 1440 3008 torium
1455 2982 1528 3016 Fpirt'
1542 2982 1610 3007 circa
1619 2981 1778 3007 Ambraciam
1786 3001 1794 3014 ,
1816 2981 1843 3006 in
1857 2990 1903 3016 quo
1919 2981 1994 3007 etiam
2010 2987 2027 3007 L
2038 2987 2054 3007 E
2064 2987 2085 3007 V
2093 2986 2110 3008 C
2119 2988 2141 3009 A
2149 2987 2168 3008 D
2177 2989 2186 3008 1
2195 2989 2216 3008 V
2225 2988 2238 3008 S
2253 2981 2354 3017 Apollo,
2374 2981 2420 3016 qui

1348 3017 1413 3044 idem
1429 3017 1568 3050 Abliacus,
1589 3017 1688 3043 colitur.
1725 3017 1766 3043 Ab
1779 3018 1825 3043 hac
1842 3018 1920 3043 Petra
1942 3017 2059 3052 dess'liiffi
2076 3017 2105 3042 in
2125 3026 2193 3044 mare
2211 3017 2330 3043 dicuntur
2348 3018 2418 3043 inue-

1348 3053 1413 3089 uustl
1431 3053 1602 3088 desperatIque
1620 3060 1746 3085 amantes,
1780 3060 1804 3079 et
1823 3053 1903 3079 morbo
1917 3052 1962 3088 suo
1986 3052 2099 3080 liberati.
2157 3053 2233 3079 Locus
2257 3050 2366 3086 claffirus
2384 3053 2419 3090 est

1351 3088 1432 3117 Ouid.
1448 3090 1512 3116 Her.
1527 3097 1562 3122 ις,
1576 3091 1623 3123 164
1638 3090 1691 3125 sqq.
1728 3091 1798 3116 Add.
1822 3096 1838 3116 L
1848 3095 1864 3115 a
1872 3095 1918 3116 vc
1927 3095 1949 3116 A
1957 3095 1980 3115 Τ
1991 3094 2008 3114 Ε
2019 3094 2042 3114 s,

1385 3132 1402 3152 L
1413 3132 1430 3152 E
1442 3132 1462 3152 V
1471 3132 1488 3152 C
1496 3132 1518 3153 A
1527 3132 1545 3152 D
1555 3133 1564 3151 1
1574 3132 1594 3151 v
1604 3132 1617 3151 s
1626 3145 1634 3158 ,
1654 3134 1684 3160 a,
1701 3134 1757 3152 um.
1794 3124 1961 3159 [Λευκάδιος]
2000 3123 2076 3159 Aqua
2087 3123 2219 3151 Leucadia
2240 3123 2322 3150 Ouid.
2336 3123 2418 3159 Epist.

1348 3169 1389 3196 ις,
1402 3167 1455 3192 180.
1525 3161 1595 3188 Deus
1610 3161 1757 3188 Leucadius
1777 3160 1857 3187 Ouid.
1872 3159 1958 3186 Trist.
1972 3168 2001 3192 ς,
2014 3168 2045 3192 2,
2063 3162 2107 3194 76.
2121 3167 2145 3186 et
2163 3167 2191 3193 3,
2204 3168 2228 3192 1,
2241 3168 2286 3193 42.
2322 3159 2417 3196 Apollo.

1349 3199 1449 3226 Vertex
1462 3197 1609 3224 Leucadius
1635 3197 1733 3225 Lucan.
1750 3205 1773 3230 ς,
1786 3199 1840 3229 638.
1890 3195 1966 3222 Vnda
1980 3196 2111 3222 Leucadia
2131 3195 2214 3222 Ouid.
2227 3195 2307 3231 Epist.
2322 3204 2355 3229 15,
2369 3200 2417 3227 ¹83-

1384 3241 1402 3262 L
1413 3241 1430 3261 E
1442 3241 1463 3260 V
1473 3240 1490 3260 C
1500 3241 1522 3261 A
1531 3240 1567 3260 SP
1577 3241 1586 3260 1
1596 3241 1608 3260 S
1618 3256 1625 3267 ‚
1646 3234 1707 3260 i'dis.
1745 3232 1805 3259 Adi.
1842 3232 2007 3267 [λευκάσπις]
2047 3232 2162 3258 Candido
2168 3231 2239 3266 scuto
2252 3231 2318 3267 vsus.
2355 3231 2417 3257 Liu.

1349 3278 1397 3304 44,
1410 3277 1439 3303 41
1469 3270 1612 3296 Secundam
1636 3270 1770 3304 legionem
1789 3269 1819 3295 L.
1831 3267 1944 3295 Albinus
1959 3267 2102 3295 consularis
2115 3267 2210 3295 ducere
2222 3267 2344 3295 aduersus
2363 3266 2418 3293 leu-

1349 3306 1477 3343 caspidem
1490 3305 1645 3341 phalangem
1659 3305 1748 3332 iussus.

1390 3350 1406 3370 L
1416 3349 1434 3369 E
1443 3349 1464 3369 V
1472 3348 1489 3370 C
1498 3342 1521 3369 Ᾱ
1529 3349 1551 3369 Τ
1560 3349 1576 3368 E
1588 3349 1600 3369 s
1610 3360 1619 3373 ‚
1638 3351 1674 3369 ae.
1703 3340 1723 3367 f.
1761 3339 1921 3376 [Λευκάτικ]
1959 3341 2052 3374 Mons,
2072 3338 2117 3376 seu
2134 3337 2326 3376 promontorium
2340 3344 2416 3373 prope

1352 3379 1439 3406 Sinum
1453 3378 1611 3405 Ambracium
1626 3378 1653 3403 in
1669 3376 1758 3412 Ερίνο,
1777 3385 1846 3401 mare
1858 3376 1959 3402 intrans
1969 3377 2035 3402 alias
2058 3384 2073 3403 L
2083 3383 2100 3403 E
2109 3383 2130 3403 V
2140 3382 2156 3403 C
2165 3381 2217 3403 AS·
2254 3373 2330 3407 Virg.
2349 3374 2416 3401 Aen.

1349 3425 1372 3447 3,
1386 3423 1440 3450 274
1460 3415 1523 3442 Mox
1535 3420 1560 3440 et
1574 3414 1702 3440 Leucatae
1720 3410 1840 3439 nimbosa
1854 3412 1990 3438 cacumina
2002 3412 2112 3439 montis.
2161 3408 2279 3438 Nubifer
2291 3410 2418 3437 Leucates

1353 3451 1446 3477 Claud.
1460 3450 1492 3478 de
1506 3450 1569 3478 Bell.
1590 3450 1649 3476 Get.
1663 3450 1714 3479 186.
1769 3448 1869 3474 Auson.
1882 3448 1980 3483 Cupid.
2001 3448 2093 3475 crucif.
2107 3455 2141 3479 24
2174 3445 2205 3470 Et
2217 3444 2249 3470 dc
2266 3445 2415 3472 nimbifero

1353 3487 1446 3513 saltum
1479 3488 1588 3514 Leucate
1613 3484 1731 3511 minatur
1756 3484 1870 3510 Mascula
1890 3483 2022 3516 Lesbiacis
2043 3482 2144 3517 Sappho
2163 3480 2281 3515 peritura
2307 3481 2415 3516 sagittis.

1353 3523 1424 3556 Conf.
1439 3522 1512 3549 Seru.
1523 3523 1559 3548 ad
1568 3522 1660 3554 Aen.3,
1673 3528 1726 3555 274
1739 3527 1761 3546 et
1775 3527 1835 3554 279.
1849 3528 1873 3545 et
1886 3530 1948 3556 quae
1961 3521 2073 3556 Scaliger
2091 3519 2127 3543 ad
2139 3517 2237 3544 Auson.
2251 3516 2266 3544 l.
2280 3526 2302 3543 c.
2314 3526 2345 3543 ex
2358 3519 2415 3544 Pto-

1351 3559 1440 3584 lemaeo
1454 3555 1656 3594 Hephaestionis,
1674 3558 1717 3583 vel
1730 3557 1814 3582 Phario
1827 3557 1917 3590 potius.

1395 3600 1411 3620 L
1421 3601 1438 3621 E
1447 3602 1466 3621 v
1477 3601 1493 3622 c
1503 3601 1528 3622 Ε.
1561 3592 1669 3629 [λεύκῃ]
1712 3591 1854 3628 Vitiliqiuis
1870 3592 1972 3628 species.
2012 3589 2068 3629 Vf'd·
2094 3596 2115 3615 Α
2123 3595 2139 3615 L
2149 3596 2164 3615 P
2173 3595 2194 3615 H
2204 3594 2223 3615 0
2231 3595 2255 3615 S·
2287 3589 2318 3615 ¹⁸¹-
2336 3588 2414 3614 herba

1355 3630 1421 3658 Plin.
1433 3639 1469 3664 19,
1482 3638 1502 3664 ς.
1514 3639 1538 3658 et
1551 3629 1616 3664 lapis
1628 3629 1666 3655 Id.
1675 3636 1718 3663 27,
1734 3636 1763 3654 11.
1799 3630 1891 3664 Nempe
1904 3628 1996 3655 Albam
2006 3625 2143 3660 fignificat.

1394 3673 1411 3692 L
1422 3674 1437 3693 F.
1447 3674 1466 3693 V
1475 3673 1492 3693 C
1501 3674 1517 3693 F.
1526 3673 1546 3694 o
1554 3673 1573 3692 R
1583 3671 1603 3692 O
1613 3670 1636 3690 N
1647 3684 1656 3697 ‚
1676 3664 1695 3690 i.
1721 3674 1746 3691 u.
1784 3665 1868 3690 Herba
1879 3664 1974 3694 eadem,
1993 3670 2054 3694 quae
2074 3669 2097 3686 et
2109 3660 2302 3695 Leontopodion,
2323 3660 2353 3685 de
2365 3669 2415 3694 qua

2259 1944 2315 1970 Vid.
2332 1943 2419 1976 Leuo,

867 3710 994 3734 Caeterum
1006 3705 1038 3742 est
1050 3706 1194 3731 vocabulum
1208 3702 1436 3738 nitigisiooficpra.
1478 3704 1533 3730 Vid.
1549 3701 1614 3729 Plin.
1628 3702 1672 3734 26,
1687 3705 1708 3730 8.
1745 3700 1821 3736 Apul.
1836 3699 1868 3726 (le
1881 3696 1961 3724 Herb.
1981 3704 2034 3731 c.7.

1395 3746 1410 3765 L
1422 3746 1438 3765 E
1448 3746 1468 3765 v
1477 3745 1494 3765 C
1503 3746 1536 3766 11²
1545 3744 1577 3765 ΡΙ
1588 3744 1600 3763 S
1609 3757 1617 3769 ‚
1639 3735 1705 3763 idos.
1726 3735 1745 3762 f.
1769 3736 1911 3772 ,Epitheton
1924 3732 2028 3758 Phoebes
2041 3732 2247 3768 Leuclppifiliae,
2267 3740 2413 3766 quantoma-

1354 3775 1395 3802 bae
1410 3774 1504 3811 Castor.
1541 3775 1660 3808 Propert.
1674 3781 1699 3804 1,
1713 3781 1738 3805 2,
1753 3781 1784 3806 ις.
1826 3770 1880 3796 Vid.
1898 3768 2030 3809 Hygini.
2046 3773 2088 3798 80.
2171 3803 2176 3808 ¹

1392 3817 1409 3838 L
1420 3818 1437 3837 E
1446 3818 1466 3837 V
1477 3817 1493 3837 C
1501 3817 1521 3838 o
1529 3816 1545 3837 C
1556 3817 1574 3837 Η
1583 3815 1601 3835 R
1612 3816 1620 3834 1
1630 3815 1650 3833 v
1659 3814 1671 3833 S
1681 3829 1688 3840 ,
1709 3817 1722 3834 a
1731 3829 1739 3840 ,
1759 3816 1812 3834 um.
1836 3803 1952 3831 Mustum
1967 3804 2081 3839 Pl1u.14,
2092 3808 2114 3833 8.
2127 3803 2174 3828 alit
2187 3802 2234 3837 leg.
2242 3801 2413 3829 leucochrun.

1390 3854 1407 3874 L
1416 3854 1432 3874 E
1441 3854 1460 3872 V
1471 3853 1488 3872 C
1496 3853 1515 3873 o
1523 3852 1540 3872 C
1549 3852 1569 3871 Η
1579 3851 1597 3871 R
1606 3845 1648 3870 Y'S
1657 3850 1675 3870 O
1684 3851 1696 3870 s
1705 3865 1712 3876 ,
1733 3845 1751 3870 i.
1782 3850 1815 3868 m.
1853 3840 2024 3875 [Αευκόχςυσος
2031 3841 2047 3874 ]
2082 3840 2197 3872 Gemma,
2217 3847 2279 3873 quae
2289 3839 2324 3873 fit
2341 3838 2412 3871 chry-

1347 3882 1440 3920 solitho
1453 3880 1649 3909 imeralbicantc.
1688 3880 1753 3907 Plin.
1766 3884 1805 3911 37,
1819 3884 1833 3909 9
1847 3883 1870 3901 ct
1885 3883 1922 3902 10.

1743 3923 1745 3929 “
2270 3914 2289 3936 Ι-
2297 3914 2313 3935 ΪΞ
2325 3915 2346 3935 V
2354 3913 2370 3934 C
2380 3914 2412 3935 0-
