2517 4231
217 93 267 130 47
622 75 844 118 LAV
952 82 954 85 ’
1757 68 1980 123 [ιῚΑῪ
2155 130 2169 133 π
2325 79 2378 124 48

222 165 294 200 Qud
309 165 391 200 igitur
404 166 492 193 causae
505 166 648 201 excogitari
660 166 752 202 potest,
771 175 819 193 cur
833 171 857 192 te
871 166 970 192 lautum
983 163 1113 195 volucrit,
1132 166 1272 188 coenatum
1332 163 1422 192 naccis
1436 163 1619 191 subiiceretur.
1655 164 1731 191 Hanc
1745 165 1793 190 effe
1809 164 1878 191 folio
1892 165 2022 197 maximo,
2047 163 2210 197 flaccidoque
2218 168 2244 190 et
2253 162 2395 194 albicante,

221 202 348 234 voluerit,
366 201 504 229 occidere?
546 204 576 230 In
590 203 660 230 vnda
673 204 741 229 lotus
762 203 821 229 Stat.
836 201 900 228 Silu.
921 209 938 233 1,
954 210 975 233 5,
988 202 1026 225 62.
1083 199 1176 224 Manus
1190 197 1274 223 13111ᾶὲ
1334 200 1490 235 Delphicam
1504 200 1610 234 aequali
1625 200 1726 233 colore,
1746 200 1921 233 viridiorem,
1943 200 2068 227 maximis
2082 200 2177 232 baccis,
2209 205 2288 233 atque
2301 208 2316 225 e
2332 199 2397 225 viri-

221 234 293 265 hor.
307 239 391 264 Serm-
404 247 426 272 2,
438 247 461 272 3,
478 244 531 267 282·
566 239 728 265 Vestimenta
744 239 796 263 iiim
809 236 888 262 semel
898 236 951 262 10ῒᾶ
966 237 1070 262 Pctron.
1084 242 1106 261 C·
1119 243 1158 266 30-
1196 233 1277 259 Plaut-
1337 236 1364 262 di
1377 236 1543 262 rubentibus.
1598 236 1654 262 Hac
1675 236 1792 262 vic'lores
1812 236 1922 270 Delphis
1944 236 2078 267 coronari,
2098 242 2124 262 et
2136 234 2328 269 triumphantes
2344 236 2398 262 Ro-

225 274 314 301 Pseud.
328 283 347 308 ¹,
362 282 384 306 ²2
395 283 421 305 32
437 275 524 301 Facite
538 290 583 294 —
596 275 715 308 lautaque
724 273 850 306 coetuque
858 271 949 298 omnia
963 270 1057 297 vtsint.
1136 267 1157 308 q
1171 279 1183 296 2
1212 269 1276 295 Lau·
1337 278 1405 298 11130.
1442 272 1568 307 Cypriam
1583 271 1632 297 effe
1647 271 1716 298 folio
1732 272 1819 305 breui,
1839 272 1928 307 nigro,
1948 280 1996 306 per
2010 271 2143 306 margines
2165 270 2325 306 imbricato,
2346 271 2398 297 cri-

226 316 277 343 1115,
297 310 436 343 [λαμ-φὺς,
455 310 604 344 manime]
624 309 779 344 Splendidus,
793 307 896 340 nitidus,
910 307 1029 333 delicatus
1049 307 1093 332 vel
1104 316 1120 331 a
1134 305 1282 332 ttiuitiisvcl
1298 312 1312 339 5
1339 306 1420 339 spam,
1456 315 1480 334 et
1504 314 1611 333 caetera.
1630 307 1712 333 Lauri
1726 307 1851 334 fruticem
1864 317 1919 334 non
1935 307 1982 333 icit
1999 308 2102 334 fulmen
2122 307 2190 334 Plin.
2211 315 2233 339 2,
2253 315 2288 337 55.
2331 306 2397 333 [311-

225 347 255 372 ab
269 344 365 381 ingenii
376 347 456 380 lepore
468 354 492 372 et
505 345 643 380 venustate.-
667 345 792 369 interdum
805 352 851 368 non
864 343 945 368 minus
965 351 1037 377 quam
1057 341 1182 368 delicatus
1203 340 1282 379 firma!
1340 341 1364 367 ri
1380 340 1473 369 baccae
1487 342 1607 370 Scribon.
1623 343 1717 378 Comp.
1733 353 1753 375 3.
1773 344 1802 371 it.
1819 346 1871 370 262.
1913 343 1963 371 Sed
1981 343 2082 370 Laurus
2095 342 2191 370 baccae
2206 342 2244 370 Id.
2259 351 2280 373 5.
2303 342 2333 367 it.
2348 344 2399 374 263.

222 380 314 417 fastum
326 388 351 406 et
362 389 503 407 contemtum
514 382 618 406 imlicat.
679 379 736 405 Cic.
750 380 829 406 Verr.
846 388 864 411 1,
880 387 904 411 17
927 379 1018 411 (Qun⁴
1040 378 1087 404 iste
1106 384 1183 411 atque
1202 375 1277 401 istius
1341 379 1464 404 Amantes
1476 377 1594 405 carmina
1608 379 1696 405 laurus
1718 380 1781 405 Stat.
1800 379 1865 406 Silu.
1887 389 1911 416 4,
1926 382 1951 415 6,
1966 385 2005 412 98.
2062 379 2205 414 Apollinea
2219 378 2320 411 laurus,
2333 377 2399 411 quia

226 417 305 443 amici
328 415 451 442 homines
472 416 550 448 lauti,
577 420 603 440 et
621 414 716 441 vrbani
730 437 738 449 ‚
757 415 891 441 sermones
910 413 1096 440 huiuscemodi
1115 411 1278 451 dillipass'ent.
1341 412 1427 439 dicata
1440 411 1477 437 est
1488 415 1607 448 Apollini
1629 414 1712 442 Ouid.
1728 414 1794 441 Fast.
1811 418 1836 448 6,
1851 425 1887 450 9¹·
1924 416 1961 444 ld.
1977 415 2043 442 Met.
2062 423 2082 450 1,
2101 424 2143 448 557
2170 415 2286 441 Fabulam
2301 415 2329 439 de
2349 414 2399 440 Da-

226 452 382 479 Militariter
396 452 479 478 lautus
498 451 588 477 Tacit.
602 450 670 477 Hist.
685 460 706 479 2,
721 456 763 479 80.
799 450 880 477 Plaut.
893 450 954 477 Mil.
970 459 992 482 3,
1008 459 1027 483 1,
1045 457 1084 482 192
1105 448 1214 474 Lautam
1228 455 1282 479 Vis,
1341 448 1411 483 phne
1431 457 1483 474 cum
1497 450 1620 483 Apollinis
1632 460 1724 477 amores
1732 450 1837 485 fugeret
1856 452 1883 476 in
1897 453 2009 478 arborem
2015 450 2060 487 sui
2074 451 2178 477 nominis
2192 449 2322 485 (Daphne
2335 449 2400 476 enim

225 497 259 515 an
278 497 345 523 quae
365 488 483 514 nondum
501 487 530 513 fit
544 486 629 513 lauta?
656 486 674 512 i.
697 487 740 512 Vis
757 487 886 512 admodum
907 485 1012 520 puellam
1030 491 1054 509 et
1073 483 1279 518 adolescentulam
1301 492 1330 512 10
1342 485 1445 511 Graecis
1458 485 1605 519 laurusest)
1625 494 1719 513 mutata
1733 487 1857 523 ιτα-βω),-

227 533 429 558 tenertoremque,
455 532 515 557 quae
530 524 635 548 nondum
649 521 744 548 balneis
755 529 860 552 Utatur,
883 531 915 546 an
925 519 1130 555 grandiusculum
1144 526 1169 545 et
1191 525 1282 544 nmtro-
1445 519 1496 546 Cui
1510 519 1727 549 De11s‚atc0niux
1741 530 1870 556 quomam
1884 531 1945 548 mea
1959 531 2014 548 non
2035 527 2109 556 potes
2123 521 2183 554 effe,
2228 522 2231 525 '

226 570 284 586 nam
297 567 440 594 nuptamque
453 565 476 583 et
489 558 572 583 virum
581 557 654 592 saepe
666 563 801 592 expertem,
822 565 884 590 quae
898 556 948 581 iam
964 555 1063 591 publice
1083 555 1168 580 lauet?
1241 553 1282 579 Sic
1445 555 1535 582 Arbor
1548 555 1601 581 eris
1615 553 1695 590 εει-ἐξ,
1717 558 1794 591 dixit,
1817 567 1889 584 mea:
1910 559 2012 593 semper
2026 556 2163 584 habebunt

230 596 362 623 Turnebus.
398 595 447 619 Sed
458 594 505 619 vix
517 593 614 619 dubium
627 592 670 629 cst,
690 593 749 628 quin
757 592 836 625 simul
847 585 952 626 lafluia
971 591 1060 616 comica
1081 590 1230 626 respiciatur
1248 588 1284 614 ad
1446 592 1492 618 Te
1508 600 1594 624 coma,
1615 591 1780 627 tencitharae,
1794 600 1819 620 10
1832 594 1948 627 nostrae,
1961 594 2058 626 Laure,
2071 593 2222 628 pharetrae.

227 631 361 665 notionem,
381 639 452 664 quam
465 629 618 661 traflamus,
644 639 693 664 qua
713 629 784 654 lauta
792 627 862 662 fiant,
883 626 1002 662 venusta,
1021 627 1122 660 nitida,
1147 624 1282 662 placentia.
1445 627 1496 654 Tu
1511 627 1622 654 ducibus
1636 627 1720 653 Latiis
1737 630 1833 663 aderis,
1854 639 1913 657 cum
1930 631 1998 656 laeta
2011 628 2180 663 triumphum

227 666 371 701 Negotium
388 665 496 697 1311111111,
513 664 568 691 vid.
589 669 802 691 NFGOT1VM.
839 663 928 698 Opera
943 664 1013 689 lauta
1027 661 1095 689 Plin.
1119 672 1150 695 13,
1165 672 1188 695 4.
1224 661 1280 688 Ser·
1297 667 1324 695 ις
1447 662 1508 689 Vox
1521 669 1612 694 canet;
1633 669 1658 689 et
1673 662 1769 697 longae
1778 665 1861 692 visent
1875 666 2003 701 capitolia
2016 673 2130 700 pompae

227 703 256 729 vi
271 701 406 733 lautiores,
424 701 441 727 i.
458 701 627 735 Elegantiores
646 701 701 727 Cic.
721 698 751 724 in
771 698 860 725 Parad.
881 707 903 730 5.
958 699 1101 734 Superbiam
1112 699 1191 731 simul
1208 702 1280 722 notat
1448 698 1568 725 Postibus
1582 698 1703 733 Augustis
1718 698 1811 726 eadem
1824 700 1941 729 fidiffima
1958 701 2044 728 custos

227 738 283 765 Cic.
298 737 369 763 Fam.
384 746 405 769 7,
420 745 444 768 14
463 735 547 762 Valde
559 736 613 763 iam
628 736 712 761 lautus
720 743 756 767 cs,
764 734 811 768 qui
824 743 935 769 grauere
949 733 981 761 ad
996 743 1039 761 me
1051 733 1140 761 literas
1149 733 1220 767 dare,
1232 732 1281 758 ho·
1450 736 1518 760 Ante
1532 734 1604 761 fores
1619 734 1707 768 stabis,
1726 735 1896 770 mediamque
1915 737 2026 764 tuebere
2046 744 2182 771 quercum.

227 773 295 800 mini
308 771 459 807 praesertim
473 780 557 807 prope
570 771 723 798 domestico.
759 770 915 796 Adcliuitias
929 770 957 796 in
975 770 1066 806 primis
1082 771 1203 806 pertinet.
1238 769 1280 794 Iu·
1344 770 1466 806 Fulgent.
1482 769 1597 802 Mythol.
1610 780 1628 801 1,
1645 780 1665 803 13
1685 771 1777 806 Amica
1793 771 1927 806 Apollinis
1942 774 1977 800 ob
1992 773 2059 800 hanc
2073 781 2132 799 rem
2144 770 2260 798 vocitata
2272 769 2318 803 est,
2339 767 2404 809 quia

227 808 311 836 venai.
327 817 345 840 1,
362 809 392 842 67
412 807 471 842 Qu
483 808 508 834 se
521 808 619 834 lautum
632 812 710 841 atque
723 805 830 833 beatum
845 805 948 840 exiguis
967 805 1064 832 tabulis
1082 813 1107 833 et
1127 812 1231 840 gemma
1244 804 1282 830 fe·
1345 807 1399 843 illi,
1421 806 1468 841 qui
1483 805 1515 832 de
1530 803 1753 840 interpretatione
1768 807 1937 833 somniorum
1949 808 2116 842 scripserunt,
2133 821 2179 828 -—-
2199 806 2360 842 promittunt
2374 814 2405 832 m

226 850 295 871 cerat
309 843 369 871 vda.
415 849 421 851 ‘
440 843 582 871 Lautissimi
602 843 685 869 solent
705 843 753 869 ess'e
772 843 800 868 in
815 842 848 869 iis
868 842 933 869 locis
959 842 1016 869 Cic.
1039 851 1089 877 pro
1102 842 1187 868 Plane·
1203 850 1226 869 c.
1240 842 1281 867 26-
1296 846 1332 867 20
1345 843 1423 870 libris
1437 842 1500 877 suis,
1518 841 1624 868 laurum
1638 841 1656 868 si
1672 842 1869 870 dormientibus
1883 844 1914 870 ad
1927 849 2004 878 caput
2017 844 2151 878 posueris,
2164 851 2229 871 vera
2244 841 2403 869 somniaefl'e

225 881 294 908 Ter.
309 880 407 907 Heaut.
418 890 439 913 4,
452 889 475 913 5,
489 889 522 910 50
553 879 653 905 Omnes
674 884 699 905 te
718 878 748 904 in
767 876 837 905 lauta
856 884 883 905 et
900 877 968 905 bene
988 877 1064 905 aneta
1086 884 1159 913 parte
1182 881 1282 912 putant.
1345 879 1460 908 visuros,
1498 877 1629 912 Delphica
1645 877 1721 904 lauro
1735 887 1838 906 comam
1852 879 1959 915 cingere
1979 879 2048 906 Hor.
2061 881 2150 907 Carm.
2171 890 2193 913 3,
2207 888 2247 912 3ο,
2263 887 2295 909 15.
2336 877 2407 904 Fati-

226 915 306 950 Confi,
317 916 422 943 Petron.
443 925 463 942 c.
478 916 507 941 26
521 920 595 947 ε127-
649 914 706 941 eie.
726 914 800 941 Fam.
822 924 855 947 13,
868 923 891 946 33
917 916 965 946 (32)
990 916 1022 942 111
1037 914 1160 941 Halefina
1173 912 1282 939 ciuitate
1347 914 1407 942 dica
1419 914 1508 941 laurus
1525 913 1619 940 Claud.
1633 914 1712 941 eons.
1727 914 1783 940 Stil.
1797 924 1820 949 2,
1834 924 1872 949 ⁵9·
1898 916 1941 942 Vel
1954 917 2019 949 quod
2029 914 2138 950 Apollini
2145 915 2257 949 fatidico
2276 915 2318 940 deo
2330 912 2407 949 estat·-

224 957 279 978 tam
293 951 482 985 lautatamque
494 949 581 977 nobili
594 950 820 977 coniunffissimos
835 949 930 983 habeo,
952 951 970 976 i.
978 950 1099 986 opulenta.
1138 947 1283 977 Cibuslau-
1346 958 1410 977 cata.
1434 965 1436 970 .
1452 951 1497 977 Vel
1508 951 1574 984 quod
1584 960 1615 976 ex
1634 950 1684 975 eius
1696 957 1817 976 crematae
1824 951 1932 987 strepitu
1941 952 2037 985 futura
2051 949 2206 984 colligebant.-
2236 959 2288 977 cum
2296 949 2407 986 fragore

224 993 267 1014 tus
284 988 351 1014 Ter.
364 987 475 1021 Adelph.
488 995 510 1019 3,
521 996 542 1019 3,
557 995 580 1019 71
625 988 717 1013 Coena
732 986 869 1013 lautiffima
881 986 949 1013 Plin.
964 986 1042 1022 Epist.
1057 995 1082 1020 9,
1097 995 1134 1019 17,
1190 986 1283 1012 Coena
1347 988 1412 1013 enim
1425 985 1702 1020 combustafelicl'tatem
1716 988 1863 1020 portendere
1876 988 2037 1021 credebatur,
2063 985 2162 1014 Tibul.
2180 994 2203 1020 2,
2221 995 2243 1018 5,
2256 992 2284 1018 83
2304 986 2339 1012 At
2351 985 2407 1011 lau-

223 1023 323 1051 lautior
343 1024 412 1050 Suet.
426 1021 502 1049 Galb.
516 1032 537 1049 c.
555 1031 587 1049 12.
623 1022 725 1049 Atticus
739 1022 838 1049 eximie
850 1022 868 1049 fi
881 1028 986 1058 coenat,
1004 1022 1089 1049 lautus
1110 1021 1222 1048 habetur
1243 1022 1284 1048 1u-
1300 1029 1333 1057 25
1347 1031 1392 1049 rus
1407 1016 1480 1049 bona
1491 1022 1561 1056 figna
1576 1021 1659 1054 dedit,
1678 1020 1790 1056 gaudete
1804 1021 1903 1050 coloni.
1941 1022 2072 1056 Contrafi
2081 1022 2160 1049 tacita
2168 1021 2347 1057 conflagrnſjit‚
2360 1019 2408 1046 ινὶ.

224 1059 310 1087 venal.
325 1069 344 1086 11
356 1066 396 1095 pr.
432 1059 537 1086 Coenae
550 1058 684 1086 lautorum
705 1058 821 1085 Martial.
836 1068 867 1092 13,
879 1068 902 1092 7.
938 1056 1282 1085 Conuiuiumlautiffimum
1339 1058 1379 1095 ste
1391 1065 1446 1084 erat
1461 1058 1610 1092 augurium:
1632 1058 1751 1092 Propert.
1763 1066 1786 1088 2,
1801 1062 1840 1090 28,
1853 1060 1881 1090 36
1902 1059 1933 1085 Et
1945 1058 2014 1084 iacet
2026 1058 2147 1085 extinEto
2162 1057 2251 1084 laurus
2264 1057 2354 1084 adusta
2367 1056 2409 1082 fo.

225 1095 293 1122 Plin.
308 1104 392 1129 14,14.
429 1094 526 1121 Culina
540 1094 609 1121 lauta
629 1095 699 1122 Hor.
715 1095 796 1122 Serm.
804 1104 825 1128 2,
833 1106 855 1128 4.
892 1094 988 1130 Epulae
1003 1094 1130 1121 lautiores
1150 1093 1211 1120 Stat.
1219 1092 1283 1120 Silu-
1347 1103 1388 1121 co.
1423 1094 1465 1120 Ab
1477 1093 1517 1120 illo
1526 1093 1636 1129 fragore
1656 1094 1751 1120 dicitur
1807 1094 1920 1129 Fragilis
1940 1094 2030 1120 laurus
2055 1094 2131 1129 Virg.
2151 1093 2204 1120 Ecl.
2219 1099 2244 1125 8,
2259 1099 2295 1121 82.
2350 1092 2409 1118 Hu-

224 1141 233 1158 1
258 1133 285 1165 6,
297 1140 331 1164 32.
367 1132 451 1165 Eques
463 1131 597 1158 Romanus
611 1131 696 1157 lautus
709 1131 779 1166 Nep.
792 1140 825 1164 15,
841 1141 872 1164 13,
886 1133 910 1158 6.
965 1130 1160 1157 Patrimonium
1181 1129 1285 1155 lautum
1347 1129 1422 1156 mida
1433 1129 1554 1157 1111101131.
1568 1139 1590 1161 2,
1603 1135 1651 1161 158.
1670 1131 1700 1155 de
1713 1129 1844 1164 aspergillo
1858 1130 1958 1166 lusit-ali
1969 1130 1997 1155 in
2004 1130 2097 1165 sacris.
2134 1128 2233 1155 Martia
2247 1126 2340 1155 Claud.
2353 1127 2382 1153 in
2394 1135 2408 1154 ι

225 1153 282 1195 dic.
297 1176 347 1202 pro
358 1167 442 1194 Flacc.
457 1176 491 1200 90
509 1176 529 1193 c.
542 1169 581 1200 36.
617 1165 687 1193 Vina
700 1166 836 1194 lautissima
848 1167 915 1194 Plin.
935 1176 969 1200 14,
983 1175 1013 1199 13.
1347 1166 1428 1193 Cons.
1442 1165 1499 1193 Stil.
1512 1165 1599 1192 Praef.
1614 1175 1655 1192 20.
1692 1165 1867 1198 Nitidiffima,
1887 1166 1941 1192 vid.
1959 1171 2086 1192 ΝΙΤΕΟ.
2123 1165 2251 1198 Ρ301ῐο13,
2264 1165 2316 1191 vid.
2336 1163 2409 1191 Paci-

262 1210 280 1230 1.
291 1210 314 1231 A
324 1209 346 1230 V
357 1209 396 1229 Τῐ
406 1209 426 1228 V
438 1209 451 1229 s
463 1209 480 1229 c
490 1201 533 1230 Vx.
546 1209 568 1230 V
581 1210 595 1231 s
605 1221 614 1236 ‚
633 1212 656 1238 a,
671 1212 726 1232 um.
746 1203 849 1230 Dimin.
865 1202 944 1238 Apul.
959 1203 1023 1233 Met,
1040 1212 1053 1236 7
1069 1212 1094 1238 p.
1116 1211 1153 1236 191
1174 1200 1283 1229 Vestem
1300 1210 1334 1236 50
1347 1202 1398 1234 fer,
1412 1202 1439 1227 in
1463 1208 1543 1228 PAX.
1579 1201 1717 1228 Parnafide
1730 1202 1807 1228 lauro
1821 1201 1928 1229 vinetus
1941 1208 2018 1238 caput
2038 1201 2120 1228 Ouid.
2141 1202 2208 1230 Met.
2225 1210 2256 1234 11,
2278 1201 2328 1231 165.
2364 1200 2411 1227 Pe-

223 1238 405 1267 lautiusculam
417 1239 567 1274 proferunt.
1347 1237 1419 1264 11013.
1475 1238 1547 1274 Qia
1561 1239 1667 1272 Daphne
1681 1237 1763 1264 Penei
1772 1238 1885 1273 fluminis
1893 1238 1963 1273 filia,
1984 1239 2011 1263 in
2025 1239 2125 1264 lam-um
2139 1243 2237 1264 mutata
2251 1235 2290 1271 est.
2351 1236 2410 1263 Vid.

262 1282 280 1302 Ι.
291 1281 346 1303 Αν
360 1281 383 1302 Τ
396 1281 424 1302 Ε.
447 1275 513 1302 Adu.
532 1275 681 1309 [λαμπρῶς]
699 1276 840 1311 Eleganter.
878 1275 961 1302 Laute
969 1274 1078 1302 vestitus
1098 1274 1181 1301 Plaut.
1197 1272 1283 1301 Calin.
1348 1273 1432 1301 Ouid.
1446 1274 1512 1299 Met.
1532 1282 1551 1305 1,
1564 1282 1615 1304 452.
1651 1273 1741 1301 Valer.
1756 1274 1856 1308 Argon.
1870 1284 1887 1307 1,
1901 1276 1953 1307 386.
1976 1274 2033 1301 Vicl.
2052 1274 2190 1300 PENEVS.
2226 1270 2412 1299 l'hoebealau-

224 1321 249 1345 4,
270 1320 289 1345 1,
312 1321 350 1338 ιο.
388 1310 580 1338 Administrare
596 1319 692 1338 munus
706 1312 782 1337 suum
802 1310 872 1338 laute
891 1312 959 1338 Ter.
979 1311 1092 1346 Adelph.
1105 1320 1160 1343 5,1‚
1175 1320 1196 1337 2.
1237 1309 1284 1336 Di·
1346 1319 1379 1337 ro
1394 1310 1535 1344 cingentur
1547 1314 1669 1343 tempora
1688 1309 1770 1336 Ouid.
1784 1310 1870 1337 Trist.
1886 1320 1909 1343 4,
1924 1319 1948 1343 2,
1961 1319 1994 1341 51.
2048 1309 2166 1337 Praescia
2188 1308 2297 1336 venturi
2321 1307 2411 1334 laurus

223 1347 324 1374 versari
339 1347 407 1374 laute
428 1347 485 1374 Cic.
499 1348 577 1374 Verr.
594 1357 614 1381 3,
630 1349 670 1380 64.
708 1348 789 1375 Plaut.
804 1347 886 1374 Milic.
899 1357 925 1381 4,
938 1356 961 1378 2,
974 1356 992 1374 11
1014 1346 1150 1381 Loquitur
1164 1346 1244 1376 laute,
1259 1350 1287 1372 et
1347 1346 1442 1373 Claud.
1456 1345 1488 1372 de
1502 1346 1578 1380 Rapt.
1593 1344 1713 1379 l’roserp.
1729 1354 1753 1377 2,
1768 1355 1822 1379 109.
1841 1353 1871 1371 vt
1891 1346 2018 1373 Fatidica.
2073 1346 2158 1373 Recto
2177 1346 2303 1372 Proceras
2322 1342 2413 1378 stipite

223 1382 337 1409 minime
352 1382 467 1410 sordide.
501 1383 570 1410 Ter.
585 1384 650 1410 Eun.
664 1392 685 1418 3,
700 1393 719 1416 1,
733 1392 757 1416 37
773 1383 875 1416 Facete,
895 1382 994 1418 lepide,
1016 1382 1096 1415 laute,
1116 1381 1186 1408 nihil
1200 1382 1284 1415 supra.
1301 1388 1331 1415 35
1350 1381 1440 1408 laurus
1453 1380 1550 1408 Catull.
1565 1383 1601 1414 61,
1618 1387 1672 1414 289.
1728 1380 1923 1416 Triumphales
1938 1382 2018 1417 lauri,
2037 1381 2075 1408 ite
2089 1381 2191 1409 circum
2212 1389 2273 1407 mea
2290 1385 2413 1414 tempora

223 1419 325 1445 Viuere
344 1418 413 1453 Nep.
429 1427 462 1452 12,
476 1428 497 1451 3,
510 1427 532 1445 2.
570 1420 681 1454 Compar.
700 1419 757 1446 cie.
767 1418 799 1446 de
807 1419 898 1454 Legib.
905 1429 928 1453 2,
941 1427 954 1453 3
968 1428 991 1445 c.
1006 1428 1013 1445 1
1033 1418 1105 1444 Villa
1114 1417 1209 1444 lautius
1217 1416 1287 1443 aedi.
1350 1417 1433 1444 Ouid.
1449 1418 1508 1444 Ani.
1522 1426 1544 1447 2,
1560 1425 1593 1449 12,
1609 1425 1627 1443 1.
1664 1416 1797 1444 Victrices
1814 1417 1884 1443 inter
1897 1417 2022 1445 hederam
2039 1417 2090 1445 tibi
2105 1418 2208 1452 serpere
2223 1418 2325 1444 lauros:
2342 1416 2413 1442 Lau-

224 1453 308 1481 60313.
344 1455 435 1481 Hodie
448 1463 491 1480 me
505 1459 565 1481 ante
580 1462 674 1481 omnes
689 1455 808 1481 comicos
821 1455 911 1483 stultos
925 1456 997 1482 senes
1009 1453 1129 1481 Versaris
1145 1459 1223 1488 atque
1244 1452 1285 1479 lu·
1347 1462 1393 1480 rus
1407 1454 1470 1488 legit
1485 1452 1588 1479 Charis.
1605 1462 1612 1479 1
1628 1462 1654 1487 p.
1668 1461 1718 1480 110.
1755 1454 1824 1479 Hor.
1837 1453 1889 1480 Od.
1904 1463 1925 1487 2,
1938 1462 1964 1489 7,
1981 1462 2006 1488 19
2027 1455 2137 1489 Depone
2152 1453 2199 1480 sub
2213 1453 2290 1480 lauru
2304 1460 2364 1479 mea
2378 1451 2414 1477 la.-

222 1490 285 1517 seris
300 1489 437 1516 lautiffime
456 1490 495 1516 Id.
510 1489 542 1516 de
556 1490 640 1517 Amic.
654 1500 675 1517 1“.
690 1500 724 1523 23.
743 1500 774 1516 ex
788 1493 865 1517 Pob'ta
890 1500 962 1518 anon.
1346 1494 1389 1516 tus
1397 1488 1494 1515 militia
1503 1488 1606 1514 fefl‘um.
1630 1490 1723 1515 quen.
1736 1489 1786 1516 Sat.
1798 1498 1821 1522 7,
1831 1498 1856 1522 ¹9
1870 1490 1965 1517 NeCut
1979 1490 2133 1525 quicunque
2142 1489 2248 1516 canoris
2265 1487 2412 1522 Eloquium

260 1531 278 1551 1.
287 1533 310 1553 A
319 1532 340 1550 v
353 1531 374 1551 T
387 1533 396 1551 1
409 1531 431 1551 Τ
447 1531 457 1552 1
469 1531 489 1551 Α
499 1544 507 1558 ,
529 1534 566 1551 30.
585 1525 603 1552 f.
624 1527 803 1559 [πολυτέλεια]
822 1527 967 1561 Ερ1113111111
986 1525 1201 1565 magnificentia,
1221 1533 1235 1551 a
1248 1524 1284 1551 la·
1346 1525 1440 1552 vocale
1453 1524 1552 1557 modis,
1567 1524 1726 1558 laurumque
1740 1525 1898 1552 momordit.
1935 1527 2028 1561 Nempe
2040 1537 2055 1552 a
2065 1526 2170 1562 gustata
2183 1527 2257 1551 lauru
2271 1525 2340 1560 fiunt
2351 1524 2412 1550 Pot-

220 1561 330 1588 vatione
346 1560 431 1587 1116131
450 1561 514 1595 quia
527 1560 595 1595 apud
611 1561 736 1595 antiquos
744 1561 793 1588 hae
810 1562 966 1598 elegantiae,
979 1566 1048 1597 quae
1063 1571 1133 1588 nunc
1147 1561 1217 1596 sunt,
1230 1569 1286 1588 non
1301 1567 1340 1593 40
1347 1570 1396 1592 tae,
1415 1561 1522 1596 exemplo
1537 1560 1646 1593 Hesiodi.
1683 1561 1766 1587 Etiam
1785 1568 1855 1587 vates
1863 1560 1965 1597 gustant
1977 1563 2091 1588 laurum.-
2122 1571 2170 1597 qua
2189 1563 2219 1587 a'e
2233 1570 2264 1595 fe
2283 1559 2413 1596 Spnnhem.

220 1602 308 1630 erant,
323 1602 349 1623 et
358 1604 420 1623 raro
428 1595 527 1631 aliquis
538 1596 652 1623 lauabat.
664 1597 763 1632 Festus,
774 1599 964 1633 quamquamibi
972 1598 1067 1625 [311113
1075 1598 1178 1633 legitur.
1198 1597 1284 1624 Lami·
1346 1599 1383 1625 ad
1401 1596 1495 1624 Callim.
1520 1597 1547 1622 in
1568 1597 1657 1622 Delum
1690 1607 1716 1623 v.
1737 1607 1769 1631 94
1790 1606 1859 1631 quem
1875 1604 1940 1632 prae
1958 1598 2065 1632 reliquis
2090 1597 2199 1623 omnibus
2218 1596 2307 1623 merito
2324 1595 2413 1621 laudat

223 1633 262 1658 tia
278 1632 359 1667 igitur
371 1633 505 1658 Mmmitia
518 1632 561 1669 est,
575 1643 638 1667 quae
650 1633 676 1658 in
684 1633 774 1669 vestitu
786 1641 810 1660 et
824 1635 874 1661 cibo
887 1636 923 1669 fit.
959 1634 1028 1662 Plin.
1043 1644 1067 1668 9,
1083 1643 1108 1667 35
1128 1635 1222 1667 Quum
1241 1641 1285 1659 ex·
1347 1632 1494 1669 Brouckhus.
1508 1634 1543 1658 ad
1555 1631 1617 1658 illud
1629 1631 1741 1660 Tibulli
1755 1635 1785 1659 de
1800 1633 1897 1667 Sibylla
1911 1643 1933 1666 2,
1949 1642 1971 1667 5,
1987 1637 2015 1665 63
2036 1634 2108 1660 Vera
2126 1641 2208 1666 cano,
2229 1632 2262 1659 sic
2275 1631 2357 1667 vsque
2377 1629 2413 1656 sa-

222 1667 324 1702 quifitis
340 1666 461 1702 quotidie
474 1668 606 1695 Antonius
621 1668 786 1703 saginaretur
804 1665 905 1705 epulis,
925 1670 1041 1706 superbo
1061 1669 1136 1697 fimul
1150 1679 1178 1696 ac
1191 1678 1254 1704 proc
1274 1686 1284 1692 -
1347 1678 1404 1696 cras
1418 1668 1531 1695 innoxia
1547 1668 1647 1701 lauros,
1684 1669 1790 1704 Vescar,
1812 1674 1839 1695 et
1852 1675 1992 1696 aeternum
2005 1669 2034 1695 fit
2045 1669 2115 1695 mihi
2133 1668 2286 1703 virginitas.
2333 1668 2412 1694 111110-

222 1704 247 1730 ci
261 1704 338 1737 fastu,
357 1709 386 1731 vt
400 1703 493 1738 regina
509 1704 638 1731 meretrix
651 1704 784 1731 lautitiam
799 1707 856 1733 cius
875 1716 984 1734 omnem
1004 1712 1215 1742 apparatumque
1233 1708 1251 1732 ‘o
1273 1721 1283 1727 -
1348 1705 1421 1733 &ere
1433 1705 1536 1732 crinem
1551 1704 1628 1730 lauro
1649 1704 1733 1731 Ouid.
1750 1706 1816 1732 Met.
1830 1706 1854 1738 6,
1877 1707 1915 1732 161
1968 1705 2071 1732 Laurus
2095 1711 2140 1740 pro
2166 1704 2276 1730 Via‘loria
2293 1703 2414 1739 ponitur.-
2455 1718 2458 1719 ν

222 1740 349 1767 «10613115.
411 1740 468 1766 Cic.
489 1740 562 1768 Fam.
577 1749 602 1774 9,
625 1742 650 1767 16
671 1741 752 1768 Fama
766 1741 798 1768 ad
812 1749 837 1769 te
852 1742 885 1770 de
900 1751 960 1769 mea
972 1752 1044 1770 noua
1058 1742 1163 1769 lautitia
1180 1741 1282 1769 veniet.
1296 1745 1333 1772 45
1347 1749 1398 1770 tum
1413 1742 1479 1776 quod
1489 1740 1610 1766 vinariae
1628 1740 1751 1767 laureatis
1771 1741 1854 1767 literis
1867 1741 2064 1774 nunciarentur,
2085 1748 2136 1767 tum
2150 1741 2216 1775 quod
2232 1741 2260 1765 in
2280 1739 2346 1766 Iouis
2365 1739 2413 1764 Ca-

221 1775 329 1816 Inuidia
342 1775 463 1802 lautitiae
484 1776 554 1816 Suet.
571 1777 637 1811 Aug.
654 1785 676 1810 71
696 1784 737 1813 pr.
755 1779 828 1812 quast
837 1779 970 1814 pretiosae
989 1778 1162 1815 supelleffilis
1182 1784 1207 1804 et
1229 1779 1282 1804 Co·
1343 1777 1450 1816 pitolim‘
1460 1775 1557 1812 gremio
1568 1776 1656 1801 laurus
1669 1786 1686 1802 a
1698 1776 1832 1803 vitloribus
1846 1778 2023 1812 deponeretur,
2043 1777 2119 1802 etiam
2138 1785 2192 1802 cum
2216 1775 2356 1810 triumphus
2369 1775 2413 1800 du-

220 1810 386 1839 rintluorum
395 1812 570 1847 praecupidus
580 1814 644 1848 effit.
680 1814 1058 1842 Studiofiffimuslautitiarum
1076 1815 1147 1843 Suet.
1156 1815 1230 1842 Caes.
1240 1815 1282 1848 46.
1346 1815 1398 1840 Hos
1412 1814 1480 1839 haud
1491 1811 1558 1847 fft.
1601 1811 1658 1839 Vicl.
1673 1812 1718 1839 Sil.
1735 1821 1766 1846 15,
1782 1821 1834 1839 120.
1847 1820 1871 1839 et
1883 1812 1959 1847 infra
1978 1813 2005 1837 in
2027 1817 2176 1839 LAvREA
2206 1819 2230 1837 et
2252 1815 2413 1837 LAerA·

258 1853 277 1874 L
289 1853 311 1875 A
322 1854 343 1873 v
353 1853 376 1874 T
389 1854 399 1874 1
411 1854 434 1875 'r
445 1854 466 1874 A
479 1854 493 1874 s
504 1868 512 1881 ‚
532 1849 589 1876 atis.
611 1849 630 1875 f.
667 1854 810 1877 Πολυτέλεια
825 1851 905 1879 6101Γ.
925 1852 972 1879 Gr.
987 1853 1044 1879 Lat.
1339 1851 1425 1877 'Tvs.
1463 1847 1586 1875 Parthica
1599 1847 1689 1874 laurus
1709 1848 1777 1875 Plin.
1793 1849 1888 1883 Paneg.
1904 1858 1929 1881 14
1946 1855 1994 1884 pro
2012 1848 2124 1876 Villoria
2137 1848 2262 1874 Parthica
2270 1846 2337 1881 conf.
2350 1846 2413 1873 Stat.

257 1889 305 1910 LA
316 1889 368 1910 VT
379 1885 393 1910 1'
403 1890 443 1915 A,
465 1892 554 1912 orum.
575 1894 601 1912 n.
620 1883 740 1918 [Λαῦτεια
755 1888 834 1922 ξένια]
853 1889 964 1914 Munera
977 1888 1132 1920 dicebantur,
1156 1895 1217 1921 quae
1235 1886 1282 1911 Ro·
1347 1885 1413 1913 Silu.
1426 1894 1453 1918 4,
1467 1893 1485 1916 1,
1500 1893 1535 1915 41.
1553 1890 1578 1909 et
1592 1883 1676 1911 plaut.
1690 1884 1753 1910 cist.
1775 1893 1794 1915 1,
1808 1893 1829 1917 3,
1848 1893 1885 1916 53.

221 1920 290 1944 mam*
299 1925 347 1953 per
358 1919 503 1955 Qmstores
523 1921 615 1955 legatis
627 1928 770 1947 exterarum
783 1923 911 1949 nationum
925 1923 1066 1954 mittebant,
1085 1930 1115 1948 vt
1127 1923 1166 1948 ait
1179 1921 1281 1948 Plutar-
1296 1923 1330 1951 50
1384 1927 1401 1946 L
1412 1927 1434 1946 A
1443 1925 1464 1945 V
1474 1926 1490 1945 R
1505 1925 1523 1945 Ε
1535 1925 1575 1952 A,
1598 1926 1637 1944 ae.
1657 1919 1676 1945 f.
1712 1920 1808 1945 Folium
1821 1921 1899 1946 lauri.
1936 1919 2004 1947 Plin.
2019 1928 2053 1952 ις,
2066 1929 2097 1952 30
2116 1919 2205 1946 Vnius
2218 1918 2346 1946 arborum
2365 1918 2415 1945 La-

220 1954 285 1980 chus
297 1955 326 1979 in
340 1952 474 1980 Problcm.
488 1963 514 1988 p.
537 1963 581 1985 275
601 1955 632 1981 C.
687 1956 745 1981 Liu.
767 1965 804 1989 35,
825 1967 850 1989 23
869 1966 937 1984 extr.
974 1959 1060 1985 Aedes
1074 1958 1178 1984 liberae
1192 1956 1281 1983 Attalo
1345 1957 1403 1984 tina
1418 1955 1508 1990 lingua
1523 1962 1624 1981 nomen
1638 1954 1787 1989 imponitur
1801 1955 1878 1983 viris.
1925 1955 2012 1982 Vnius
2028 1956 2095 1982 folia
2115 1955 2314 1989 distinguuntur
2327 1954 2414 1988 appel·

220 1998 248 2016 ac
263 1988 346 2015 lautia
360 1987 475 2016 decreta.
512 1988 614 2016 Festus:
631 1989 729 2016 Dautia
742 1988 866 2017 dicebant
881 1996 998 2020 veteres,
1018 2000 1086 2024 quae
1100 1993 1195 2017 Lautia
1215 1992 1282 2017 dici·
1346 1993 1463 2019 latione:
1484 1991 1603 2017 lauream
1617 1990 1690 2017 enim
1702 1999 1839 2018 vocamus.
1877 1991 1951 2018 Cana
1967 1992 2058 2018 laurea
2073 1991 2156 2018 Ouid.
2170 1990 2236 2018 Fast.
2248 1998 2328 2024 3,142.
2365 1989 2415 2015 Co.

219 2034 292 2054 mus:
313 2024 444 2052 dabantur
457 2024 551 2060 legatis
564 2024 673 2061 hospitii
687 2025 780 2060 gratia.
834 2025 896 2053 Liu.
910 2032 947 2060 28,
963 2035 990 2059 39
1010 2026 1096 2052 Locus
1110 2024 1173 2051 iude
1188 2025 1282 2051 lautia-
1346 2026 1409 2051 dant
1424 2034 1498 2051 arma
1511 2031 1589 2058 togae
1608 2025 1735 2052 concedat
1754 2027 1845 2053 laurea
1864 2027 1971 2062 linguae
1987 2028 2041 2054 Cic.
2056 2027 2111 2054 Off.
2137 2037 2145 2054 1
2160 2036 2182 2054 0.
2197 2035 2233 2054 22.
2289 2025 2362 2058 Cons-
2375 2024 2414 2051 1d.

219 2069 272 2096 que
287 2060 380 2095 legatis
394 2061 518 2095 praeberi
533 2061 606 2088 iuss‘a.
659 2061 755 2088 Liuius
770 2070 812 2095 30,
829 2071 854 2095 ¹7
875 2061 916 2089 Ad
930 2062 981 2089 hoc
996 2061 1089 2095 aedes,
1111 2060 1198 2087 libera
1212 2060 1282 2092 loca,
1346 2061 1377 2087 in
1392 2058 1478 2087 Pison.
1493 2067 1515 2084 c.
1521 2067 1561 2091 30.
1598 2059 1748 2085 Gratiffima
1755 2061 1865 2087 Phoebo
1876 2062 1969 2088 laurea
1988 2063 2064 2096 Virg.
2073 2064 2125 2089 Ecl.
2134 2072 2159 2094 7,
2167 2064 2205 2089 62.
2241 2062 2356 2093 Laurea,
2368 2065 2414 2093 pro

219 2095 423 2130 lautia,31egatis
437 2096 553 2123 decreta.
589 2099 660 2123 Add.
680 2097 718 2125 Id.
733 2107 773 2131 30,
787 2107 811 2130 17
825 2105 889 2124 extr.
909 2105 932 2124 et
939 2107 973 2132 33,
988 2107 1024 2130 24-
1042 2105 1066 2124 et
1080 2107 1118 2129 45,
1131 2106 1172 2124 20.
1208 2096 1282 2130 Confi
1299 2097 1328 2125 55
1347 2097 1428 2123 Lauro
1442 2095 1579 2129 aliquando
1589 2095 1702 2128 ponitur.
1738 2095 1807 2122 Hor.
1822 2097 1912 2123 Carm.
1925 2105 1953 2129 2„
1964 2104 1998 2130 15,
2012 2105 2028 2130 9
2048 2098 2125 2124 Tum
2138 2096 2213 2131 spiffa
2225 2095 2307 2123 ramis
2321 2094 2412 2122 laurea

204 2143 210 2149 ·
219 2135 254 2161 Io.
270 2132 340 2157 Guil.
355 2132 460 2165 Bet-geri
469 2127 607 2166 pecu71'aris
618 2132 664 2157 hac
677 2133 707 2157 de
721 2141 749 2156 re
761 2133 828 2166 Dtjff.
866 2133 957 2168 Festiue
977 2133 1057 2168 Apul.
1071 2134 1137 2160 Met.
1159 2142 1174 2166 9
1194 2142 1219 2167 p.
1236 2138 1282 2164 183,
1346 2129 1470 2158 feruidis.
1505 2129 1621 2162 Laurea,
1642 2131 1740 2155 Corona
1746 2139 1777 2155 ex
1789 2132 1862 2157 lauro
1869 2132 1955 2167 faHa,
1968 2141 2031 2166 quae
2044 2133 2072 2158 in
2093 2132 2228 2167 t7·1'umph1's
2242 2131 2412 2158 adhibebatur.

222 2177 248 2200 ³²
269 2167 339 2194 Pric.
352 2168 383 2193 de
396 2166 501 2200 soafiw,
519 2166 569 2193 Sed
584 2165 664 2201 mihi,
683 2175 717 2193 ne
726 2166 910 2194 rudimentum
925 2168 1030 2195 seruitii
1038 2169 1282 2204 perhorrescerem,
1345 2166 1404 2194 Cic.
1421 2164 1453 2191 de
1467 2163 1592 2190 Prouinc.
1609 2163 1717 2190 Consul.
1734 2172 1761 2196 35
1774 2174 1796 2193 c.
1814 2175 1839 2198 14
1857 2166 1885 2193 Si
1898 2166 1927 2193 in
1945 2167 2110 2201 Capitolium
2123 2166 2219 2193 inuehi
2241 2166 2333 2193 vidior
2352 2175 2413 2192 cum

220 2212 306 2231 nouus
321 2202 445 2229 dominus
459 2202 518 2229 loca
533 2208 559 2228 et
572 2202 653 2229 lautia
668 2202 773 2237 prolixe
791 2202 926 2238 praebuit.
1346 2202 1395 2229 illa
1408 2199 1503 2234 insigni
1520 2200 1611 2230 laurea
1624 2199 1740 2233 gestiret.
1775 2200 1879 2228 Laurea
1892 2202 1995 2237 magnis
2008 2202 2136 2238 periculis
2144 2209 2217 2238 parta
2224 2202 2281 2230 Cic.
2294 2201 2326 2228 de
2333 2202 2413 2230 Prou.

256 2246 273 2265 1.
283 2245 336 2266 AV
347 2244 369 2265 'r
379 2245 400 2264 v
411 2244 429 2264 1.
441 2246 462 2265 A
473 2244 509 2272 Ε,
534 2247 619 2265 arum.
645 2238 665 2265 f.
738 2239 825 2266 Locus
840 2246 915 2267 extra
930 2239 1042 2271 vrbem,
1060 2249 1115 2275 quo
1128 2239 1199 2273 loco,
1219 2237 1283 2273 quia
1347 2238 1427 2265 Cons.
1449 2245 1472 2262 c.
1486 2245 1517 2263 12.
1554 2235 1628 2262 Caes.
1642 2235 1670 2262 B.
1686 2236 1717 2263 C.
1732 2245 1754 2269 3,
1768 2245 1803 2269 71,
1817 2247 1829 2269 3
1850 2239 1992 2274 Pompeius
2007 2247 2040 2266 00
2053 2238 2157 2274 praelio
2164 2239 2312 2273 imperator
2325 2238 2361 2265 est
2369 2247 2413 2272 ap-

221 2283 290 2310 aqua
305 2274 403 2301 fluebat
415 2273 523 2301 lauandi
538 2274 614 2301 vsum
623 2273 782 2301 exercebant
802 2275 870 2303 Fest.
884 2282 908 2301 et
923 2277 1001 2303 Varr.
1015 2276 1047 2303 de
1060 2277 1090 2304 L.
1111 2276 1141 2302 L.
1155 2287 1185 2308 4,
1210 2284 1244 2307 32·
1298 2274 1333 2300 60
1349 2273 1469 2309 pellatuS.
1507 2272 1568 2298 Hoc
1581 2280 1681 2298 nomen
1697 2271 1833 2306 obtinuit,
1854 2279 1933 2308 atque
1946 2274 1985 2301 ita
1998 2275 2024 2300 se
2038 2275 2128 2309 postea
2141 2274 2351 2310 salutaripass'us
2366 2273 2412 2301 est.

256 2317 274 2337 1.
290 2317 310 2337 0
329 2316 351 2336 Τ
369 2316 389 2336 V
409 2316 422 2336 s
435 2327 444 2339 ‚
477 2308 515 2336 ὓς.
534 2318 570 2337 111.
608 2309 676 2336 Cels.
691 2319 709 2343 1,
721 2318 742 2343 3.
763 2318 787 2336 et
799 2312 903 2338 Linden.
919 2312 1113 2347 Suspet‘luslocus
1132 2312 1227 2338 Bit-rio.
1348 2309 1398 2337 Sed
1411 2317 1499 2342 neque
1512 2308 1540 2333 in
1555 2307 1658 2340 literis,
1678 2316 1741 2342 quas
1754 2308 1871 2335 scribere
1891 2309 1928 2336 est
1940 2309 2047 2344 solitus,
2067 2319 2154 2345 neque
2173 2310 2201 2336 in
2224 2309 2338 2337 fascibus
2352 2309 2413 2337 infi-

257 2351 382 2379 LOT10‚
397 2346 466 2372 onis.
486 2346 506 2372 f.
515 2346 624 2373 Vitruu.
632 2355 654 2379 7,
663 2345 848 2380 9Lotionibus
857 2352 883 2373 et
895 2347 1013 2374 coeturis
1021 2345 1145 2374 efficitur.
1152 2347 1207 2373 rid.
1216 2344 1282 2381 Lips.
1348 2345 1410 2380 guia
1424 2345 1530 2371 laureae
1543 2343 1678 2378 praetulit.
1715 2345 1834 2371 Incurrit
1847 2344 1910 2371 haec
1925 2346 2014 2372 nostra
2028 2346 2119 2373 laurus
2134 2355 2189 2373 non
2202 2346 2288 2373 solum
2306 2347 2337 2372 in
2350 2354 2413 2373 ocu-

221 2383 274 2409 Sat.
288 2391 310 2414 2,
324 2391 343 2409 1.
440 2379 460 2419 ff
476 2391 488 2408 2
502 2381 662 2408 Lotionibus
672 2381 761 2408 aluum
771 2382 868 2409 ducere
878 2382 945 2410 Cels.
955 2392 1016 2416 2,12.
1026 2384 1044 2409 i.
1059 2382 1284 2418 clyster-epmgare.
1349 2382 1399 2414 los,
1418 2379 1461 2406 sed
1482 2380 1536 2406 iam
1557 2379 1638 2405 etiam
1659 2379 1688 2405 in
1706 2380 1814 2407 voculas
1838 2381 2036 2408 maleuolorum
2061 2382 2117 2408 Cic.
2131 2382 2204 2408 Fam.
2219 2391 2242 2415 2,
2256 2384 2292 2409 16.
2308 2389 2412 2417 propter

257 2424 275 2444 1.
288 2424 308 2445 ο
321 2424 343 2444 Τ
357 2425 376 2446 o
388 2424 423 2453 R,
442 2418 505 2445 oris.
527 2427 563 2445 111.
602 2418 718 2446 Fabrett.
734 2419 853 2454 Inscript.
875 2428 899 2454 p.
914 2428 956 2453 435
977 2419 1000 2446 D
1011 2419 1146 2447 IANAE
1187 2418 1283 2446 AVG.
1348 2417 1463 2443 [illorum
1477 2417 1604 2441 laureatos
1611 2413 1704 2450 fafies.
1777 2416 1846 2444 Plin.
1866 2428 1897 2451 7,
1916 2426 1947 2450 30
1967 2419 2004 2443 ad
2014 2418 2065 2444 Cic.
2080 2416 2156 2444 Salue
2172 2416 2276 2452 primus
2289 2419 2412 2444 omnium

220 2454 243 2482 C
251 2454 275 2480 O
286 2455 305 2481 L
314 2454 334 2480 L
342 2454 360 2480 E
369 2454 402 2480 G.
427 2454 447 2480 L
457 2454 481 2481 O
491 2454 521 2481 T
529 2454 554 2481 O
563 2455 593 2481 R.
612 2455 626 2481 S
636 2456 659 2481 A
667 2455 688 2481 C
696 2455 728 2482 R.
1297 2451 1330 2483 65
1348 2461 1443 2488 parens
1456 2451 1557 2487 patriae
1577 2450 1717 2486 appellate,
1737 2451 1840 2487 prImus
1855 2453 1884 2479 in
1897 2459 1958 2488 toga
1972 2452 2155 2489 triumphum,
2175 2452 2336 2488 linguaeque
2356 2453 2411 2480 lau-

259 2496 277 2516 1.
288 2496 307 2516 0
317 2491 368 2517 TV*
379 2495 398 2515 R
412 2496 451 2523 A,
472 2498 511 2517 30.
532 2491 552 2516 f.
574 2492 677 2525 [Λὲσις]
698 2491 812 2518 Lauatio.
848 2490 917 2518 Plin.
933 2500 971 2525 33,
986 2499 999 2524 7
1016 2489 1206 2517 Differentiam
1220 2488 1285 2516 artis
1348 2498 1423 2516 ream
1438 2487 2184 2525 11101110,011“3011ηο1130[31131111110110111013101ηρ310115ε
2202 2495 2281 2524 atque
2289 2498 2413 2516 omniurn

220 2526 280 2559 effe,
301 2525 373 2558 quod
387 2525 433 2552 alii
449 2526 565 2553 minium
579 2526 682 2553 faciunt
695 2527 782 2562 prima
796 2526 898 2554 lotura:
935 2526 1004 2562 apud
1025 2526 1092 2554 alios
1108 2526 1135 2553 id
1151 2527 1201 2553 effe
1216 2525 1284 2553 dilu-
1347 2524 1550 2560 triumphorum
1570 2523 1688 2550 lauream
1701 2522 1795 2559 adepte
1809 2525 1953 2559 maiorem,
1967 2526 2139 2567 quanto-plus
2151 2525 2412 2560 est,ingeniiRoma-

220 2561 281 2594 tius,
302 2561 434 2595 sequentis
447 2568 535 2589 autem
549 2563 652 2590 loturae
665 2563 808 2598 optimum.
1347 2561 1377 2589 ni
1392 2560 1524 2588 terminos
1537 2559 1566 2585 in
1580 2565 1683 2586 tautum
1695 2561 1868 2595 promouifl'e,
1887 2570 1966 2596 quam
1981 2562 2099 2596 imperii.
2143 2560 2290 2588 Donandus
2310 2561 2412 2595 Apolli-

259 2603 276 2624 1.
287 2603 310 2625 A
319 2603 339 2623 v
351 2603 371 2624 R
380 2599 430 2625 AG
440 2604 460 2625 ο
468 2618 476 2631 ,
495 2598 557 2625 i'nis.
577 2599 597 2626 f.
635 2599 719 2626 Herba
724 2599 764 2632 fic
775 2599 851 2628 ditia.
888 2597 966 2634 Apul.
979 2597 1012 2625 de
1026 2597 1112 2626 Herb.
1133 2608 1156 2625 c.
1169 2604 1207 2630 58.
1349 2597 1410 2624 nari
1423 2597 1513 2623 laurea
1533 2595 1603 2622 Hor.
1617 2597 1707 2623 Carm.
1722 2607 1746 2630 4,
1761 2604 1784 2629 2,
1798 2607 1824 2631 9.
1879 2597 1988 2625 Mittere
2007 2597 2125 2624 lauream
2137 2597 2169 2624 ad
2182 2597 2300 2632 aliquem
2317 2597 2411 2624 Tacit.

257 2639 276 2660 1.
287 2639 309 2660 A
321 2639 343 2659 V
353 2639 372 2660 R
384 2640 402 2661 E
415 2640 437 2661 A
447 2655 454 2666 ,
474 2636 529 2660 vid.
550 2641 568 2661 1.
580 2641 634 2662 AV
644 2641 693 2661 RV
705 2641 730 2662 s.
1297 2638 1333 2668 70
1347 2633 1416 2660 Hist.
1426 2641 1448 2665 3,
1462 2641 1499 2665 77.
1536 2631 1648 2657 Referre
1656 2631 1774 2659 lauream
1793 2633 1856 2660 Ioui
1875 2633 2031 2668 Capitolino
2054 2634 2125 2661 Suet.
2146 2633 2250 2661 Domit.
2276 2643 2299 2661 c.
2324 2635 2347 2660 6.
2367 2633 2413 2659 vbi

259 2675 276 2696 1.
289 2675 312 2696 A
322 2676 342 2695 V
354 2675 373 2696 R
387 2676 404 2696 E
418 2676 439 2696 N
454 2675 477 2696 T
488 2677 497 2696 1
509 2676 545 2703 A,
565 2679 606 2698 ae.
625 2671 644 2698 f.
665 2671 824 2705 [Λαυρεντίι]
845 2671 911 2696 onr
926 2668 1044 2706 Faustuli,
1058 2670 1155 2696 Romuli
1170 2677 1194 2695 et
1211 2669 1282 2696 Remi
1347 2668 1433 2704 Pitisc.
1453 2669 1483 2693 In
1497 2666 1551 2692 eins
1560 2667 1683 2702 gremium
1691 2667 1774 2703 solent
1787 2669 1912 2696 interdum
1925 2671 2044 2704 deponere
2057 2670 2218 2705 imperatores
2230 2669 2350 2701 vit'loreq
2363 2668 2414 2705 sed

221 2705 321 2731 nutrix.
363 2706 418 2732 Vid.
437 2705 496 2732 Liu.
513 2716 531 2740 1,
547 2717 569 2739 4.
606 2707 688 2734 Ouid.
701 2706 768 2735 Fast.
782 2717 804 2741 3,
812 2715 847 2738 55·
883 2705 1010 2733 Larentia
1023 2706 1119 2732 dicitur
1132 2716 1148 2732 a
1161 2705 1281 2733 [3813111.
1345 2705 1405 2730 baec
1424 2702 1539 2738 depositio
1558 2711 1606 2728 non
1620 2702 1680 2736 fuit
1694 2704 1840 2739 triumphus.
1863 2705 1928 2739 conf,
1956 2705 2058 2741 Casaub.
2079 2706 2107 2731 in
2130 2705 2149 2732 l.
2170 2705 2199 2731 it.
2231 2705 2349 2732 Torreat.
2377 2705 2412 2731 ib.

223 2750 242 2774 1,
261 2750 302 2767 20.
320 2748 344 2766 et
357 2741 476 2768 Macrob.
490 2742 593 2769 Sarum.
608 2753 627 2776 ι,
649 2752 685 2769 10.
1345 2737 1368 2778 ff
1389 2748 1401 2765 2
1418 2738 1560 2768 Lauream,
1581 2745 1605 2764 et
1626 2737 1754 2772 Laurum,
1766 2747 1790 2766 et
1810 2748 1906 2767 mutata
1918 2741 2068 2777 diphthongo
2083 2741 2208 2771 Lorearu,
2218 2747 2265 2776 pro
2278 2741 2359 2767 eodem
2371 2750 2412 2766 ac.

258 2782 276 2803 1.
287 2784 307 2803 A
317 2783 337 2802 v
349 2783 368 2803 R
381 2783 397 2804 Ε
411 2784 434 2804 N
445 2784 467 2804 'r
477 2785 499 2804 A
511 2784 528 2805 1.
541 2785 552 2806 1
566 2785 587 2806 A
599 2800 607 2813 ,
629 2782 717 2807 orum.
737 2787 764 2806 n.
785 2778 955 2812 [Aa-aptum]
976 2775 1206 2813 Fqstadicebamur‚
1218 2784 1282 2811 quae
1344 2775 1408 2810 cipit
1423 2776 1485 2800 Cato
1506 2773 1539 2800 de
1553 2774 1586 2801 R.
1601 2773 1633 2802 R.
1651 2784 1672 2801 e.
1692 2785 1713 2802 c.
1734 2784 1755 2802 c.
1777 2782 1800 2807 8.
1812 2776 1862 2813 sed
1874 2777 2026 2804 emendatius
2039 2785 2122 2804 tamen
2142 2777 2238 2813 legitur
2266 2776 2300 2803 ib.
2320 2775 2411 2804 laurea

222 2812 250 2837 in
265 2812 336 2838 huius
350 2813 432 2840 Accae
450 2814 610 2842 Laurentiae
631 2816 744 2841 bonorem
753 2815 856 2850 fiebam.
877 2813 961 2841 Ouid.
974 2813 1041 2840 Fast.
1055 2821 1076 2846 3,
1090 2822 1126 2846 57.
1162 2812 1281 2839 [3613111.
1295 2817 1327 2846 75
1344 2811 1375 2838 it.
1392 2820 1413 2837 c.
1442 2818 1485 2842 133.
1510 2810 1609 2836 laurus.
2224 2831 2230 2840 ,

223 2857 244 2882 1,
258 2857 289 2875 20
310 2849 492 2876 Larentinalia
507 2852 625 2884 mmmm,
643 2858 667 2876 et
681 2849 748 2877 Fest.
760 2848 921 2876 Larentalia.
1384 2852 1403 2873 1.
1414 2852 1438 2873 A
1450 2852 1472 2873 v
1484 2852 1503 2872 R
1513 2852 1530 2871 Ε
1540 2852 1562 2872 v
1574 2852 1588 2873 s
1598 2868 1606 2880 ‚
1626 2855 1650 2877 3,
1668 2855 1724 2874 um.
1746 2847 1806 2876 Adi.
1827 2848 1967 2884 [δάφνινις]
1997 2848 2073 2885 Qod
2089 2857 2121 2874 ex
2140 2849 2254 2876 Materia
2274 2847 2345 2874 lauri
2350 2846 2395 2883 rest
2402 2858 2411 2872 .-

260 2890 277 2910 1.
287 2891 340 2911 AV
351 2890 370 2911 R
384 2891 401 2911 Ε
415 2891 437 2911 Ν
451 2891 473 2912 Τ
483 2892 505 2911 ν
515 2891 541 2912 Μ
552 2909 560 2921 ,
581 2887 600 2913 i.
620 2896 646 2912 n.
665 2886 834 2921 [Ακύρευτον]
853 2887 946 2912 Nomen
960 2883 1088 2919 ciuitatis,
1107 2885 1174 2918 quod
1193 2883 1229 2909 ibi
1243 2882 1283 2919 se-
1347 2882 1450 2910 Laurea
1464 2891 1566 2909 corona
1587 2882 1648 2910 Liu.
1664 2891 1702 2916 23,
1717 2892 1747 2911 11.
1794 2884 1854 2911 Pir-a
1871 2885 1960 2912 laurea
1973 2885 2081 2912 Colum.
2099 2894 2133 2918 12,
2151 2894 2187 2911 10.
2243 2885 2342 2911 Ramus
2356 2883 2410 2911 lau·

220 2920 349 2955 pultusstt
364 2921 451 2947 Tatius
464 2931 520 2956 rex,
537 2922 579 2956 qui
591 2932 606 2948 a
618 2922 795 2949 Laurentibus
809 2920 898 2957 occisus
907 2921 973 2954 fuit.
1014 2921 1058 2946 Vel
1070 2920 1164 2953 afilutt
1181 2918 1284 2950 laurea,
1345 2927 1406 2947 reus
1427 2918 1495 2945 Plin.
1513 2927 1545 2951 15,
1560 2927 1597 2950 30·
1635 2919 1707 2946 Serta
1721 2919 1814 2946 laurea*
1825 2921 1907 2948 Ouid.
1921 2921 2009 2948 Trist.
2029 2930 2051 2954 2,
2065 2929 2111 2954 ¹7²-

223 2965 272 2989 qua
285 2956 365 2990 excisa
376 2957 519 2991 aedificatus
531 2956 562 2993 est
573 2958 650 2984 view.
711 2958 768 2990 Vel,
786 2965 816 2983 vt
827 2958 865 2983 ait
879 2956 1026 2984 Priscianus
1035 2976 1043 2988 ,
1063 2965 1078 2983 a
1094 2956 1170 2982 lauro
1191 2955 1231 2982 ibi
1244 2956 1285 2981 in-
1347 2980 1357 2983 ,
1384 2961 1402 2981 1.
1414 2960 1438 2981 A
1452 2960 1471 2980 ν
1484 2960 1503 2980 R
1514 2955 1532 2980 Ε
1543 2960 1566 2981 Τ
1580 2961 1601 2981 ν
1613 2961 1639 2982 Μ
1651 2977 1659 2991 ,
1680 2955 1698 2982 i.
1719 2965 1745 2982 n.
1767 2956 1893 2991 [δαφνιδν]
1911 2957 1986 2984 Locus
2005 2956 2210 2991 laurisaeonfitus.
2247 2955 2314 2983 Plin.
2330 2964 2364 2989 15,
2377 2965 2409 2988 3ο

224 2997 314 3023 venta,
326 2991 479 3019 dum¹Picus
493 3000 551 3019 eam
564 2993 699 3020 conderet.
740 2994 796 3019 Vid.
809 2993 885 3027 Virg.
896 2994 960 3020 Aen.
974 3002 997 3026 7,
1020 3001 1057 3027 59.
1095 2992 1162 3018 Hinc
1295 2994 1328 3021 80
1346 2990 1431 3018 Durat
1445 2996 1471 3016 et
1485 2990 1514 3016 in
1528 2990 1600 3017 Vrbe
1614 2991 1767 3025 impositum
1782 2992 1852 3026 loco,
1870 2992 1977 3028 quando
1990 2993 2123 3020 lauretum
2137 2992 2167 3019 in
2181 2992 2317 3019 Auentino
2330 2999 2409 3018 voca-

261 3034 279 3053 1.
292 3033 314 3054 A
326 3034 347 3053 V
358 3034 376 3054 R
389 3033 407 3054 E
420 3034 442 3053 N
454 3033 468 3055 s
479 3048 488 3062 ,
509 3028 587 3055 entis,
621 3029 680 3056 Adi.
701 3036 724 3055 et
743 3027 787 3054 hic
806 3035 830 3053 et
848 3028 913 3055 haec
935 3035 951 3054 1,
962 3035 984 3055 Α
994 3034 1014 3054 ν
1028 3035 1047 3054 R
1058 3035 1074 3055 Ε
1086 3034 1141 3054 ΝΤ
1151 3034 1159 3053 1
1171 3034 1194 3055 S.
1227 3027 1283 3063 Qt'
1346 3033 1400 3060 tur,
1422 3025 1469 3053 vbi
1484 3025 1546 3053 silua
1565 3027 1634 3053 lauri
1647 3028 1708 3053 fuit.

225 3071 256 3088 ex
268 3064 392 3089 Laurento
399 3063 501 3089 ciuitate
509 3064 549 3100 est.
566 3064 642 3099 Virg.
657 3067 720 3091 Aen.
734 3074 756 3098 7,
777 3073 810 3096 171
831 3064 1023 3092 —Laurentis
1036 3063 1109 3099 regia
1123 3063 1187 3091 Pici.
1209 3064 1282 3092 Arua
1383 3068 1400 3089 1.
1413 3068 1435 3089 Α
1446 3069 1465 3088 v
1476 3068 1496 3088 R
1507 3068 1524 3089 Ε
1535 3061 1554 3090 ὀ
1566 3069 1581 3088 L
1594 3069 1615 3089 A
1625 3086 1634 3099 ,
1654 3072 1692 3091 ae.
1714 3063 1733 3089 f.
1754 3063 1857 3091 Dimin.
1893 3064 1950 3091 Cic.
1965 3066 2017 3091 Att.
2032 3073 2056 3097 5,
2069 3073 2101 3090 20
2120 3062 2231 3089 Bibulus
2251 3061 2342 3097 coepit
2356 3062 2410 3090 lau·

226 3098 369 3126 Laurentia
383 3099 422 3127 Id.
438 3099 504 3126 ibid.
517 3109 542 3134 9,
560 3110 615 3127 100.
652 3100 746 3136 Populi
761 3100 905 3126 Laurentes
925 3100 963 3127 Id.
978 3099 1043 3126 ibid.
1063 3103 1094 3133 6,
1108 3106 1159 3133 891.
1204 3099 1280 3127 Ρ1101-
1346 3099 1449 3126 reolam
1468 3098 1497 3125 in
1512 3098 1646 3126 mustaceo
1659 3108 1797 3135 quaerere,
1817 3100 1871 3127 vid.
1898 3106 1924 3126 M
1940 3106 1962 3125 v
1976 3106 1990 3127 s
2002 3106 2024 3126 Τ
2034 3106 2057 3127 A
2068 3105 2085 3126 C
2099 3105 2116 3126 Β
2129 3105 2148 3124 v
2159 3105 2195 3125 M.
2240 3098 2313 3124 Idem
2334 3099 2419 3135 Fam-l

230 3133 269 3160 lae
284 3135 428 3162 Laurentes
449 3136 511 3163 Stat.
524 3137 590 3164 Silu.
604 3146 623 3167 1,
637 3145 660 3171 2,
674 3139 722 3169 163.
759 3135 865 3168 Tybris
876 3136 993 3162 Laurens
1000 3135 1151 3170 Virg.Aen.
1171 3146 1192 3170 5,
1207 3145 1262 3169 797.
1344 3144 1368 3169 2,
1382 3144 1398 3169 9
1420 3137 1472 3169 (10)
1493 3136 1682 3170 qualemcunque
1697 3137 1845 3171 triumphum
1859 3135 2006 3162 laureolam
2021 3134 2142 3171 appellat:
2162 3134 2254 3161 Velle:
2265 3134 2350 3168 enim,
2362 3135 2410 3168 aie,

262 3175 280 3195 1.
295 3176 318 3196 A
330 3177 350 3195 v
367 3177 386 3197 R
405 3177 422 3198 Ε
441 3177 464 3197 N
483 3178 506 3199 Τ
523 3173 535 3200 i
553 3180 575 3199 N
592 3180 612 3199 v
629 3179 661 3206 s,
682 3182 707 3206 a,
723 3181 779 3199 um.
815 3173 956 3207 Idemquod
967 3172 1087 3198 Laurens.
1125 3172 1190 3200 Plin.
1201 3171 1280 3207 Epist.
1298 3174 1327 3205 85
1343 3176 1445 3198 tantum
1462 3170 1544 3197 modo
1558 3177 1587 3197 vt
1604 3170 1730 3198 haberem
1745 3171 1845 3206 negotii
1860 3171 1931 3205 quod
1947 3172 2007 3198 effet
2019 3171 2050 3198 ad
2066 3170 2211 3197 laureolam
2232 3170 2301 3197 satis.

228 3213 251 3236 2,
273 3213 297 3237 ¹7
324 3205 519 3235 Laurentinum
539 3217 638 3236 meum.
657 3209 715 3245 scil.
743 3206 893 3236 Praedium.
963 3206 1016 3235 Via
1034 3207 1199 3234 Laurentina
1227 3209 1279 3235 Va-
1379 3213 1396 3234 1.
1407 3213 1429 3234 Α
1442 3212 1463 3232 ν
1475 3213 1493 3232 R
1510 3213 1526 3233 E
1538 3205 1583 3234 61.
1595 3213 1666 3244 VM,
1681 3208 1700 3235 i.
1723 3218 1748 3235 n.
1806 3205 1950 3242 Scalpellum
1963 3207 2140 3242 chirurgicum,
2153 3207 2221 3241 apud
2233 3206 2306 3233 Cael.
2325 3207 2407 3233 Aure-

231 3239 279 3267 ler.
301 3241 372 3267 Max.
387 3248 409 3274 g,
427 3253 448 3275 ς,
470 3247 493 3272 6,
1342 3242 1406 3270 lian.
1421 3242 1522 3269 Chron.
1539 3252 1561 3275 5,
1575 3252 1597 3276 2,
1612 3253 1644 3275 33.
1702 3245 1752 3271 Sed
1764 3243 1866 3268 videtur
1879 3243 1947 3269 locus
1958 3249 2089 3279 corruptus
2105 3242 2151 3278 effi
2164 3242 2343 3278 Scalpreolum
2355 3241 2408 3268 iam

263 3282 282 3302 1.
292 3284 314 3303 A
322 3282 343 3301 V
354 3283 372 3303 R
384 3282 402 3303 Ε
414 3283 434 3304 Ο
447 3285 463 3304 L
473 3287 493 3306 A
503 3301 511 3312 ,
531 3281 585 3307 vid.
607 3286 625 3307 1.
637 3286 660 3308 A
668 3286 690 3307 V
698 3286 717 3307 R
726 3286 748 3306 V
757 3286 781 3308 S.
962 3293 963 3296 ¹
1342 3279 1446 3306 coniecit
1459 3279 1503 3304 vir
1515 3279 1594 3304 dot‘lus
1611 3280 1638 3305 in
1660 3279 1781 3313 margine.

264 3318 282 3339 1.
292 3318 312 3338 A
324 3318 345 3338 V
355 3318 373 3338 R
386 3319 401 3338 E
411 3315 431 3339 ὁ
442 3319 464 3340 Τ
480 3322 489 3340 1
503 3322 517 3342 s
526 3337 534 3349 ,
555 3316 586 3344 is.
605 3317 624 3343 f.
645 3316 774 3349 Cinerula,
784 3324 854 3350 quae,
862 3316 922 3342 dum
929 3322 1058 3350 argentum
1066 3314 1093 3340 in
1103 3314 1210 3349 fhrnace
1224 3315 1280 3342 vri·
1381 3322 1399 3342 L
1410 3322 1433 3342 A
1443 3321 1464 3341 V
1475 3321 1493 3341 R
1503 3320 1519 3341 E
1528 3321 1547 3341 O
1556 3335 1565 3349 ‚
1586 3319 1639 3343 are.
1692 3314 1851 3348 Chrysolog.
1873 3313 1957 3341 Serm.
1972 3316 2004 3342 66
2025 3313 2112 3341 Postes
2132 3319 2191 3340 tuos
2208 3314 2260 3341 suis
2274 3311 2406 3339 viceribus

229 3354 279 3380 tur,
298 3348 325 3373 in
338 3347 389 3384 ipsa
397 3349 513 3381 fornacis
527 3361 587 3378 area
599 3351 723 3387 colligitur
734 3361 765 3377 ex
773 3350 876 3387 fauillis
889 3351 1014 3387 argenteis
1026 3350 1127 3386 sursum
1150 3350 1280 3385 ascenden.
1293 3357 1330 3383 90
1344 3351 1482 3379 laureauit.
1520 3352 1550 3376 Ee
1564 3351 1666 3379 Saresb.
1679 3351 1759 3386 Epist.
1771 3356 1816 3384 298
1838 3350 1948 3377 Ecclesia
1961 3356 2111 3383 martyrum
2124 3350 2250 3384 sanguine
2262 3348 2405 3376 laureatur.

228 3383 302 3416 tibus,
322 3393 351 3423 ,ατ
369 3385 456 3410 deinde
477 3385 504 3410 in
518 3396 602 3413 aream
615 3387 790 3415 decidentibus.
844 3386 912 3414 Plin.
933 3397 971 3420 34,
993 3396 1014 3419 ¹3
1032 3387 1074 3414 Fit
1087 3392 1113 3413 ct
1130 3385 1158 3412 in
1177 3387 1281 3421 argenti
1382 3394 1400 3414 1.
1411 3388 1580 3414 AVREAT
1591 3393 1613 3413 v
1626 3394 1657 3421 s,
1677 3396 1701 3423 3,
1718 3396 1772 3413 11111.
1793 3385 1854 3413 Adi.
1892 3387 1974 3412 Lauro
1989 3394 2124 3415 coronatus.
2162 3385 2263 3413 Festus:
2281 3383 2404 3411 [31110311

228 3419 380 3446 fornacibus
395 3420 498 3455 spodOS,
516 3430 595 3456 quam
608 3429 704 3450 vocant
716 3422 859 3450 laureotin.
895 3423 1024 3450 Harduin.
1044 3425 1092 3458 leg.
1110 3422 1261 3451 Lauriotiu.
1344 3423 1445 3450 milites
1458 3421 1633 3457 sequebantur
1647 3432 1755 3450 currum
1768 3421 1969 3457 triumphantis,
1990 3427 2019 3449 vt
2033 3422 2103 3456 quafi
2118 3419 2218 3458 purgati
2232 3427 2247 3445 a
2260 3419 2339 3446 caede
2359 3419 2407 3446 hu-

267 3461 284 3481 L
298 3461 350 3482 AV
360 3462 377 3481 R
391 3462 407 3483 Ε
421 3463 443 3483 Τ
455 3463 475 3483 ν
484 3464 526 3491 Μ,
547 3463 564 3483 1.
577 3465 598 3485 A
608 3466 628 3484 V
638 3465 657 3486 R
666 3466 682 3485 E
691 3466 750 3493 vs,
769 3459 820 3486 vicl.
844 3465 861 3485 L
873 3465 895 3485 A
904 3465 925 3484 v
938 3464 957 3485 R
968 3465 989 3484 V
1000 3465 1026 3485 s.
1343 3468 1420 3486 mana
1436 3459 1564 3486 intrarent
1579 3458 1682 3486 vrbem.
1721 3460 1812 3493 Itaque
1826 3458 1937 3485 eandem
1953 3459 2067 3492 laurum,
2081 3456 2205 3485 omnibus
2225 3454 2403 3482 suffitionibus

267 3496 283 3516 L
293 3497 346 3531 AV
356 3497 373 3517 R
384 3493 425 3531 i'c
441 3499 458 3520 E
471 3500 498 3527 S,
519 3503 575 3520 um.
611 3494 679 3522 Ptin.
694 3501 718 3530 8,
729 3504 756 3525 55
772 3495 907 3530 Leporum
921 3494 1026 3529 generis
1041 3495 1099 3521 sunt
1112 3500 1138 3520 01
1152 3503 1217 3528 quos
1231 3494 1282 3521 Hi.
1344 3494 1467 3521 adhiberi
1483 3494 1589 3522 solitum
1607 3500 1676 3521 erat:
1707 3495 1750 3521 vel
1765 3495 1837 3529 quod
1859 3494 2055 3522 medicamento
2074 3490 2203 3521 ficcissima
2216 3491 2254 3523 fit,
2272 3491 2315 3518 vel
2330 3491 2402 3526 quod

228 3525 466 3567 spaniacunrculos
481 3530 604 3564 appellat,
622 3530 812 3558 foecunditatis
831 3531 1004 3563 innumerae,
1024 3531 1177 3564 famemque
1193 3530 1281 3557 Belea.
1293 3534 1326 3562 95
1345 3531 1421 3557 omni
1437 3537 1557 3566 tempore
1569 3530 1649 3564 viret,
1669 3536 1699 3558 vt
1713 3530 1834 3558 fimiliter
1850 3531 1926 3566 Resp.
1939 3532 2041 3558 floreat.
2075 3527 2163 3554 Fas&s
2178 3526 2298 3560 laureati,
2318 3527 2404 3562 Fasces

228 3560 303 3587 ribus
317 3563 416 3602 insulis,
437 3565 569 3599 populatis
583 3565 703 3592 meffibus
723 3567 870 3593 afferentes.
925 3567 1021 3594 Foctus
1041 3572 1135 3592 ventre
1156 3566 1282 3598 exscSms,
1345 3566 1432 3593 laurea
1446 3569 1490 3593 vel
1502 3568 1572 3593 lauro
1585 3567 1764 3594 circumuoluti.
1821 3568 1878 3595 Cic.
1892 3568 1924 3594 de
1939 3567 2031 3594 Diuin.
2047 3572 2065 3597 ¹,
2078 3571 2108 3595 59
2124 3572 2145 3589 t·-
2160 3569 2188 3593 28
2207 3562 2330 3589 Lictores
2349 3563 2404 3589 lau·

230 3597 271 3623 vel
295 3597 420 3625 vbctibus
435 3599 546 3639 ablatos,
565 3610 621 3628 non
634 3603 782 3637 repurgatis
799 3603 959 3636 interaneis,
977 3601 1120 3637 gratiffimo
1142 3601 1172 3629 in
1193 3602 1282 3630 cibatu
1347 3602 1431 3636 reati,
1452 3602 1506 3640 Qi
1519 3603 1641 3628 laureatos
1650 3603 1733 3638 fasces
1746 3611 1771 3630 et
1782 3605 1881 3630 laureas
1895 3605 2093 3633 coronasgerum
2113 3599 2170 3625 Cic·
2185 3599 2238 3625 Ast·
2255 3607 2278 3631 72
2296 3608 2333 3627 ¹0·
2359 3599 2403 3625 Li·

230 3632 343 3659 habcnt:
379 3634 491 3662 laurices
514 3644 620 3664 vocant.
1347 3644 1420 3664 terae
1441 3638 1571 3666 laureatae
1595 3638 1655 3666 Liu.
1667 3649 1705 3674 45,
1723 3649 1740 3666 1.
1815 3639 1941 3674 Prosequi
1961 3635 2030 3670 gesta
2049 3634 2173 3661 laureatis
2184 3633 2289 3669 subaud·
2309 3634 2404 3660 Ll'ffl‘ff

270 3675 288 3695 1-
300 3676 321 3695 Α
330 3675 352 3695 V
363 3675 381 3695 R
393 3678 402 3711 1
414 3677 430 3697 c
442 3677 462 3698 o
475 3678 500 3699 M
511 3678 531 3698 ν
541 3680 569 3706 5,
598 3679 615 3699 r.
628 3680 650 3701 A
663 3680 685 3700 v
696 3679 716 3701 11
727 3680 737 3700 1
750 3680 766 3701 p
779 3680 795 3701 E
805 3680 823 3700 R
832 3696 840 3709 ‚
866 3681 884 3702 1.
895 3681 948 3702 Av
957 3679 977 3702 11
989 3680 1001 3701 1
1013 3679 1035 3701 G
1046 3679 1064 3701 n
1076 3679 1096 3701 κ
1105 3696 1115 3709 ,
1137 3680 1154 3701 1.
1166 3680 1189 3701 A
1198 3680 1220 3701 v
1229 3680 1249 3702 11
1260 3681 1283 3701 1-
1347 3674 1417 3701 Tac.
1432 3674 1523 3709 Agric.
1536 3684 1558 3701 c.
1574 3679 1607 3705 18.
1650 3675 1705 3703 Via.
1722 3676 1828 3701 Gronau.
1841 3678 1877 3702 ad
1888 3676 1946 3702 stat.
1962 3671 2025 3698 Silu.
2044 3677 2068 3706 p.
2083 3679 2130 3701 1³0·
2152 3670 2240 3697 Barth.
2255 3671 2293 3696 ad
2307 3668 2403 3698 Claud.

233 3710 258 3731 N
268 3710 290 3730 V
302 3710 315 3731 S
327 3725 335 3737 ,
369 3707 422 3733 md.
450 3713 467 3733 L
478 3714 498 3734 Α
509 3715 530 3734 ν
539 3715 558 3735 R
569 3716 588 3735 v
598 3716 620 3736 5.
1290 3716 1339 3736 ιοο
1348 3719 1373 3745 p.
1387 3716 1443 3742 308-
1461 3712 1490 3737 it.
1506 3710 1572 3737 Fest.
1586 3717 1609 3735 et
1616 3710 1759 3746 singularis
1779 3713 1799 3738 Ι.
1815 3712 1846 3738 G.
1860 3707 1963 3743 Bergeri
1974 3706 2041 3741 Dtffi
2078 3706 2163 3733 Postes
2175 3705 2301 3736 laureati,
2321 3706 2403 3731 Lauro

269 3745 286 3766 1.
298 3747 319 3767 A
329 3746 351 3766 V
360 3747 379 3766 R
391 3748 410 3766 V
421 3749 433 3768 s
442 3763 450 3775 ‚
467 3743 485 3768 i.
507 3744 524 3771 f,
542 3752 565 3770 et
587 3751 604 3771 1.
616 3751 638 3772 Α
648 3752 669 3771 V
679 3752 699 3772 R
709 3753 729 3772 V
739 3752 769 3779 S,
787 3744 828 3773 ὓς.
847 3746 866 3772 f.
887 3746 1000 3781 [δάφνη]
1020 3746 1114 3772 Arbor.
1169 3745 1236 3772 Plin.
1251 3755 1284 3779 15,
1348 3747 1460 3772 coronati
1478 3745 1612 3780 Qin&il.
1625 3752 1648 3776 8,
1662 3748 1686 3773 6.
1731 3747 1872 3774 Poetarum
1882 3746 2060 3771 laureatorum
2075 3743 2143 3777 07¹1'g0
2156 3751 2187 3768 ex
2201 3741 2267 3767 ludis
2281 3740 2402 3776 Capitoli-

232 3784 262 3806 30
282 3776 383 3818 Laurus
397 3778 540 3817 triumphis
553 3781 661 3815 proprie
674 3781 786 3817 dicatur,
804 3781 848 3808 vel
869 3779 1008 3816 gratissima
1026 3780 1150 3808 domibus
1172 3780 1284 3808 ianitrix
1347 3781 1395 3807 nis.
1457 3783 1513 3809 Vid.
1528 3782 1621 3814 Scaliff.
1634 3781 1726 3816 Auson.
1743 3783 1807 3810 Lefl.
1822 3790 1887 3815 1,10.
1943 3778 2073 3805 Tabellae
2093 3778 2224 3805 laureatae
2243 3777 2304 3804 Liu.
2319 3786 2356 3809 45,
2384 3785 2402 3803 1.

234 3810 375 3838 Caelarum
393 3813 605 3850 pontificumque
620 3825 700 3850 quae:
722 3817 776 3845 sola
789 3824 815 3845 et
828 3818 921 3845 domos
935 3823 1057 3853 exornat,
1075 3823 1174 3844 0131110
1189 3816 1283 3844 limina
1348 3816 1485 3852 Lamprid.
1499 3818 1526 3844 in
1541 3811 1682 3845 Aleitandr.
1705 3827 1726 3845 c.
1742 3825 1780 3850 58.
1833 3818 1884 3843 Per
1897 3815 2084 3840 translationem
2109 3813 2176 3840 Plin·
2198 3819 2232 3847 ¹8,
2251 3823 2261 3843 3
2281 3812 2402 3847 Ipsorum

235 3847 352 3874 excubat.
425 3849 486 3875 Duo
501 3851 558 3877 eius
577 3861 673 3885 genera
693 3853 774 3881 tradit
792 3855 874 3881 Cato:
927 3854 1085 3888 Delphicam
1105 3858 1132 3880 et
1147 3852 1284 3887 Cypriam.
1346 3862 1416 3880 nunc
1435 3853 1557 3880 manibus
1572 3853 1766 3888 imperatorum
1784 3850 1936 3880 colebantur
1950 3850 2021 3884 agri,
2040 3856 2068 3876 vt
2081 3850 2120 3876 fas
2141 3849 2177 3876 est
2196 3847 2322 3883 credere,
2340 3855 2403 3881 gau-

237 3881 373 3916 Pompeius
388 3884 524 3912 Leneaeus
532 3886 637 3921 adiecit,
652 3898 733 3923 quam
746 3890 904 3917 mustaccam
913 3889 1066 3924 appellauit,
1085 3889 1214 3924 quoniam
1227 3898 1284 3915 mu-
1293 3892 1338 3919 105
1346 3888 1423 3917 dente
1436 3895 1507 3917 terra
1520 3898 1631 3917 vomere
1645 3890 1775 3921 laureato,
1782 3893 1817 3915 .et
1830 3886 1986 3922 triumphali
2006 3892 2119 3914 aratore.
2280 3917 2390 3945 LAVRY
