2517 4231
269 247 346 287 507
524 202 529 204 ἡ
685 229 722 271 o
787 228 841 270 ΒΠ
882 227 917 268 E
1800 219 1836 259 o
1894 218 1922 258 B
1975 217 2008 258 E
2375 217 2447 272 508
2493 235 2499 242 ·

272 326 345 351 dare.
382 322 488 355 Festus,
508 320 630 355 Obedio,
650 312 776 348 obaudio.
858 315 914 342 Cic.
927 313 960 340 de
973 312 1059 341 Claris
1075 312 1150 339 Orat.
1158 319 1201 344 242
1238 311 1329 344 Qun·
1390 311 1454 346 ›tii-1]
1489 313 1560 338 Mori
1568 333 1577 345 ,
1596 319 1678 346 nempe
1694 309 1845 344 intelligitur
1857 317 1940 334 nomen
1955 309 2081 336 Mortem.
2117 311 2157 336 De
2171 318 2216 344 quo
2227 307 2308 344 paxillo
2317 307 2367 344 post
2379 317 2404 334 n.
2417 315 2447 334 2:

273 367 331 387 tum
343 360 371 386 in
386 359 434 386 hac
448 358 514 385 vrbe
528 357 641 392 polleat,
666 355 814 382 multorum
832 350 945 377 obedire
965 348 1097 384 tempori,
1129 348 1329 380 multorumque
1389 348 1432 372 vel
1443 348 1542 381 ponitur
1557 357 1585 373 ea
1597 349 1710 379 ratione,
1748 353 1776 371 vt
1792 344 1874 371 sidera
1888 343 1965 371 obire
1977 346 2096 371 dicuutur
2131 347 2183 378 (de
2201 354 2247 380 quo
2267 346 2353 371 itidem
2372 353 2398 371 n.
2417 346 2448 374 2)

273 396 316 422 vel
330 395 447 425 honori,
466 394 508 420 vel
521 393 639 428 periculo
651 391 759 417 seruire.
814 386 888 413 Idem
900 385 984 412 Tusc.
999 395 1021 418 ς,
1034 386 1063 417 36
1101 383 1153 410 Hic
1166 383 1201 409 est
1215 383 1260 409 ille
1273 390 1329 408 mo-
1391 382 1433 407 vel
1451 382 1580 410 occidere.
1654 383 1734 409 Plaut.
1749 381 1823 417 Epid.
1843 390 1864 413 3,
1885 390 1909 414 4,
1923 382 1952 413 76
1990 381 2062 407 Malo
2074 381 2192 408 cruciatu
2205 387 2234 407 vt
2245 389 2351 416 pereaS,
2370 385 2451 412 atque

274 432 394 462 deratus,
417 430 461 457 hic
476 430 554 457 fortis
564 449 573 462 ,
591 428 633 454 hic
649 426 763 460 sapiens,
782 422 827 449 hic
842 429 867 449 et
881 421 1045 448 nascentibus
1063 425 1089 446 et
1102 418 1255 446 cadentibus
1270 426 1329 444 cum
1391 416 1472 443 obeas
1485 417 1548 453 cito.
1654 418 1721 445 Plin.
1736 428 1764 452 11,
1777 427 1803 450 37
1825 417 1910 443 Obire
1923 415 2028 444 morbo.
2134 417 2252 444 Decus-so
2266 415 2368 443 [umine
2377 415 2448 441 vitae

273 468 386 503 reliquis
401 464 564 497 commodis,
584 469 639 489 tum
653 460 767 487 maxime
779 458 873 485 liberis
887 456 1007 492 parebit,
1030 462 1056 483 et
1070 455 1178 483 obediet
1189 460 1330 490 praecepto
1346 464 1358 487 ς
1391 452 1463 479 obiit
1489 453 1591 479 Luci-et.
1606 463 1627 486 3,
1641 464 1706 485 ¹055-
1904 449 1925 490 ff
1947 461 1959 478 2
1997 452 2123 485 Nomina,
2151 453 2238 487 quibus
2248 452 2380 487 iungitur,
2411 458 2449 476 or-

273 504 316 531 illi
330 503 423 530 veteri.
496 497 632 532 Tempori
657 496 731 523 Idem
743 503 794 529 pro
806 494 911 520 Cluent.
926 502 948 520 c.
962 496 1004 528 69.
1085 491 1205 518 Obedire
1219 497 1244 517 et
1259 498 1330 524 pare-
1391 489 1448 513 dine
1462 488 1642 516 elementorum.
1748 489 1808 516 Cic.
1831 489 1903 515 Fam.
1926 497 1962 521 10,
1983 497 2009 518 ες
2046 488 2128 514 Multi
2147 488 2279 516 clariffimi
2298 487 2352 514 viri
2366 493 2450 522 quum

274 548 304 566 re
316 537 449 566 voluntati
463 536 505 563 dei
531 534 604 562 Idem
616 531 648 558 de
663 531 724 558 Nat·
737 531 819 556 Deor·
835 539 860 563 ¹9
876 538 897 556 C·
911 534 933 559 8-
1041 527 1114 555 Idem
1130 527 1162 554 de
1176 526 1266 561 Legib.
1284 535 1305 558 3,
1320 533 1332 554 5
1392 524 1468 559 Reip.
1489 522 1582 549 darent
1601 532 1724 559 operam,
1760 527 1868 552 Annum
1887 524 2025 559 petitionis
2044 524 2102 549 sisae
2115 533 2167 550 non
2182 523 2318 551 obierunt.
2354 523 2373 549 ι’.
2393 522 2451 548 Non

275 576 333 603 Nec
348 583 413 602 vero
428 573 510 599 solum
524 575 551 596 vt
563 567 747 601 obtemperent
760 565 939 600 obediantque
955 563 1168 598 magistratibus,
1192 563 1235 589 sed
1250 562 1330 588 etiam
1393 566 1515 585 venerunt
1528 560 1563 598 aa!
1575 567 1675 585 aunum.
1781 561 1842 588 Liu.
1857 572 1880 593 4„
1895 568 1912 595 7
1938 560 2009 594 Qsia
2023 559 2077 586 duo
2089 560 2217 586 Consules
2231 560 2309 587 obire
2322 564 2361 586 tot
2374 556 2450 585 simul

273 617 303 638 vt
316 620 361 638 eos
375 610 476 639 colant,
498 605 661 638 diligantque
675 601 885 637 praescribimus.
975 600 1050 628 Idem
1063 609 1112 634 pro
1121 598 1225 626 Caecin.
1240 607 1267 629 52
1304 596 1331 623 Si
1394 596 1464 622 Bella
1478 600 1628 628 nequirent.
1666 596 1685 620 i.
1707 597 1774 622 Onus
1788 605 1825 623 tut
1839 595 2100 632 bellmumsustipere,
2126 602 2151 621 et
2163 596 2196 621 eis
2203 595 2324 630 sufficere.
2393 593 2449 620 Cic.

273 647 383 674 seruulis
396 645 445 671 hoc
457 640 553 668 nostris
566 639 782 667 concesserimus,
818 643 849 665 vt
861 637 892 664 ad
906 635 989 664 verba
1001 636 1080 663 nobis
1096 634 1241 667 obediant,
1276 641 1331 660 non
1348 643 1376 661 10
1393 633 1445 658 Att.
1459 640 1484 665 9,
1501 640 1508 656 1
1545 630 1617 662 Qsas
1628 638 1702 656 enim
1715 639 1760 657 eos
1772 633 1876 659 Coenas
1891 639 1915 659 et
1929 631 2017 658 facere
2030 637 2055 657 et
2066 631 2143 658 obire
2161 632 2258 666 scripsit
2277 631 2309 658 ad
2328 639 2371 657 me
2391 629 2451 656 Sex-

273 682 307 710 ad
321 682 358 715 id,
373 679 442 714 quod
456 685 487 703 cx
500 675 589 701 verbis
605 674 721 708 intelligi
734 673 823 709 pollit,
840 673 1035 708 obtemperent.
1113 671 1144 697 In
1158 669 1268 697 modum
1281 670 1332 695 ser·
1391 673 1448 700 tus,
1467 674 1546 701 quam
1562 666 1659 706 lautas,
1674 674 1755 705 quam
1768 669 1954 703 tempestiuas?
2025 667 2101 695 Idem
2114 666 2182 694 Ibid.
2196 670 2229 700 16,
2244 673 2257 697 8
2293 666 2400 701 Cogitat
2413 673 2453 691 re-

273 726 370 746 vorum
384 713 461 741 alicui
476 710 586 738 obedire
607 710 700 737 Tacit.
716 711 784 736 Ann.
799 719 818 743 1,
836 719 869 743 ¹7·
961 707 1061 735 Obedit
1078 715 1107 733 re
1139 705 1193 732 illis
1206 706 1329 737 maxime,
1392 704 1478 738 liquas
1492 702 1620 729 Colonias
1634 700 1721 728 obire.
1800 704 1874 730 Idem
1885 704 1952 731 ijd„
1968 713 1987 737 ι,
2002 713 2016 735 4
2043 703 2139 730 Venias
2152 703 2185 729 ad
2200 703 2228 729 id
2243 708 2361 737 tempus,
2379 699 2452 735 quod

271 755 291 781 ἱ,
307 755 398 778 Horum
410 747 508 781 consilio
523 747 628 773 maxime
641 749 741 781 Utitur,
765 746 833 780 Nep.
850 755 886 779 14,
901 753 924 781 ς,
937 755 961 778 4.
1070 744 1108 768 Ρα
1128 752 1160 768 tu.
1181 742 1243 769 Liu,
1258 750 1287 774 4,
1300 741 1330 767 26
1392 738 1501 772 scribis,
1542 737 1642 764 obieris
1660 737 1699 771 Q
1719 736 1809 763 fratris
1819 740 1948 766 Comitia.
1985 742 2003 767 i.
2027 740 2149 772 Adia-is,
2175 746 2249 773 tuque
2264 739 2313 764 illis
2327 737 2453 771 adfueris.

272 788 355 815 Enixe
366 784 505 811 obeditum
521 781 647 809 dietatori
660 781 704 809 est.
795 780 938 811 Obedibo,
961 779 1064 814 antiqui
1078 778 1212 805 dixerunt.
1254 777 1330 804 Afra·
1393 777 1431 810 Q
1443 775 1499 802 Cic.
1515 773 1546 800 de
1560 774 1634 801 Petit.
1647 772 1756 800 Consul.
1771 780 1802 807 27
1826 774 1956 802 Homines
1970 777 2043 811 saepe
2058 784 2141 810 quum
2156 774 2257 801 obeunt
2271 774 2358 809 plures
2373 773 2454 800 Com-

272 824 346 855 nius,
366 822 429 848 Meo
442 825 470 846 vt
482 818 614 853 obsequar
627 817 732 850 amori,
751 816 871 845 obedibo
887 817 956 849 tibi,
973 815 1027 841 vid.
1040 815 1115 841 Non.
1129 823 1168 846 ιο,
1181 822 1221 846 24.
1350 820 1374 843 ις
1393 811 1521 847 petitores
1530 831 1538 843 ‚
1558 817 1584 850 et
1604 809 1697 836 vident
1710 818 1794 835 vnum
1808 810 1857 835 effe
1869 809 2050 846 aliquem,qui
2063 812 2125 838 haec
2139 809 2225 837 officia
2238 810 2354 837 maxime
2367 808 2452 836 anim-

310 864 330 885 o
342 864 358 884 Β
371 863 388 883 Ε
400 862 417 882 D
427 862 437 882 1
449 861 467 882 Ε
478 861 501 882 N
514 861 547 886 S,
574 854 652 881 entis.
682 854 777 881 Panic.
815 852 980 888 [παθόμενος]
1018 851 1074 876 Cic.
1089 849 1122 876 de
1136 850 1197 876 Nat.
1212 850 1295 875 Deor.
1309 856 1332 880 2,
1392 847 1527 879 aduertat,
1546 855 1572 873 ei
1588 847 1613 872 se
1629 845 1746 877 dedunt,
1769 844 1892 871 deserunt
1904 852 2036 880 caetero-⁵,
2053 847 2207 875 minutatim
2220 848 2253 873 ex
2266 843 2453 874 communibus
2498 843 2505 852 '

268 901 305 929 77
332 892 412 920 Nulli
425 891 509 926 igitur
523 890 560 917 est
572 896 679 917 naturae
692 889 835 922 obediens,
859 894 903 914 aut
918 885 1050 913 fisbiectus
1065 886 1137 912 deus,
1230 883 1331 911 Obedi-
1392 883 1515 917 proprii,
1536 891 1567 908 ex
1581 882 1674 908 fucosis
1688 881 1761 907 firmi
1774 881 1956 915 suffragatores
1969 883 2091 910 euadunt.
2165 883 2221 909 Cic.
2236 882 2268 908 de
2283 882 2365 909 Amic.
2373 890 2397 915 7,
2409 887 2454 906 c.2

269 938 316 956 ens
334 928 409 956 dieto
439 927 520 954 Plaut.
542 926 634 953 Bacch.
654 934 676 958 3,
691 934 711 958 3,
724 933 759 958 35.
845 924 974 956 ,Naturae
986 921 1114 949 obediens
1127 921 1210 947 homo
1224 918 1332 946 homini
1394 917 1451 951 Qu
1464 917 1658 952 diligentiffime
1672 918 1774 952 semper
1792 917 1870 943 illum
1883 916 1955 943 diem
1975 925 2001 944 et
2015 918 2082 945 illud
2101 928 2198 945 munus
2216 918 2307 944 solitus
2326 917 2387 944 effes
2405 915 2456 942 ob-

267 973 366 993 nocere
379 973 435 990 non
448 962 531 998 potest
556 963 611 990 Cic.
627 960 703 988 offic.
717 970 738 995 3,
749 969 777 991 25
790 969 811 986 c.
824 969 845 991 5.
931 958 1043 984 Animus
1056 958 1191 984 mansuete
1204 955 1331 982 obediens
1392 954 1447 981 ire:
1485 953 1503 979 i.
1529 954 1626 984 Adire,
1645 961 1669 979 et
1681 953 1762 988 adest}
1774 962 1799 978 eo
1812 954 1860 979 die.
1955 954 1986 978 Et
2001 953 2066 980 Plin.
2080 955 2158 989 Epist.
2173 960 2196 987 8,
2210 961 2234 983 8.
2255 955 2324 981 Suet.
2336 953 2385 980 Iul.
2401 961 2423 978 c.
2438 959 2455 985 9
2482 967 2485 969 -

268 1000 386 1036 imperio
400 999 508 1026 meliori
528 999 588 1026 Liu.
601 1008 623 1031 3,
636 1005 679 1029 29.
763 995 947 1030 appetitiones
962 993 1117 1021 obedientes
1133 991 1237 1019 efficere
1249 990 1330 1017 ratio·
1343 998 1376 1016 20
1393 989 1528 1017 Tanusius
1541 989 1650 1022 adiicit,
1673 989 1791 1015 Crassum
1805 988 1970 1023 poenitentia
1984 989 2027 1015 vel
2040 996 2112 1016 metu
2126 990 2197 1017 diem
2210 990 2282 1017 caedi
2297 988 2457 1015 destinatum

268 1038 299 1064 ni
323 1037 379 1063 Cic.
395 1035 450 1062 Off.
472 1044 494 1067 2,
511 1040 543 1065 18.
616 1032 767 1065 Obediens,
798 1030 937 1066 [ἰυπειθιῗῆ
960 1029 1056 1063 innixae,
1082 1029 1209 1063 natissae]
1246 1036 1330 1053 nomen
1393 1035 1449 1052 non
1462 1025 1563 1052 obiisse.
1645 1025 1724 1051 Diem
1738 1024 1870 1051 enesionis
1884 1025 1962 1051 obire
1980 1025 2036 1050 Cic.
2052 1026 2104 1051 Att.
2119 1035 2150 1057 13,
2165 1035 2200 1058 14.
2274 1026 2352 1052 Diem
2366 1023 2456 1056 obire,

263 1072 388 1109 gradibus
400 1072 536 1107 affin-gens.
608 1069 669 1097 Liu.
683 1077 722 1102 25,
740 1077 768 1102 39
806 1068 838 1094 Et
852 1073 879 1094 vt
891 1066 1014 1101 imperiis
1028 1067 1156 1093 vinorum
1175 1073 1255 1091 nemo
1268 1062 1331 1089 obe·
1394 1062 1474 1088 Mori.
1547 1062 1602 1088 Ser.
1617 1060 1747 1095 Sulpicius
1760 1061 1792 1088 ad
1806 1061 1863 1088 Cic.
1877 1062 1949 1087 Fam.
1964 1071 1987 1093 α,
2003 1069 2031 1087 12
2068 1061 2159 1087 Paullo
2171 1067 2230 1087 ante
2245 1062 2330 1088 lucem
2344 1059 2455 1088 Marcel.

269 1107 388 1135 dientior
400 1116 443 1134 me
457 1115 511 1133 vno
527 1105 610 1133 fuerit
620 1127 628 1139 ‚
648 1112 693 1131 etc.
773 1103 846 1130 Idem
861 1109 885 1136 8,
900 1109 913 1132 8
950 1103 1023 1129 Fecit
1035 1102 1158 1129 atrocitas
1172 1109 1254 1135 paene
1269 1098 1331 1125 obe·
1392 1098 1449 1125 lum
1463 1098 1535 1124 diem
1549 1098 1624 1123 sssum
1638 1097 1739 1123 obiiss'e.
1791 1098 1831 1122 Sic
1857 1097 1937 1123 Diem
1951 1097 2029 1123 obire
2041 1097 2193 1132 supremum
2213 1097 2278 1124 l'lin.
2295 1106 2333 1130 14,
2347 1107 2369 1128 4.
2382 1096 2455 1130 Nep.
2489 1124 2497 1130 ,

268 1144 430 1172 dientiorem
443 1142 504 1169 duci
518 1142 643 1170 militem.
720 1139 794 1166 Idem
805 1149 830 1172 7,
846 1148 868 1172 31
906 1139 1029 1173 Imperiis
1042 1136 1267 1164 obedientiffimus
1282 1134 1331 1161 mi-
1393 1142 1419 1168 7,
1435 1143 1472 1167 ιο,
1488 1136 1512 1161 6.
1588 1133 1665 1159 Diem
1680 1132 1738 1158 obit
1765 1133 1835 1159 Suet.
1852 1133 1929 1167 Vesp.
1945 1142 1967 1159 c.
1983 1143 2001 1159 ι.
2023 1133 2095 1167 Conf.
2111 1133 2204 1167 Nepos
2214 1142 2248 1164 ιο,
2263 1142 2331 1165 ιο,4.
2341 1141 2365 1158 et
2372 1141 2391 1166 1,
2398 1142 2423 1165 7,
2430 1132 2456 1158 6.

268 1181 315 1208 les.
342 1194 344 1198 ν
390 1179 504 1205 Tralaee.
540 1178 608 1205 Plin.
621 1179 657 1209 16,
672 1185 699 1209 43
736 1175 953 1202 Obedientiffima
967 1183 1126 1210 quocunque
1137 1173 1167 1199 in
1181 1181 1262 1208 opere
1279 1172 1330 1198 fra·
1347 1181 1374 1207 ²3
1394 1171 1496 1197 Domos
1509 1169 1658 1196 amicorum
1686 1169 1743 1195 Cic.
1760 1178 1809 1204 pro
1822 1168 1895 1196 Cael.
1913 1175 1935 1199 ng
1948 1178 1970 1196 e.
1984 1176 2012 1203 7.
2083 1169 2267 1196 Hereditatem
2280 1167 2369 1200 obire,
2401 1167 2456 1193 vid.

268 1217 363 1248 xinus,
386 1215 404 1240 i.
420 1212 608 1249 Sequaciffima,
625 1214 712 1240 idonea
723 1212 789 1237 omni
797 1211 894 1247 generi.
952 1211 995 1236 Sic
1392 1213 1413 1233 Η
1424 1213 1441 1232 E
1451 1213 1470 1233 R
1481 1212 1496 1231 E
1508 1213 1526 1232 D
1539 1213 1577 1232 ῐΤ
1589 1212 1607 1231 Α
1618 1212 1639 1231 8.
1737 1206 1767 1232 In
1781 1205 1913 1232 silentium
1927 1204 2006 1231 obire
2030 1204 2118 1231 Senec.
2131 1205 2211 1239 Epist.
2226 1213 2259 1232 21.
2335 1208 2339 1217 ¹
2354 1202 2457 1231 Iudicia

308 1259 328 1280 o
342 1257 359 1278 B
371 1256 389 1278 E
402 1256 420 1276 D
430 1258 440 1277 1
451 1252 562 1277 TVRV
575 1256 589 1276 s
599 1270 608 1282 ,
632 1257 662 1281 a,
690 1256 744 1274 um.
769 1248 836 1275 Part.
865 1246 934 1274 Plin.
948 1255 982 1281 17,
998 1255 1024 1281 ¹9
1049 1246 1147 1273 Ratuus
1161 1244 1237 1272 oleae
1251 1252 1331 1279 quam
1392 1242 1497 1278 priuata
1510 1250 1665 1277 magnarum
1679 1249 1770 1268 rerum
1784 1240 1862 1267 obire
1892 1241 1949 1267 Cic.
1968 1240 2001 1267 de
2017 1241 2093 1267 Orat.
2106 1249 2126 1273 1,
2142 1249 2189 1275 ¹73-
2297 1240 2456 1275 Legationes
2487 1256 2496 1265 1

269 1288 385 1316 maxime
398 1288 492 1320 sequax
505 1292 583 1321 atque
594 1283 761 1311 obediturus.
1392 1277 1487 1311 obire,
1522 1279 1540 1304 i.
1561 1277 1686 1313 Suscipere
1706 1277 1779 1304 Idem
1793 1277 1824 1303 de
1838 1277 1907 1311 Lege
1922 1280 1984 1312 Agr.
1997 1284 2024 1311 7,
2037 1283 2060 1307 8.
2072 1284 2096 1302 et
2111 1277 2189 1303 Acad.
2204 1286 2218 1309 4
2231 1286 2253 1304 c.
2267 1285 2292 1303 2.
2375 1276 2456 1310 Lega-

307 1330 328 1352 Ο
339 1330 355 1350 Β
365 1329 382 1349 Ε
392 1329 427 1349 DI
438 1328 454 1348 E
465 1328 488 1347 N
500 1328 522 1349 'r
536 1328 590 1354 ΙΑ,
615 1329 654 1347 ae.
674 1319 701 1347 ‘f.
738 1317 880 1352 [e'uaeu'fium
906 1318 1011 1350 danaos),
1035 1318 1122 1352 πῦσοι]
1160 1316 1218 1344 Cic.
1240 1315 1293 1342 Off.
1312 1325 1330 1348 ι,
1392 1321 1433 1341 tus
1448 1313 1517 1341 obiit
1531 1315 1694 1348 Aegyptum:
1730 1320 1775 1349 pro
1788 1314 1919 1348 Legatione
1926 1313 2031 1348 funz‘lus
2044 1311 2075 1348 est
2088 1313 2116 1338 iu
2129 1315 2271 1348 Aegyptum
2293 1312 2350 1339 Cic.
2364 1312 2456 1339 Somn.

269 1369 316 1387 202
342 1369 363 1386 c.
386 1368 416 1392 29
455 1358 619 1392 Relinquunt
633 1355 705 1383 enim
725 1361 751 1380 et
772 1353 902 1380 abiiciunt
923 1353 1122 1388 odedientiam‚
1163 1362 1210 1380 nee
1231 1351 1332 1380 rationi
1346 1360 1377 1384 30
1392 1350 1460 1385 Scip.
1475 1359 1495 1382 3.
1569 1350 1662 1375 Letum
1675 1349 1754 1376 obire
1775 1349 1879 1375 Lucrct.
1895 1358 1917 1382 ς,
1935 1358 2001 1382 ¹4¹9·
2073 1349 2130 1377 Cic.
2143 1358 2192 1384 pro
2207 1348 2343 1383 Milon227
2357 1348 2457 1381 Quam,

267 1401 376 1431 parent,
397 1393 439 1420 cui
453 1394 511 1420 sunt
523 1392 635 1420 subiefft
648 1392 704 1426 lege
718 1394 834 1416 naturae.
871 1423 876 1428 ι
914 1388 970 1415 Cic.
983 1389 1013 1414 in
1026 1388 1115 1415 Pax-ad.
1128 1398 1150 1422 5,
1164 1399 1172 1415 1
1210 1388 1237 1415 Si
1250 1388 1332 1414 serui.
1392 1386 1440 1413 nili
1455 1386 1532 1413 obire
1547 1385 1675 1411 facinoris
1691 1385 1792 1411 Locum
1807 1390 1963 1420 tempusque
1978 1384 2100 1411 voluisset
2110 1406 2118 1417 ,
2145 1393 2282 1420 nunquam
2300 1383 2457 1418 reliquisset.
2489 1382 2492 1385 '

267 1439 309 1459 tus
320 1432 349 1459 fit
386 1430 468 1463 (ficut
481 1430 535 1462 est)
572 1426 726 1455 obedientia
741 1424 821 1452 sraCti
834 1424 919 1450 ammi
934 1431 960 1450 et
972 1423 1088 1457 abiecti,
1117 1431 1143 1451 et
1161 1423 1277 1451 arbitrio
1291 1432 1331 1449 ca·
1394 1424 1425 1448 Et
1438 1431 1491 1448 cum
1503 1421 1616 1457 Praepos.
1652 1420 1709 1447 Cic.
1723 1422 1795 1446 Atat.
1808 1429 1860 1454 474
1881 1420 1947 1447 Obit
1961 1421 2047 1447 infera
2061 1421 2167 1447 Perseus
2181 1421 2210 1446 in
2226 1421 2304 1447 Loca,
2383 1420 2458 1447 Mor-

266 1468 350 1494 tentis
365 1467 427 1500 suo,
455 1467 514 1500 quis
528 1469 604 1499 neget
614 1471 706 1490 omnes
721 1461 809 1494 leues,
840 1468 933 1488 omnes
947 1459 1075 1492 cupidos,
1108 1468 1201 1486 omnes
1213 1458 1329 1493 denique
1392 1464 1446 1485 tem
1462 1457 1557 1490 obire,
1595 1457 1674 1483 Mori.
1728 1456 1835 1489 Festus,
1860 1457 1978 1483 Mortem
1991 1455 2084 1482 obiisse
2098 1465 2128 1483 ea
2139 1456 2331 1483 consuetudine
2347 1455 2458 1489 dicitur,

265 1501 406 1538 improbos
421 1502 471 1527 esse
485 1501 593 1528 seruos?
666 1497 829 1525 Obedientia
842 1496 1022 1531 imperiorum
1044 1495 1109 1523 Plin.
1125 1500 1149 1529 8,
1166 1505 1183 1521 ι.
1392 1502 1444 1528 qua
1456 1493 1580 1520 dixerunt
1593 1492 1696 1526 antiqui
1711 1492 1747 1519 ob
1760 1492 1873 1518 Romam
1888 1493 2005 1526 legiones
2020 1492 2127 1525 ductas,
2158 1499 2184 1519 ct
2198 1493 2233 1519 ob
2249 1492 2370 1519 Troiam
2381 1490 2459 1518 duxit

305 1545 326 1565 o
338 1544 354 1564 Β
364 1544 380 1564 Ε
390 1543 408 1563 D
418 1544 428 1562 1
440 1542 458 1563 Ε
468 1543 547 1562 ΝΤΕ
557 1543 585 1562 R.
616 1534 683 1561 Adu.
719 1533 861 1566 [ἓυπκθῶς]
899 1532 959 1559 Liu.
978 1536 1002 1565 8,
1017 1539 1044 1558 12.
1059 1538 1126 1557 extr.
1148 1530 1202 1558 Sub
1214 1529 1330 1564 imperio
1348 1537 1374 1560 35
1392 1529 1554 1555 exercitum:
1592 1537 1642 1563 pro
1655 1528 1695 1555 ad.
1769 1528 1840 1554 Ter.
1855 1528 1963 1554 Phorm.
1977 1537 1998 1560 5,
2007 1536 2033 1562 9,
2041 1537 2073 1561 30
2099 1529 2134 1555 Ea
2148 1530 2266 1556 Mortem
2279 1528 2359 1560 obiit,
2377 1537 2391 1554 e
2404 1535 2460 1553 me-

264 1574 360 1609 Populi
374 1573 453 1599 Rom.
466 1573 491 1599 se
505 1571 663 1597 obedienter
674 1578 703 1595 ac
716 1568 830 1594 fideliter
844 1568 960 1596 tuturos.
1032 1567 1198 1594 Obedienter
1211 1572 1331 1592 curatum
1392 1564 1438 1592 dio
1452 1563 1526 1591 abiit.
1619 1564 1675 1591 Cic.
1689 1573 1738 1599 pro
1753 1563 1850 1591 Milon.
1865 1566 1899 1591 66
1924 1565 2045 1590 Primum
2058 1564 2125 1592 illud
2140 1565 2236 1591 vulnus
2250 1564 2389 1599 acceperit,
2401 1569 2459 1597 quo
2489 1586 2492 1589 ,

265 1611 302 1637 est
323 1610 383 1636 Liu.
399 1617 434 1639 25.
504 1607 582 1634 Idem
595 1615 629 1637 ει,
642 1614 670 1638 3³
693 1603 859 1630 Obedienter
873 1603 1002 1638 imperata
1016 1603 1112 1631 facere.
1149 1603 1223 1630 Idem
1239 1611 1266 1635 3,
1287 1610 1330 1635 39.
1392 1601 1558 1627 teterrimam
1578 1600 1698 1627 Mortem
1715 1599 1813 1627 obiret.
1862 1600 1932 1627 Add.
1952 1600 2021 1627 Ter.
2036 1598 2119 1627 Andr.
2133 1610 2152 1634 1,
2170 1610 2191 1633 3,
2211 1605 2236 1631 18
2258 1600 2340 1634 ibique
2359 1599 2458 1626 Donat.

265 1648 378 1681 Compar.
400 1644 471 1672 Idem
485 1649 522 1676 38,
536 1653 563 1675 ³4
590 1641 670 1670 Nihil
684 1639 853 1667 obedientius
865 1640 995 1667 fecerunt.
1105 1641 1202 1676 Superl.
1222 1637 1331 1673 August.
1392 1638 1482 1664 Morte
1498 1635 1575 1663 obire
1596 1636 1704 1663 Sueten.
1722 1638 1790 1671 Aug.
1803 1645 1824 1662 c.
1835 1644 1855 1670 4
1866 1643 1907 1672 pr.
1993 1636 2093 1663 Munus
2111 1636 2234 1663 Consulis
2254 1636 2350 1670 obire,
2375 1634 2459 1671 Fungz‘

266 1682 327 1709 Ciu.
342 1681 393 1707 Dei
409 1690 445 1713 22,
459 1685 472 1709 8
509 1677 728 1706 Obedientissime
742 1676 840 1711 paruit.
1392 1672 1468 1705 offli-io
1482 1671 1593 1707 Consulis
1613 1672 1678 1699 Plin.
1694 1672 1722 1698 in
1739 1673 1833 1707 Pancg.
1848 1682 1869 1699 c.
1883 1680 1923 1706 59.
2033 1672 2093 1699 Liu.
2108 1681 2131 1705 2,
2146 1678 2159 1703 8
2188 1673 2256 1700 Non
2268 1670 2459 1700 sufficientibus

304 1724 323 1744 o
333 1723 349 1743 Β
361 1723 377 1743 E
388 1722 407 1742 D
417 1723 427 1742 1
442 1722 463 1742 'r
476 1722 486 1740 1
496 1721 533 1748 o,
570 1714 638 1741 onis.
683 1712 703 1739 f.
758 1711 880 1739 Ambros.
902 1711 982 1746 Epist.
999 1720 1034 1745 ¹9·
1052 1719 1076 1738 et
1097 1711 1158 1739 Vet.
1177 1711 1276 1745 Interp.
1297 1708 1330 1736 ad
1342 1717 1379 1742 40
1392 1709 1446 1735 iam
1460 1708 1565 1735 viribus
1577 1708 1609 1734 ad
1625 1708 1783 1735 Consularia
1793 1717 1905 1735 munera
1917 1707 2051 1735 obeunda.
2104 1710 2135 1735 Ee
2148 1718 2169 1742 3,
2184 1711 2201 1735 6
2225 1709 2323 1736 Munus
2338 1706 2476 1742 vigilari.-

266 1753 346 1781 Rom.
371 1759 402 1784 5,
441 1759 478 1784 ¹9·
1395 1754 1439 1771 um
1455 1744 1609 1775 Senatores,
1645 1744 1692 1776 qui
1715 1753 1763 1777 per
1782 1750 1895 1771 aetatem
1912 1753 1941 1770 ac
1954 1744 2133 1772 valetudinem
2148 1750 2287 1780 poterant,
2309 1753 2357 1780 per
2370 1745 2395 1771 se
2409 1741 2459 1778 ipfl
2475 1741 2480 1743 .

305 1795 324 1815 0
334 1793 350 1816 B
360 1785 406 1815 IE'D
417 1792 436 1813 O
446 1806 455 1819 ,
487 1784 531 1812 ἔάἰ
541 1805 551 1818 ,
577 1784 664 1820 &sunu
694 1784 748 1810 dre.
791 1782 922 1816 [περιέδει]
961 1781 1120 1818 Consumere,
1152 1781 1224 1816 qunfi
1240 1781 1332 1807 circum
1392 1779 1513 1807 obibant.
1586 1779 1684 1805 Munus
1700 1778 1777 1805 obire
1798 1779 1854 1806 Cic.
1868 1780 1900 1805 de
1913 1780 2020 1806 Amicis.
2035 1790 2048 1812 7
2062 1789 2084 1807 e.
2098 1790 2120 1807 2.
2194 1781 2255 1808 Liu.
2274 1780 2353 1808 Haud
2367 1788 2461 1815 granas

267 1826 346 1853 ardere.
405 1823 474 1848 Hinc
1392 1822 1418 1843 te
1432 1823 1528 1841 munus
1542 1814 1662 1841 obibant.
1733 1814 1829 1840 Munia
1843 1815 1913 1853 regis
1938 1814 1999 1840 Liu.
2015 1824 2033 1847 ι,
2046 1823 2084 1847 4ι.
2165 1817 2315 1850 Negotium
2336 1817 2392 1844 Cic.
2407 1823 2459 1851 pro

304 1866 325 1887 o
335 1866 351 1887 Β
362 1860 379 1886 ἐ
388 1865 430 1885 sv
440 1864 452 1883 s
461 1875 473 1890 ,
490 1864 504 1883 a
513 1877 521 1890 ,
547 1864 601 1882 um.
634 1854 693 1895 Adi.
729 1854 962 1888 [περιιδηδισμένος]
999 1852 1112 1880 Gracilis
1131 1857 1163 1892 εί.
1171 1852 1249 1879 exilis
1258 1873 1266 1885 ,
1291 1852 1330 1877 in·
1391 1852 1462 1886 Lege
1473 1850 1567 1877 Manil.
1582 1858 1618 1881 53.
1729 1849 1822 1876 Oculis
1834 1849 1928 1880 ohne,
1949 1850 2149 1885 Circumspicere.
2230 1852 2296 1879 Plin.
2309 1852 2389 1886 Epist.
2403 1860 2426 1885 3,
2440 1858 2460 1886 7

266 1896 321 1933 quit
334 1894 442 1923 Nonius
457 1904 481 1925 4,
497 1901 548 1926 345·
586 1891 721 1923 Naeuius,
753 1889 891 1929 Corpore,
918 1888 1081 1924 pectoreque
1101 1889 1220 1922 vndique
1238 1887 1330 1921 obeso,
1346 1892 1376 1917 45
1392 1893 1474 1926 extr.⁴
1487 1886 1557 1912 Nam
1572 1886 1662 1912 ferunt
1674 1886 1789 1912 Xerxem
1799 1906 1806 1918 ,
1826 1895 1908 1920 quum
1924 1885 2083 1913 immensum
2095 1886 2241 1913 exercitum
2255 1888 2340 1914 oculis
2353 1887 2460 1920 obisset,

266 1942 295 1959 ac
310 1937 398 1958 mente
413 1929 516 1956 exsensa
530 1927 699 1962 tardigenulo
712 1925 786 1952 senio
798 1925 955 1960 oppreffism.
1017 1925 1059 1950 Sic
1074 1925 1162 1951 laudat
1172 1925 1246 1950 etiam
1260 1924 1330 1950 Gell.
1391 1922 1566 1950 illacrimasse.
1638 1921 1712 1948 Idem
1722 1921 1790 1948 Ibid.
1803 1931 1824 1954 3,
1839 1931 1846 1947 ι
1869 1921 1940 1948 Nam
1954 1921 2001 1961 ille
2014 1929 2132 1956 quoque,
2139 1922 2228 1957 quoad
2240 1922 2381 1949 honestum
2393 1921 2458 1955 fuit,
2470 1935 2471 1938 ι

234 1994 237 1997 ,
266 1977 305 2002 19,
319 1977 332 1999 7
352 1975 376 1992 et
388 1967 575 1999 interpretatur
591 1963 681 1988 exilem
700 1969 774 1996 atque
785 1961 968 2000 gracilentum.
1025 1961 1077 1986 Sed
1274 1957 1295 1997 ff
1316 1969 1329 1987 α
1391 1959 1462 1985 obiit
1476 1957 1585 1991 Officia,
1606 1957 1677 1992 geffit
1692 1957 1874 1992 magistratus,
1894 1958 2046 1992 prouincias
2059 1958 2137 1985 rexit.
2230 1957 2327 1985 Officia
2338 1957 2460 1985 liberali-

266 2003 386 2035 Obeffis,
422 1999 516 2034 [πίων]
552 1999 638 2031 inquit
654 1997 758 2028 Festus,
788 1997 912 2029 Pinguis:
949 1995 1073 2029 quali‘ad
1087 1995 1219 2021 edendum
1233 1995 1328 2022 faetus.
1391 2001 1432 2021 ter
1445 2000 1469 2020 et
1483 1994 1572 2020 dextre
1587 1993 1665 2021 obire
1703 1993 1763 2020 Liu.
1786 2002 1806 2027 Ι,
1827 2003 1863 2026 34.
1971 1993 2045 2028 Opus
2065 1993 2191 2020 rusticum
2227 1994 2361 2021 Columel.
2376 2002 2415 2025 ¹2,
2432 2002 2455 2027 3.

265 2038 373 2066 Nonius
395 2045 418 2062 c.
438 2035 455 2061 l.
477 2033 593 2060 Obesuiu
606 2040 655 2065 pro
675 2031 754 2056 vberi
773 2036 800 2055 et
817 2031 898 2068 crasso
911 2031 1011 2062 saepius
1024 2031 1143 2063 ponitur.
1254 2031 1329 2063 Virg.
1392 2030 1521 2061 Buxoque
1534 2029 1682 2054 simillimus
1695 2029 1750 2054 Ora
1764 2029 1850 2062 pallor
1863 2029 1922 2056 obit
1946 2030 2028 2056 Ouid.
2042 2030 2108 2057 Met.
2125 2039 2156 2061 u,
2171 2037 2224 2065 417.
2241 2030 2315 2064 Confi
2329 2028 2466 2065 Heinsladn

265 2075 366 2107 θεοῖς,
382 2080 404 2105 3,
418 2078 451 2101 30
490 2071 673 2102 Argutumque
686 2070 779 2099 caput,
798 2064 889 2090 breuis
902 2064 977 2089 aluus
988 2083 996 2095 ‚
1023 2064 1155 2095 obesaque
1168 2068 1250 2096 terga.
1281 2065 1328 2087 Oh.
1344 2067 1376 2087 50
1393 2063 1457 2087 Met.
1471 2071 1490 2093 ι,
1504 2069 1555 2094 552-
1633 2062 1690 2087 Cic.
1703 2063 1781 2087 Verr.
1795 2072 1816 2094 2,
1830 2072 1871 2093 125
1897 2065 1993 2090 Nolite
2007 2066 2157 2100 exspeffiare
2174 2065 2239 2093 dum
2252 2074 2345 2092 omnes
2358 2065 2448 2093 obeam

257 2109 349 2147 seruat
362 2108 424 2133 idem
438 2104 506 2132 Gell.
521 2112 558 2137 19,
574 2110 601 2138 7.
692 2100 757 2128 Plin.
773 2109 803 2133 u,
819 2107 850 2135 37
886 2098 972 2125 Iidem
986 2098 1073 2124 minus
1087 2097 1212 2129 solertes,
1232 2097 1329 2130 quibus
1393 2096 1526 2122 Oratione
1538 2104 1596 2120 mea
1607 2095 1743 2121 ciuitates:
1772 2095 1824 2122 hoe
1838 2105 1892 2123 vno
1905 2099 2071 2132 comple&0r
2083 2101 2197 2128 crimine
2209 2102 2312 2129 omnia.
2383 2100 2448 2128 Peri·

265 2144 424 2173 obesiffimus
437 2147 540 2169 venter.
613 2138 698 2164 Aures
711 2136 821 2168 obesae,
849 2135 879 2175 i..
891 2136 986 2161 Parum
996 2134 1116 2169 sagaces,
1136 2132 1262 2167 Calpurn.
1277 2133 1330 2160 Ecl.
1393 2131 1450 2171 cula
1462 2140 1490 2157 ac
1505 2129 1608 2157 labores
1636 2130 1697 2157 Liu.
1712 2138 1732 2164 ι,
1747 2140 1788 2164 54.
1862 2132 1963 2159 Praelia
1975 2133 2070 2167 obire,
2090 2136 2220 2163 Praeliari
2248 2138 2454 2171 Lucret.4‚964.

265 2193 291 2215 4,
304 2189 344 2213 52-
461 2176 541 2204 Canis
555 2173 648 2202 obesus
668 2173 735 2200 lacte
765 2170 857 2198 Claud.
872 2180 900 2197 in
915 2171 1025 2205 Eutrop.
1040 2179 1057 2203 1,
1073 2178 1120 2202 13²-
1225 2169 1330 2202 Corpus
1393 2167 1449 2194 Cic.
1465 2168 1542 2193 Verr.
1559 2175 1582 2199 ς,
1597 2175 1620 2198 7¹
1654 2166 1726 2193 Nam
1740 2167 1834 2194 aestate
1849 2168 1966 2204 stimma,
2004 2178 2059 2203 quo
2072 2175 2193 2205 tempore
2207 2173 2306 2200 caeteri
2318 2163 2452 2200 Praetores
2476 2194 2477 2198 ,

265 2217 375 2244 obesum
389 2215 478 2241 leuant
492 2220 574 2239 onere
612 2210 679 2236 Plin.
694 2218 733 2244 ²4,
745 2214 768 2237 8.
841 2207 938 2234 Fauces
951 2205 1060 2239 obesae,
1083 2206 1101 2231 i.
1116 2203 1221 2241 Clausae
1252 2205 1328 2239 Virg.
1391 2203 1470 2229 obire
1485 2202 1668 2235 Prouinciam,
1688 2208 1714 2229 et
1728 2205 1885 2231 concursare
1899 2206 2104 2233 consueuerunt.
2175 2207 2244 2236 Ibid.
2258 2218 2290 2243 79
2311 2210 2401 2242 Qum
2411 2215 2456 2235 ve·
2491 2208 2493 2213 '

267 2254 366 2287 cem-g,
380 2259 403 2283 3,
415 2258 475 2283 497,
511 2246 627 2274 Seruius.
742 2243 853 2271 Illuuies
872 2242 951 2269 obesa
988 2241 1121 2268 Columel.
1136 2250 1158 2274 7,
1182 2249 1219 2273 10,
1236 2242 1260 2267 6.
1299 2243 1329 2266 (le
1346 2245 1374 2273 55
1392 2248 1424 2266 ro
1438 2238 1516 2265 aestas
1530 2239 1629 2265 summa
1643 2239 1691 2265 ess'e
1707 2239 1760 2266 iam
1774 2246 1910 2274 coeperat,
1926 2241 1999 2275 quod
2013 2247 2116 2277 tempus
2129 2253 2223 2271 omnes
2237 2245 2342 2273 Siciliae
2354 2245 2456 2279 semper
2516 2232 2517 2239 ἵ

263 2289 363 2327 porcis,
376 2286 431 2319 siue
444 2283 551 2320 respet‘lu
562 2284 599 2308 ad
608 2281 792 2317 pinguedinem.
850 2278 891 2304 Sic
947 2277 1028 2304 Naris
1043 2286 1098 2303 non
1116 2276 1209 2303 obesae
1222 2276 1329 2303 iuuenis
1392 2276 1528 2302 Praetores
1543 2275 1571 2300 in
1585 2273 1725 2303 itineribus
1740 2275 1895 2302 consumere
1908 2271 2116 2304 consueuerunt:
2153 2285 2294 2313 propterea
2308 2279 2382 2314 quod
2398 2287 2456 2306 tum

267 2325 337 2352 Hor.
350 2321 434 2357 Epod.
448 2328 485 2353 η,
499 2329 519 2352 3.
552 2318 571 2344 i.
592 2319 676 2352 Sagax
684 2336 693 2348 ,
716 2324 764 2341 non
776 2314 867 2340 habens
880 2313 1102 2349 obsitamsordihus
1113 2321 1208 2339 narem.
1282 2314 1334 2338 Sed
1391 2316 1485 2346 putant
1506 2309 1655 2337 obeundam
1674 2311 1722 2338 effe
1742 2311 1858 2337 maxime
1876 2312 2061 2346 Prouinciam,
2099 2322 2182 2346 quum
2195 2314 2224 2340 in
2238 2315 2307 2341 areis
2320 2316 2458 2342 frumenta

269 2359 382 2388 Turdus
397 2356 491 2384 obesus
516 2355 584 2381 Hor.
598 2352 676 2387 Epist.
692 2361 710 2386 ι,
727 2360 760 2384 ις,
775 2359 817 2383 40.
840 2351 858 2376 i.
872 2349 988 2385 Pinguis.
1393 2347 1461 2373 simt.
1498 2347 1569 2380 Cons.
1586 2347 1683 2374 Patere.
1703 2355 1729 2381 2,
1743 2355 1786 2380 74,
1801 2355 1820 2374 1.
1915 2347 2048 2382 Regiones
2061 2349 2172 2384 pedibus
2193 2350 2251 2376 Cic.
2263 2349 2296 2377 de
2308 2350 2367 2377 Fin.
2381 2358 2404 2383 ς,
2421 2355 2457 2385 87

307 2401 353 2423 ΟΒ
364 2395 380 2421 ἐ
390 2401 403 2421 S
414 2400 434 2420 O
444 2413 452 2426 2
472 2396 526 2418 are.
564 2388 696 2423 [ms-xlm]
733 2387 904 2422 Impinguare.
942 2385 1074 2412 Columel.
1090 2390 1114 2419 8,
1127 2393 1151 2417 7,
1165 2394 1179 2417 4
1195 2384 1331 2411 Nonnulli
1393 2392 1416 2409 c.
1432 2390 1476 2415 29.
1493 2383 1511 2408 i.
1525 2389 1673 2417 peragrare.
1751 2383 1807 2410 Cic.
1821 2392 1872 2418 pro
1885 2383 1955 2418 Lege
1968 2383 2062 2411 Manil.
2074 2393 2100 2417 53
2125 2387 2218 2418 Quum
2230 2386 2266 2411 ita
2279 2385 2363 2412 clausa
2381 2390 2458 2412 erant

267 2431 355 2460 “ibus
368 2438 451 2464 aquae
470 2425 589 2462 partibus
607 2433 686 2450 vnam
699 2422 770 2449 boni.
779 2421 838 2448 vini
852 2420 977 2452 miscent,
1004 2419 1209 2455 mades-letoque
1224 2421 1330 2448 triticeo
1344 2419 1379 2444 60
1393 2418 1471 2445 nobis
1484 2419 1576 2445 omnia
1588 2419 1689 2452 maria,
1726 2426 1754 2446 vt
1768 2427 1852 2454 neque
1867 2421 1999 2455 priuatam
2012 2419 2079 2446 Rem
2094 2420 2275 2454 maritimam,
2310 2429 2397 2455 neque
2410 2429 2458 2456 pu-

268 2476 335 2505 pane
348 2465 455 2493 obesant
469 2471 554 2490 auem.
592 2463 631 2487 De
645 2458 760 2485 Gallinis.
799 2457 906 2492 Legitur
922 2463 948 2482 et
964 2456 1102 2484 Obcscant.
1393 2455 1491 2481 blicam
1503 2455 1556 2480 iam
1570 2454 1648 2481 obire
1662 2455 1799 2489 possemus
1890 2456 1941 2482 Res
1954 2457 2011 2483 sitas
2037 2455 2112 2483 Idem
2126 2465 2175 2492 pro
2190 2455 2270 2483 Arch.
2284 2464 2317 2488 ¹3·
2393 2456 2455 2484 Liu.

308 2509 327 2530 0
337 2508 353 2529 B
363 2508 379 2528 E
391 2508 404 2527 s
414 2499 424 2527 ἰ
436 2506 458 2527 rr
469 2506 490 2525 Α
503 2505 517 2526 s
527 2519 535 2532 ,
560 2497 619 2524 atis
652 2495 671 2522 f.
708 2495 826 2529 [πιότης]
862 2491 915 2528 Ipse
931 2492 1054 2528 obesos-mn
1065 2492 1148 2528 status
1165 2499 1191 2518 et
1209 2499 1331 2526 tempera.
1392 2500 1413 2523 1,
1427 2499 1460 2517 20
1480 2491 1639 2525 Quanquam
1654 2491 1708 2526 ipse
1722 2491 1838 2525 plurima
1846 2491 1921 2518 Sacra
1935 2492 2037 2519 obibat.
2073 2492 2091 2518 i.
2113 2493 2236 2519 le-imis
2243 2491 2327 2528 sacris
2340 2491 2454 2528 inmreffl

270 2548 335 2567 tura.
428 2535 495 2562 Plin.
508 2539 531 2567 8,
546 2542 578 2565 32
610 2534 640 2559 In
654 2539 746 2566 magna
760 2529 894 2556 obesitate.
983 2527 1117 2555 Columel.
1129 2529 1154 2560 6,
1169 2537 1200 2560 24
1231 2529 1275 2554 Ne
1289 2537 1330 2554 eas
1387 2526 1493 2563 solebat.
1585 2527 1676 2553 Sidera
1689 2526 1767 2553 obire
1788 2529 1922 2561 dicuntur,
1949 2538 2021 2563 quum
2036 2530 2159 2554 Occidunt
2185 2528 2252 2555 Plin.
2265 2536 2292 2562 2,
2304 2530 2344 2555 26.
2378 2527 2450 2562 Confi

270 2574 371 2603 steriles
386 2572 476 2599 reddat
490 2570 571 2597 nimia
585 2568 706 2602 corporis
719 2566 839 2594 obefitas.
867 2567 906 2592 De
920 2565 1011 2592 vaccis.
1083 2565 1154 2591 Suet.
1170 2563 1263 2592 Claud.
1278 2572 1333 2597 c.41
1393 2563 1455 2589 Stat.
1468 2563 1533 2589 Silu.
1548 2570 1571 2595 2,
1586 2571 1607 2597 1,
1621 2572 1674 2590 210.
1729 2563 1837 2590 Obeunt
1852 2563 1997 2598 noe‘tesque
2010 2564 2135 2598 diesque,
2161 2562 2295 2597 Astraque.
2332 2563 2452 2592 Prudent-

270 2611 402 2639 Obelitate
414 2607 549 2634 cuiusdam
563 2604 688 2632 defrafflis
703 2601 841 2630 subselliis.
1288 2606 1291 2607 ⁷
1345 2603 1377 2631 65
1393 2598 1514 2626 Cathem.
1529 2607 1562 2631 ιτ,
1577 2607 1610 2629 ις.
1702 2599 1896 2629 Vadimonium
1907 2599 2001 2629 obire,
2030 2599 2065 2634 est
2077 2601 2122 2625 Aa
2133 2599 2197 2625 diem
2205 2599 2234 2634 se
2241 2599 2343 2635 sistere,
2373 2606 2398 2626 ee
2409 2606 2454 2624 va-

308 2652 328 2673 0
340 2653 355 2673 B
366 2643 382 2672 ἑ
392 2652 408 2671 L
420 2651 441 2670 v
453 2650 465 2670 S
476 2665 485 2677 ²
512 2643 530 2669 i·
566 2651 603 2668 m·
642 2639 766 2673 [Kaskar]
805 2636 894 2664 Latine
913 2637 1008 2662 dicitur
1027 2637 1108 2669 Veru,
1126 2636 1181 2670 siue
1199 2636 1328 2662 verucula.
1392 2636 1447 2661 dem
1462 2636 1577 2661 liberare.
1652 2635 1708 2662 Cic.
1725 2644 1774 2670 pro
1789 2635 1883 2669 Qiint.
1898 2642 1923 2668 53
1948 2633 2141 2661 Vadimonium
2158 2634 2228 2662 mihi
2240 2644 2296 2661 non
2310 2635 2381 2662 obiit
2397 2632 2456 2668 qui-

271 2685 297 2710 A
319 2682 386 2708 cuius
398 2679 567 2714 stmilitua'iue
586 2677 691 2711 virgula
707 2676 827 2709 quaedam
845 2673 1001 2707 expunfflioni
1011 2672 1132 2707 frequens
1145 2682 1207 2698 veru
1220 2673 1328 2698 dicitur:
1393 2670 1455 2697 dam
1467 2669 1553 2697 socius
1566 2675 1592 2697 et
1604 2670 1691 2697 affinis
1705 2680 1788 2698 meus.
1830 2672 1862 2696 Et
1871 2669 1952 2706 paullo
1964 2677 2039 2704 ame,
2055 2672 2116 2704 Qua
2129 2669 2181 2697 tibi
2195 2671 2390 2698 Vadimonium
2402 2677 2457 2698 non

271 2720 336 2744 iacet
348 2724 427 2743 autem
433 2716 471 2749 Ji.-
492 2728 546 2742 -—-.
583 2715 638 2739 Har
650 2711 756 2747 virgula
775 2708 882 2744 vsisunt
894 2708 1045 2744 ecclesiastici
1057 2709 1218 2743 interpretes,
1255 2717 1329 2742 quum
1392 2706 1423 2733 fit
1435 2705 1542 2733 obitum
1551 2726 1559 2738 ‚
1580 2706 1672 2732 eadem
1689 2712 1716 2733 te
1731 2706 1797 2733 hora
1806 2726 1814 2738 ,
1835 2713 1878 2732 etc.
1915 2706 2036 2733 Budaeus.
2078 2708 2138 2732 Cum
2151 2707 2335 2740 Praep‹fiti0ne
2348 2706 2389 2733 Ad
2403 2707 2458 2733 lau.

264 2754 440 2789 sigrnificurent
452 2751 553 2785 aliquid
570 2749 683 2774 additum
702 2747 729 2772 in
749 2745 853 2781 vulgari
871 2746 1052 2774 translatione,
1077 2746 1144 2778 quod
1155 2744 1182 2768 in
1193 2743 1330 2779 prototypis
1393 2743 1478 2768 datur.
1533 2741 1601 2767 Plin.
1617 2741 1696 2775 Epist.
1710 2746 1735 2776 8,
1749 2750 1782 2775 12,
1797 2750 1808 2771 ς
1844 2743 1883 2767 An
1897 2741 1914 2767 si
1930 2741 2022 2768 litibus
2035 2748 2152 2774 terercr,
2172 2742 2332 2770 obstrictum
2346 2742 2396 2769 esse
2413 2750 2458 2769 me

269 2799 319 2817 mon
332 2789 470 2816 haberetur.
514 2787 569 2812 Vid.
583 2784 697 2811 Hieron.
711 2782 790 2817 Epist.
803 2786 844 2809 108
858 2780 876 2806 s.
890 2780 972 2814 praef.
985 2780 1011 2806 in
1026 2779 1140 2813 Paralip.
1152 2786 1218 2805 extr.
1237 2778 1328 2805 Isidor.
1347 2786 1379 2811 70
1394 2776 1529 2802 crederem
1543 2776 1656 2803 obeunti
1667 2775 1698 2802 ad
1712 2785 1770 2803 mea
1783 2776 1963 2804 Vadimouia!
2002 2779 2054 2805 Sed
2065 2778 2165 2804 Curtius
2177 2786 2201 2806 ee
2214 2779 2336 2815 Gesnerus
2349 2788 2381 2804 ex
2393 2778 2459 2806 MS.'
2473 2780 2476 2781 ⁷
2513 2775 2516 2786 ¹

272 2836 293 2859 ι,
306 2834 349 2852 20.
389 2824 486 2850 Auson.
501 2821 583 2856 praef.
598 2819 664 2847 Lud.
679 2826 695 2854 7
710 2818 766 2852 Sap.
824 2817 895 2843 Pone
908 2815 1001 2842 obelos
1014 2815 1097 2849 igitur
1107 2815 1260 2850 spuriorum
1273 2813 1331 2848 stig.
1393 2812 1424 2838 ad
1439 2812 1564 2839 omittunt.
1635 2812 1748 2845 Vigilias
1762 2813 1841 2839 obire
1866 2814 1931 2840 Plin.
1948 2823 1982 2849 14,
1996 2823 2031 2842 22.
2092 2813 2158 2841 Visu
2174 2814 2269 2841 crebro
2281 2814 2352 2842 obiit
2366 2813 2458 2841 omnia

271 2868 339 2889 mata
353 2867 452 2886 vatum.
492 2860 547 2884 Via'.
562 2866 619 2892 quos
632 2856 721 2881 lunarat
734 2856 818 2880 Burm.
832 2854 867 2878 ml
878 2851 1036 2885 Quinfilila,
1046 2861 1069 2883 4.
1394 2847 1439 2874 Sil.
1453 2856 1475 2880 3,
1491 2850 1545 2873 160.
1654 2848 1758 2874 Terras
1773 2848 1867 2882 obire,
1888 2852 2003 2876 Circuire
2032 2850 2110 2884 Virg.
2125 2851 2191 2877 Aen.
2207 2853 2233 2883 6,
2247 2856 2285 2883 58.
2304 2850 2362 2878 Cic.
2376 2851 2459 2878 Verre

310 2903 353 2924 OB
367 2894 381 2922 Ε
394 2903 410 2921 1.
424 2902 431 2920 1
443 2902 455 2920 S
467 2900 484 2921 c
495 2900 514 2920 v
526 2901 539 2921 S
549 2914 557 2926 ‚
586 2893 604 2919 i,
641 2901 676 2917 m.
714 2888 868 2924 [ὁβελίσκος]
908 2887 1005 2913 Dimiu.
1025 2887 1120 2912 nomine
1139 2886 1234 2921 magis,
1258 2894 1333 2920 quam
1395 2883 1454 2910 Αὲἱ.
1473 2893 1492 2923 ι’,
1507 2886 1523 2909 6
1543 2883 1597 2917 Ego
1610 2883 1727 2910 Siciliam
1740 2889 1822 2911 totam
1838 2885 2031 2921 quinquaginta
2045 2885 2139 2913 diebus
2153 2887 2185 2914 fic
2199 2886 2268 2914 obii.
2339 2886 2458 2914 Multum

272 2943 316 2960 re.-
353 2940 426 2967 quum
440 2940 478 2956 res
490 2939 592 2963 magnae
606 2927 716 2954 obelisci
728 2927 853 2952 dicamur.
905 2922 945 2959 Est
959 2931 1040 2949 autem
1057 2923 1129 2949 moles
1143 2932 1173 2947 ex
1185 2931 1233 2947 vno
1247 2921 1333 2956 lapide
1395 2919 1497 2945 telluris
1510 2918 1599 2945 obiuit
1633 2919 1708 2955 Virg.
1724 2921 1789 2947 Aen.
1803 2923 1828 2955 6,
1843 2928 1901 2951 802.
2013 2921 2098 2949 Vrbes
2111 2921 2190 2949 obire
2226 2921 2337 2949 Curtius
2349 2932 2374 2957 4,
2387 2930 2411 2956 ς,
2423 2930 2457 2955 13.
2486 2935 2488 2937 ¹

271 2970 376 3004 ingens,
403 2967 490 3001 figura
507 2973 584 2990 metae
599 2964 740 2994 cuiusdam,
768 2960 858 2996 sensim
871 2969 887 2985 a
898 2960 1049 2995 proceritate
1062 2959 1088 2983 in
1103 2957 1221 2993 excelsum
1235 2956 1332 2992 consur·
1349 2963 1376 2989 75
1394 2955 1491 2988 Obiri,
1512 2953 1602 2988 Paffiu.
1641 2956 1707 2983 Plin.
1728 2966 1758 2992 ¹3,
1776 2965 1795 2991 4
1815 2958 1834 2984 s.
1854 2965 1870 2992 7
1905 2957 2019 2985 Palmam
2040 2958 2150 2985 breuem
2169 2958 2249 2986 ramis
2269 2957 2344 2985 obiri
2362 2957 2459 2985 vmbra
2476 2980 2482 2986 .

267 3014 348 3040 gens,
371 3001 477 3038 paullum
487 2998 668 3035 gracilescens,
688 2997 768 3032 specie
783 2998 925 3031 quadrata,
952 2996 977 3020 in
995 2997 1111 3020 verticem
1124 2993 1242 3028 produfla
1254 3002 1332 3028 angu-
1394 2991 1526 3018 soliorum
1546 2997 1646 3026 putant.
1716 2995 1788 3019 Vetus
1807 2995 1934 3029 exemplar
1952 2994 2044 3027 habet,
2082 2994 2216 3029 Breuique
2233 3003 2372 3022 ramorum
2388 2994 2460 3022 orbe

266 3041 348 3077 stum,
375 3047 449 3064 manu
462 3035 590 3070 laeuigata
601 3035 722 3068 artificis,
746 3034 812 3067 quod
818 3041 896 3067 genus
909 3031 1007 3066 obeltsci
1019 3030 1093 3055 multi
1108 3030 1195 3056 Romae
1202 3029 1282 3063 furstb
1295 3039 1332 3054 re·
1395 3027 1536 3060 foliosum,
1565 3035 1589 3053 et
1607 3028 1647 3061 stc
1664 3029 1734 3055 dedit
1754 3031 1913 3057 Hardusnus.
2021 3031 2137 3066 Campus
2157 3030 2250 3058 obitur
2269 3039 2337 3066 aqua
2374 3030 2458 3058 Ouid.

268 3077 406 3112 ftruntur:
445 3072 509 3098 Solis
525 3069 735 3103 numinisucrati.
827 3068 892 3094 Plin.
907 3068 944 3099 36,
959 3073 972 3096 8
1003 3065 1110 3093 Trabes
1122 3074 1153 3092 ex
1167 3064 1333 3099 pyrrhopoe-
1395 3062 1459 3090 Fan.
1482 3072 1506 3096 ι,
1533 3066 1594 3096 464.
2468 3074 2471 3078 -

273 3113 326 3138 cilo
341 3111 427 3137 fecere
442 3116 516 3142 reges
531 3104 646 3140 quodam
661 3103 821 3135 certamine,
842 3103 971 3129 obeliscos
987 3109 1126 3134 vocantes,
1145 3102 1213 3128 Solis
1227 3101 1333 3127 numini
1433 3104 1453 3125 Ο
1466 3105 1480 3125 Β
1491 3107 1499 3126 1
1511 3105 1527 3125 Ε
1538 3106 1559 3125 Ν
1571 3106 1602 3132 S,
1628 3100 1725 3128 cuntis.
1753 3101 1847 3128 Partic.
1883 3101 2005 3137 [un-salv]
2042 3102 2099 3129 Cic.
2111 3101 2138 3128 in
2152 3102 2241 3128 Somn.
2255 3102 2322 3137 Scip.
2338 3103 2367 3128 ¹6
2387 3102 2457 3135 Qsis
2480 3092 2497 3112 ¹¹

273 3149 394 3175 sacratOS.
415 3146 475 3171 add.
488 3143 520 3169 ib.
535 3152 556 3168 c.
571 3150 597 3175 9.
612 3149 649 3167 ιο.
664 3149 693 3166 ιι.
802 3138 876 3165 Idem
891 3141 927 3169 16,
941 3148 973 3170 40
994 3138 1147 3165 Obeliscum
1163 3138 1191 3164 in
1206 3137 1333 3164 Vaticano
1347 3144 1379 3168 80
1394 3135 1422 3161 in
1434 3136 1545 3169 reliquis
1559 3136 1672 3163 orientis
1690 3142 1736 3163 aut
1747 3137 1873 3164 obeuntis
1893 3138 1956 3164 solis
1971 3138 2074 3165 vltimis
2092 3145 2137 3165 aut
2152 3138 2310 3172 Aquilonis,
2333 3137 2458 3166 Austriue

273 3184 347 3211 circo
362 3182 494 3208 statutum.
521 3178 592 3212 Conf.
611 3176 704 3203 Tacit.
727 3175 794 3201 Ann.
814 3182 836 3205 2,
857 3176 901 3203 60,
915 3183 935 3205 3.
950 3181 973 3200 et
988 3175 1119 3200 Ammian.
1133 3174 1238 3200 Marcel.
1255 3183 1286 3207 ιγ,
1306 3181 1333 3208 7.
1395 3171 1514 3206 partibus
1528 3177 1602 3197 tuum
1615 3181 1715 3199 nomen
1728 3173 1835 3200 audiet?
1929 3174 2005 3208 Virg.
2020 3174 2084 3200 Aen.
2099 3175 2125 3204 6,
2140 3179 2167 3204 58
2206 3174 2313 3203 Maenas
2328 3174 2459 3202 obeuntia

273 3219 332 3248 md·
348 3218 424 3251 ijg·
442 3221 519 3251 18,st
718 3208 738 3250 q
757 3220 769 3236 2
808 3209 945 3236 Obeliscus
961 3211 1079 3235 Criticum
1094 3212 1213 3244 quoddam
1223 3209 1335 3244 siquam,
1395 3213 1477 3234 terras
1514 3207 1576 3234 Tot
1593 3209 1692 3243 maria,
1711 3216 1759 3236 etc.
1851 3210 1917 3237 Plin.
1932 3210 2011 3244 Epist.
2030 3214 2054 3242 8,
2073 3218 2097 3236 ιι
2134 3203 2284 3236 obstrictus
2298 3209 2410 3238 obeunti
2424 3210 2459 3238 ad

274 3266 290 3282 a
298 3257 384 3291 figura
397 3251 500 3279 iacentis
518 3249 623 3285 paruuli
641 3258 707 3275 veru
719 3247 826 3279 dmum,
851 3245 906 3271 vid.
929 3251 947 3270 O
957 3251 971 3271 B
983 3251 998 3270 E
1012 3252 1029 3271 1.
1042 3253 1094 3272 vs.
1133 3246 1239 3280 August.
1255 3245 1333 3281 Epist.
1395 3242 1558 3269 vadimonia.
1573 3244 1628 3270 vill.
1637 3244 1724 3279 supra.

277 3300 323 3321 20,
350 3299 372 3316 ς,
394 3298 416 3315 2,
1431 3285 1533 3306 OBEV
1545 3286 1566 3305 N
1578 3286 1596 3306 D
1607 3286 1626 3304 V
1638 3286 1666 3311 S,
1691 3288 1722 3311 ὃ,
1747 3289 1803 3308 um.
1837 3281 1921 3307 Alsud
1938 3280 2031 3306 Partic-
2069 3280 2210 3315 [μετιτέος]
2249 3282 2318 3310 Hor,
2339 3282 2420 3310 Sex-m,
2436 3292 2447 3310 ι

314 3332 333 3352 0
344 3332 359 3352 Ἠ
372 3332 386 3351 E
400 3332 415 3351 1.
429 3330 441 3350 1
456 3329 468 3349 s
481 3328 498 3349 C
508 3327 527 3348 0
537 3327 554 3348 1.
567 3327 587 3347 Υ
599 3326 616 3348 C
628 3326 680 3346 HN
690 3326 699 3345 1
710 3325 732 3345 V
742 3325 784 3351 M,
811 3317 829 3345 i.
849 3326 876 3344 n.
911 3316 1148 3350 [ὀβελισκολύχνιον]
1186 3316 1335 3352 Instrumen.
1353 3323 1381 3348 85
1399 3317 1425 3346 6,
1441 3323 1482 3341 ¹20
1525 3315 1589 3341 Non
1604 3315 1730 3343 sollicitus
1744 3316 1813 3343 mihi
1828 3315 1900 3349 quod
1913 3325 1968 3342 cras
2024 3316 2188 3350 Surgendum
2202 3317 2231 3343 lit
2244 3326 2338 3349 mane,
2358 3304 2458 3346 obeunt

276 3370 326 3388 mm
336 3361 432 3393 fabrile
443 3369 475 3385 ex
494 3359 557 3384 Vera
570 3364 593 3383 et
608 3358 719 3383 Lucerna
732 3353 892 3389 somprfitum.
930 3351 1034 3387 Artssnt.
1049 3354 1078 3376 tle
1093 3353 1191 3378 Pus-tila.
1207 3352 1335 3386 animal.4
1398 3351 1445 3378 dus
1460 3350 1552 3377 Marna
1563 3371 1572 3383 ,
1595 3359 1639 3377 etr.
1731 3352 1803 3379 Bella
1816 3351 1891 3385 plane
1906 3351 2029 3378 accinctis
2044 3352 2167 3379 obeunda
2193 3353 2283 3380 Tacit.
2300 3355 2367 3381 Ann.
2381 3363 2394 3388 3
2419 3365 2456 3388 34.
2490 3347 2494 3354 '

277 3397 387 3423 trafflam
407 3397 437 3420 tle
462 3394 555 3427 linquis
579 3391 739 3428 insethOruH½
777 3399 837 3424 quae
854 3388 967 3424 pluribus
981 3387 1128 3421 fimguntm·
1149 3387 1250 3418 officiis:
1292 3389 1338 3414 Vbi
1437 3393 1457 3414 0
1469 3393 1486 3414 B
1498 3385 1510 3413 ἴ
1522 3393 1544 3412 Τ
1558 3393 1616 3419 VS,
1643 3395 1674 3421 a,
1705 3397 1760 3414 um.
1793 3388 1915 3413 Similiter
1935 3388 2028 3414 Partic.
2072 3388 2292 3425 [μιςεληΑυμένος]
2331 3375 2457 3426 Cic.’p1-0

277 3432 356 3466 enim,
373 3431 470 3464 inquit,
491 3431 548 3454 lis-tt
562 3429 650 3455 duabus
664 3426 705 3451 vti
716 3427 752 3451 ad
763 3428 809 3450 iluo
822 3432 910 3460 opera,
930 3432 973 3448 nec
985 3424 1057 3448 alius!
1068 3422 1186 3456 impedit,
1206 3423 1272 3448 nihil
1285 3425 1337 3449 tale
1399 3424 1466 3450 Sext.
1480 3429 1504 3454 83
1518 3431 1538 3448 c.
1554 3429 1579 3455 33
1618 3423 1675 3449 Nec
1688 3432 1753 3450 vero
1769 3423 1879 3449 illm-um
1894 3424 2032 3457 quisquam
2042 3444 2050 3457 ‚
2086 3433 2153 3458 quos
2167 3433 2181 3450 a
2195 3425 2343 3451 ,umoribus
2359 3427 2457 3454 uostris

277 3465 551 3499 naturaf'ucer1·s0let,
581 3464 655 3499 quale
664 3468 710 3498 per
723 3461 831 3496 inopiam
841 3470 885 3486 ars
896 3458 1024 3493 excusus-ia
1039 3458 1292 3490 obeliscolychnium
1306 3469 1337 3484 ex
1398 3466 1484 3486 morte
1498 3458 1570 3484 obita
1585 3458 1681 3492 politos
1695 3460 1722 3485 in
1734 3459 1781 3485 illo
1797 3459 1872 3490 loco,
1889 3466 1967 3494 atque
1982 3460 2008 3486 in
2024 3459 2125 3487 Rostris
2141 3460 2283 3488 collocatos
2295 3461 2392 3488 videtis
2410 3469 2457 3491 etc.

277 3513 340 3529 veru
355 3503 502 3535 lucernaque
515 3500 640 3535 cmnpmzit.
696 3496 849 3529 Attamensi
859 3496 957 3529 idfieri
975 3503 1021 3518 nan
1032 3493 1122 3529 [ηιμ-[1,
1142 3496 1221 3520 eadem
1235 3496 1271 3519 ml
1280 3497 1335 3529 plu-
1349 3503 1383 3527 90
1398 3497 1520 3529 mem
1534 3502 1620 3520 morte
1635 3495 1708 3521 obita
1722 3494 1798 3521 ‘enus
1812 3495 1982 3528 amplcffimr
1995 3497 2048 3523 oss'a
2074 3497 2178 3525 Lucra·
2191 3506 2220 3530 4,
2234 3504 2283 3529 ης·
2346 3483 2420 3525 Ide1⁷n
2435 3508 2443 3525 ι

278 3549 309 3564 ra
322 3545 393 3573 (sps-ra
407 3537 527 3562 abutitur.
581 3537 631 3560 Huc
643 3534 744 3559 verbum
756 3531 862 3564 restituit
875 3531 942 3565 apud
953 3529 1062 3562 Qiu'nft.
1077 3537 1100 3560 8,
1116 3532 1140 3560 6.
1155 3539 1177 3561 33
1200 3530 1335 3563 Turnebus,
1399 3540 1445 3564 ¹35·
1460 3538 1482 3557 et
1494 3530 1569 3565 Vis-g,
1585 3531 1650 3556 Λρῃ,
1666 3539 1704 3564 10,
1716 3532 1767 3563 641,
1781 3538 1805 3556 ct
1819 3531 1886 3557 Gen,
1903 3541 1936 3561 ,ς’
1950 3540 1993 3558 20.
2019 3532 2075 3560 yid·
2100 3531 2170 3559 latim
2185 3538 2203 3559 O
2213 3538 2276 3558 BH.
2445 3518 2465 3553 ’¹

278 3583 324 3609 quo
336 3576 384 3599 locu
397 3572 508 3606 legitur,
535 3571 566 3598 In
580 3570 685 3597 Graecis
699 3568 815 3595 obelisco
828 3566 991 3599 coludumo,
1008 3573 1055 3601 pro
1067 3575 1110 3599 eo,
1137 3565 1334 3598 Obeliscolych-
1436 3572 1539 3598 0311,
1572 3575 1659 3592 orum.
1699 3575 1734 3592 m.
1766 3568 1806 3593 Pl.
1835 3568 1940 3594 Μαι-ταί.
1977 3567 2054 3603 Apul.
2092 3576 2105 3593 e
2126 3567 2229 3595 Mundo
2249 3577 2273 3602 p.
2287 3576 2323 3603 74
2344 3570 2454 3597 Elmenh.

279 3610 328 3636 nio
343 3609 481 3634 emendans.
843 3639 848 3643 ¹
939 3637 944 3642 ι
1150 3638 1154 3642 Ι
1397 3603 1490 3630 Geniis
1504 3601 1684 3635 ministratur,
1714 3602 1783 3629 obiis
1800 3602 1892 3629 libatio
1907 3603 2091 3639 profunditur.
2136 3604 2177 3630 Sic
2193 3604 2278 3638 optimi
2291 3606 2381 3632 MSS.
2411 3606 2453 3634 Al.
2479 3593 2481 3600 Α

315 3651 335 3671 o
346 3650 362 3670 B
374 3650 387 3669 ιῖ
401 3650 417 3669 L
427 3650 436 3668 1
448 3649 464 3668 x
474 3649 493 3667 v
505 3648 518 3668 s
530 3662 538 3674 ,
555 3651 584 3671 a,
614 3650 668 3668 um.
707 3641 766 3667 Oua
779 3638 883 3666 obelsxa
897 3638 970 3673 Apic.
984 3644 1010 3672 7,
1026 3643 1057 3670 ιγ.
1071 3637 1106 3664 al.
1121 3636 1199 3664 elixa.
1397 3639 1495 3666 Obitis.

317 3686 386 3706 0131:
399 3685 436 3710 O,
459 3678 497 3703 ini
518 3679 560 3702 vel
577 3677 615 3710 ii,
643 3678 727 3710 itum,
752 3679 802 3702 Ire.
839 3675 976 3709 [ἰῷοόεὗω]
1014 3673 1250 3708 Adiresss‘m'fis'lf,
1278 3674 1335 3699 ¹¹15?ss
1351 3682 1380 3707 95
1436 3673 1604 3703 OBi'TVSs
1628 3672 1665 3700 [⁴15.
1699 3684 1735 3702 m.
1774 3674 1912 3711 [τελιντιῗ]
1948 3677 2036 3710 Mars,
2069 3674 2196 3701 Inter-isus.
2239 3675 2297 3702 Cic.
2312 3675 2407 3708 Fam.4
2438 3684 2452 3709 5

280 3715 420 3747 contraire,
451 3716 602 3747 praeterire:
633 3712 764 3748 fignificat
777 3718 800 3736 et
815 3709 980 3745 L'xfi’quifiue
993 3716 1127 3744 peragere:
1162 3716 1191 3734 vt
1212 3718 1242 3734 ex
1255 3709 1335 3743 subit·
1399 3710 1565 3744 Posteaquam
1578 3708 1645 3734 inihi
1661 3711 1846 3738 renunciatum
1860 3712 1895 3737 est
1914 3711 1946 3738 de
1965 3711 2042 3738 obitu
2056 3709 2168 3737 Tulliae
2188 3709 2259 3736 tiliae
2280 3718 2356 3745 tuae,
2392 3697 2452 3741 sa’ne

281 3752 326 3777 (lis
339 3749 456 3784 exemplis
470 3749 564 3777 clarum
574 3750 629 3783 fiet.
738 3746 848 3773 Obeunt
862 3752 913 3772 tres
928 3745 1019 3772 noctes
1047 3744 1127 3771 Plaut.
1141 3744 1228 3770 Truc.
1245 3754 1263 3777 1,
1279 3753 1332 3777 ι,ιι.
1399 3756 1478 3781 quam
1493 3754 1541 3780 pro
1555 3754 1588 3771 eo
1602 3754 1629 3770 ac
1643 3745 1741 3780 debui,
1768 3747 1886 3779 grauiter
1898 3747 2058 3780 molesteque
2072 3745 2130 3771 tuli.
2217 3745 2343 3774 Difficiles
2361 3748 2452 3775 obitus

280 3789 298 3814 7·-
320 3788 493 3814 praem-snm,
566 3783 672 3810 obeunt
687 3781 832 3816 „oftesquc
845 3781 953 3816 diesque
963 3801 970 3814 ‚
989 3780 1113 3813 Astraquc
1134 3781 1194 3807 Stat.
1209 3780 1301 3815 Silua,
1319 3791 1337 3816 ι,
1397 3783 1473 3817 Virg.
1489 3784 1550 3808 Aen.
1566 3790 1589 3814 4,
1601 3783 1663 3813 6ω4.
1746 3783 1820 3810 Mitis
1835 3782 1924 3809 obitus
1951 3783 2042 3809 Tacit.
2057 3781 2125 3807 Anu.
2139 3789 2163 3814 3,
2178 3790 2212 3813 ¹9-
2295 3784 2379 3811 ‘Ante
2393 3783 2464 3810 obi-·

281 3833 332 3850 210,
406 3819 444 3855 1:st
458 3827 481 3844 et
494 3819 587 3856 obuiam
601 3820 646 3844 irc.
684 3817 830 3845 Fortissima
843 3826 962 3852 quaeque
977 3817 1098 3844 Nomina
1111 3816 1170 3843 obit
1182 3816 1256 3842 ferro
1290 3817 1335 3843 Sil.
1397 3824 1453 3844 tum
1467 3826 1545 3844 nemo
1557 3816 1607 3842 dici
1622 3817 1696 3844 debet
1713 3817 1802 3845 beatus
1830 3819 1911 3845 Ouid.
1926 3819 1990 3845 Met.
2006 3827 2025 3850 ς,
2039 3823 2089 3850 137.
2167 3817 2291 3845 interitus
2303 3825 2382 3854 atque
2394 3819 2451 3846 obi-

283 3867 319 3894 ‚7‚
334 3866 379 3891 492
389 3877 397 3890 ‚
427 3855 445 3881 i.
460 3852 608 3888 fhrtillsmus
621 3854 727 3880 inuadit.
802 3853 913 3893 Obirek
941 3854 1084 3887 [meatum]
1122 3853 1253 3892 peragere.
1279 3853 1333 3879 Cic.
1343 3860 1438 3882 iootus
1452 3854 1572 3880 omnium
1587 3861 1676 3879 rernm
1689 3854 1797 3881 conficit
1810 3862 1904 3881 natura
1922 3855 1980 3881 Cic.
1995 3851 2026 3879 de
2044 3851 2137 3878 Diuin.
2153 3861 2178 3886 2,
2193 3862 2222 3889 37
2237 3863 2259 3880 c.
2275 3855 2309 3881 16.
2382 3856 2450 3882 Dare

282 3897 331 3921 An,
345 3901 368 3926 g,
384 3901 406 3918 ιε
421 3892 471 3923 (16)
508 3889 564 3915 Nec
584 3898 650 3915 vero
663 3889 725 3915 haec
740 3895 856 3916 extrema
869 3888 1009 3923 qnisquam
1027 3888 1109 3923 potest
1124 3896 1181 3914 iure
1195 3888 1335 3922 reprehcn—
1396 3890 1486 3916 obitus
1516 3888 1602 3914 Valcr.
1621 3891 1718 3923 Argon.
1733 3892 1758 3921 6,
1778 3899 1824 3920 5¹5-
1932 3889 2045 3916 Obitum
2058 3887 2197 3915 lamentari
2222 3890 2326 3917 Lucret.
2347 3899 2357 3922 3
2393 3892 2450 3924 96¹.
2466 3913 2468 3917 ,
2504 3882 2506 3885 ’

281 3931 360 3964 dere,
378 3925 448 3962 quod
464 3933 537 3951 mare
550 3934 604 3964 non
617 3925 775 3952 transierim:
814 3925 841 3950 id
854 3925 926 3950 enisu
941 3924 985 3951 etsi
1000 3931 1055 3950 erat
1068 3923 1280 3956 deliberationis,
1300 3931 1334 3950 ta-
1396 3922 1418 3963 ff
1439 3934 1455 3952 2
1491 3924 1603 3957 Obitus,
1638 3925 1739 3960 [δύσις]
1775 3924 1890 3960 Occasus.
1927 3924 1984 3951 Cic.
2003 3923 2035 3949 de
2055 3923 2130 3950 Orat.
2155 3935 2172 3955 ι,
2191 3928 2224 3959 69
2257 3926 2286 3951 In
2302 3908 2450 3961 Ast1·‹'210gi³a

282 3975 341 3992 tucn
356 3964 434 3991 obire
448 3970 502 3988 non
517 3966 601 4001 potui.
710 3961 862 3991 Circumire,
891 3960 1043 3986 circumdare
1055 3959 1079 3995 s.
1099 3967 1180 3995 tegere
1200 3959 1233 3994 est
1251 3960 1277 3984 in
1294 3959 1333 3985 illo
1396 3961 1461 3988 caeli
1475 3959 1626 3994 conuerlio,
1646 3968 1735 3995 ortus,
1758 3961 1863 3992 obitus,
1884 3966 2023 3993 motusque
2036 3957 2157 3987 siderum.
2229 3960 2326 3988 Obitus
2341 3969 2366 3989 et
2379 3969 2450 3989 occar

282 4001 356 4034 Vis-g.
372 4003 435 4026 Aen.
449 4003 471 4038 8,
485 4005 524 4030 553
552 3998 643 4030 I:quum
661 3995 767 4021 Ducunt
788 3995 915 4034 exsortem
937 3996 1056 4030 Aeneae,
1088 4004 1167 4030 quem
1188 3994 1261 4021 fulua
1281 3996 1334 4022 leo-
1396 3998 1436 4023 sus
1465 3997 1537 4024 Idem
1556 3996 1584 4022 in
1599 3997 1685 4023 Pison.
1702 4006 1740 4032 34.
1831 3995 1950 4023 Siderum
1963 4001 2052 4027 ortus,
2070 3995 2177 4029 obitus,
2201 4004 2342 4031 motusque
2376 3997 2448 4024 Idem

283 4037 322 4063 nis
336 4036 410 4063 Pellis
421 4033 479 4062 obit
493 4038 592 4066 totum,
613 4031 778 4067 praefulgens
792 4030 924 4065 vngusbus
938 4032 1032 4058 aureis.
1105 4031 1207 4065 oure,
1233 4032 1331 4064 [rmu-
1346 4042 1387 4066 ms
1396 4033 1427 4061 de
1441 4032 1559 4060 Diuinat.
1577 4040 1584 4058 ι
1598 4042 1619 4060 c.
1634 4035 1673 4063 56·
1769 4031 1907 4059 Stellarum
1919 4036 1993 4059 ortus
2013 4036 2092 4067 atque
2104 4031 2194 4062 obitus
2222 4033 2305 4061 Catul.
2318 4032 2351 4061 de
2364 4033 2448 4059 Coma
2464 4056 2465 4059 ,

2354 4067 2445 4095 Beren.
