2517 4231
82 187 182 226 ¹9⁷·
489 169 731 210 MAN

82 263 160 296 officia
169 263 323 297 perficienda
337 261 447 288 inutilis.
523 259 578 286 Cic.
592 259 644 286 Off.
660 267 686 291 ι,
707 265 750 291 ¹34
769 266 790 283 e.
806 266 838 290 43
869 257 974 283 Etenim
995 256 1140 291 Cognitio‚

81 293 323 334 contemplatioque
335 304 460 329 naturae,
479 304 569 322 manca
582 292 779 330 quodammodo
789 313 796 325 ‚
822 300 901 327 atquc
916 292 1037 318 inchoata
1052 292 1096 325 lit,
1120 293 1137 319 li

80 333 151 361 nulla
164 333 235 360 aCtio
248 343 337 361 rerum
352 333 535 367 consequatur.
591 332 706 358 Fortuna
733 329 801 355 Hor.
815 328 896 368 Serm.
911 337 935 360 2,
951 336 977 362 7,
991 334 1027 359 88.
1083 330 1139 355 Cic.

80 378 130 404 pro
146 369 242 396 Milon.
257 377 287 401 23
313 378 335 395 c.
352 377 368 401 9
402 367 565 394 Occurrebat
582 374 699 392 mancam
717 373 746 390 ac
764 363 879 390 debilem
899 365 1049 404 Praeturam
1069 365 1140 405 suam

80 404 200 432 futuram
213 405 326 432 Consule
341 405 453 431 Milone.
516 404 571 430 Cic.
584 402 616 427 de
631 401 687 427 Fin-
702 408 724 433 3,
738 408 772 426 20
792 405 814 426 Ε’-
828 408 845 433 9
878 400 933 433 Qu
949 409 1065 427 mancam
1080 404 1140 427 tore

78 447 238 476 putauerunt
249 440 301 466 sine
313 441 401 475 aliqua
414 439 552 466 acceffione
565 437 710 463 Virtutem.

115 482 357 502 MANDATVM
369 497 377 508 ‚
406 477 459 501 vid.
478 478 640 504 MANDO,
660 476 714 498 are.

115 518 171 539 MA
180 518 231 538 NI)
241 513 258 538 ἑ
267 519 283 538 ι,
292 519 322 538 A.
362 513 442 546 Pagus
460 510 495 537 est
514 509 542 535 in
563 507 664 534 Sabinis
673 528 681 539 ,
702 513 733 532 vt
745 506 855 532 auHores
865 506 925 542 sunt
939 508 1027 534 Acron
1042 514 1067 532 et
1079 507 1141 532 Por-

78 547 195 582 phyrion
208 549 243 573 ad
256 548 322 575 Hor.
338 547 415 582 Epist.
430 555 449 578 1,
463 550 498 577 ιε,
513 552 555 577 ¹05
576 543 685 570 Gelidus
695 542 819 578 Digentia
832 543 906 569 riuus
919 545 1007 576 Qiem
1018 540 1140 569 Mandela

79 583 149 610 bibit
163 583 273 618 rugosus
288 584 391 618 frigore
407 589 494 617 pagus.
705 594 710 597 .

114 625 253 645 MANDi
266 625 390 651 ΒνιΑ,
426 618 480 643 vid.
501 620 644 642 MANno
658 634 667 647 ‚
687 616 741 641 ere.

92 665 102 669 ··
114 661 169 681 MA
179 661 201 681 N
215 660 234 682 D
245 661 280 688 Ο,
301 659 353 681 Ere.
390 653 552 687 [ῘυΊὲΛλσμκι,
570 651 698 683 intersum,
717 652 861 683 παρ”γγυάω
871 668 879 682 ,
899 647 1052 681 iniri-Qum]
1072 647 1145 680 quffi

78 697 104 716 tu
118 692 190 716 dicas
204 693 232 716 in
245 698 351 716 manum
373 688 451 720 dare,
477 691 496 713 ι’.
516 686 682 720 faciendum,
702 687 837 711 curandum
846 705 854 717 ‚
869 683 1020 718 seruandum
1041 684 1143 716 aliquid

77 727 157 752 alteri
169 729 326 752 connm'ttere.
380 724 461 750 Plaut.
475 723 542 748 Pers.
557 731 584 754 3,
597 730 609 754 3
618 742 626 755 ,
640 724 670 754 65
704 723 757 748 Iam
774 720 816 747 hic
828 717 907 745 credo
921 716 1022 749 aderit,
1045 716 1139 744 accersi

78 761 154 788 illum
167 760 297 787 mandaui.
993 789 996 792 Ι
1123 789 1128 793 .

78 802 196 823 curatum
209 795 282 822 velis.
355 795 446 821 Tacit.
461 794 530 820 Ann.
544 804 578 826 4,
590 795 625 819 66
653 793 703 819 Res
717 793 772 818 suas
785 788 879 816 Caesar
891 787 1074 822 spectatisiimo
1087 796 1142 815 cni-

76 840 144 866 que,
177 830 335 866 quibusdam
367 830 467 865 ignotis
488 830 525 855 Ex
559 829 628 855 sama
638 849 646 861 ,
671 824 816 854 mandabat.
893 824 1029 865 Extremas
1051 833 1140 859 preces

74 868 101 894 P.
129 867 263 900 Quirino,
289 866 444 902 propinqruo
470 866 535 898 suo,
554 865 587 891 ad
607 863 754 898 principem
774 859 880 886 mandat
913 860 1004 900 Tacit.
1023 861 1092 887 Ann.
1107 869 1140 899 2,

73 911 113 935 30.
171 902 227 928 Cic.
244 911 293 936 pro
307 902 400 935 Quint.
416 909 446 934 30
468 911 490 927 c.
506 908 531 934 ις
558 902 582 927 Is
593 906 648 925 non
666 895 749 922 modo
768 904 800 922 ex
818 904 932 921 numero
950 905 1079 923 vinorum
1097 906 1140 923 ex-

72 937 211 971 turbatur,
232 937 275 964 sed
289 937 308 964 si
327 938 386 964 fieri
399 937 499 972 potest,
524 935 593 962 infra
607 932 688 971 etiam
706 938 829 958 mortuos
848 931 998 972 man-datur.
1015 968 1020 972 ι

73 974 102 1000 in
122 974 214 1008 Paneg.
232 981 274 1009 73.
294 981 334 1009 pr.
368 974 436 1000 Ante
450 971 584 999 orationes
599 976 685 1002 princi
706 976 751 993 um
766 973 869 993 tantum
888 967 1022 994 eiusmodi
1041 977 1139 1003 genere

71 1016 310 1036 monumentorum
330 1008 450 1036 mandari
475 1004 633 1032 Aeternitati
659 1004 686 1029 so
699 1003 786 1029 ebant.
871 1004 928 1030 Cic.
955 1004 1038 1030 Tusc.
1059 1012 1091 1037 2,
1115 1013 1139 1037 ¹3

71 1045 183 1072 Cultura
195 1052 284 1073 autem
297 1045 381 1072 animi
392 1039 560 1078 philosophia
573 1039 625 1071 est,
647 1047 714 1074 quae
733 1038 848 1065 extrahit
863 1040 928 1066 vitia
947 1039 1074 1066 radicitus
1084 1060 1092 1072 ‚
1113 1046 1140 1066 et

69 1087 208 1116 praeparat
220 1082 323 1108 animos
341 1079 373 1106 ad
394 1079 460 1104 satus
478 1074 663 1110 accipiendos,
684 1084 767 1109 eaque
787 1075 893 1102 mandat
910 1075 968 1108 his,
989 1081 1015 1101 et
1036 1076 1087 1108 (vt
1102 1075 1139 1102 ita

70 1116 177 1151 dicam)
199 1117 276 1150 serit,
293 1123 359 1151 quae
370 1113 459 1139 adulta
471 1111 576 1138 fructus
590 1110 742 1138 vberrimos
757 1111 852 1137 ferant.
910 1111 1015 1138 Animis
1028 1117 1054 1137 et
1067 1120 1138 1137 rnen-

69 1152 141 1179 tibus
154 1152 294 1184 mandare,
313 1150 512 1185 quemadmodum
530 1156 554 1173 et
574 1146 701 1173 Mandare
720 1146 868 1181 posteritati
888 1147 997 1174 dicitm‘;
1035 1148 1078 1173 hoc
1090 1147 1137 1182 est,

69 1189 206 1214 Memoriae
216 1187 372 1213 committere.
445 1183 484 1211 Id.
498 1184 526 1210 in
541 1183 620 1210 Catil.
635 1192 661 1215 1,
679 1191 712 1217 27
733 1192 754 1209 c.
768 1191 789 1209 11
817 1182 947 1217 Percipite
966 1183 1063 1217 quaeso
1078 1183 1139 1209 dili-

68 1229 160 1259 genter
171 1231 238 1258 quae
250 1221 352 1254 dicam,
374 1226 399 1247 et
412 1230 441 1247 ea
454 1220 557 1255 penitus
570 1220 674 1245 Animis
688 1218 782 1245 vestris
802 1218 990 1253 mentibusque
1009 1218 1138 1246 mandate.

68 1260 171 1286 Arenae
182 1258 282 1286 semina
306 1257 387 1284 Ouid.
403 1256 483 1292 Epist.
498 1264 527 1289 ς,
543 1264 589 1287 115.
664 1254 740 1281 Fidei
761 1254 872 1281 alicuius
885 1255 1025 1289 pecuniam
1054 1255 1136 1283 Plaut.

70 1290 153 1322 Trin.
165 1303 176 1321 ι
185 1315 194 1328 ,
206 1303 238 1327 2,
251 1303 287 1327 9¹·
324 1293 392 1321 Ter.
406 1292 489 1319 Andr.
506 1300 526 1325 t,
542 1301 565 1323 5,
577 1293 611 1320 62.
642 1291 715 1317 Bona
729 1290 817 1316 nostra
830 1290 893 1317 haec
913 1290 964 1317 tibi
978 1291 1136 1325 committo,

69 1332 95 1357 et
106 1336 166 1358 tuae
173 1329 271 1357 mando
284 1329 368 1356 Fidei.
442 1328 525 1355 Foliis
538 1326 655 1353 carmina
677 1328 699 1353 V
703 1327 751 1361 irg.
767 1327 830 1352 Aen.
847 1330 872 1359 6,
885 1333 927 1361 74.
1001 1327 1088 1362 Fugae
1100 1329 1136 1359 se,

68 1369 88 1395 ι’.
103 1367 202 1402 Fugere.
274 1366 344 1392 Caes.
358 1365 421 1392 Bell.
437 1364 504 1391 Gall.
518 1371 547 1396 5,
561 1368 585 1393 18
611 1364 646 1390 Vt
659 1362 746 1389 hostes
760 1362 890 1396 impetum
905 1363 1042 1396 legionum
1056 1369 1135 1398 atque

67 1402 188 1437 equitum
201 1401 326 1428 sustinere
338 1410 392 1428 non
407 1400 522 1435 possent,
542 1401 666 1434 ripasque
680 1399 861 1431 dimitterent,
881 1407 910 1424 ac
924 1399 949 1424 se
963 1399 1050 1434 Fugae
1063 1408 1135 1426 man-

66 1436 167 1463 darent.
227 1437 286 1473 Vsus
299 1438 372 1463 etiam
386 1437 491 1463 Sisenna
504 1437 571 1469 apud
584 1435 657 1461 Non.
672 1443 687 1460 z
697 1455 704 1466 ‚
719 1435 770 1466 516.
845 1434 902 1461 Cic.
918 1434 945 1460 in
960 1435 1038 1461 Catil.
1054 1444 1063 1462 1
1073 1456 1081 1468 ,
1099 1444 1134 1462 20

66 1473 141 1507 Qae
153 1482 237 1508 quum
252 1474 288 1500 ita
302 1473 350 1499 sint
365 1472 495 1504 Catilina,
516 1469 637 1503 dubitas,
664 1469 681 1496 si
700 1469 788 1496 emori
811 1478 897 1505 aequo
916 1471 1008 1497 animo
1021 1480 1076 1497 non
1089 1480 1135 1505 po-

65 1514 120 1541 tes,
147 1509 221 1536 abire
235 1509 263 1536 in
277 1509 378 1544 aliquas
391 1516 473 1535 terras
482 1528 490 1540 ‚
517 1513 542 1533 et
563 1507 645 1532 vitam
660 1506 733 1532 istam
753 1506 843 1532 multis
856 1506 990 1541 suppliciis
1003 1506 1077 1532 iustis
1090 1507 1134 1534 de-

65 1543 323 1580 bitisqueercptam‚
343 1545 429 1579 Fugae
443 1542 637 1576 solitudinique
649 1541 791 1568 mandare?
830 1543 922 1568 Humo
935 1543 1068 1577 aliquem,
1086 1550 1134 1577 pro

68 1581 200 1606 Inhumare
215 1582 292 1615 Virg.
305 1581 369 1607 Aen.
383 1590 410 1613 9,
425 1588 480 1613 2¹4·
534 1579 574 1604 Sic
589 1579 656 1613 apud
668 1578 724 1604 Cic.
738 1578 821 1606 Tusc.
835 1586 857 1610 3.
880 1588 910 1604 ex
924 1580 1044 1613 Homero,
1068 1579 1132 1611 Qio

67 1615 193 1650 magist-st
204 1626 320 1652 aequum
327 1616 458 1643 Tumulis
471 1613 595 1641 mandare
603 1620 745 1648 peremtOS.
800 1614 999 1641 Iinmortalitati
1008 1634 1017 1646 ‚
1042 1617 1132 1639 Aeter-

67 1660 126 1676 num
138 1659 168 1677 vt
174 1652 211 1684 stt
223 1662 323 1678 curare.

67 1687 140 1721 quod
153 1696 245 1715 omnes
260 1698 313 1715 non
328 1694 441 1721 negent,
458 1685 672 1717 Immortalitati,
694 1685 711 1710 si
731 1684 791 1710 ficri
808 1685 909 1719 potest,
936 1684 1131 1717 mandandum,

65 1727 94 1748 tu
107 1723 236 1757 supplicio
249 1723 413 1758 puniendum
427 1721 528 1756 putasti.
602 1720 640 1747 Id.
655 1719 686 1745 de
700 1720 759 1746 Fin.
775 1728 784 1745 1
796 1740 804 1751 ‚
818 1730 825 1746 ι
855 1720 919 1746 Non
940 1729 1012 1746 eram
1031 1722 1132 1747 nescius

65 1757 162 1790 Brute,
181 1767 264 1792 quum
279 1766 346 1791 quae
358 1756 466 1784 summis
479 1754 612 1790 ingeniis,
637 1755 816 1790 exquisitaque
836 1755 960 1782 dofitrina
976 1755 1131 1791 philosophi

18 1795 20 1799 ’
63 1793 165 1818 Graeco
178 1793 299 1819 sermone
311 1791 503 1823 tractauiffent,
524 1799 554 1817 ea
568 1791 670 1817 Latinis
683 1791 782 1817 Literis
795 1791 979 1818 mandaremus
989 1813 997 1824 ,
1023 1793 1084 1819 sore
1102 1800 1131 1819 vt

62 1827 105 1854 hic
119 1827 206 1854 noster
218 1828 296 1855 labor
307 1828 335 1854 in
349 1828 434 1854 varias
451 1826 665 1861 reprehensiones
684 1827 843 1854 incurreret.

62 1862 111 1891 Sed
118 1863 241 1890 mandare
250 1872 400 1899 quenquam
413 1863 511 1890 Literis
524 1863 699 1898 cogitationes
712 1864 785 1896 suas,
803 1864 850 1898 qui
864 1873 911 1890 nec
926 1873 967 1890 eas
981 1863 1132 1898 disponere,

61 1908 109 1926 nec
121 1899 252 1927 illustrare
265 1900 354 1935 possit,
375 1908 440 1932 nec,
460 1906 506 1925 etc.
580 1898 620 1925 Id.
634 1898 747 1934 Philipp.
762 1908 789 1926 12
808 1900 881 1933 Quid
895 1900 958 1926 huic
971 1900 1067 1934 facias,
1082 1902 1130 1936 qui

61 1935 113 1962 hoc
126 1935 241 1969 Literis,
260 1936 462 1970 Memoriaeque
474 1934 659 1962 mandauerit?
715 1936 785 1962 Adel.
805 1936 844 1963 Id.
863 1935 895 1963 de
917 1937 980 1963 Nat.
995 1937 1027 1964 D.
1042 1946 1052 1963 1
1073 1946 1094 1964 c.
1110 1946 1130 1971 4

56 1978 100 2008 pr.
137 1979 161 1998 et
175 1972 228 1999 Off.
243 1981 259 1999 2.
277 1981 299 1999 c.
314 1980 329 1998 2
345 1979 388 2007 pr.
425 1971 483 1998 Sen.
499 1971 543 2006 Ep.
557 1976 579 2002 8.
654 1972 731 1998 Malis
757 1972 861 1999 Lucret.
875 1981 906 2005 2,
929 1975 988 2006 637.
1024 1973 1078 2001 vid.
1100 1974 1128 1999 in

59 2014 85 2034 M
94 2015 116 2034 A
126 2014 141 2034 L
153 2013 187 2034 Α.

59 2043 143 2078 phum
157 2044 230 2070 tenui
241 2043 385 2071 admodum
402 2043 512 2077 pecunia
525 2042 654 2069 familiari
669 2043 754 2068 t'uifl'e.

59 2079 162 2105 moriae
181 2079 305 2106 mandare
326 2078 444 2112 aliquid,
471 2080 503 2103 In
522 2079 747 2110 „minaria-figere,
772 2084 797 2102 et
816 2077 950 2109 reminisci.
1025 2077 1080 2102 Cic.
1095 2076 1128 2101 de

60 2113 168 2140 Amicit.
183 2122 194 2140 ι
218 2115 281 2140 Eius
295 2112 482 2147 disputationis
494 2112 634 2138 sententias
642 2111 792 2137 Memoriae
804 2110 938 2136 mandaui.
994 2110 1032 2138 Id.
1048 2109 1127 2137 Acad.

59 2159 88 2182 4,
103 2158 118 2176 2
139 2159 160 2176 c.
174 2158 184 2176 1
211 2150 247 2175 Vt
267 2149 351 2176 literis
364 2147 554 2182 consignamus,
569 2155 637 2180 quae
650 2146 835 2173 Monumentis
848 2145 974 2172 mandare
987 2147 1126 2175 volumus3

59 2185 92 2212 sic
106 2186 151 2212 iile
166 2185 195 2211 in
207 2185 298 2211 animo
312 2193 354 2210 res
366 2183 506 2216 insculptas
519 2181 639 2208 habebat.
699 2181 764 2206 lbid.
779 2190 799 2214 1,
812 2190 823 2212 3

59 2223 115 2249 sum
130 2221 256 2255 ingrefl'us
269 2229 311 2246 res
323 2228 379 2250 eaS,
399 2227 463 2253 quas
478 2224 565 2243 tecum
578 2215 653 2242 simul
666 2214 761 2248 didici,
786 2213 910 2241 mandare
923 2216 1124 2249 Monumentis‚

58 2256 310 2292 philosophiamque
321 2260 439 2281 veterem
458 2253 532 2279 illam
552 2259 566 2277 a
584 2251 689 2278 Socrate
709 2257 811 2283 ortam,
838 2251 940 2277 Latinis
960 2252 1044 2278 literis
1064 2253 1126 2279 illu-

57 2293 156 2326 strare,
175 2299 220 2320 etc.
293 2291 331 2318 Id.
347 2298 397 2325 pro
410 2289 478 2316 Sext.
493 2296 538 2314 102
565 2287 637 2313 Haec
650 2287 719 2313 fama
732 2286 915 2319 celebrantur,
937 2288 1121 2314 Monumeutis

59 2329 195 2355 annalium
213 2326 387 2358 mandantur,
413 2323 561 2360 posteritati
581 2328 768 2358 propagantur.
850 2322 889 2349 1d.
909 2323 962 2349 Off.
981 2332 1011 2357 2,
1031 2332 1044 2356 3
1071 2333 1092 2350 c.
1113 2331 1123 2349 1

792 2044 811 2072 i,
835 2045 961 2077 Scriptum
974 2043 1017 2078 est.
1072 2045 1126 2069 Me«

60 2363 164 2390 Deinde
178 2363 236 2398 ipsis
244 2362 351 2396 Scriptis
365 2370 420 2388 non
433 2369 462 2387 ea
475 2368 542 2394 quae
555 2368 640 2391 nunc,
667 2358 710 2385 sed
727 2358 845 2385 aCtiones
864 2358 965 2385 nostras
985 2359 1122 2387 mandare·
1139 2363 1174 2388 60
1191 2361 1223 2388 D.
1238 2362 1270 2389 de
1283 2363 1383 2398 acquir.
1399 2372 1451 2390 rer.
1466 2362 1567 2391 domin.
1595 2365 1653 2391 Nec
1664 2365 1844 2401 stipulatione,

60 2408 136 2432 nius,
157 2405 186 2426 vt
200 2400 272 2433 saepe
286 2398 404 2424 fecimus.
477 2395 558 2421 Sulcis
570 2394 671 2421 hordea
695 2394 771 2429 Virg.
787 2395 840 2421 Ecl.
855 2403 884 2427 ς,
903 2396 941 2427 36.
1016 2395 1123 2422 Terrae

60 2435 176 2467 semina,
192 2441 238 2469 pro
252 2434 377 2459 Seminare
401 2430 533 2457 Columel.
548 2438 567 2462 Ι,
578 2438 603 2465 7.
677 2430 733 2456 Cic.
747 2439 798 2465 pro
817 2429 897 2457 Arcli.
912 2439 946 2457 20
973 2431 1069 2466 Neque
1087 2431 1123 2459 est

60 2471 198 2505 quisquam
212 2476 264 2495 tam
277 2468 400 2494 aduersus
420 2475 434 2493 a
448 2466 544 2500 Musis,
570 2466 618 2502 qui
637 2475 692 2493 non
710 2466 831 2493 mandari
844 2466 967 2493 Versibus
985 2472 1124 2494 aeternum

55 2507 164 2532 suorum
175 2505 298 2531 laborum
310 2503 388 2530 facile
403 2502 574 2537 praeconium
588 2503 711 2537 patiatur.
767 2502 804 2529 Id.
817 2503 844 2529 in
854 2503 931 2529 Catil.
944 2512 972 2536 4,
987 2513 1013 2529 ιο
1030 2504 1122 2530 Homo

1163 586 1191 604 to

370 759 439 785 Ter.
452 757 563 792 Adelph.
578 766 605 789 3,
624 767 651 791 3,
673 762 696 788 ¹8
730 757 801 784 Huic
819 752 941 785 mandes,
962 752 1054 787 siquid
1067 753 1139 780 ret0te
1159 763 1185 789 ις

1073 932 1139 959 Plin.
1155 944 1189 962 20

1157 1124 1186 1150 25
1205 1115 1293 1141 Senec.
1306 1111 1377 1142 Med.
1392 1123 1418 1150 7.

1155 1302 1187 1326 30
1203 1302 1229 1327 2,
1243 1304 1264 1327 2>
1279 1302 1315 1327 43·

1153 1479 1181 1504 33
1200 1473 1324 1500 mandatu
1338 1483 1399 1501 meo
1424 1475 1506 1502 Titio
1526 1476 1680 1504 credideris.

396 1652 453 1678 Cic·
473 1659 523 1685 ΡῙὉ
536 1650 626 1676 D⁰¹¹³⁰
639 1652 674 1683 76
694 1659 715 1676 ⁶·
731 1657 765 1682 29
793 1650 893 1682 Semel,
915 1659 997 1684 quum
1017 1649 1044 1675 id
1064 1649 1131 1682 feti,
1146 1660 1184 1684 40
1198 1652 1377 1687 delignaturus
1392 1654 1532 1681 mandator
1545 1655 1563 1681 si
1578 1655 1666 1682 fuisl‘et
1688 1656 1795 1683 Tertull

260 2008 327 2035 Gell.
341 2017 370 2042 3,
389 2014 417 2042 17
444 2008 593 2033 Memoriae
611 2007 765 2034 mandatum
785 2008 838 2041 est,
859 2009 997 2035 Platonem
1011 2008 1128 2043 philoso-
1147 2018 1179 2043 50
1196 2013 1379 2038 mandatore-m
1394 2013 1518 2038 haberet:

55 2538 448 2575 mitislimusatquelcniffimuS,
466 2547 521 2565 non
534 2538 637 2565 dubitat
652 2539 677 2565 P.
699 2539 840 2565 Lentulum
848 2539 961 2565 aeternis
975 2539 1123 2572 Tenebris,
1138 2544 1169 2575 63

56 2577 224 2611 vinculisque
238 2575 372 2602 mandare.
443 2574 553 2601 Causam
567 2575 662 2607 alicui,
695 2575 712 2602 i.
734 2576 890 2601 Committere
915 2574 997 2601 Ouid.
1010 2576 1074 2601 Met.
1091 2584 1123 2610 ¹3,

56 2622 112 2646 199·
167 2612 247 2639 Caius
262 2612 289 2638 in
311 2612 327 2638 l.
341 2620 373 2637 ex
386 2610 527 2644 maleficio.
549 2608 572 2647 §
592 2610 654 2637 ideo
674 2617 772 2637 autem.
794 2611 825 2637 D.
848 2610 880 2636 de
892 2610 1000 2638 aftione
1015 2618 1041 2637 ct
1053 2611 1122 2637 obli-

55 2648 186 2684 gationib.
211 2648 269 2674 Nec
283 2647 330 2674 vlli
343 2647 443 2674 Curam
464 2649 636 2682 negotiorum
658 2647 767 2674 suorum
788 2646 921 2673 mandant.
996 2647 1122 2674 Honores

56 2684 181 2711 mandare
193 2683 288 2716 alicui,
306 2689 351 2717 pro
369 2683 495 2710 Tribuere.
569 2683 625 2709 Cic.
643 2683 720 2709 Vcrr.
733 2691 762 2716 4,
775 2688 800 2713 81
821 2692 841 2710 c.
856 2691 888 2716 27
916 2682 1020 2709 Desinat
1033 2683 1122 2718 queri,

56 2721 119 2755 Pop.
135 2721 212 2746 Rom.
237 2717 394 2747 hominibus
413 2719 506 2752 nouis,
531 2726 612 2755 atquc
629 2718 765 2745 industriis
782 2718 898 2745 libenter
913 2719 1038 2745 Honores
1051 2728 1123 2745 man-
1136 2730 1172 2749 ¹70

55 2756 134 2789 dare,
156 2756 309 2790 semperque
324 2753 460 2781 mandasse.
497 2757 567 2782 Add.
581 2754 641 2782 Liu.
655 2764 704 2788 24,
720 2762 733 2785 g
744 2762 786 2790 pr,

858 2756 952 2782 quen.
966 2755 1017 2781 Sat.
1032 2763 1060 2781 ιο
1095 2762 1120 2771 ”“

57 2792 125 2819 Cum
135 2792 265 2818 Fortunae
279 2791 332 2826 ipse
345 2790 443 2817 minaci
455 2790 592 2818 Mandaret
612 2791 747 2826 laqueum.
803 2792 896 2826 Nempe
915 2791 1022 2817 extremi
1040 2772 1121 2827 ηεὲῗεῖ

464 2828 518 2854 vid.
544 2833 748 2853 SVSPENDO
774 2836 805 2852 ex
824 2826 883 2853 Sen.
908 2826 940 2853 de
959 2828 1002 2853 Ira
1021 2835 1049 2860 3,
1080 2835 1120 2860 23.

55 2829 106 2853 ὄιες
126 2837 190 2860 vox,
222 2826 353 2861 Suspende
373 2825 418 2853 te!

736 2862 936 2897 Magistratum,
971 2865 1119 2890 Dec-emere.

55 2863 171 2891 Lethum
197 2863 277 2890 alicui
308 2863 395 2889 Senec.
425 2862 504 2889 Herc.
525 2863 585 2889 Oet.
613 2872 650 2889 10.

54 2894 111 2927 Cic.
124 2899 156 2926 de
169 2899 262 2934 Legib.
281 2908 309 2931 3,
324 2907 350 2931 33
377 2898 505 2933 Suffragia
518 2898 546 2924 in
560 2898 714 2933 Magistratu
726 2898 894 2931 mandando,
919 2905 964 2925 aut
983 2908 1031 2926 reo
1051 2899 1120 2926 iudi-
1134 2909 1166 2936 75

55 2935 155 2968 cando,
173 2942 217 2962 aut
231 2935 288 2969 lege
302 2941 347 2960 aut
361 2934 501 2968 rogatione
512 2934 656 2967 sciscenda‚
677 2934 757 2967 clam,
784 2943 817 2961 an
836 2935 922 2969 palam
939 2935 1012 2961 ferre
1025 2935 1121 2961 melius

54 2972 122 2998 esset.
160 2971 233 3004 Confi
256 2970 293 2998 ld.
316 2971 392 2996 Verr.
414 2978 426 3002 ς
447 2979 468 2997 c.
485 2979 522 3004 ¹4·
576 2970 648 2997 Cum
661 2970 826 2998 diuitiffimus
845 2971 893 2997 effe
911 2972 992 3006 poss'et
1011 2977 1122 3006 propter

55 3008 206 3042 frequentes
228 3006 328 3033 delatos
347 3006 464 3032 honores
484 3006 676 3041 Poteltatesque
694 3007 823 3040 finitimas,
855 3015 922 3041 quae
940 3007 966 3033 ei
984 3016 998 3033 a
1019 3007 1120 3042 populo

53 3042 245 3070 mandabantur
253 3043 322 3076 Nep.
335 3051 371 3074 19,
386 3050 406 3074 1,
421 3050 445 3068 2.
480 3043 514 3070 al.
528 3041 666 3069 dabantur.
722 3043 775 3069 Sile
787 3042 916 3075 obsecro,
937 3044 1119 3078 Qiaestusque

55 3079 156 3106 secreto
167 3078 271 3105 abditos
284 3077 377 3104 manda
392 3077 483 3104 dolori
510 3078 568 3105 Sen.
581 3078 653 3105 Med.
674 3088 699 3105 v.
713 3087 764 3111 150.

59 3113 198 3148 Aliquanto
211 3115 293 3149 magis
309 3123 350 3139 me
363 3113 475 3140 dele&at
488 3113 639 3140 mandatum
653 3114 721 3141 mihi
741 3113 868 3141 Officium
878 3135 886 3147 ‚
914 3115 1051 3149 postquam
1071 3123 1118 3150 par

59 3147 178 3176 Cornuto
191 3151 280 3177 datum
295 3149 383 3176 video.
459 3150 533 3185 Opus
546 3151 670 3177 miserum
687 3150 792 3177 mandat
805 3151 882 3177 sociis
909 3152 970 3177 Stat.
985 3150 1077 3178 Theb.
1090 3160 1119 3185 9,

61 3186 113 3212 168-
167 3185 279 3213 Salutem
294 3187 363 3212 suam
379 3185 504 3213 mandare
517 3187 598 3212 alicui
620 3186 700 3213 Ouid.
715 3195 746 3212 ex
761 3187 835 3213 Pont.
850 3196 879 3219 4,
893 3188 925 3219 6,
949 3195 982 3219 13.
1018 3187 1037 3213 i.
1058 3197 1118 3213 com-

57 3219 180 3245 mendare.
233 3221 332 3248 Accidit
346 3221 398 3248 hoc
407 3242 415 3254 ,
433 3221 505 3256 quod
518 3229 605 3249 totum
620 3222 770 3249 cuiusmodi
784 3222 814 3248 sit
826 3222 922 3249 mando
936 3222 996 3256 tibi,
1011 3224 1047 3249 Vt
1060 3232 1118 3258 per—

57 3253 150 3288 spicias
171 3254 225 3281 Cic.
238 3258 290 3283 Att.
306 3267 330 3290 ι,
349 3266 385 3284 12.

58 3289 80 3328 Ἴ
102 3298 118 3316 2
154 3290 408 3327 Mitterefignisicat‚
425 3297 497 3334 ¹quud
516 3295 614 3320 indisat
632 3295 785 3329 compositum
808 3301 831 3320 A
839 3301 863 3320 M
874 3300 896 3321 A
909 3301 931 3320 N
942 3301 998 3321 Do.
1061 3296 1117 3322 Cic.

57 3334 109 3361 pro
123 3325 193 3352 Sulla
207 3331 238 3359 57
257 3335 279 3352 c.
292 3335 325 3354 20
361 3330 598 3356 Familiarislimum
614 3332 687 3357 suum
701 3330 836 3356 dimittere
848 3329 881 3356 ab
893 3332 917 3357 se
927 3351 935 3363 ,
955 3337 981 3357 et
993 3331 1117 3357 mandare

57 3361 300 3388 invltimasterr283
313 3363 331 3390 i.
343 3365 449 3392 mittere.
469 3365 507 3392 Id.
516 3375 565 3400 pro
573 3366 707 3399 Qiint.49
714 3374 766 3398 αις
782 3367 805 3392 Is
814 3375 867 3392 non
877 3366 959 3393 modo
967 3376 997 3393 ex
1004 3375 1117 3393 numero

57 3395 367 3438 viuorunrexturbatur,
383 3400 440 3433 sed,
460 3401 478 3428 si
492 3402 551 3428 sieri
566 3402 648 3437 potest
659 3423 666 3435 ‚
693 3402 764 3428 infra
783 3403 863 3428 etiam
876 3409 997 3429 mortuos
1011 3401 1116 3429 manda-

57 3439 109 3459 tur.
165 3434 206 3458 Su·
218 3431 371 3458 membranae
383 3436 485 3463 Gruteri
497 3447 593 3463 omnes:
630 3440 664 3464 al.
678 3437 848 3464 Amandatur.

95 3475 149 3495 ΜΑ
162 3473 320 3507 NDANS,
341 3469 416 3508 antis.
451 3473 544 3500 Partic.
581 3474 771 3508 [ἒνῖελλόμευος]
811 3472 892 3500 Ouid.
913 3473 992 3509 Epist.
1007 3476 1050 3506 16,
1069 3481 1114 3507 3¹4

57 3505 139 3531 Vtere
151 3503 298 3530 mandantis
317 3502 477 3538 simplicitate
489 3510 551 3536 viri,
590 3511 635 3536 ΑΙ,
649 3519 703 3536 non
717 3509 797 3536 vafri,

94 3547 119 3566 Μ
130 3546 210 3566 ΛΝΒ
220 3540 242 3566 Α-
252 3545 274 3566 Τ
284 3546 304 3565 V
315 3546 342 3571 S,
362 3548 392 3579 3,,
412 3548 467 3579 qm.
507 3545 600 3572 Partic.
643 3546 654 3579 [
667 3547 822 3576 ἒνἹεταλμὲνοε
836 3546 848 3580 ]
890 3545 947 3573 Cic.
966 3555 1015 3581 pro
1038 3545 1113 3572 Rosc-

57 3576 146 3602 Amer.
159 3584 191 3602 ιιι
212 3585 233 3602 c.
242 3580 269 3608 38
290 3576 320 3602 ln
336 3581 446 3609 priuatis
460 3577 536 3605 rebus
549 3581 633 3617 liquis
644 3590 700 3608 rem
715 3580 862 3607 mandatam
877 3591 931 3608 non
944 3581 1025 3609 modo
1038 3582 1113 3608 mali-

839 3079 904 3105 Plin.
921 3079 999 3114 Epist.
1020 3083 1053 3112 6,
1077 3087 1118 3105 110
1133 3088 1165 3113 80

459 3258 577 3284 Primum
590 3259 676 3285 Scelus
691 3257 795 3284 mandat
810 3258 910 3285 insidiis
932 3259 1004 3285 Flor.
1019 3267 1042 3292 3,
1054 3267 1062 3285 ι
1072 3279 1080 3292 ,
1095 3267 1117 3292 3.
1138 3266 1165 3293 83

1129 3449 1162 3474 90

1187 2150 1232 2183 suo
1248 2150 1318 2175 nihil
1327 2152 1380 2176 tale
1394 2151 1540 2185 cogitantem
1554 2152 1658 2179 induxit
1670 2161 1700 2179 vt
1713 2156 1825 2180 crederet
1834 2165 1841 2178 .-

852 2181 931 2206 Nunc
945 2181 1033 2214 postea
1046 2189 1125 2216 quam
1145 2190 1173 2217 55
1194 2185 1312 2211 ditionem
1325 2185 1435 2219 accqffiffi
1456 2194 1479 2212 et
1493 2187 1667 2221 obligationem
1683 2189 1756 2222 quasi
1768 2190 1864 2214 trabali

1184 2911 1212 2935 4,
1228 2911 1272 2934 135.

1182 3199 1197 3214 a
1211 3189 1285 3214 verbo
1298 3190 1396 3216 Maneo
1405 3211 1414 3223 ‚

1181 3369 1295 3394 dentibus
1307 3371 1432 3405 cmzficere.

1181 3413 1202 3431 c.
1217 3407 1252 3439 76
1284 3405 1339 3439 Qui
1359 3405 1387 3431 in
1407 3405 1502 3433 balneo
1520 3407 1626 3433 demum
1649 3407 1704 3442 post
1718 3407 1810 3433 horam
1825 3406 1936 3439 primam
1949 3405 2036 3432 noetis
2057 3407 2118 3433 duas
2132 3408 2238 3435 bucceas

1178 3440 1337 3467 manducaui
1347 3441 1429 3476 prius,
1437 3451 1515 3476 quam
1524 3443 1587 3478 vngi
1596 3443 1748 3477 inciperem.

1178 3477 1345 3510 frequentari
1361 3478 1436 3512 coepit
1448 3479 1490 3503 hoc
1508 3480 1611 3504 verbum
1630 3488 1687 3504 aeuo
1695 3476 1822 3513 sequiori,
1844 3476 1993 3511 praesertim
2013 3480 2044 3503 ab
2059 3480 2236 3515 Ecclcfiasticis,

1178 3513 1238 3538 adeo
1251 3512 1359 3546 quidem,
1374 3520 1403 3538 vt
1417 3514 1537 3540 Italorum
1551 3514 1685 3549 mangiare
1694 3533 1701 3545 ‚
1727 3519 1748 3537 et
1762 3520 1871 3547 manger
1890 3511 2014 3539 Gallorum
2034 3514 2093 3540 inde
2105 3516 2236 3549 anesim,

1178 3557 1231 3573 cum
1242 3546 1327 3582 ptqfflm
1340 3547 1497 3576 manducare
1509 3551 1620 3576 dicerent
1632 3549 1737 3574 homines
1746 3554 1792 3582 pro
1805 3550 1883 3574 edere.

1611 172 1855 214 MAN
2202 190 2269 232 ¹98

1206 260 1280 284 etiam
1295 261 1418 294 aequalis,
1435 262 1479 287 vel
1493 261 1625 296 infer-loris
1638 263 1712 287 adeo.-
1733 262 1804 289 hodie
1818 264 1896 299 vulga
1908 264 2121 296 Commislionem
2137 270 2269 305 appellant.

1207 293 1305 321 Sallust.
1319 296 1395 334 Catil.
1411 306 1431 324 c.
1441 305 1471 329 32
1485 295 1551 324 (ἶνιν.
1589 298 1618 324 C.
1629 298 1744 325 Manlius
1758 307 1789 326 ex
1803 299 1850 326 suo
1865 309 1977 327 numero
1993 303 2088 337 legatos
2103 307 2133 332 ad
2143 307 2269 334 Martium

1207 338 1295 363 regem
1317 332 1414 370 mittit,
1442 343 1501 360 cum
1521 332 1649 360 mandatis
1668 334 1809 361 eiusmodi.
1884 336 2009 371 Accipere
2033 342 2151 368 mandata
2171 343 2203 369 ad
2224 344 2270 370 ali-

1208 373 1286 403 quem
1307 366 1436 406 Quinctil.
1450 378 1473 401 3,
1489 378 1526 396 ιο,
1601 369 1704 396 Addere
1731 370 1797 397 Plin.
1811 376 1841 403 8,
1856 379 1901 404 40.
1956 372 2067 400 Admitti
2082 376 2128 408 ad,
2165 379 2249 413 Agere
2262 400 2270 412 ,

1208 399 1320 432 Bibere,
1356 405 1410 442 τυιΙ.
1428 406 1466 430 hh.
1481 414 1525 432 vv.
1599 406 1738 433 Confitere
1762 407 1818 433 Cic.
1834 406 1900 433 Phil.
1914 415 1930 440 9
1949 417 2000 440 c.3.
2074 412 2188 446 (ιιι-αις,
2215 417 2268 441 vid.

1207 440 1224 460 C
1234 441 1254 459 v
1265 441 1283 460 R
1293 442 1320 460 0.
1376 436 1431 463 Cic.
1447 441 1566 478 (ζῆ-αι.
1580 449 1611 473 2,
1635 450 1658 474 ¹3
1685 442 1771 468 Facies
1786 443 1893 475 scilicet,
1905 449 1932 470 vt
1946 452 2002 469 mea
2017 447 2134 473 mandata
2145 448 2252 483 Digeras
2262 472 2269 484 ‚

1206 471 1379 510 persequare,
1399 478 1529 512 enuncias.
1604 478 1673 504 Dare
1702 477 1782 505 Ouid.
1796 478 1875 514 Epist.
1891 487 1929 512 ¹3,
1952 488 2003 512 143.
2077 483 2132 507 Cic.
2157 484 2223 510 fan..
2240 495 2251 518 3

1207 513 1228 531 ιι
1252 506 1388 546 Omnibus
1402 517 1427 534 ci
1440 508 1565 548 derebus
1578 521 1640 545 quas
1654 513 1711 548 agi,
1732 523 1795 549 quas
1810 514 1898 541 curari
1911 523 1974 541 ame
1983 517 2055 542 voles
2065 537 2072 549 ,
2092 518 2209 545 mandata
2221 507 2269 547 De}

1206 541 1297 568 velim.
1335 560 1344 564 -
1365 559 1374 564 -
1404 544 1537 583 ¹omnibns
1553 545 1585 571 de
1607 547 1684 573 rebus
1699 550 1736 576 Id.
1752 549 1823 577 Fam.
1837 570 1843 577 .
1865 570 1872 577 .
1948 551 2017 578 Dare
2030 553 2109 578 alicui
2124 555 2154 579 ile
2169 557 2269 582 maenis

1206 577 1286 603 rebus
1312 577 1349 604 Id.
1364 578 1429 605 Phil.
1444 584 1457 610 8
1469 589 1499 619 ἐ.
1514 588 1539 614 7.
1597 584 1659 608 add.
1683 585 1777 619 Philip.
1792 588 1823 619 6,
1841 588 1858 614 6
1883 596 1904 614 c.
1924 595 1944 620 3.
2018 588 2130 615 Dct'erre
2158 590 2195 616 Id.
2213 576 2270 618 titte.

1209 622 1253 646 ιο,
1275 622 1302 645 ¹4
1325 621 1366 648 pr.
1410 615 1508 642 Lucius
1533 616 1627 643 Caesar
1652 619 1771 646 mandata
1793 622 1910 649 Caesaris
1937 622 1969 649 ad
1991 624 2147 659 Pompeium
2166 624 2268 654 detulit.

1208 648 1356 689 Deposcere
1365 670 1372 683 ,
1392 652 1445 684 Luy
1457 652 1590 677 demmder
1603 653 1650 677 s’il
1666 661 1725 678 veut
1738 666 1744 678 ⁷
1753 657 1791 680 ien
1805 660 1964 686 rmnnumder.
2015 662 2045 686 Vt
2060 662 2172 686 abeuntes
2181 661 2270 696 solent.

1207 685 1264 725 Cic.
1278 686 1331 711 Att.
1347 694 1370 718 ς,
1382 694 1411 726 2..
1423 688 1453 712 In
1468 688 1590 714 Cumano
1605 697 1687 722 quum
1701 689 1793 722 css‘cm,
1814 694 1886 719 venit
1899 693 1930 720 ad
1944 704 1988 721 me
2001 696 2088 723 noster
2098 697 2271 728 Hortensium

1206 729 1249 747 cui
1264 719 1413 755 deposcenti
1428 731 1485 748 mea
1496 722 1634 755 mandata,
1654 731 1754 751 caetera
1769 727 1889 754 vniuerse
1903 730 2041 764 mandaui,
2061 731 2127 758 illud
2145 736 2271 768 proprie,

1207 765 1240 782 ne
1253 762 1404 797 pateretur,
1434 764 1562 792 quantum
1589 759 1649 786 csl'et
1675 760 1704 786 in
1735 761 1807 794 ipso,
1839 767 1976 798 prorogari
2002 768 2079 793 nobis
2111 770 2270 802 prouincias.

1206 793 1333 826 Excipere
1359 793 1451 820 Tacit.
1466 794 1493 819 in
1506 794 1594 829 Agric.
1606 803 1644 827 45.
1717 796 1819 831 Exequi
1833 797 1944 825 alicuius
1973 803 2052 830 Ouid.
2067 804 2128 831 Met.
2145 812 2174 838 14
2210 808 2262 832 602

1208 829 1281 863 Conf.
1308 828 1365 855 Cic.
1387 828 1454 856 Phil.
1474 839 1490 863 9
1510 839 1530 856 c.
1549 839 1568 863 4
1591 839 1656 858 extr.
1732 832 1896 864 Exhaurire,
1919 841 1966 868 pro
1987 840 2080 872 lia-equi
2098 847 2121 865 ct
2140 824 2271 876 absistere:

1206 863 1245 891 Id.
1259 866 1311 891 Att.
1328 874 1357 898 5,
1371 872 1381 892 1
1413 865 1557 900 Reliquum
1571 866 1622 899 est,
1643 872 1670 893 vt
1684 873 1825 902 antequam
1843 868 2025 905 proficiscare,
2045 874 2164 902 mandata
2183 876 2272 904 nostra

1208 899 1362 927 Exhaurias.
1433 902 1571 936 Explicare
1598 902 1636 929 Id.
1658 902 1728 930 lbid.
1748 912 1841 937 13,23.
1913 905 2009 933 Facere
2042 910 2171 942 Quinc'iil.
2190 921 2208 946 4
2243 922 2270 947 4.

1206 936 1307 963 Fallere
1326 935 1454 971 alicuius,
1487 940 1505 964 ι’.
1531 940 1589 964 Non
1601 939 1691 973 exequi
1702 944 1838 973 inundata,
1862 950 1949 966 verum
1962 942 2084 974 simulare
2097 946 2124 979 se
2145 933 2271 975 exessum,

1205 972 1251 1007 effi·
1277 972 1360 999 Ouid.
1376 973 1439 1000 Met.
1455 983 1479 1007 9,
1493 975 1553 1007 696.
1611 975 1691 1001 Ferre
1705 984 1753 1009 per
1766 984 1842 1002 auras
1863 976 1940 1011 Virg.
1953 978 2016 1004 Aen.
2030 988 2054 1011 4,
2068 988 2129 1014 2715.
2186 985 2271 1020 Fungi

1205 1008 1334 1034 mandatis
1361 1008 1454 1035 Tacit.
1467 1010 1534 1037 Ann.
1554 1018 1588 1043 13,
1612 1018 1648 1037 21.
1721 1012 1822 1038 Gerere
1848 1013 1910 1039 Stat.
1924 1012 1986 1040 Silu.
2002 1021 2030 1047 ς,
2057 1023 2082 1048 2,
2104 1020 2141 1047 56.
2215 1021 2271 1049 Cic,

1205 1042 1318 1078 Philipp.
1334 1052 1360 1077 2,
1375 1046 1406 1074 86
1428 1054 1449 1071 c.
1466 1054 1498 1078 34
1531 1046 1552 1071 A
1571 1045 1648 1072 nobis
1663 1047 1818 1081 Populoque
1833 1048 1910 1075 Rom.
1926 1049 2077 1076 mandatum
2092 1052 2117 1078 id
2131 1061 2202 1081 certe
2216 1066 2270 1084 non

1205 1079 1337 1106 Habebas.
1394 1080 1526 1107 Instruere
1543 1081 1660 1116 aliquem
1679 1082 1824 1117 mandatis,
1851 1084 1905 1110 vid.
1921 1091 1929 1110 1
1941 1092 1962 1110 N
1971 1092 1983 1111 s
1993 1092 2014 1112 Τ
2023 1093 2041 1112 R
2052 1094 2072 1112 v
2082 1094 2111 1114 0.
2183 1090 2270 1125 Loqui

1491 1117 1548 1143 Cic.
1563 1119 1641 1144 Verr.
1653 1126 1685 1151 2,
1700 1120 1739 1145 161
1770 1120 1801 1146 In
1814 1128 1893 1154 quem
1906 1120 1953 1154 ipsi
1966 1131 2025 1148 cum
2038 1116 2188 1157 graitissimo
2203 1128 2270 1154 testi-

1204 1151 1316 1184 monio,
1343 1151 1416 1186 quod
1442 1162 1577 1188 nunquam
1596 1160 1671 1180 antea
1693 1154 1806 1181 Romam
1824 1155 1945 1182 mandata
1965 1157 2115 1194 legatosque
2140 1161 2269 1190 Misiss‘ent.

1205 1187 1350 1222 Negligere
1363 1188 1474 1215 alicuius
1496 1189 1577 1216 Ouid.
1591 1189 1669 1224 Epist.
1685 1192 1728 1224 16,
1748 1198 1803 1222 303.
1877 1192 2004 1226 Peragere
2031 1194 2068 1221 Id.
2082 1196 2146 1222 Met.
2160 1203 2194 1231 7,
2214 1206 2270 1231 502.

1204 1223 1326 1249 Perferre
1339 1223 1370 1249 ad
1385 1224 1502 1258 aliquem
1535 1224 1573 1251 Id.
1587 1234 1619 1251 ex
1635 1226 1709 1251 Pont.
1725 1234 1756 1258 2,
1775 1234 1806 1259 2,
1822 1234 1871 1255 ης.
1945 1229 2052 1256 Referte
2074 1231 2193 1259 mandata
2213 1243 2271 1261 mea

1203 1259 1261 1293 regi
1286 1259 1362 1294 Virg.
1376 1260 1440 1286 Aen.
1453 1268 1481 1294 7,
1495 1263 1554 1295 267.
1628 1261 1731 1296 Suscipe
1743 1263 1844 1288 causam
1857 1263 1973 1290 mandati
1986 1267 2039 1292 mei
2065 1267 2146 1293 Ouid.
2154 1277 2186 1295 ex
2195 1270 2269 1298 Pont.

1374 1295 1485 1322 Tenere
1499 1296 1627 1323 constanti
1643 1303 1730 1324 mente
1757 1298 1843 1325 Catul.
1856 1300 1956 1334 Argon.
1971 1304 2020 1334 62,
2040 1310 2099 1336 209.
2158 1304 2270 1332 Tenere

1202 1331 1318 1357 memori
1331 1339 1419 1358 mente
1440 1333 1544 1358 Lucret.
1558 1341 1583 1365 2,
1598 1338 1651 1365 582.
1725 1334 1779 1361 Cic.
1794 1335 1871 1361 Verr.
1887 1347 1900 1368 4
1920 1337 1976 1372 (2)
1997 1345 2036 1370 ¹33
2057 1347 2077 1364 c.
2088 1341 2123 1372 64
2151 1340 2269 1368 Veniunt

1202 1376 1262 1393 cum
1276 1367 1421 1400 mandatis,
1448 1368 1558 1394 veniunt
1571 1378 1630 1394 cum
1645 1369 1804 1396 testimoniis
1819 1370 1940 1405 publicis.

1237 1409 1263 1429 Μ
1277 1409 1297 1429 A
1310 1411 1329 1430 N
1339 1410 1358 1429 D
1369 1405 1390 1430 A
1402 1409 1424 1429 Τ
1435 1411 1455 1429 ν
1465 1410 1478 1430 s
1490 1424 1497 1436 ‚
1526 1402 1565 1430 ὓς.
1599 1413 1634 1431 tn.
1680 1408 1746 1440 apud
1764 1407 1967 1434 Iurisconsultus
1986 1409 2095 1443 legitur,
2119 1411 2269 1447 praesertim

1200 1439 1280 1464 titulo
1302 1439 1427 1465 Mandati.
1457 1439 1526 1466 l'aul.
1547 1440 1674 1467 Mandatu
1692 1451 1753 1469 mco
1773 1443 1801 1468 in
1813 1442 1884 1469 diem
1906 1443 2071 1472 fideiufforis.
2127 1448 2223 1483 Caius,
2243 1450 2270 1477 Si

1736 1478 1829 1505 Iulian.
1851 1478 1976 1506 Mandatu
1996 1481 2170 1510 creditorum.
2229 1487 2270 1511 Sic

1194 1509 1305 1545 jaspim,
1359 1512 1428 1536 [dem
1442 1512 1619 1538 vo.-.:l1ulnn1in
1626 1513 1770 1548 quibusdam
1782 1515 1855 1540 libris
1864 1516 1959 1550 legitur
1972 1520 2039 1551 apud
2052 1518 2108 1544 Cic.
2125 1528 2175 1554 pro
2193 1520 2268 1549 Caec.

1201 1554 1222 1571 c.
1238 1553 1264 1579 7.
1297 1554 1320 1571 et
1333 1547 1402 1573 Suet.
1418 1547 1490 1574 Caes.
1511 1556 1531 1575 c.
1545 1555 1572 1582 7.

1235 1588 1259 1607 M
1270 1589 1291 1607 A
1303 1589 1324 1607 N
1337 1584 1412 1609 DAT
1421 1589 1440 1609 o
1449 1590 1467 1609 R
1477 1604 1485 1615 ‚
1507 1583 1571 1612 aris.
1601 1593 1636 1611 m.
1674 1585 1818 1621 [mande]
1855 1587 1912 1623 Qi
1923 1590 2063 1615 mandatust.
2108 1590 2164 1617 Nec
2179 1593 2268 1620 missus

1198 1617 1336 1650 credetur,
1357 1628 1436 1653 quem
1449 1628 1583 1654 nunquam
1599 1621 1738 1647 mandator
1751 1621 1912 1656 designauit,
1938 1632 2136 1658 nuncupaturus
2155 1634 2229 1661 pater
2242 1634 2268 1655 et

1200 1689 1205 1692 ι
1276 1689 1279 1693 .
1801 1678 1805 1682 .
1819 1657 1878 1684 adu.
1888 1659 1971 1684 Marc.
1985 1669 2007 1692 3,
2022 1668 2045 1686 2.
2120 1662 2268 1697 Tranquil.

1198 1697 1227 1714 m
1242 1689 1313 1716 Tito
1328 1691 1404 1725 Vesp.
1425 1699 1445 1717 c.
1461 1695 1475 1720 8
1504 1691 1576 1717 Inter
1588 1691 1695 1718 aduersa
1710 1698 1862 1727 temporum
1880 1699 1907 1720 et
1920 1693 2067 1728 delatores,
2089 1697 2268 1726 mandatores,

1197 1734 1249 1759 que
1261 1732 1343 1752 erant.
1404 1726 1510 1752 Turneb.
1522 1727 1692 1753 Mandatores
1701 1748 1710 1760 ,
1731 1730 1775 1762 qui
1789 1729 1938 1764 accusatores
1944 1729 2118 1765 subornabant
2131 1742 2153 1758 ct
2161 1734 2266 1769 instrue.

1198 1762 1272 1793 bant,
1307 1769 1330 1787 et
1350 1761 1378 1787 in
1405 1762 1509 1787 exilium
1530 1763 1635 1788 hmm'nes
1655 1765 1700 1788 hac
1725 1764 1822 1789 ratione
1846 1765 1970 1790 calumnia
1996 1767 2114 1802 opprqffits
2135 1769 2267 1803 pellebant,

1199 1797 1302 1823 Paullus
1317 1797 1343 1823 in
1358 1798 1375 1824 l.
1398 1798 1429 1824 Et
1443 1797 1461 1823 si
1474 1803 1568 1825 certus.
1589 1798 1620 1826 D.
1634 1798 1666 1824 ad
1681 1799 1810 1827 Senatusc.
1825 1800 2020 1834 Syllanianum‚
2045 1803 2077 1829 Et
2096 1803 2113 1829 si
2135 1812 2221 1832 certus
2237 1807 2267 1834 sit

915 1827 954 1854 Id.
969 1828 1051 1855 Tusc.
1067 1838 1093 1861 1,
1115 1831 1130 1856 6
1148 1838 1182 1864 43
1198 1834 1346 1868 perculsos,
1367 1840 1455 1860 tamen
1468 1833 1589 1861 habenda
1601 1834 1636 1860 est
1649 1835 1784 1870 quaestio,
1806 1843 1832 1862 vt
1847 1836 1941 1863 Caedis
1952 1837 2092 1865 mandator
2105 1840 2267 1870 inueniatur.

1198 1869 1339 1897 Callistrat.
1354 1869 1381 1895 in
1396 1870 1414 1896 l.
1435 1870 1473 1895 Ex
1486 1869 1655 1904 quibusdam.
1676 1869 1806 1907 §.Diuus
1828 1872 1897 1899 Pius.
1921 1873 1952 1900 D.
1966 1873 1998 1900 de
2012 1875 2072 1901 Iure
2085 1875 2154 1909 fisci,
2180 1877 2266 1906 Diuus

1197 1904 1258 1931 Pius
1273 1906 1392 1932 Caecilio
1405 1906 1525 1932 Maximo
1540 1906 1684 1941 rescripsit:
1721 1907 1936 1935 constitutionem
1959 1910 2032 1936 »atris
2046 1911 2101 1944 sui,
2123 1921 2173 1947 qua
2195 1923 2266 1942 com-

1197 1941 1341 1975 pelleretur
1355 1941 1466 1968 Delator
1485 1941 1563 1968 edere
1582 1942 1780 1979 mandatorem,
1801 1952 1829 1972 ac
1843 1944 1889 1971 nisi
1904 1920 2038 1978 edidisset,
2066 1953 2093 1973 vt
2112 1948 2140 1974 in
2160 1949 2266 1978 vincula

1196 1976 1391 2004 deduceretur:
1429 1987 1462 2004 eo
1481 1976 1633 2012 pertinere,
1664 1988 1719 2004 non
1738 1986 1767 2004 vt
1787 1979 1891 2005 delator
1908 1989 1992 2013 poena
2015 1981 2220 2018 subduceretur,
2246 1987 2264 2013 si

1554 2012 1597 2037 sed
1612 2019 1640 2038 vt
1653 2013 1793 2038 mandator
1812 2022 1920 2047 quoque
1934 2015 2043 2048 perinde
2053 2037 2061 2049 ,
2086 2024 2164 2052 atque
2179 2019 2196 2045 si
2210 2022 2264 2056 ipse

1195 2045 1341 2076 detulisset,
1368 2046 1518 2078 puniretur.
1591 2046 1734 2072 Mandator
1755 2048 1950 2075 Iurisconsultis
1968 2051 2079 2086 dicitur,
2111 2055 2167 2089 ,Qi
2185 2057 2263 2083 alicui

1194 2079 1280 2103 11:11‘702-
1298 2079 1340 2113 est,
1358 2087 1388 2104 vt
1400 2079 1473 2114 suam
1489 2080 1621 2115 pecuniam
1639 2083 1717 2107 alteri
1739 2086 1846 2108 credat.-
1882 2085 1926 2119 qui
1948 2093 1972 2111 et
1998 2087 2135 2122 fideiufflir
2157 2092 2253 2118 [luitur

1196 2114 1307 2147 Tametsi
1315 2116 1358 2140 hoc
1367 2116 1509 2149 plerumque
1521 2116 1663 2151 differant,
1688 2120 1753 2152 quod
1764 2118 1828 2144 illud
1837 2119 1899 2153 fere
1912 2121 1940 2146 1⁸7³
1953 2131 1978 2147 eo
1991 2118 2106 2156 ponitui',
2132 2128 2176 2159 qui
2182 2114 2261 2164 suasu¹

1877 2156 1921 2181 boc
1936 2165 1995 2181 vero
2008 2157 2036 2182 in
2048 2168 2083 2191 ec,
2103 2162 2147 2193 qui
2160 2165 2198 2188 ad
2209 2174 2260 2189 cre-

1392 2222 1397 2226 ¹
1504 2221 1508 2226 Ι
1880 2191 1948 2216 clauo
1963 2193 2133 2229 confirmauit,
2159 2199 2201 2223 vti
2223 2200 2260 2224 in.

1192 2220 1317 2254 telligitur
1329 2231 1359 2246 ex
1379 2228 1419 2247 tit.
1434 2221 1466 2247 de
1481 2220 1602 2247 Fideiuff.
1616 2228 1642 2248 et
1657 2223 1771 2249 mandat.
1785 2223 1831 2250 lib.
1840 2227 1885 2257 46.
1908 2225 2029 2254 pandect.
2043 2228 2188 2260 Hotoman.

1230 2262 1255 2281 M
1266 2262 1289 2295 A
1300 2263 1322 2282 N
1331 2262 1350 2282 D
1360 2262 1382 2282 A
1394 2262 1415 2282 Τ
1424 2263 1443 2282 0
1452 2263 1471 2282 R
1481 2263 1490 2281 1
1499 2262 1520 2281 V
1530 2262 1559 2289 S,
1580 2265 1605 2289 a,
1626 2265 1680 2284 um.
1701 2258 1761 2285 Adi.
1782 2259 1895 2294 lCti,vt,
1904 2261 1946 2288 vel
1954 2261 2119 2292 fideiutsorio
2126 2267 2178 2294 flue
2189 2278 2260 2297 man-

1192 2289 1316 2324 datorio,
1336 2292 1378 2318 vel
1392 2301 1552 2326 quocunque
1564 2291 1620 2319 alio
1633 2294 1744 2321 nomine
1755 2295 1773 2321 l.
1787 2304 1815 2327 ¹9
1827 2297 1857 2322 C.
1873 2295 1905 2323 de
1917 2296 2025 2325 fficiuff.
2040 2306 2066 2326 et
2077 2303 2216 2332 mandator

1227 2333 1454 2354 MANDATIO
1467 2347 1475 2359 ‚
1496 2328 1565 2354 onis.
1593 2328 1614 2355 f.
1651 2331 1718 2355 Idem
1736 2333 1802 2365 quod
1820 2332 1969 2360 Mandatus.
2006 2335 2101 2363 Iulian.
2121 2339 2138 2365 l.
2156 2347 2197 2375 37.
2217 2327 2259 2377 'pn

1860 2377 1908 2394 nec
1921 2369 2099 2399 mandatione.

1226 2405 1250 2424 M
1261 2406 1283 2426 A
1292 2406 1313 2424 N
1324 2405 1342 2425 D
1351 2402 1373 2427 A
1383 2406 1404 2426 ‘r
1415 2406 1433 2426 R
1444 2407 1453 2425 ι
1462 2407 1481 2426 x
1489 2420 1498 2432 ‚
1518 2400 1574 2427 icis.
1594 2400 1613 2427 f.
1651 2411 1667 2428 a
1681 2403 1831 2430 Mandator.
1869 2404 2022 2434 Mandatrix
2034 2416 2148 2443 operum
2163 2413 2247 2440 Claud

1190 2434 1269 2462 Cons.
1285 2435 1357 2462 Hon.
1371 2445 1406 2469 4,
1426 2444 1480 2468 233.
2250 2435 2257 2441 ⁸

1225 2477 1281 2497 MA
1292 2477 1315 2496 N
1328 2478 1542 2498 DATARIVS
1555 2492 1564 2506 ,
1590 2472 1610 2499 i.
1637 2482 1673 2500 m.
1722 2474 1779 2501 ICt.
1804 2475 1839 2511 est
1856 2476 1912 2513 ‚Qi
1935 2480 2082 2506 mandatum
2096 2480 2203 2518 suscipit
2222 2487 2260 2511 ad

1189 2506 1350 2542 implendum.

1225 2549 1250 2568 M
1259 2549 1281 2568 A
1293 2550 1314 2568 N
1327 2550 1346 2569 D
1359 2550 1380 2570 A
1391 2550 1412 2569 Τ
1422 2551 1431 2569 1
1442 2551 1463 2569 v
1472 2551 1493 2569 v
1502 2551 1515 2571 s
1524 2565 1532 2577 ‚
1552 2553 1566 2571 a
1575 2564 1583 2578 ‚
1603 2554 1658 2574 um.
1696 2545 1808 2582 Videte,
1828 2547 2019 2583 imperatiuum
2033 2550 2084 2578 est:

1188 2578 1370 2606 mandatiuum
1386 2580 1488 2607 Fronto
1502 2581 1620 2608 Gramm.
1632 2591 1657 2616 p.
1668 2590 1726 2615 1331.

1188 2616 1255 2640 verb.
1268 2622 1292 2649 p.
1301 2625 1358 2647 477.

1228 2657 1252 2676 M
1264 2657 1286 2677 A
1298 2657 1320 2676 N
1330 2657 1348 2677 D
1357 2657 1392 2684 0,
1413 2653 1466 2678 ere.
1502 2653 1666 2687 [μαψ-«ἅψαι,
1679 2655 1767 2690 dacin]
1792 2657 1916 2682 Dentibus
1928 2657 2006 2683 cibum
2020 2660 2143 2691 confitere.
2179 2662 2255 2689 Man-

1188 2685 1243 2726 dit,
1261 2688 1379 2727 μοίσσᾱῗαι
1394 2689 1452 2714 Vet.
1467 2688 1547 2715 Glofs.
1618 2690 1733 2716 Martial.
1749 2700 1789 2724 13,
1802 2694 1833 2722 65
1857 2693 1886 2718 de
1896 2693 2012 2727 perdice,
2039 2689 2152 2723 Ponitur
2173 2699 2254 2726 Auso.

1188 2731 1240 2762 nus
1254 2731 1310 2748 auis
1325 2722 1386 2749 haec
1399 2724 1541 2757 rarissima,
1558 2725 1652 2752 mensis
1660 2726 1740 2759 >Hanc
1752 2727 1781 2753 in
1793 2727 1929 2755 lautorum
1943 2729 2068 2756 mandere
2087 2732 2160 2766 saepe
2179 2734 2251 2761 soles.

1188 2759 1245 2784 Cic.
1263 2759 1295 2784 de
1309 2759 1371 2786 Nat.
1390 2760 1471 2786 Deor.
1488 2768 1513 2793 2,
1527 2769 1571 2787 122
1597 2761 1654 2787 Alia
1670 2763 1781 2797 sugunt,
1798 2764 1848 2791 alia
1862 2772 1986 2799 carpunt,
2005 2767 2056 2792 alia
2070 2775 2182 2800 vorant.
2201 2771 2252 2797 alia

1186 2794 1323 2821 mandunt.
1378 2795 1528 2822 Lentiffime
1541 2796 1679 2830 mandere,
1698 2799 1752 2824 vid.
1769 2806 1785 2824 L
1795 2805 1812 2825 E
1824 2807 1846 2825 N
1859 2807 1880 2826 Τ
1890 2808 1910 2826 ν
1919 2807 1942 2827 s.
2000 2804 2079 2828 Artus
2092 2803 2150 2830 suos
2164 2806 2251 2833 Senec.

1187 2830 1299 2863 Thyest.
1313 2832 1360 2861 s.8.
1434 2832 1547 2859 Ferrum
1561 2832 1686 2860 admorsu
1712 2834 1757 2860 Sil.
1771 2837 1815 2867 16,
1828 2844 1881 2868 359.
1919 2837 1937 2863 i.
1962 2838 2081 2872 Lupatm‘,
2103 2842 2133 2865 de
2145 2850 2203 2875 equa·
2218 2845 2251 2867 bo-

1185 2868 1280 2901 quitur.
1339 2867 1393 2894 Stat
1414 2869 1535 2902 sonipes,
1560 2878 1589 2895 ac
1608 2869 1698 2895 fraena
1712 2869 1790 2897 ferox
1804 2871 1949 2905 spumantia
1963 2873 2065 2899 mandit
2097 2875 2171 2911 Virg.
2186 2879 2250 2904 Aen.

1345 2904 1463 2930 Vulnera
1477 2905 1554 2930 saeuo
1569 2904 1646 2931 dente
1671 2905 1754 2932 Ouid.
1769 2907 1833 2933 Met.
1848 2916 1884 2940 ις,
1896 2917 1937 2941 92.
1994 2909 2103 2942 Mandi,
2121 2911 2247 2946 passuum.

1185 2939 1241 2965 Cic.
1256 2938 1287 2965 de
1301 2939 1362 2966 Nat.
1378 2940 1458 2966 Deor.
1474 2949 1553 2972 2,134
1568 2949 1588 2966 c.
1601 2948 1633 2973 54
1660 2940 1791 2967 Dentibus
1804 2949 1892 2969 autem
1907 2944 1934 2970 in
1948 2953 1995 2971 ore
2010 2941 2165 2973 constmcffi‘s
2178 2957 2248 2974 inan-

1185 2973 1273 3008 ditur,
1297 2981 1376 3010 atque
1397 2976 1429 3002 ab
1449 2976 1490 3002 his
1508 2983 1681 3009 extenuatur,
1706 2983 1731 3003 et
1751 2978 1863 3005 molitur
1881 2980 1964 3007 cibus.
2046 2981 2137 3008 Morsu
2163 2984 2247 3009 leonis

1184 3010 1289 3037 Lucret.
1309 3021 1342 3044 4,
1369 3021 1427 3038 1011.
1503 3012 1602 3038 Cibum
1628 3012 1778 3040 mandendo
1802 3015 1975 3049 exprimimus
2005 3017 2108 3043 Lucret.
2127 3026 2161 3050 4,
2186 3021 2245 3045 622,

1184 3046 1324 3080 Mandier,
1342 3047 1496 3082 proMandi.
1552 3048 1650 3074 Matius
1664 3049 1741 3075 Poeta
1754 3050 1822 3084 apud
1840 3052 1914 3078 Varr.
1924 3052 1955 3078 de
1970 3053 1998 3078 L.
2010 3053 2038 3077 1..
2053 3054 2078 3084 6,
2092 3060 2105 3083 ς
2124 3055 2246 3088 (orpora

1184 3081 1330 3108 Graiorum
1344 3083 1485 3109 moerebar
1497 3083 1616 3110 mandier
1630 3085 1696 3119 igni.
1771 3086 1926 3113 Mandentes
1946 3088 2011 3113 Plin.
2025 3096 2052 3119 9,
2065 3095 2106 3119 45.

1197 3153 1202 3157 Ι
1221 3124 1277 3144 MA
1287 3124 1330 3144 NS
1341 3116 1410 3144 i‘To
1420 3139 1428 3151 ,
1449 3123 1502 3145 are.
1540 3120 1681 3155 Frequent.
1718 3121 1800 3148 Plaut.
1816 3122 1931 3156 Amphit.
1944 3133 1977 3155 4,
1991 3131 2012 3155 3,
2026 3131 2044 3154 4
2071 3123 2187 3150 Mutatos
2201 3125 2245 3151 At-

1183 3159 1249 3180 ticos
1263 3154 1291 3179 in
1307 3154 1416 3180 Arcadia
1431 3154 1570 3186 hominen
1589 3163 1615 3182 et
1629 3157 1715 3183 saeuas
1729 3157 1827 3184 belluas
1840 3157 1993 3192 mansitasse,
2015 3165 2059 3183 etc.
2115 3159 2244 3194 Manfim,

1450 3191 1504 3217 vid.
1518 3199 1543 3218 M
1552 3199 1575 3219 A
1585 3198 1607 3218 N
1619 3199 1635 3219 E
1645 3200 1672 3220 O.

1224 3231 1370 3252 MANDO
1385 3246 1393 3258 ,
1418 3226 1486 3254 ὃηίς.
1521 3237 1556 3254 m.
1599 3229 1696 3262 [Φάγος
1704 3229 1723 3263 ]”
1766 3229 1844 3255 Edax.
1888 3226 2022 3259 Lucilius,
2047 3228 2132 3262 Atque
2151 3238 2242 3258 omnes

1183 3261 1346 3287 mandonum
1365 3262 1450 3296 gulae.
1518 3264 1594 3290 Varr.
1614 3264 1753 3299 Binum-go,
1779 3265 1873 3298 Magna
1893 3269 1920 3290 vt
1940 3264 2070 3290 tremiscat
2091 3265 2190 3300 Roma,
2216 3273 2242 3294 et

1183 3305 1292 3331 magnae
1307 3297 1468 3325 inandonum
1484 3300 1559 3333 gulae
1586 3300 1659 3326 Non.
1672 3308 1691 3332 1,
1704 3305 1740 3332 58.

1218 3339 1243 3359 M
1253 3339 1274 3359 A
1287 3339 1309 3359 Ν
1320 3339 1338 3360 D
1349 3334 1395 3360 VC
1407 3340 1442 3367 O,
1468 3339 1522 3361 Ere.
1562 3335 1728 3370 [μασσῶμαι]
1771 3337 1836 3361 Idem
1849 3336 1912 3368 quod
1924 3334 2064 3367 Mando-e,
2091 3344 2115 3361 ει
2139 3347 2179 3363 ore
2198 3340 2242 3364 vel

1490 3372 1567 3406 Piper
1581 3371 1738 3397 manducare
1757 3369 1876 3396 Scribon.
1893 3378 1942 3402 ¹03·
2013 3370 2083 3397 Suet.
2096 3372 2123 3398 in
2134 3373 2238 3408 August.

1782 2584 1855 2618 anf.
1869 2586 1948 2621 sang.
1963 2553 2256 2621 offphnazvfsse‘ri'ffiz

1791 3440 1874 3467 Radix
1888 3440 2040 3468 manducata
2054 3442 2174 3471 Scribon.
2187 3450 2239 3478 198.

1599 3594 1652 3611 um.
1691 3583 1781 3611 Partic.
1819 3585 1897 3610 Varr.
1910 3584 1941 3610 R.
1955 3584 1986 3611 R.
2002 3593 2034 3617 2,
2047 3592 2064 3619 7
2094 3586 2181 3612 Pullos
2194 3596 2236 3613 co-

1216 3586 1529 3616 MANDVCA'Tvs,
1549 3594 1579 3618 a,

57 3611 146 3637 tiosius
159 3611 280 3646 gestisset,
307 3611 347 3637 sui
359 3610 476 3645 quaestus
495 3620 538 3640 aut
555 3617 689 3643 commodi
703 3617 792 3649 causa,
817 3626 911 3643 verum
932 3619 1011 3644 etiam
1033 3618 1114 3652 negli-
1129 3630 1160 3656 93
1179 3619 1314 3646 lumbinos
1329 3620 1485 3647 manducato
1498 3620 1609 3648 candido
1623 3618 1736 3646 sarciunt
1749 3627 1831 3654 pane,
1858 3620 1875 3646 i.
1896 3620 1977 3655 manso
1996 3621 2108 3646 dentibus
2123 3623 2233 3656 sidrudis.

59 3647 177 3686 gentius,
197 3656 258 3673 eum
271 3647 386 3673 maiores
406 3647 536 3687 sinn-mum
548 3650 669 3679 admisisse
684 3652 795 3679 dedecus
808 3653 1003 3680 existimabant:
1025 3653 1114 3688 itaque

15 3712 19 3722 l
59 3682 395 3722 mandaticoustitutumest
410 3682 556 3716 iudicium,
583 3690 636 3713 non
650 3689 737 3714 minus
759 3695 835 3723 turpe
855 3698 934 3723 quam
953 3688 1036 3721 furti,
1067 3697 1112 3717 ete.

61 3718 140 3756 Arma
153 3717 271 3744 mandata
284 3718 424 3753 nepotibus
445 3718 490 3759 Sil.
504 3728 530 3752 ι,
550 3724 581 3749 18-
650 3723 737 3751 Castra
756 3723 875 3751 mandata
894 3725 1019 3759 prosequi
1051 3725 1113 3752 Stat.

59 3752 122 3778 Silu.
135 3760 163 3787 3,
177 3761 207 3785 2,
221 3761 268 3780 ιιι.
326 3754 408 3780 Causa
429 3754 511 3781 Ouid.
532 3755 596 3781 Met·
610 3762 642 3789 7,
661 3767 715 3791 505.
787 3760 844 3787 Cic.
862 3770 911 3795 pro
930 3761 999 3794 Lege
1018 3760 1113 3788 Manil.

59 3796 81 3814 c.
98 3789 124 3827 ¹¹6
152 3789 206 3823 Ego
220 3788 251 3814 sic
264 3789 401 3822 existimo,
422 3790 557 3824 Maximo,
578 3791 718 3826 Marcello,
738 3796 871 3830 Scipioni,
894 3797 996 3829 Mario,
1018 3803 1044 3823 et
1057 3806 1112 3824 cae·
1121 3809 1168 3827 100

59 3830 123 3849 teris
135 3824 234 3858 magnis
248 3825 473 3860 imperatoribus,
500 3836 554 3853 non
572 3826 654 3852 solum
675 3836 781 3863 propter
799 3832 942 3865 virtutem,
971 3832 1014 3858 sed
1032 3833 1112 3859 etiam

58 3865 168 3898 propter
193 3859 349 3894 fortunam,
374 3862 474 3897 saepius
500 3863 612 3897 imperia
638 3863 777 3898 mandata,
806 3873 885 3902 atque
909 3869 1038 3895 exercitus
1063 3869 1113 3895 esse

58 3895 216 3921 commissos.

94 3937 117 3956 M
130 3931 353 3965 ANDATVM‚
374 3932 392 3959 i.
419 3942 445 3959 n.
482 3931 617 3968 [ἕνῗαλμα,
639 3932 727 3966 hiemi,
747 3935 855 3972 ἕῧετμῆ]

1215 3662 1239 3681 M
1249 3663 1271 3682 A
1281 3663 1302 3682 N
1312 3662 1330 3682 ι)
1339 3663 1360 3681 ν
1369 3662 1385 3682 c
1395 3663 1417 3683 A
1426 3663 1448 3683 N
1457 3663 1469 3683 s
1477 3677 1485 3689 ‚
1502 3657 1577 3683 antis.
1614 3655 1706 3682 Partic.
1743 3656 1821 3690 Vulg.
1834 3655 1928 3682 Matth.
1943 3665 1974 3689 u,
1990 3665 2024 3689 ¹9-
2062 3657 2139 3683 Rom.
2155 3665 2182 3689 14
2190 3678 2198 3690 ,
2212 3667 2231 3689 3·

1217 3698 1241 3717 M
1254 3699 1275 3718 A
1285 3699 1306 3717 N
1317 3698 1335 3717 D
1345 3698 1365 3717 v
1374 3698 1390 3718 c
1400 3698 1419 3718 ο
1429 3699 1447 3718 R
1457 3713 1465 3725 ‚
1487 3692 1535 3718 ari.
1572 3692 1698 3724 Deponens
1709 3693 1778 3727 apud
1788 3692 1910 3726 antiquos.
1968 3692 2053 3718 Lucil.
2067 3701 2095 3724 ¹4
2103 3713 2111 3724 ,
2130 3700 2160 3718 vt
2171 3693 2231 3718 citat

1180 3727 1251 3754 Non.
1266 3735 1303 3761 17,
1317 3734 1351 3761 79
1386 3728 1477 3760 Quun
1490 3725 1555 3753 illud
1570 3725 1633 3760 quid
1645 3726 1723 3753 faciat
1737 3726 1809 3762 quod
1824 3727 2013 3754 manducamur
2026 3729 2053 3754 in
2068 3736 2124 3754 ore.

1215 3769 1240 3788 M
1252 3771 1274 3790 A
1284 3770 1305 3789 N
1314 3769 1332 3789 D
1340 3770 1359 3788 v
1369 3769 1386 3790 c
1395 3771 1416 3789 A
1427 3770 1448 3789 'r
1458 3770 1467 3788 1
1477 3769 1495 3788 ο
1503 3782 1511 3794 ,
1531 3762 1598 3788 ouis.
1615 3762 1642 3788 *f.
1685 3763 1798 3790 Hieron.

1216 3805 1273 3825 MA
1285 3805 1305 3825 N
1317 3801 1421 3826 Duco
1435 3819 1443 3830 ‚
1470 3798 1544 3830 onis,
1568 3797 1624 3830 fiue
1643 3805 1701 3825 MA
1714 3800 1889 3831 Νῡῦονς,
1913 3798 1932 3825 i.
1965 3807 2000 3825 m.
2046 3797 2227 3832 [ἂεδηφάγας]

1179 3835 1259 3862 Edax.
1273 3832 1574 3870 Pompon.Pi6toribus,
1594 3834 1706 3869 Magnus
1719 3835 1847 3861 Camillus
1859 3834 2000 3860 manducus
2015 3833 2148 3860 canterius.
2173 3831 2227 3856 Via.

1178 3869 1249 3898 Non.
1265 3879 1285 3904 1,
1301 3877 1337 3903 58.
1375 3869 1450 3902 Apul.
1464 3868 1550 3896 Miles.
1563 3872 1588 3896 6.
1600 3870 1703 3905 subfin.
1740 3871 1778 3896 De
1793 3869 1842 3896 isto
1861 3869 1947 3904 asino,
1976 3868 2150 3902 semperpigro
2170 3866 2227 3899 qui-

1177 3904 1235 3932 dem
1250 3906 1291 3933 sed
1305 3904 1468 3931 manducone
1483 3905 1593 3932 summo.

893 3939 1015 3975 Substant.
1035 3937 1114 3964 intell.
1147 3948 1158 3959 ·
1177 3942 1359 3976 antiquorum,
1380 3940 1449 3966 inter
1463 3946 1573 3967 caeteras
1587 3940 1712 3968 ridiculas
1724 3940 1962 3976 formidolosasque
1973 3940 2011 3964 irc
2025 3936 2120 3962 solebat
2133 3937 2225 3971 imagi-

1751 3903 1772 3943 Ἴ
1793 3914 1809 3931 2
1828 3905 1972 3932 Manducus
1987 3903 2081 3936 effigies
2095 3902 2121 3926 in
2131 3910 2226 3936 pompa

58 3967 198 4001 negotium
212 3976 219 3992 t
256 3975 302 3993 non
314 3968 411 4004 ‚semper
428 3970 464 4001 ad
474 3970 627 4005 superiorem
652 3971 669 3996 s.
688 3970 845 4005 imperantem
863 3975 991 4008 refhrcur,
1015 3973 1064 4009 sed
1079 3973 1162 4012 estmg
1176 3986 1237 4011 nes,
1257 3976 1358 4011 magnis
1371 3975 1447 4001 malis
1459 3984 1487 4003 ac
1502 3976 1552 4004 late
1565 3976 1714 4010 dehiscens,
1739 3983 1763 4004 et
1783 3977 1916 4011 ingentem
1930 3972 2048 4001 dentibus
2061 3971 2175 3998 sonitum
2188 3973 2225 3998 fa-

2139 4009 2207 4034 ciens
2218 4018 2223 4033 :

1332 4010 1420 4038 Bb2
