2517 4231
246 240 304 278 19¹
652 218 891 261 MAL

248 316 302 341 vid.
322 317 519 341 ABSTINEO.
593 311 697 338 Addere
718 311 809 344 culpae
830 307 912 335 Ouid.
934 306 997 332 Met.
1012 312 1033 337 5,
1048 305 1106 343 6ῥ6.
1178 301 1305 336 Arripere

248 350 372 377 extriuio
382 367 390 378 ‚
410 349 465 375 vid.
479 354 634 375 ARRIPlO.
671 347 727 373 Cic.
748 355 798 379 pro
811 344 884 371 Cael.
900 346 914 367 (⁷
935 338 1161 380 Qlodobleffium
1170 339 1206 365 est
1219 338 1250 378 de
1260 347 1306 372 pu-

246 386 345 418 dicitia,
366 384 493 419 quodque
515 385 638 410 omnium
657 382 836 408 accusatorum
851 387 905 405 non
920 375 1095 406 criminibus,
1123 375 1166 402 sed
1182 374 1303 407 vombus,

245 420 447 454 1naled1&isque
462 420 631 447 Celebratmn
652 418 702 446 est,
723 416 751 442 id
773 422 908 448 nunquam
929 418 981 437 tam
995 410 1089 438 acerbe
1107 411 1175 438 feret
1189 411 1306 443 Caelius,

246 465 290 483 etc.
364 457 488 489 certare,
515 458 568 482 vul.
595 459 718 481 CERTO.

241 493 371 529 psittacum
379 492 584 522 conuiciabitur,
604 489 695 515 diebus
710 496 738 514 ac
751 485 875 512 noctibus
884 483 1205 519 perstrepensmaledieus
1227 482 1305 517 Apul.

246 529 318 556 Flor.
350 537 372 555 2.
463 527 594 554 Conferre
609 525 699 551 omnia
714 524 741 548 in
754 521 871 554 aliquem
892 520 949 546 Cic.
962 521 1016 547 Att.
1031 529 1062 551 ιι,
1074 527 1097 550 8.
1170 520 1305 553 Congere-

245 574 274 592 re
296 563 427 598 Quinefil.
441 573 464 596 7,
479 573 498 595 3.
571 560 713 587 Coniicere
731 557 761 583 in
781 558 864 584 vitam
885 556 998 583 alicuius
1025 557 1082 583 Cic.
1103 564 1152 590 pro
1167 555 1252 581 Planc.
1273 563 1304 586 30

246 610 267 628 c.
283 609 305 627 12
326 607 392 626 extr.
430 598 560 625 Dicerein
570 597 686 628 aliquem
705 593 793 628 Id.Q
807 593 889 620 Fratr.
897 602 919 625 2,
938 602 959 626 3,
996 610 1005 614 -
1025 610 1035 616 -
1052 610 1060 614 -
1081 593 1180 626 aspere,
1201 590 1307 617 etfero-

246 637 313 663 citer
327 642 352 662 et
366 636 448 662 libere
468 634 506 660 ld.
520 642 569 667 pro
584 631 668 657 Plane.
691 639 712 656 c.
727 639 757 662 ¹3·
793 629 918 664 Effugere
938 628 976 655 Id.
991 637 1041 663 pro
1055 628 1148 654 Flacco
1169 636 1191 659 7.

246 682 296 708 pro
310 673 398 698 Domo
415 680 444 704 94
466 668 617 695 Extinctum
632 668 686 692 iam
699 666 736 692 est
748 666 815 692 illud
835 665 1007 692 maledic-*tum
1028 663 1200 690 crudelitatis.
1274 663 1306 687 fit

246 710 303 735 Cic.
319 708 350 733 de
368 707 428 733 Nat.
444 705 522 731 Deor.
538 712 556 736 ι,
571 712 602 736 94
623 703 696 728 Zeno
709 702 817 736 quidem
832 711 887 728 non
906 710 951 728 eos
965 700 1049 727 solum
1059 720 1067 732 ,
1087 700 1133 734 qui
1149 706 1206 726 tum
1221 702 1305 729 erant,

245 743 449 779 Apollodorum,
471 739 586 771 Syllum,
606 745 777 772 caeterosque
798 737 908 772 Pigebat
928 736 1093 770 malediffls,
1112 736 1154 762 (ed
1171 736 1307 772 Socratem

246 780 347 814 ipsum,
367 782 500 811 parentem
514 773 716 810 philosophiae,
740 774 837 801 Latino
856 773 987 800 vocabulo
1001 779 1088 805 vtcns‚
1108 772 1224 798 scurram
1240 772 1307 796 Am-

245 813 394 842 cum-fuiti'e
409 810 520 838 dicebat.
563 810 691 838 1nse&ari
710 810 844 845 aliquem,
871 812 927 836 vid.
957 814 1152 835 iNSECTOR.

247 850 316 877 notis
325 847 529 874 maledictorum
548 847 604 874 Cic.
619 846 734 881 Philipp.
755 856 787 881 13,
807 856 849 878 40.
922 845 961 872 Id.
979 844 1008 870 in
1022 845 1112 870 Vatin.
1134 853 1146 874 5
1172 843 1264 876 Qium
1278 848 1307 867 tu

242 886 308 912 mihi
324 883 448 910 Cornelii
462 883 641 910 defenfionem
653 883 681 908 in
695 882 844 909 malediffiis
852 880 1042 908 Obiiciendam
1057 880 1175 915 putaris?
1251 876 1307 904 Ob·

242 922 323 948 iicere
339 920 367 946 in
386 918 521 946 maledicti
535 919 578 946 vel
592 918 714 945 criminis
728 918 789 945 loco
806 917 908 951 aliquid
928 916 1009 943 alicui
1024 917 1061 943 Id.
1083 924 1132 950 pro
1147 915 1253 941 cluent.
1268 917 1306 940 62.

241 958 340 984 Ponere
354 954 455 989 aliquid
475 955 613 982 maledieti
627 961 652 981 et
664 954 842 981 contumeliae
855 954 917 979 loco
938 952 976 979 Id.
996 952 1025 977 in
1045 952 1131 979 Pison.
1144 960 1176 984 31.
1220 951 1306 976 Vexa-

240 1002 268 1020 re
283 992 400 1026 aliquem
415 991 523 1026 probris
538 998 563 1018 et
575 990 724 1017 maledictis
744 990 781 1017 Id.
801 998 851 1024 pro
872 989 955 1016 Flacc.
969 994 1007 1020 48.
1156 1022 1161 1026 “
1287 1021 1292 1025 ”

276 1035 303 1056 Μ
313 1035 335 1055 Α
344 1034 361 1054 L
372 1034 389 1054 Ε
398 1034 418 1054 D
430 1034 440 1054 1
453 1033 470 1055 C
483 1034 505 1054 T
517 1034 538 1054 V
548 1033 560 1054 S
570 1050 578 1062 ,
599 1036 622 1062 a,
644 1036 697 1054 um.
719 1027 847 1062 Spartian.
862 1026 891 1052 in
905 1026 973 1052 Geta
992 1034 1014 1051 c.
1030 1033 1041 1057 3
1063 1021 1207 1050 Maledicte
1222 1029 1306 1057 parri-

241 1064 306 1092 cida.
385 1064 442 1090 Vid.
467 1063 573 1100 Salmas.
596 1064 623 1089 in
650 1062 718 1090 Hist.
740 1064 807 1098 Aug.
828 1072 853 1098 p.
877 1064 927 1092 168.
1003 1061 1078 1095 Conf.
1099 1058 1220 1087 Tertull.
1249 1056 1308 1084 adu.

239 1102 321 1128 Marc.
339 1109 361 1133 5,
382 1109 402 1132 3.

277 1143 358 1164 MAL
370 1142 385 1162 E
397 1142 416 1162 D
429 1142 438 1160 1
450 1140 516 1161 οτι
528 1141 564 1170 0,
586 1134 655 1162 onis.
677 1135 697 1161 f.
724 1136 891 1168 [κακολογίας]
919 1133 976 1161 Cic.
992 1141 1042 1168 pro
1062 1131 1135 1159 Cael.
1149 1132 1164 1158 6
1182 1141 1203 1158 c.
1218 1140 1229 1163 3
1249 1131 1305 1156 Ma-

244 1173 357 1200 ledietio
367 1171 436 1198 nihil
445 1171 523 1198 habet
539 1171 669 1206 propositi
677 1176 781 1210 praeter
804 1169 997 1197 contumeliam
1006 1190 1013 1201 ‚
1028 1177 1105 1203 quae,
1119 1167 1305 1202 fipetulantius
1312 1176 1345 1203 23

240 1209 364 1242 iaetatur,
389 1207 557 1234 conuicium:
595 1207 613 1234 li
628 1207 752 1241 facetius,
773 1206 908 1234 vrbanitas
927 1206 1091 1232 nominatur.
1148 1204 1217 1230 Add.
1233 1203 1306 1230 Ter-

240 1246 297 1272 tull.
313 1245 371 1272 adu.
387 1245 468 1270 Marc.
486 1253 508 1277 5,
523 1252 544 1276 3.

274 1288 299 1308 M
309 1289 331 1308 A
341 1287 357 1307 ι,
370 1286 386 1306 Ε
402 1286 420 1306 1)
436 1286 447 1306 1
461 1285 478 1306 c
492 1286 514 1306 T
525 1286 545 1306 O
557 1284 575 1304 R
587 1300 596 1313 ,
616 1278 682 1306 oris.
701 1288 738 1306 m.
757 1278 863 1314 Festus,
880 1276 1072 1305 Maledi&ores
1094 1275 1251 1303 dicebantur
1273 1273 1305 1302 ab

239 1317 367 1352 antiqui5‚
380 1316 427 1350 qui
436 1325 505 1342 nunc
518 1314 654 1341 Maledici.

277 1357 565 1384 MALED1cTo‚
599 1347 1023 1381 velMALED1CTfTo,
1061 1352 1115 1374 are.

238 1390 320 1417 Plaut.
333 1389 417 1416 Trin.
436 1397 453 1420 1,
463 1397 485 1421 2,
493 1390 522 1414 62
542 1387 754 1414 Malediffitatur
767 1385 849 1420 vulgo
864 1385 915 1412 tibi
929 1385 957 1411 in
969 1383 1145 1411 sermonibus.

277 1433 302 1452 M
311 1432 332 1452 A
343 1431 360 1451 L
371 1431 387 1451 E
401 1430 418 1450 F
429 1423 453 1451 A'
461 1430 477 1450 Β
488 1430 504 1450 Ε
514 1430 544 1456 R,
566 1423 622 1456 bra,
643 1421 731 1448 brum.
752 1421 811 1448 Adi.
849 1420 974 1448 Prudent.
984 1420 1134 1455 Hamartig.
1144 1428 1188 1453 714
1207 1419 1305 1447 Suade-

241 1462 274 1488 lis
288 1462 314 1487 se
332 1459 486 1487 malefabris
500 1459 619 1486 nicetam
634 1458 732 1485 suasiss'e
747 1457 817 1484 viro.
836 1459 866 1484 de
881 1459 943 1483 Eua.

274 1505 299 1524 M
309 1504 330 1523 A
340 1503 356 1523 L
368 1503 384 1522 Ε
395 1502 412 1522 F
425 1494 448 1523 A*
457 1503 474 1523 C
487 1503 496 1521 1
509 1501 540 1522 0.
566 1497 682 1530 [madnig.
703 1495 845 1528 κακεξγέω]
876 1494 932 1520 Vid.
952 1492 1023 1519 Male
1037 1490 1118 1523 facio,
1138 1490 1165 1516 in
1180 1497 1235 1517 MA
1245 1497 1262 1516 L
1272 1496 1306 1523 E,

233 1532 316 1569 paullo
329 1540 395 1558 ante.
433 1533 580 1565 Plerumque
592 1531 656 1556 enim
663 1531 801 1565 separatim
810 1529 934 1565 scribunt.

238 1570 335 1602 Neque
355 1574 383 1595 tu
397 1567 488 1594 verbis
508 1575 626 1600 vnquam
647 1566 744 1597 solues,
765 1565 837 1599 quod
857 1564 926 1592 mihi
947 1573 975 1591 re
994 1563 1170 1591 malefeceris.
1249 1562 1307 1589 Cic.

238 1605 311 1631 Fam.
326 1613 356 1638 11,
370 1613 393 1630 21
416 1603 462 1630 Dii
479 1601 521 1628 isti
536 1601 657 1637 Seguleio
666 1601 842 1628 malefaciant.
917 1601 1001 1628 Plaut.
1016 1601 1089 1628 Men.
1101 1609 1125 1633 5,
1138 1608 1161 1633 2,
1183 1605 1228 1629 108
1250 1599 1306 1625 Me-

241 1647 299 1673 tuo,
315 1649 348 1666 ne
362 1639 426 1674 quid
433 1638 570 1665 malefaxit
583 1637 663 1664 mihi.

275 1680 592 1707 MALEFACTVM,
614 1674 632 1701 i.
654 1683 680 1700 n.

237 1711 410 1739 malefa&um
433 1719 516 1745 quum
535 1709 701 1744 perhibetur.

238 1757 310 1783 quum
316 1748 463 1782 significare
476 1747 591 1771 volebant
610 1748 775 1778 λειποψυχίαν,
788 1744 833 1780 seu
854 1746 933 1770 animz
952 1745 1118 1779 deftHionem.
1156 1744 1237 1770 Plaut.
1245 1743 1305 1769 Mil.

237 1793 260 1817 2,
275 1792 297 1814 2,
312 1793 329 1809 ιι
352 1782 490 1816 Postquam
506 1780 550 1807 abs
564 1788 589 1807 te
604 1781 680 1811 abiit,
699 1780 791 1807 animo
805 1780 975 1809 malefaemm
989 1780 1024 1806 est
1038 1779 1100 1806 huic
1125 1786 1236 1815 repente
1256 1778 1307 1805 mi-

237 1820 318 1846 serae.
392 1820 423 1844 Et
440 1817 520 1844 alicui
533 1816 706 1844 Malefacuim
725 1816 854 1850 dicebant,
875 1817 915 1842 cui
927 1818 1029 1851 aliquid
1048 1816 1194 1842 incommodi
1213 1814 1307 1850 euenis-

231 1855 283 1890 set,
301 1862 330 1880 vt
344 1854 415 1881 idem
430 1853 532 1880 ibidem
552 1853 651 1880 Nescio
664 1851 729 1887 quid
747 1852 918 1879 malefactum
931 1852 994 1879 huic
1013 1852 1118 1879 nostrae
1132 1852 1252 1878 familiae
1260 1851 1305 1878 est.

738 1674 843 1700 Lucret.
860 1683 881 1709 3,
894 1675 941 1707 596
967 1672 1050 1706 Qiod
1064 1681 1147 1708 genus
1160 1671 1197 1698 est
1210 1670 1303 1698 animo

238 1893 332 1918 Contra
347 1890 529 1922 Benefaehun,
548 1897 572 1915 et
586 1889 681 1915 melius
696 1888 806 1915 factum.
842 1889 898 1916 Cic.
911 1889 1062 1921 Tusc.1,86
1083 1889 1222 1915 Praeterea
1232 1889 1307 1914 Pom·
1320 1883 1354 1910 45

238 1927 301 1962 peio
315 1926 406 1953 nostro
421 1926 560 1959 familiari,
581 1935 662 1960 quum
677 1925 797 1959 grauiter
809 1930 958 1959 aegrotaret
973 1924 1101 1960 Neapoli,
1116 1924 1214 1950 melius
1225 1923 1262 1949 est
1271 1923 1308 1950 fa-

239 1963 321 1990 ctum.
395 1963 497 1988 Monuit
510 1962 623 1988 Lambin.
660 1963 735 1986 Ham·
756 1963 907 1994 Λειποθυμίαν
920 1961 1018 1986 Medici
1035 1959 1255 1987 Malefae’tionem
1268 1960 1307 1985 (Ιί-

237 2005 303 2024 cum.
346 1998 401 2023 Vid.
417 1999 515 2023 Macer.
528 1997 560 2022 de
575 1996 660 2022 Herb.
674 2005 697 2028 2,
712 2007 737 2028 4,
751 2002 789 2025 28.
862 1997 939 2022 Alias
954 1998 1031 2022 multo
1045 1996 1123 2022 latius
1133 2002 1203 2030 patet
1224 1995 1307 2022 Male-

237 2033 338 2060 saEtum
348 2053 356 2065 ,
384 2040 408 2057 et
426 2032 461 2067 est
470 2033 660 2065 Unumquodque
678 2032 855 2055 Incommodum
875 2031 957 2055 alicui
974 2030 1081 2063 illatum,
1101 2039 1131 2056 vt
1144 2031 1202 2057 Cic.
1217 2031 1270 2057 Off.
1284 2040 1307 2064 2,

237 2072 263 2096 61
280 2078 302 2096 c.
319 2075 342 2098 18
363 2067 506 2094 Benefacta
518 2065 689 2098 malelocata,
712 2064 854 2090 malefacta
869 2063 1000 2095 arbitror,
1013 2074 1043 2088 ex
1053 2065 1147 2089 Ennio.

274 2112 298 2131 M
313 2111 335 2131 A
347 2111 363 2130 L
374 2110 391 2130 E
402 2110 418 2130 F
430 2110 453 2131 A
463 2109 479 2131 C
489 2110 511 2129 T
523 2109 542 2130 0
555 2108 574 2128 R
587 2122 595 2135 ‚
613 2102 679 2128 oris.
698 2110 732 2128 m.
755 2100 837 2126 Plaut.
853 2098 946 2126 Bacch.
959 2108 987 2134 3,
1008 2108 1036 2131 2,
1053 2108 1072 2125 ιι
1099 2097 1306 2125 ΜειΙείειέἲοῑειιι

240 2140 328 2168 amitti
342 2140 431 2173 satius,
446 2148 525 2174 quam
539 2138 658 2172 relinqui
678 2136 836 2164 beneficum.
927 2138 929 2141 '

272 2185 297 2204 M
310 2183 331 2203 Α
345 2183 361 2202 L
373 2182 392 2202 Ε
403 2182 419 2201 F
431 2182 452 2202 A
464 2181 480 2201 C
491 2181 512 2200 T
522 2183 530 2199 1
541 2180 561 2200 0
571 2194 580 2206 ,
607 2174 677 2200 onis.
705 2173 724 2199 f.
758 2173 938 2206 [Λειποθυμία]
966 2172 1007 2197 Ita
1025 2180 1042 2197 a
1059 2169 1160 2197 medicis
1178 2168 1307 2206 appellari,

235 2215 303 2239 docet
317 2213 415 2238 Macer.
429 2210 461 2236 de
470 2208 570 2236 Herbis
592 2218 613 2241 2,
628 2220 650 2241 4,
665 2213 702 2238 28·

274 2255 298 2274 M
308 2255 329 2275 A
344 2255 359 2274 L
373 2253 390 2273 E
406 2252 422 2272 F
434 2245 474 2272 1⁰C
485 2252 504 2271 V
515 2252 528 2272 s
540 2268 549 2280 ,
568 2253 592 2277 a,
612 2253 666 2270 um.
688 2242 747 2270 Adi.
769 2242 916 2275 [κακέςγος,
943 2246 1098 2274 κακότεχνος,
1111 2246 1247 2273 κακοποιὸς,
1263 2254 1305 2268 uoc-
1322 2242 1351 2268 55

239 2284 402 2317 κοπςάγμων]
421 2282 476 2319 Qi
494 2283 611 2306 duranum
632 2279 726 2313 infert,
746 2278 790 2312 qui
808 2284 876 2302 nocet
895 2276 981 2302 alteri.
1055 2277 1111 2305 Cic.
1133 2280 1212 2304 Verr.
1229 2288 1250 2311 5,
1266 2287 1305 2311 144

236 2331 258 2348 ς,
276 2330 303 2351 55
324 2321 353 2345 In
367 2324 540 2344 externorum
554 2315 696 2342 hominum
716 2320 742 2340 et
755 2312 949 2344 maleficorum,
964 2311 1206 2347 sceleratorumque
1220 2313 1303 2339 custo-

240 2356 311 2389 dias,
331 2355 360 2381 in
374 2353 551 2389 praedonum,
564 2351 735 2385 hostiumque
750 2355 778 2376 tu
790 2354 892 2375 tantum
905 2356 1049 2374 numerum
1062 2348 1163 2375 ciuium
1171 2350 1306 2376 Romano.

235 2401 297 2420 rum
312 2390 449 2417 includere
462 2389 536 2415 ausus
551 2389 595 2415 es?
633 2387 700 2414 Plin.
718 2396 748 2419 ιι,
762 2394 789 2416 52
815 2384 896 2411 Oculi
916 2383 1120 2418 quibuscunque
1139 2386 1200 2411 sunt
1219 2385 1305 2420 longi,

237 2427 373 2455 maleficos
388 2427 437 2452 cfl'e
461 2425 587 2452 indicant.

237 2474 272 2496 17-
327 2461 458 2497 Agcfilaus
473 2467 501 2487 vt
515 2461 647 2487 Naturam
660 2458 801 2485 fautricem
815 2456 943 2483 habuerat
956 2456 983 2482 in
992 2456 1142 2484 tribuendis
1155 2458 1238 2485 animi
1249 2457 1304 2484 vir·

238 2498 349 2531 tutibus,
367 2498 400 2525 fic
415 2497 562 2524 maleficam
578 2496 668 2522 naGtus
685 2495 721 2521 cst
738 2495 765 2520 in
786 2501 899 2528 corpore
912 2492 982 2527 Nep.
1000 2502 1033 2526 ις’,
1051 2499 1074 2526 8,
1096 2503 1114 2521 1.
1187 2493 1236 2519 Vis
1250 2503 1306 2520 ma.

553 2532 615 2559 Vita
631 2531 724 2559 Tacit.
739 2531 808 2557 Ann.
823 2540 846 2563 4,
865 2538 888 2555 21
964 2529 1081 2556 Malefici
1099 2529 1153 2556 κατ’
1173 2529 1305 2562 {gez-§vdi-

238 2535 312 2563 lefica
330 2534 397 2561 Plin.
410 2544 442 2567 31,
456 2543 478 2560 2.

754 2566 812 2592 Vid.
832 2565 900 2592 Cod.
916 2565 1008 2592 lustin.
1022 2565 1038 2592 l.
1051 2572 1122 2599 9,18.
1149 2573 1173 2592 et
1194 2565 1305 2592 Theod.

237 2579 328 2598 cuntur
342 2572 426 2606 Magi,
453 2570 568 2604 Veneficz,
582 2568 711 2603 Sortilegi.

239 2617 265 2641 9,
280 2609 305 2634 16
323 2607 367 2641 qui
380 2613 459 2641 agunt
480 2605 511 2631 de
523 2604 652 2632 Maleficis
666 2610 691 2630 et
706 2602 911 2630 Mathematicis.

238 2643 326 2669 ratitlo
340 2650 363 2667 et
376 2644 517 2667 Commemt.
532 2643 581 2667 Iac.
600 2640 776 2674 Gothof'wclut.
852 2637 947 2673 Superl.
969 2637 1039 2665 Suet.
1061 2638 1090 2665 in
1110 2638 1186 2665 Galb.
1206 2647 1229 2669 15
1249 2638 1305 2665 Ma-

240 2678 441 2705 leficentissimos
462 2677 610 2703 incolumes
630 2674 768 2711 praestitit.

278 2721 303 2740 M
313 2721 334 2741 A
347 2719 363 2739 L
374 2720 391 2740 Ε
406 2719 422 2740 F
436 2720 446 2739 1
457 2719 474 2740 C
485 2720 511 2740 Ε.
532 2712 601 2740 Adu.
639 2714 714 2738 Idem.
753 2711 835 2737 Plaut.
847 2709 938 2737 Pseud.
959 2720 983 2743 4,
1005 2720 1028 2744 7,
1042 2719 1076 2743 ¹¹3
1101 2710 1157 2745 Ego
1172 2718 1220 2737 nec
1235 2710 1306 2742 syco-

239 2750 377 2786 phantiose
391 2749 537 2783 quidquam
551 2757 600 2783 ago
614 2756 662 2774 nec
678 2747 805 2774 malefice.

276 2793 302 2813 M
313 2793 333 2812 A
347 2792 363 2811 L
374 2792 391 2812 E
404 2790 420 2811 F
434 2792 444 2811 1
458 2790 475 2811 C
489 2792 527 2811 1V
536 2791 572 2818 Μ,
594 2793 612 2810 i.
633 2793 659 2809 n.
679 2781 851 2817 [aanu'gryimm
864 2783 1024 2817 κακοτεχνία]
1048 2783 1180 2815 Damnum,
1195 2782 1305 2815 iniuria,
1313 2789 1345 2813 70

234 2820 353 2856 facinus}
404 2819 703 2851 Butlaeus‚Maleficium
715 2821 826 2850 dicitur,
845 2821 970 2853 quidquid
988 2818 1093 2853 improbe
1113 2818 1244 2853 aalnu'ffiam
1263 2818 1305 2852 est.

241 2857 341 2893 leian
356 2857 383 2883 in
403 2857 419 2883 Γ.
439 2866 446 2883 ι
470 2857 502 2883 D.
528 2857 554 2883 Si
568 2856 671 2882 familia
687 2856 789 2882 furtum
798 2855 885 2882 fecisse
901 2854 1015 2884 dicatur,
1031 2852 1202 2879 Vtilissimum
1215 2853 1242 2879 id
1250 2849 1305 2879 edi-

241 2894 314 2921 &um
328 2894 435 2919 Praetor
448 2893 597 2927 proposuit,
612 2901 666 2927 quo
681 2891 799 2918 dominis
810 2891 973 2926 prospiceret
982 2890 1107 2917 aduersus
1116 2889 1246 2916 maleficia
1255 2890 1306 2916 ser-

240 2939 347 2956 vorum.
424 2929 480 2955 Cic.
493 2937 542 2963 pro
558 2929 633 2955 Rosc.
648 2930 736 2954 Amer.
753 2937 794 2960 103
818 2929 852 2954 Vt
866 2927 883 2954 fi
899 2926 1057 2954 dissimulare
1066 2934 1159 2951 omnes
1167 2931 1304 2960 cuperent,

240 2967 264 2992 se
281 2966 356 3000 scire,
371 2964 402 2991 ad
417 2973 496 2998 quem
510 2964 670 2990 maleficium
684 2964 838 2998 pertineret.

241 3001 350 3036 quidem
374 3000 421 3035 qui
437 3000 569 3026 maleficio
587 3007 612 3025 et
628 3000 723 3026 scelere
738 3001 893 3034 pascuntur,
912 2998 1006 3034 possint
1025 2997 1078 3024 sine
1098 2998 1153 3024 vlla
1173 2997 1302 3033 particula

241 3037 357 3064 iustitiae
371 3037 474 3063 viuere.
548 3035 625 3062 Abest
641 3035 673 3062 ab
687 3035 735 3061 illo
749 3035 921 3068 maleficium,
959 3034 1116 3067 Admittere‚
1137 3034 1190 3060 vid.
1206 3035 1245 3060 hh.
1259 3043 1303 3061 vv.

240 3073 416 3100 Committere
432 3070 604 3104 maleficium,
622 3079 645 3097 et
660 3071 806 3097 Admittere
815 3071 974 3097 maleficium
993 3071 1050 3097 Cic.
1067 3079 1117 3104 pro
1132 3070 1306 3096 Rosc.Amer.

240 3112 269 3136 62
291 3119 311 3137 c.
327 3118 362 3136 22.
436 3107 607 3140 Conquirere
628 3108 705 3133 Varr.
721 3106 753 3133 de
773 3107 803 3133 L.
818 3107 845 3133 L.
860 3117 883 3140 4,
900 3117 931 3139 ι4,
1005 3106 1197 3133 Contaminarc
1211 3106 1236 3132 se
1251 3115 1303 3132 ina-

242 3145 330 3172 leficio
352 3143 407 3171 Cic.
427 3153 476 3179 pro
490 3143 565 3170 Rosc.
588 3145 677 3169 Amer.
701 3145 746 3169 116.

246 3187 367 3207 viNCO.
440 3180 537 3206 Facere
550 3179 711 3205 maleficium
734 3177 844 3205 Αιιᾶὶοι.
864 3178 896 3204 ad
917 3179 1017 3205 Hercu.
1039 3188 1067 3211 2,
1084 3185 1107 3209 8.
1182 3178 1304 3205 Occulta.

243 3224 271 3242 re
292 3217 347 3242 Cic.
364 3224 412 3250 pro
433 3215 504 3242 Cael.
525 3224 558 3247 53.
631 3214 759 3242 Perfice-rc
779 3213 817 3240 Id.
836 3213 946 3240 ibidem.
1019 3215 1142 3249 Persequi
1161 3214 1260 3241 Sallust.
1274 3215 1304 3240 in

245 3252 322 3277 Catil.
338 3261 365 3282 52
385 3258 424 3287 pr.
463 3251 536 3277 Caes.
550 3251 615 3278 Bell.
630 3251 697 3278 Gall.
708 3260 730 3287 2,
746 3256 774 3280 28
793 3250 930 3276 Finitimis
945 3250 1097 3284 imperauit,
1113 3257 1141 3277 vt
1153 3250 1186 3277 ab
1203 3251 1305 3277 iniuria

244 3293 271 3312 et
290 3287 422 3314 maleficio
445 3288 469 3314 se
484 3288 598 3321 suosque
622 3286 804 3321 prohiberent.
878 3286 1014 3320 Suscipere
1042 3286 1145 3312 Auctor
1158 3286 1188 3312 ad
1203 3288 1304 3313 Heren.

260 3342 266 3349 .
303 3323 374 3348 Caes.
388 3323 452 3350 Bell.
468 3323 537 3350 Gall.
553 3332 570 3357 1,
588 3332 610 3352 ις
630 3323 724 3356 Neque
735 3323 858 3349 homiues
872 3322 929 3348 data
937 3322 1061 3349 facultate
1076 3322 1182 3348 itineris
1191 3331 1305 3357 perpro-
1326 3327 1354 3352 85
1369 3322 1501 3349 Ammian.
1517 3330 1553 3354 22,
1572 3331 1603 3352 ¹5·

246 3358 361 3384 vinciam
383 3358 511 3391 faciendi,
539 3358 925 3393 existimabatTemperaturos
945 3357 977 3384 ab
996 3358 1097 3384 iniuria
1116 3364 1141 3384 et
1162 3359 1304 3385 maleficio.

245 3394 379 3420 Exercitus
392 3393 501 3421 Traulit
515 3394 718 3428 sinemaleficio,
739 3395 757 3420 i.
771 3396 900 3427 Jnnuxius,
913 3394 979 3419 nihil
989 3394 1078 3420 damni
1096 3394 1212 3426 adferens
1233 3396 1306 3421 Caes.

245 3429 309 3456 Bell.
325 3428 407 3456 Ciuil.
421 3438 436 3462 9
458 3437 524 3456 extr.
562 3432 636 3465 conf.
654 3431 691 3458 Id.
704 3431 732 3457 B.
747 3430 780 3456 G.
796 3439 813 3462 1,
830 3439 850 3462 7.
871 3438 893 3455 et
909 3430 936 3456 B.
951 3430 982 3456 C.
997 3438 1019 3462 2,
1033 3439 1075 3456 20.
1113 3429 1180 3456 Plin.
1196 3435 1219 3462 8,
1238 3439 1266 3463 37
1287 3431 1305 3456 s.

247 3468 275 3495 56
299 3465 423 3490 herinacio
436 3465 534 3497 tribuit,
555 3467 723 3502 quumspinas
742 3466 821 3491 'urina
839 3472 987 3500 corrumpat.
1060 3465 1241 3498 Maleficium,
1261 3473 1306 3500 per

245 3498 426 3533 excellentiam,
445 3501 482 3526 itte
495 3509 521 3525 ιι·
545 3502 688 3533 Mnesteus.
707 3509 753 3538 pro
771 3502 888 3536 Veneficio
903 3508 947 3527 etc.

246 3538 297 3563 Ιιιν.
315 3538 379 3562 Rom.
398 3545 417 3567 3,
432 3545 466 3563 ιο.
488 3543 511 3561 et
526 3538 689 3572 Ilatrzhetgreri
703 3537 769 3573 Dff
779 3539 809 3563 tle
824 3536 1018 3571 lncemliispars
1036 3538 1127 3570 altera,
1147 3544 1172 3572 p.
1190 3546 1241 3570 104.
1262 3539 1306 3572 qui

246 3573 336 3611 laudat
354 3571 430 3611 Apul.
447 3572 509 3598 Met.
523 3581 538 3605 9
559 3581 584 3606 p.
604 3581 658 3604 230,
672 3583 699 3606 24
722 3572 911 3600 Veteratriccm
932 3571 1063 3606 quandam
1083 3573 1221 3604 feminam,
1236 3582 1302 3608 quae

247 3607 438 3634 deuotionibus
453 3614 477 3633 et
491 3608 628 3634 maleficiis
652 3610 759 3642 quiduis
779 3608 882 3636 efficere
896 3609 966 3643 poss‘e
986 3608 1148 3637 credebatur.
1224 3612 1254 3636 L·t
1276 3620 1301 3644 p.

246 3653 292 3676 231,
306 3649 332 3672 28
355 3642 438 3676 Eique
452 3650 536 3669 totum
552 3653 683 3670 nouercae
698 3646 778 3671 scelus
799 3644 920 3680 aperuit,
940 3644 972 3671 de
987 3644 1135 3678 adulterio,
1156 3645 1187 3672 de
1202 3646 1300 3672 malefi-

246 3680 300 3713 cio,
320 3685 344 3705 et
358 3679 581 3713 quemadmodum
597 3680 712 3706 laruatus
727 3681 757 3706 ad
773 3681 875 3707 inferos
892 3680 1038 3709 demeass'et.

282 3723 307 3742 M
319 3722 340 3741 A
354 3721 370 3740 L
385 3721 400 3740 E
412 3721 446 3740 Fi
460 3721 476 3741 c
491 3721 507 3740 E
521 3721 572 3740 ΝΤ
585 3723 592 3742 ι
607 3723 646 3749 A,
665 3725 704 3742 ae.
725 3716 745 3742 f.
764 3717 920 3752 [namq-sta]
940 3718 1015 3743 Idem.
1035 3716 1102 3744 Plin.
1118 3726 1149 3749 9,
1164 3726 1188 3751 9.
1227 3717 1300 3744 Caes.

245 3751 308 3778 Bell.
323 3750 390 3777 Gall.
407 3760 425 3784 1,
441 3760 452 3783 7
474 3750 529 3777 Sibi
542 3752 589 3777 ess'e
606 3751 633 3777 in
647 3752 738 3778 animo
754 3751 804 3777 iter
821 3753 906 3779 facere
919 3761 967 3788 per
986 3753 1156 3788 prouinciam
1172 3753 1225 3779 fine
1245 3753 1300 3780 vlla

247 3786 430 3813 maleficentia.
468 3787 512 3812 Al.
526 3788 624 3821 rcflius,
644 3787 785 3814 maleficio.

281 3831 306 3850 M
316 3830 337 3850 A
349 3829 365 3848 L
379 3824 522 3848 E1³1C16
535 3828 548 3848 S
564 3829 592 3849 Ε.
619 3823 686 3849 Adu.
714 3824 901 3859 [κακοπραγῶς]
929 3825 1056 3851 Laudatur
1064 3823 1120 3851 Cic.
1135 3832 1183 3857 pro
1192 3825 1300 3851 Caecin.

800 451 826 476 Si
847 448 970 474 conuicia
994 447 1117 474 docueris
1143 457 1240 473 coruum
1261 453 1306 471 aut
1329 456 1342 482 5

1265 625 1304 666 Id.
1323 633 1352 651 10

1196 809 1343 842 lnurere13

1157 1348 1302 1382 Frequent.
1311 1356 1344 1381 30

986 1529 1056 1555 Ter.
1074 1526 1187 1561 Adelph.
1205 1535 1228 1557 2,
1243 1536 1260 1559 1,
1276 1535 1305 1552 10
1324 1537 1350 1561 35

661 2422 812 2450 Maleficum
828 2420 970 2446 frondibus
985 2420 1082 2447 animal
1095 2430 1172 2456 capra
1193 2421 1259 2448 Plin.
1277 2416 1349 2454 „³60

982 2603 1075 2627 Omnia
1087 2603 1199 2628 declarat
1214 2603 1240 2627 in
1257 2603 1304 2628 Pa.
1313 2600 1345 2632 65

912 2963 985 2990 Idem
1001 2962 1055 2989 Off.
1072 2970 1094 2995 2,
1108 2971 1141 2993 40
1163 2963 1198 2988 Vt
1213 2971 1246 2988 ne
1262 2961 1303 2987 illi
1319 2970 1347 2994 75

819 3143 968 3169 Com-ictus
987 3142 1130 3176 maleficii,
1149 3144 1206 3169 vicl.
1222 3147 1343 3171 ΕΘΝ-80

1008 3501 1064 3528 Vid.
1079 3500 1228 3535 Bynckmh.
1249 3501 1305 3537 Obs.
1324 3510 1359 3535 90

1780 215 1830 254 M
1887 215 2016 256 AL
2366 228 2431 266 192

1404 311 1431 331 M
1440 311 1462 332 A
1471 311 1488 332 L
1500 311 1517 332 E
1531 311 1548 332 F
1559 310 1579 331 Ο
1589 311 1607 332 R
1618 311 1657 332 Τι
1672 311 1699 338 s,
1735 303 1815 340 ipsum
1829 313 1922 339 quoque
1929 304 2067 339 separatim
2080 306 2191 332 dedimus
2210 306 2238 331 in
2257 311 2360 333 MALE.

1367 346 1461 402 MalolA
1471 348 1487 367 1.
1497 348 1514 368 Ε
1524 348 1541 368 ι,
1560 340 1580 369 ὁ
1589 348 1640 382 qv
1650 348 1672 368 A
1682 349 1718 373 x,
1739 340 1800 368 acis.
1838 340 1920 366 Gloff.
1938 341 1986 368 Gr.
1999 341 2057 369 Lat.
2077 342 2217 375 κακολόγος.
2234 341 2308 369 Publ.
2321 343 2387 374 Syro
2400 342 2432 378 est

1400 383 1413 401 a
1426 384 1434 401 1
1447 385 1544 410 oquax.

1408 417 1434 436 M
1444 417 1466 436 A
1476 418 1492 438 L
1506 419 1522 439 E
1531 420 1555 440 M
1566 420 1585 440 ο
1596 419 1616 440 R
1627 419 1679 440 AT
1690 419 1711 440 V
1724 419 1737 440 S
1749 434 1757 446 ‚
1778 422 1802 449 a,
1820 422 1873 440 um.
1894 411 2021 447 δύστροπος
2040 413 2120 441 Gloss‘.
2135 415 2182 441 Gr.
2195 414 2252 441 Lat.

1406 452 1488 472 MAL
1499 454 1548 487 E'o
1561 456 1578 475 L
1589 456 1606 476 Ε
1620 456 1642 476 Ν
1656 456 1680 477 s.
1719 450 1776 476 Cic.
1790 450 1823 475 de
1838 450 1914 476 Orat.
1929 458 1952 483 2,
1971 458 2017 483 249
2042 449 2077 476 At
2092 449 2122 476 in
2141 450 2331 478 maleolentem
2352 449 2435 476 video

1370 491 1413 509 me
1428 490 1442 508 a
1459 488 1484 509 te
1499 486 1699 512 circumueniri.

1408 521 1684 555 MALEsAst,
1702 522 1756 550 vid.
1790 528 1903 548 MALE
1928 530 1955 548 n.
1969 531 1987 549 1.

1410 562 1433 581 M
1444 561 1464 580 A
1475 560 1517 594 LE
1529 560 1542 581 s
1554 560 1574 579 v
1585 555 1666 596 Any
1676 564 1707 589 s,
1727 567 1750 591 a,
1772 567 1826 584 um.
1867 557 1927 584 Adi.
1983 557 2065 584 Plaut.
2079 556 2157 584 Most.
2173 566 2192 590 1,
2211 566 2238 591 3,
2256 560 2286 589 56
2306 557 2434 584 Malesua-

1371 591 1403 619 da
1422 591 1497 625 vulgi
1518 590 1586 616 lena.
1631 591 1705 626 v1rg.
1726 595 1791 621 Aen.
1808 596 1833 626 6,
1854 596 1901 629 276
1921 594 1952 620 Et
1965 600 2051 621 metus
2070 600 2095 620 et
2111 593 2257 620 malesuada
2265 594 2366 628 Fames,
2388 601 2434 620 etc.

1407 634 1432 654 M
1444 634 1464 653 A
1477 633 1493 652 L
1506 632 1522 653 E
1536 632 1558 652 T
1570 632 1589 652 R
1599 631 1647 652 AC
1658 632 1679 652 T
1688 634 1739 654 AT
1750 638 1759 656 1
1775 636 1795 657 O
1806 650 1815 662 ‚
1837 630 1906 657 (mis.
1928 630 1948 657 f.
1969 631 1987 656 i.
2003 630 2173 662 malediHum,
2192 629 2356 664 blasphemia,
2377 630 2434 654 vni-

1372 673 1398 689 co
1410 663 1528 689 vocabulo
1539 663 1608 697 apud
1627 661 1778 690 Arnobium
1799 666 1896 700 legitur
1914 666 2023 693 Aduers.
2044 665 2123 692 Gent.
2139 675 2152 697 4
2171 673 2196 699 p.
2210 674 2249 696 ι42
2277 665 2308 691 Et
2323 664 2435 692 tolerari

1372 699 1482 725 forsitan
1497 697 1560 724 haec
1583 697 1778 725 maletractatio
1791 702 1881 734 postet.
1954 704 1986 728 Et
1999 711 2025 736 p.
2040 710 2081 735 ¹49
2101 702 2236 727 Immunes
2249 705 2336 727 tamen
2351 702 2435 728 adeo.

1371 744 1431 761 rum
1447 734 1675 761 maletraffiatione
1687 743 1735 760 nec
1750 733 1782 760 fic
1794 735 1862 763 estis.
1931 739 1996 765 Alia
2014 737 2047 773 est
2066 737 2135 764 mala
2155 736 2279 764 tra&atio
2299 737 2327 762 in
2340 737 2434 773 scholis

1370 771 1573 805 declamatorum,
1588 772 1618 796 de
1632 779 1680 805 qua
1690 770 1714 805 s.
1726 771 1746 797 l.

1408 812 1434 832 Μ
1443 812 1464 831 Α
1474 812 1491 831 L
1501 812 1518 832 E
1529 812 1550 832 v
1560 805 1581 833 ὅ
1589 813 1605 832 1.
1615 813 1635 832 v
1647 812 1661 833 s
1672 827 1680 840 ,
1701 814 1724 841 a,
1746 815 1799 834 um.
1838 806 1898 833 Adi.
1934 810 2062 842 μυκόνιος,
2082 808 2193 843 δίσκος]
2208 808 2311 835 lnuidus
2319 816 2329 832 .-
2346 808 2437 834 malum

1371 843 1485 877 cuiquam
1504 849 1630 877 exoptans.
1668 842 1870 868 Maleuolorum
1878 843 2039 871 sermunculi
2054 845 2112 873 Cic.
2125 854 2174 880 pro
2184 844 2273 871 Deiot.
2287 853 2351 871 c.12.
2395 843 2438 871 ld.

1369 878 1499 912 ati-Brut.
1524 885 1548 910 ις
1576 879 1661 913 Atque
1675 877 1725 906 illo
1745 878 1788 905 die
1804 878 1920 913 cognoui
1935 879 2024 913 paullo
2044 882 2131 916 plures
2151 881 2180 907 in
2201 881 2297 907 Senatu
2322 879 2439 907 maleuo-

1371 915 1413 941 los
1433 914 1482 940 efl'e
1505 922 1585 947 quam
1603 920 1701 949 gratos.
1741 914 1797 948 Qii
1812 914 1947 941 maleuolo
1967 915 2026 940 sunt
2037 917 2136 944 Animo
2155 917 2302 944 deteriores
2317 917 2375 943 sunt
2395 924 2439 942 ro.

1370 950 1425 985 gati
1454 950 1493 977 Id.
1514 950 1587 977 Fam.
1607 960 1630 983 2,
1650 959 1686 986 17.
1724 950 1854 978 Maleuoli
1869 950 2004 977 sermones
2018 950 2232 987 Idemibidem3‚
2247 962 2282 981 10.
2356 953 2438 979 Male·

1372 986 1450 1014 volus
1460 986 1691 1026 proFascinatore.
1714 988 1771 1014 Via‘.
1781 986 1870 1014 Barth.
1879 987 1910 1014 ad
1917 987 2022 1021 Scriptt.
2035 987 2129 1014 Venat.
2142 999 2166 1023 p.
2179 998 2218 1022 137
2238 996 2262 1015 et
2282 994 2329 1021 138.

1409 1030 1434 1049 Μ
1447 1029 1469 1049 A
1482 1029 1497 1048 L
1508 1028 1555 1047 EV
1567 1028 1586 1048 O
1599 1029 1615 1048 L
1628 1028 1646 1048 Ε
1661 1029 1684 1048 Ν
1695 1029 1708 1049 S
1717 1041 1726 1054 ‚
1742 1023 1821 1050 entis,
1842 1023 1995 1058 [κακυοοῶνῗ]
2012 1024 2078 1049 Idem
2095 1026 2157 1058 quoa
2176 1024 2336 1053 Maleuolus.
2357 1023 2441 1051 Plaut.

1372 1058 1465 1086 Bacch.
1481 1068 1505 1091 4,
1519 1067 1539 1091 3,
1552 1067 1566 1090 4
1583 1058 1658 1085 Viuo
1673 1059 1853 1086 maleuolente
1868 1059 1978 1093 ingenio
1991 1065 2074 1086 natus.

1371 1095 1452 1123 Stich.
1467 1104 1489 1125 2,
1502 1104 1524 1127 3,
1539 1096 1579 1124 68.

1371 1131 1554 1159 treetationes.

1408 1175 1434 1194 M
1444 1174 1466 1193 A
1477 1174 1493 1193 L
1504 1173 1521 1193 E
1532 1173 1553 1193 v
1564 1172 1583 1192 o
1594 1171 1611 1191 L
1622 1171 1639 1192 E
1650 1171 1674 1192 N
1685 1171 1707 1191 ‘r
1718 1172 1727 1191 1
1738 1171 1759 1191 A
1768 1187 1777 1200 ,
1809 1174 1849 1192 ae.
1873 1166 1893 1193 f.
1917 1164 2052 1200 [κακὸνοιῃ
2073 1167 2186 1203 δύσνοια]
2207 1167 2249 1194 Est
2263 1167 2393 1202 Voluptas
2407 1174 2442 1194 ex
2479 1178 2483 1181 s

1370 1204 1444 1231 malo
1458 1203 1566 1230 alterius
1578 1201 1632 1228 fine
1647 1201 1833 1228 emolumento
1846 1202 1907 1229 sum
1927 1209 1957 1228 vt
1971 1202 2010 1228 ait
2025 1203 2083 1230 Cic.
2097 1204 2180 1231 Tusc.
2194 1214 2219 1238 4,
2236 1211 2269 1230 20
2289 1213 2311 1230 c.
2331 1213 2354 1236 t).
2400 1203 2441 1229 Id.

1371 1242 1409 1274 Q
1424 1241 1509 1268 Fratr.
1525 1250 1544 1272 1,
1558 1248 1598 1272 34,
1612 1247 1633 1266 c.
1644 1247 1668 1268 ις
1690 1238 1979 1272 Qiamquamillorum
1994 1238 2047 1265 erit
2061 1239 2151 1266 verius
2164 1240 2296 1266 iudicium
2309 1237 2442 1266 obtrecta-

1371 1278 1447 1303 tione
1466 1282 1492 1302 et
1513 1273 1704 1302 maleuolentia
1726 1273 1880 1303 liberatum.
1955 1275 2106 1301 occurrere
2124 1275 2328 1303 maleuolentiae
2351 1275 2441 1302 homi-

1371 1322 1437 1339 num
1462 1312 1536 1339 Idem
1556 1311 1629 1337 Fam.
1649 1320 1685 1344 11,
1704 1320 1732 1338 11.
1805 1311 1998 1338 Maleuolentia
2018 1311 2127 1338 suffusus
2149 1311 2224 1338 Idem
2243 1311 2347 1339 ibidem
2367 1321 2387 1345 1,
2415 1320 2441 1346 9·

1369 1349 1444 1377 Idem
1459 1357 1508 1383 pro
1521 1347 1606 1374 Planc.
1621 1355 1648 1373 22
1667 1346 1800 1373 Vicinitas
1815 1356 1871 1374 non
1888 1347 2016 1373 infuscata
2029 1347 2227 1374 maleuolentia.

1407 1392 1433 1411 M
1443 1391 1465 1411 A
1474 1392 1491 1411 L
1501 1391 1510 1410 1
1522 1389 1540 1410 C
1551 1389 1570 1409 Ο
1581 1389 1600 1408 R
1612 1388 1631 1408 D
1642 1389 1651 1407 1
1663 1389 1676 1408 S
1686 1402 1695 1415 ,
1717 1391 1740 1408 e.
1766 1383 1826 1409 Adi.
1861 1386 2037 1416 ποιηροκάρδιος
2057 1383 2138 1410 Gloff.
2155 1384 2203 1411 Gr.
2219 1384 2278 1411 Lat.

1405 1428 1431 1447 M
1441 1427 1463 1447 A
1473 1427 1490 1446 L
1501 1427 1510 1446 1
1524 1426 1540 1445 L
1551 1425 1571 1445 o
1583 1424 1635 1455 Qv
1645 1425 1655 1444 1
1669 1423 1690 1444 v
1702 1424 1746 1450 M,
1765 1418 1784 1444 i.
1802 1428 1828 1445 n.
1849 1419 1915 1445 Non
1922 1418 2058 1445 sumsimus
2067 1419 2186 1454 linguam
2199 1420 2231 1446 ad
2240 1418 2442 1454 maliloquium,

1370 1463 1396 1483 et
1409 1465 1485 1483 aures
1500 1455 1533 1482 ad
1549 1454 1751 1489 exceptaculum
1769 1454 1923 1489 maliloquii
1944 1455 2065 1482 Tertull.
2084 1455 2116 1482 de
2134 1456 2219 1491 Spee't.
2239 1465 2261 1483 c.
2273 1465 2296 1483 2.
2368 1457 2441 1482 Add-

1370 1493 1446 1520 Idem
1459 1491 1598 1526 Apologet.
1617 1500 1638 1516 c.
1651 1499 1688 1523 45.

1407 1534 1462 1554 MA
1472 1535 1488 1555 L
1499 1535 1510 1554 1
1522 1533 1541 1554 G
1555 1534 1577 1553 N
1587 1533 1608 1552 v
1622 1533 1635 1553 s
1647 1548 1656 1560 ,
1680 1534 1710 1559 a,
1743 1535 1797 1552 um.
1826 1525 1887 1552 Adi.
1919 1526 2048 1563 [οι-Μηρὸς,
2069 1526 2186 1559 κακοήθης
2205 1529 2286 1555 Glofl'.
2300 1528 2357 1555 Lat.
2370 1527 2441 1562 Gn]

1373 1564 1429 1598 Qui
1446 1563 1628 1590 difficultatem
1642 1562 1681 1588 sui
1697 1562 1822 1595 ostendit,
1840 1562 1924 1597 inquit
1943 1563 2070 1592 Donatus.
2105 1564 2175 1591 Ter.
2190 1565 2256 1591 Hec.
2265 1573 2284 1597 1,
2299 1573 2320 1595 2,
2334 1569 2364 1596 84
2384 1563 2441 1590 Ma-

1371 1600 1444 1635 ligna
1456 1599 1552 1630 multo,
1572 1605 1597 1625 et
1611 1598 1694 1633 magis
1713 1607 1811 1633 procax
1826 1599 1895 1625 faeta
1909 1598 1984 1626 illico
1998 1599 2041 1626 est.
2078 1601 2171 1635 Nempe
2185 1601 2336 1635 Malignum
2350 1598 2442 1634 estpro-

1388 1637 1427 1662 rie
1441 1635 1589 1662 attributum
1602 1635 1682 1660 animi
1693 1643 1741 1660 non
1755 1635 1813 1660 bene
1832 1634 1973 1670 cupientis,
2001 1643 2026 1661 et
2042 1635 2216 1670 subtrahentis
2231 1637 2338 1672 proinde
2355 1631 2443 1666 alm-i,

1371 1672 1497 1707 quidquid
1512 1673 1538 1696 in
1546 1671 1575 1706 se
1589 1669 1622 1706 cst
1634 1671 1700 1703 boni,
1720 1670 1781 1705 quin
1793 1671 1950 1697 detrahentis
1969 1672 2044 1697 etiam
2056 1680 2119 1706 quae
2130 1672 2212 1698 hahet.
2249 1672 2317 1698 Hinc
2334 1671 2385 1707 est,
2412 1677 2444 1696 vt

2114 1061 2186 1093 Conf.
2202 1060 2277 1094 Capt.
2289 1071 2309 1093 3,
2325 1072 2349 1093 4,
2364 1069 2396 1091 ςι.
2415 1066 2439 1086 et

1650 1096 1720 1121 Hinc
1754 1096 1859 1129 Superi.>
1881 1095 1939 1122 Cic.
1960 1096 2033 1123 Fam.
2048 1105 2067 1127 1,
2081 1105 2094 1129 7
2114 1094 2379 1123 Maleuolentiffimae
2392 1094 2439 1122 ob·
2472 1108 2475 1114 Α

780 1711 863 1735 Genus
890 1711 1007 1749 loquendi
1031 1710 1150 1742 vfitatum
1171 1708 1306 1741 veteribus,
1314 1713 1352 1738 40
1371 1716 1424 1734 tum
1444 1710 1522 1733 etiam
1546 1706 1694 1742 vsurpetur‚
1718 1707 1762 1731 vbi
1774 1713 1871 1732 tantum
1885 1706 2040 1741 patfimcnia
2059 1709 2188 1742 quaedam,
2206 1715 2231 1734 et
2244 1708 2325 1734 tenuis
2338 1707 2442 1733 m'mlum

1372 1744 1450 1779 copia,
1470 1742 1608 1773 etiamfi'ne
1621 1741 1713 1777 affii‘lu
1724 1741 1863 1767 indicanda
1880 1741 1921 1777 est.
1960 1743 2100 1777 Oppositum
2112 1744 2140 1768 in
2154 1744 2197 1769 hoc
2214 1752 2300 1770 nomen
2320 1743 2442 1777 Benigno,

1371 1779 1518 1814 etymologia
1530 1778 1629 1812 finu'li,
1655 1778 1700 1802 vbi
1719 1777 1773 1803 vid.
1801 1784 1825 1802 et
1856 1778 1915 1803 aad.
1935 1786 1998 1811 quae
2016 1777 2131 1812 disputat
2153 1779 2296 1805 Buchnerus
2314 1781 2352 1805 ad
2373 1777 2441 1805 Plin.

1371 1815 1452 1851 Epist.
1473 1821 1497 1847 8,
1511 1823 1542 1841 12.
1616 1814 1697 1840 Fama
1715 1812 1829 1847 maligna
1848 1812 1929 1839 alicui
1957 1813 2039 1840 Ouid.
2053 1814 2140 1840 Trist.
2155 1825 2178 1848 4,
2194 1823 2231 1847 ιο,
2246 1816 2294 1842 ι26.
2321 1816 2340 1841 ι’.
2362 1815 2441 1840 fama

1372 1851 1478 1887 angusta
1491 1859 1515 1877 et
1529 1850 1617 1876 tenuis.
1691 1849 1763 1884 Ignis
1784 1848 1897 1875 Martial.
1913 1858 1950 1881 10,
1963 1853 2006 1883 96.
2023 1851 2042 1876 i.
2061 1856 2154 1884 paruus
2165 1851 2193 1876 ob
2215 1850 2349 1877 caritatem
2362 1850 2442 1885 ligno-

1372 1898 1436 1914 rum.
1510 1887 1601 1913 Mente
1616 1885 1731 1920 maligna
1746 1885 1833 1911 facere
1853 1885 1956 1919 aliquid
1984 1885 2081 1912 Catull.
2103 1887 2153 1919 66,
2171 1894 2209 1919 37.
2288 1885 2443 1913 Ministeria

1373 1923 1489 1958 maligna
1502 1922 1634 1948 humanae
1646 1921 1757 1948 libidini
1776 1920 1848 1947 dedit
1862 1927 1956 1947 natura
1977 1922 2035 1948 Sen.
2057 1922 2095 1955 Q
2112 1921 2175 1948 Nat.
2197 1931 2221 1955 1,
2243 1923 2279 1948 16.
2353 1923 2442 1949 Incer-

1373 1965 1431 1986 tum
1445 1968 1474 1985 ac
1488 1958 1584 1993 fragile
1598 1958 1730 1984 nimirum
1743 1956 1778 1983 est
1792 1956 1842 1982 hoc
1857 1963 1966 1983 naturae
1978 1958 2087 1988 Munus,
2107 1957 2241 1992 quidquid
2256 1957 2334 1984 datur
2346 1955 2444 1986 nobis;

1373 1995 1522 2030 malignum
1538 2002 1604 2020 vero
1622 2000 1648 2019 et
1660 1993 1743 2020 breue
1764 1992 1793 2018 in
1805 1991 1847 2018 his
1863 1992 1953 2026 etiam,
1973 1992 2071 2026 quibus
2093 1993 2232 2028 largissime
2245 1993 2358 2028 contigit
2372 1993 2442 2020 Plin.

1373 2041 1395 2064 7,
1411 2041 1451 2062 50-
1523 2030 1599 2064 Virg.
1621 2031 1686 2056 Aen.
1700 2039 1724 2062 5,
1738 2031 1781 2061 653
1805 2029 1838 2055 At
1852 2036 1949 2055 matres
1962 2028 2054 2063 primo
2069 2029 2213 2064 ancipites,
2228 2029 2373 2064 Oculisque
2387 2038 2442 2055 ma-

1374 2066 1454 2098 lignis
1491 2064 1651 2099 Ambiguae,
1677 2064 1797 2099 speciiare
1812 2070 1889 2091 rates.
1962 2064 2040 2092 Ostio
2048 2071 2149 2092 retenta
2163 2073 2222 2100 pars
2227 2065 2345 2100 fluminis
2364 2065 2441 2091 resta-

1373 2104 1435 2132 gnat
1448 2099 1507 2124 Sen.
1521 2100 1559 2130 Q
1574 2099 1637 2124 Nat.
1645 2108 1667 2131 3,
1682 2108 1719 2137 ²7·
1792 2100 1918 2126 Profeffio
1931 2100 2048 2134 maligna
2062 2100 2183 2128 Scribon.
2205 2110 2256 2135 ¹99·
2341 2100 2442 2127 Tellus

1373 2133 1498 2160 sorbebat
1510 2139 1582 2172 rotas
1601 2133 1662 2159 Stat.
1675 2133 1740 2159 Silu.
1758 2142 1783 2166 4,
1802 2142 1824 2166 3,
1844 2143 1885 2167 29.
1902 2135 1921 2160 i.
1938 2141 2001 2168 prae
2013 2135 2115 2161 mollitie
2134 2138 2235 2168 cedens,
2254 2133 2333 2170 lutosa
2345 2137 2441 2163 humus.

1373 2171 1463 2197 Venus
1484 2169 1567 2196 Ouid.
1582 2170 1675 2195 Amor.
1691 2178 1709 2201 ι,
1721 2177 1750 2203 4,
1764 2171 1806 2196 66.
1864 2170 1955 2195 Venae
1975 2170 2108 2204 malignae
2120 2179 2202 2206 parua
2214 2171 2286 2199 vnda
2304 2171 2401 2198 Lucan.
2415 2180 2443 2205 9,

1372 2215 1434 2237 500.
1455 2211 1486 2229 vt
1498 2206 1799 2230 emendandum-videtur.
1819 2213 1822 2222 s
1873 2205 1975 2240 Vulgus
1995 2206 2064 2234 Hor.
2079 2207 2169 2234 Carm.
2185 2216 2208 2241 2,
2229 2209 2264 2238 16,
2278 2216 2316 2240 39.
2353 2207 2440 2239 Qiin-

1371 2241 1429 2269 Stil.
1450 2249 1472 2273 2,
1487 2248 1500 2266 2
1520 2240 1551 2267 In
1572 2238 1711 2265 laudandis
1732 2238 1927 2273 discipulorum
1940 2241 2163 2269 dietionibusnec
2177 2243 2318 2277 malignus,
2339 2250 2387 2268 nee
2401 2243 2441 2269 ef-

1371 2279 1451 2305 fusus.
1525 2277 1596 2310 Ager
1609 2275 1740 2309 malignus
1756 2274 1871 2308 gracilis,
1887 2276 2019 2310 Agsicolis
2031 2277 2184 2312 illiberalis,
2203 2283 2230 2304 et
2243 2277 2332 2304 minus
2352 2277 2438 2309 ferax.

1371 2314 1454 2347 inquit
1474 2312 1592 2338 Nonius.
1665 2310 1742 2337 Vnde
1756 2311 1835 2338 etiam
1848 2311 1960 2347 Maligni
1975 2320 2089 2347 monta,
2143 2315 2218 2349 Virg.
2237 2314 2336 2348 Gcorg.
2349 2322 2372 2350 2,
2393 2323 2437 2347 ¹79

1372 2348 1501 2375 Difficiles
1516 2347 1634 2382 primum
1649 2352 1746 2378 terrae,
1766 2347 1902 2382 collesque
1915 2348 2037 2383 maligni.
2109 2350 2186 2384 Virg.
2202 2351 2267 2377 Aen.
2277 2359 2308 2384 11,
2320 2358 2363 2383 525
2381 2350 2438 2377 Te-

1369 2384 1429 2411 nuis
1445 2392 1499 2418 quo
1513 2382 1613 2410 semina
1628 2382 1712 2416 ducit,
1749 2383 1934 2417 Angustaeque
1948 2385 2040 2412 ferunt
2053 2385 2151 2417 fauces,
2163 2385 2303 2420 aditusque
2316 2385 2441 2422 maligni,

1368 2421 1386 2448 ι’.
1401 2419 1510 2455 Angzqsii
1523 2426 1547 2445 et
1559 2419 1643 2445 ardus]
1717 2418 1785 2453 Lux,
1806 2420 1965 2455 Subobfi-ara.
2004 2422 2080 2456 Virg.
2094 2423 2159 2451 Aen,
2174 2424 2205 2456 6,
2224 2430 2272 2455 ²70
2293 2421 2378 2456 Qale
2391 2421 2440 2449 sub

1371 2457 1500 2484 incertam
1515 2456 1605 2482 lunam
1619 2453 1666 2480 sub
1686 2453 1746 2481 luce
1768 2454 1895 2489 maligna.
1989 2457 2102 2491 Compar.
2123 2458 2181 2484 Nec
2200 2457 2316 2485 ronchos
2336 2464 2439 2485 metues

1368 2492 1564 2527 Maligniorum
1580 2490 1694 2517 Martial.
1710 2501 1734 2523 4,
1747 2493 1787 2520 86.
1859 2490 2007 2526 Malignior
2028 2498 2099 2518 terra
2119 2492 2187 2519 Plin.
2208 2494 2288 2528 Epist.
2310 2503 2383 2528 2,17,
2403 2504 2436 2525 15.

1370 2530 1496 2564 Superlat.
1534 2527 1720 2562 Malignissima
1734 2527 1819 2562 capita
1833 2532 1860 2553 et
1883 2527 1988 2562 optimo
2008 2527 2106 2562 cuique
2129 2528 2308 2556 inimicissima
2326 2530 2385 2556 Sen.
2406 2531 2439 2557 de

1370 2565 1425 2592 vita
1438 2564 1513 2591 beata
1529 2574 1550 2591 c.
1566 2570 1600 2593 18.
1673 2563 1780 2598 Aliquis
1794 2569 1916 2598 peccator
1930 2569 1956 2590 et
1968 2563 2167 2598 maligniffimus
2195 2564 2310 2592 Saluian.
2330 2565 2363 2593 de
2382 2566 2438 2593 Gu-

1368 2600 1445 2629 bern.
1463 2601 1514 2627 Dei
1535 2611 1548 2633 4
1571 2609 1596 2635 p.
1612 2605 1649 2632 83.

1405 2644 1430 2664 M
1442 2644 1465 2664 A
1479 2643 1496 2663 L
1508 2644 1516 2663 1
1526 2642 1546 2663 G
1561 2643 1583 2662 N
1596 2634 1610 2662 ἶ
1622 2642 1644 2662 Τ
1655 2642 1678 2663 Α
1689 2642 1718 2672 S,
1738 2635 1796 2662 atis.
1819 2635 1838 2662 f.
1860 2635 2020 2670 [xux0n¹91¹a‚
2040 2637 2183 2670 κακοθῠμία,
2202 2636 2325 2673 κακᾶτης]
2349 2638 2438 2666 Malus

1370 2674 1476 2706 nm'muss
1488 2671 1606 2707 peruersa
1621 2679 1646 2697 ct
1660 2673 1800 2708 deprauata
1808 2672 1933 2699 voluntas,
1972 2671 2139 2707 Plaut.Capt.
2154 2682 2176 2706 3,
2194 2683 2211 2706 ι,
2226 2683 2239 2705 5
2259 2673 2330 2701 Nam
2346 2673 2437 2701 hercle

1370 2709 1433 2736 huic
1447 2709 1520 2739 diei,
1543 2708 1561 2734 {i
1580 2708 1666 2738 liceat,
1681 2708 1774 2734 oculos
1794 2706 1921 2734 effodiam
1934 2706 2044 2739 lubens;
2071 2709 2108 2734 ita
2127 2709 2292 2744 malignitate
2312 2711 2437 2738 onerauit

1369 2754 1463 2771 omnes
1477 2743 1602 2770 mortales
1615 2743 1693 2770 mihi.
1766 2743 1834 2770 Plin.
1857 2753 1901 2778 25,
1921 2749 1935 2773 8
1963 2743 2064 2770 Notata
2084 2744 2120 2771 est
2133 2751 2222 2772 autem
2236 2745 2300 2772 haec
2312 2746 2436 2773 animalis

1369 2780 1450 2807 huius
1463 2780 1613 2814 malignitas
1627 2779 1655 2806 in
1670 2779 1721 2806 alia
1735 2778 1817 2806 herba
1832 2779 1927 2806 maior.
1999 2780 2153 2815 Malignitas
2169 2782 2284 2812 Patrum,
2303 2782 2350 2816 qui
2364 2783 2437 2809 mili-

1369 2823 1423 2844 tem
1440 2816 1536 2851 praeda
1552 2815 1710 2842 fraudauere
1724 2815 1783 2842 Liu.
1805 2825 1833 2849 2,
1853 2824 1890 2848 42.
1963 2815 2046 2842 Nulla
2067 2823 2120 2844 tam
2133 2817 2371 2846 modestafelicitas
2386 2819 2435 2852 est,

1369 2861 1437 2887 quae
1451 2851 1622 2886 malignitatis
1640 2852 1738 2878 Dentes
1752 2851 1838 2878 vitare
1851 2851 1926 2886 possit
1945 2851 2001 2878 Val.
2017 2852 2088 2880 Max.
2104 2862 2132 2887 4,
2146 2863 2159 2886 7
2178 2861 2244 2881 extr.
2262 2863 2283 2882 2.
2356 2854 2436 2882 Mali.

1370 2889 1465 2924 ginnas,
1487 2888 1609 2914 Pto-citas.
1651 2888 1746 2914 Liuius
1760 2897 1797 2922 34,
1812 2897 1839 2920 34
1858 2887 2010 2922 Malignitas
2024 2889 2181 2916 conferendi
2198 2898 2229 2916 ex
2244 2890 2360 2925 priuato.

1405 2931 1431 2951 M
1442 2931 1463 2951 Α
1478 2931 1494 2950 1.
1507 2931 1516 2950 1
1528 2930 1549 2950 G
1561 2930 1583 2950 N
1597 2929 1625 2950 Ε.
1647 2924 1713 2950 Adu-
1735 2925 1888 2959 [κακαηθῶς]
1908 2924 2046 2959 Malitiose,
2064 2932 2109 2951 aut
2121 2926 2196 2951 nimis
2212 2932 2297 2961 pat-cc.
2373 2927 2435 2954 Liu.

1367 2971 1388 2994 3,
1402 2963 1430 2993 63
1453 2960 1570 2994 Maligne
1591 2960 1697 2986 Senatus
1716 2960 1745 2986 in
1759 2969 1843 2987 vnum
1857 2959 1928 2986 diem
1942 2959 2146 2995 supplicationes
2159 2962 2251 2989 COSS.
2266 2963 2377 2990 nomine
2390 2964 2434 2990 de-

1368 2996 1462 3024 creuit.
1537 2997 1606 3023 Bene
1621 2996 1690 3023 facia
1704 2996 1818 3030 maligne
1833 2996 1980 3023 detrectare
1995 2996 2077 3023 Ouid.
2099 2997 2163 3024 Met.
2184 3007 2205 3030 ¹3
2215 3018 2224 3030 ‚
2243 3006 2300 3030 270.
2373 3000 2434 3026 Liu.

1368 3039 1430 3066 8,12
1450 3032 1590 3059 Materiam
1605 3038 1694 3058 autem
1710 3031 1850 3067 praebebat
1865 3031 2026 3058 criminibus
2045 3041 2108 3067 ager
2128 3033 2156 3059 in
2177 3033 2290 3069 Latino,
2309 3034 2434 3062 Falerno-

1369 3077 1420 3104 que
1432 3069 1548 3103 maligne
1563 3068 1634 3103 plebi
1650 3068 1759 3095 diuisus.
1833 3068 1954 3095 Laudare
1968 3068 2086 3103 aliquem
2106 3069 2220 3103 maligne
2239 3070 2308 3097 Hor.
2324 3070 2395 3104 Epist
2409 3081 2433 3102 2,

1369 3113 1388 3140 ι,
1402 3114 1460 3139 209.
1533 3105 1652 3139 Maligne
1669 3105 1760 3131 onmia
1773 3103 1963 3131 Praebentibus
1983 3105 2053 3137 suis,
2073 3105 2256 3132 meretriculae
2279 3106 2433 3136 munificen.

1369 3142 1406 3168 tia
1421 3140 1596 3167 fixstinebatur
1610 3140 1668 3167 Liu.
1688 3150 1727 3173 39,
1743 3150 1766 3173 9.
1839 3140 1957 3175 Maligne
1971 3141 2062 3167 virens
2084 3140 2150 3166 Plin.
2164 3151 2201 3174 34,
2215 3150 2245 3168 ιι.
2264 3141 2287 3168 h.
2297 3151 2317 3169 e.
2333 3144 2432 3178 Depra-

1367 3185 1435 3211 vate‚
1454 3186 1501 3203 non
1516 3178 1612 3212 optime.
1687 3178 1797 3212 Compar.
1835 3178 1910 3204 Curt.
1926 3183 1949 3209 8,
1964 3185 2004 3210 ²9·
2025 3183 2049 3202 et
2067 3176 2126 3202 Sen.
2141 3176 2219 3211 Epist.
2234 3187 2273 3210 44.

1401 3219 1457 3239 MA
1468 3220 1484 3239 L
1497 3220 1506 3238 1
1519 3218 1541 3239 G
1556 3219 1578 3239 N
1593 3219 1613 3239 0
1623 3235 1631 3248 ‚
1656 3219 1681 3239 et
1708 3219 1732 3239 M
1742 3219 1762 3238 A
1774 3219 1790 3238 L
1802 3219 1812 3238 1
1824 3218 1846 3240 G
1860 3218 1882 3238 N
1895 3218 1915 3238 o
1926 3218 1955 3238 R.
1984 3211 2170 3245 [κακοηθεύομαι
2191 3212 2272 3240 Οιοιΐ.
2292 3214 2340 3241 Gr.
2355 3214 2430 3249 Lan]

1367 3249 1446 3284 Vulg.
1464 3249 1598 3284 interpres
1613 3248 1704 3276 Psalm.
1720 3258 1755 3281 73,
1768 3258 1788 3282 3.
1807 3256 1832 3274 et
1850 3254 1887 3281 83,
1902 3256 1922 3279 3.

1403 3292 1462 3313 MA
1477 3291 1493 3311 L
1507 3292 1515 3311 1
1529 3291 1549 3312 G
1563 3291 1584 3311 N
1599 3292 1622 3312 A
1636 3292 1658 3312 N
1671 3292 1685 3312 s
1697 3306 1705 3318 ‚
1726 3285 1803 3311 antis.
1841 3283 1935 3310 Partic.

1678 3321 1750 3354 Conf.
1769 3319 1873 3353 Vulgat.
1894 3318 1983 3346 psalm.
2003 3328 2044 3355 21,
2070 3328 2102 3351 ¹7·
2123 3328 2147 3345 et
2175 3323 2212 3355 63,
2231 3330 2251 3353 3.

1406 3363 1460 3384 MA
1471 3363 1488 3383 L
1501 3364 1510 3383 1
1523 3363 1544 3383 G
1558 3364 1579 3383 N
1591 3363 1610 3383 O
1621 3364 1634 3384 S
1643 3363 1664 3381 V
1677 3363 1690 3383 S
1702 3377 1711 3389 ,
1729 3363 1753 3388 ἃ,
1775 3364 1827 3381 um.
1853 3355 1913 3382 Adi.
1926 3354 2081 3388 κακεντριχῆς
2092 3355 2172 3383 Closs.
2186 3357 2242 3384 Lat.
2256 3357 2306 3384 Gr.

1406 3399 1460 3420 MA
1471 3400 1487 3420 ι,
1501 3390 1546 3419 iT
1560 3400 1602 3419 As
1613 3414 1620 3426 ,
1641 3393 1700 3419 fitis.
1719 3391 1738 3417 f.
1777 3390 1883 3425 leian.
1898 3391 1914 3418 Ι.
1929 3401 1948 3421 ς.
1968 3391 2001 3418 D.
2021 3391 2103 3425 Qiod
2117 3399 2202 3419 metus
2221 3393 2308 3424 causa,
2325 3391 2428 3419 Mecum

1370 3430 1458 3457 Labeo
1477 3429 1661 3461 accipiendum
1686 3427 1766 3460 dicit,
1797 3436 1853 3454 non
1879 3426 2028 3463 quemlibet
2061 3427 2206 3460 timorem,
2240 3427 2283 3455 sed
2316 3427 2428 3454 maioris

1370 3466 1501 3493 malitatis.

1406 3510 1430 3529 M
1443 3507 1561 3529 ALiTi
1576 3507 1597 3527 A
1610 3521 1617 3533 ‚
1644 3509 1683 3527 ac.
1703 3500 1721 3525 f.
1741 3497 1838 3532 [κοικιὴ
1857 3503 1932 3526 κακίαι
1951 3500 2012 3526 Vet.
2033 3499 2115 3527 Gloss‘.
2137 3499 2274 3533 ῥαδιυρνία]
2301 3498 2428 3534 Erasmus,

1368 3539 1490 3573 Malitia,
1515 3537 1705 3568 Perire-afitatem
1719 3535 1807 3569 sinat,
1827 3545 1900 3570 quum
1917 3536 1974 3570 quis
1995 3538 2058 3562 data
2078 3543 2149 3571 opera
2160 3535 2222 3560 male
2234 3535 2297 3568 agit.
2369 3535 2427 3563 Cic.

1367 3575 1451 3601 Tusc,
1466 3584 1491 3607 3⁴
1506 3583 1527 3600 c.
1543 3581 1565 3602 ις
1585 3571 1762 3605 Huiusigitur
1777 3571 1884 3598 virtutis
1899 3572 2034 3598 contraria
2047 3572 2082 3598 est
2091 3568 2231 3598 vitiofitas:
2249 3570 2280 3596 sic
2294 3569 2367 3597 enim
2375 3580 2428 3597 ma-

1369 3610 1397 3636 lo
1411 3620 1489 3644 quam
1503 3607 1631 3636 malitiam
1646 3607 1775 3642 appellare
1790 3617 1858 3640 eam,
1872 3616 1951 3642 quam
1965 3608 2061 3634 Graeci
2080 3609 2160 3633 κακίαν
2179 3606 2316 3639 appellant,
2353 3607 2426 3633 Nam

1367 3647 1470 3674 malitia
1491 3644 1554 3672 certi
1570 3643 1704 3670 cuiusdam
1722 3643 1889 3670 vitiinomen
1903 3644 1954 3677 est,
1974 3643 2100 3670 vitiofiras
2121 3641 2252 3668 omnium.
2324 3643 2426 3677 Nempe,

1975 3282 2104 3309 Volucres
2126 3293 2229 3311 venena
2256 3285 2430 3321 malignantes

1318 3693 1347 3717 95
1365 3691 1395 3708 vt
1408 3685 1476 3709 docet
1494 3681 1564 3708 Idem
1579 3679 1610 3706 de
1627 3680 1687 3705 Nar.
1701 3680 1781 3707 Deor.
1796 3689 1815 3715 3,
1834 3689 1862 3712 75
1883 3690 1904 3707 c.
1921 3690 1951 3712 30
1973 3677 2074 3707 Malitia
2087 3675 2123 3701 est
2138 3677 2241 3704 versuta
2250 3683 2276 3704 et
2289 3677 2368 3704 fallax
2377 3686 2425 3704 no-

1367 3718 1443 3745 cendi
1458 3718 1536 3745 ratio.
1608 3715 1679 3742 Idem
1695 3715 1747 3741 Off.
1761 3725 1781 3749 3,
1797 3725 1819 3748 7¹
1842 3716 1900 3742 Nec
1914 3724 1981 3742 vero
1995 3714 2022 3740 ιἰι
2041 3711 2155 3745 praediis
2176 3713 2261 3740 solum
2281 3714 2322 3740 ius
2344 3713 2425 3740 ciuile

1367 3754 1477 3780 ductum
1490 3763 1504 3780 a
1516 3758 1617 3784 natura,
1634 3752 1774 3785 malitiam,
1795 3752 1968 3786 fraudemque
1979 3747 2111 3788 tsifldlcat3
2127 3748 2169 3774 sed
2184 3749 2263 3776 etiam
2278 3750 2306 3776 in
2326 3750 2425 3776 manci>

1365 3790 1474 3824 piorum
1493 3788 1648 3816 venditione
1667 3788 1814 3814 venditoris
1831 3788 1903 3814 fraus
1922 3792 2007 3813 omnis
2020 3784 2180 3812 excluditur.
2250 3784 2322 3812 Idem
2336 3785 2368 3812 de
2376 3785 2424 3812 Le·

1363 3825 1418 3860 gib.
1435 3836 1451 3859 1,
1465 3834 1495 3859 49
1515 3829 1600 3859 Atque
1615 3823 1695 3850 etiam
1710 3824 1727 3849 s1
1741 3823 1928 3850 emolumentis
1941 3828 1994 3845 ”0¹¹
2009 3820 2051 3846 sua
2065 3820 2156 3854 sponte
2169 3826 2262 3847 natura
2280 3821 2366 3847 virtus
2379 3830 2424 3847 ex-

246 3869 276 3886 20
297 3869 320 3886 c.
335 3869 348 3891 7
368 3859 458 3892 Quum
477 3857 527 3884 hoc
542 3867 628 3884 nouae
642 3859 698 3885 litis
717 3867 799 3891 genus
825 3865 876 3884 tam
894 3860 1053 3887 maleficiose
1072 3859 1232 3892 intenderet,
1252 3870 1299 3888 etc.
1309 3873 1356 3890 100
1367 3861 1478 3895 petitur,
1498 3870 1548 3887 vna
1557 3865 1608 3886 erit
1617 3867 1711 3895 virtus,
1726 3869 1793 3894 quae
1813 3857 1912 3886 malitia
1925 3855 2064 3882 reftiffime
2077 3855 2188 3882 dicetur.
2226 3858 2259 3882 Et
2269 3856 2351 3891 paullo
2362 3856 2423 3891 post,

246 3897 293 3920 Sea'
304 3896 374 3921 hodie
386 3893 467 3920 omnia
479 3894 631 3927 exemplaria
638 3887 733 3927 {haben}
747 3894 889 3921 Malitiose.

281 3937 303 3955 M
314 3937 334 3955 A
346 3937 362 3956 ι,
376 3936 392 3956 ιε
404 3936 420 3956 r
432 3935 448 3955 E
458 3934 477 3955 R
490 3936 498 3954 1
509 3935 559 3954 AT
570 3935 589 3954 v
602 3936 623 3957 s,
644 3931 730 3955 Potius
736 3930 848 3965 distiin‘le
856 3929 1014 3966 scribendum
1033 3931 1103 3958 Male
1111 3931 1233 3964 feriatus,
1246 3932 1299 3958 vid.

245 3970 439 3992 FERIATV
454 3971 479 3991 s.

284 4007 309 4026 M
322 4007 341 4025 A
355 4008 370 4027 L
383 4008 398 4027 E
408 4008 424 4027 r
435 4002 446 4027 ῑ
458 4007 476 4027 D
488 4000 533 4035 vffs
557 4000 632 4026 etiam
641 4000 779 4035 separatim
791 4002 901 4027 dedimus
924 4001 950 4026 in
968 4008 1059 4030 ιιΑιε
1082 4011 1108 4030 n.
1130 4012 1147 4030 1.

281 4043 304 4062 M
314 4042 335 4061 A
347 4043 362 4063 ι,
375 4043 391 4063 Β
401 4043 416 4063 F
426 4044 444 4063 ο
456 4043 475 4064 R
487 4043 528 4063 Mi
541 4042 554 4063 s
565 4057 573 4070 ,
594 4045 617 4063 e.
656 4036 736 4064 Giton:
750 4036 806 4064 Lat.
828 4037 873 4064 Gr.
893 4036 1030 4071 δύσμορφος.

1382 4005 1465 4031 onitur
1479 4015 1494 4031 ιι
1513 4004 1585 4031 Non.
1601 4006 1615 4029 6
1648 4014 1656 4021 ’“
1676 4025 1682 4031 .

1307 4050 1350 4071 105
1361 4011 1525 4073 {vitiofitatem
1546 4022 1626 4073 notat:
1639 4010 1759 4075 litgprimis
1769 4035 1837 4070 apud
1848 4035 1981 4069 Senecam,
2001 4044 2060 4071 ug.
2083 4034 2198 4070 Epist.47
2215 4030 2276 4062 Hoc
2287 4033 2367 4060 haene
2381 4042 2421 4060 in-

1366 3898 1402 3923 Vt
1416 3897 1489 3924 enim
1504 3896 1616 3931 quisque
1629 3897 1743 3923 maxime
1756 3896 1788 3922 ad
1800 3897 1874 3922 suum
1885 3891 2059 3931 commodum
2073 3892 2156 3918 refert
2173 3900 2346 3927 quaecunque
2358 3898 2423 3925 agit,

1364 3933 1402 3959 ita
1415 3932 1529 3959 minime
1542 3932 1577 3958 est
1592 3931 1636 3957 vir
1650 3932 1750 3963 bonus;
1769 3937 1798 3958 vt
1810 3928 1855 3963 qui
1869 3932 1996 3953 virtutem
2010 3928 2130 3961 praemio
2143 3928 2299 3961 metiuntur,
2321 3927 2422 3954 nullam

1366 3969 1504 4001 virtutem,
1524 3968 1571 3994 nili
1585 3968 1713 3994 malitiam
1726 3971 1824 4003 putent.
1895 3964 1963 3991 Add.
1979 3963 2016 3991 Id.
2033 3964 2110 3996 Off.3
2130 3973 2151 3991 c.
2167 3973 2190 3996 17
2209 3971 2276 3991 extr.
2296 3965 2323 3989 in
2335 3964 2422 3989 medii,-

1898 4007 1910 4024 2
1933 3998 2023 4025 Tamen
2043 4001 2169 4025 interdum
2189 4008 2279 4025 omnem
2297 4002 2383 4025 κακίαν
2397 3997 2421 4034 s.

2379 4077 2420 4096 ter
