2517 4231
2474 42 2476 53 1

275 207 344 246 543
694 188 732 229 Ο
788 186 823 227 C
881 184 916 227 C
1566 202 1567 205 ¹
1819 179 1856 221 0
1913 180 1948 220 C
2004 181 2039 223 C
2383 179 2503 234 544⁷

274 289 409 310 annorum
421 279 591 316 negligentia.
698 277 782 312 Equi,
803 276 874 307 viri,
891 272 986 300 cuncta
999 271 1070 298 vieta
1083 268 1221 310 occidioni
1235 267 1339 308 Dantur
1399 269 1450 311 bus
1463 271 1491 298 in
1504 269 1594 304 terris,
1614 279 1677 306 quas
1692 270 1801 298 distinet
1814 270 1959 298 occidualis
1996 272 2126 306 oceanus,
2146 261 2279 307 roseoque
2291 278 2388 299 aurora
2402 270 2463 298 illu·
2504 294 2506 296 ,

275 318 345 345 Ta<-
359 319 428 344 ᾹΠΠ·
444 326 474 350 13,
488 326 525 348 57·
604 314 642 343 Id.
658 313 724 341 ibid.
740 322 781 346 η,
793 319 820 344 38
848 309 947 344 Copiae
968 314 1024 347 tum
1046 305 1188 332 occidione
1203 303 1341 346 occubuis-
1399 312 1483 333 minat
1496 314 1570 334 ortu.

275 354 341 380 sent.
413 351 562 379 Occidione
575 351 697 379 occidere
729 349 788 375 Liu.
802 352 843 378 28,
860 353 898 378 43.
972 344 1029 370 Cic.
1044 343 1117 369 Fam.
1135 351 1166 374 ις,
1179 352 1192 373 4
1222 341 1252 367 ht
1269 348 1283 365 ἃ
1297 348 1340 366 CO·
1438 347 1458 368 Ο
1469 348 1486 369 C
1499 349 1515 369 C
1527 351 1536 369 1
1546 349 1565 370 D
1576 349 1707 370 ANEVS
1718 365 1727 379 ,
1745 352 1775 376 a,
1795 351 1850 370 um.
1887 342 1948 370 Adi.
1985 344 2124 371 Innocent.
2139 344 2171 371 de
2194 343 2264 371 Cafis
2285 352 2310 378 p.
2324 347 2369 373 228
2393 342 2463 381 Ven-

275 389 356 417 horte
372 388 518 422 Praetoria,
538 395 604 422 quae
617 383 853 419 eratffipiphaneae
867 379 988 415 praesidii
1004 379 1096 411 causa,
1115 377 1256 404 occidione
1271 375 1341 415 σεδ-ἰ·
1401 381 1443 404 tus
1456 378 1622 405 occidaneus.
1661 410 1664 412 v

275 426 343 452 sum.
415 425 508 452 lustin,
522 433 549 456 2,
563 432 606 457 14,
621 429 634 452 3
661 419 758 455 Copias
772 416 914 445 occidione
928 415 1060 443 occidiffe.
1097 415 1158 441 add.
1183 413 1222 442 Id.
1236 421 1273 446 22,
1283 422 1306 445 7,
1320 420 1342 439 2.
1363 413 1378 440 5
1441 418 1460 438 o
1472 419 1488 440 C
1498 419 1515 440 c
1527 421 1537 440 1
1548 420 1567 440 n
1581 422 1589 440 1
1602 422 1622 440 v
1634 421 1675 447 Μ,
1709 414 1729 441 i.
1765 423 1792 441 n.
1829 420 1874 449 pro
1895 414 2002 451 Occasu,
2022 415 2046 451 s.
2067 416 2187 443 interim,
2232 414 2355 442 Pmdent.
2369 412 2466 447 Apoth,
2483 411 2487 418 *

277 468 303 487 n
316 466 354 492 28,
367 470 398 494 4,
413 470 446 488 12,
487 460 555 487 Gen,
570 468 591 491 5,
606 465 642 492 ¹7·
846 488 851 492 ι
1072 472 1083 491 ⁷.
1404 457 1432 474 v.
1447 455 1478 482 27
1513 449 1611 476 Haeret
1624 458 1649 478 et
1663 450 1799 477 occidium
1812 451 1890 478 sentit
1904 451 1958 478 iam
1973 451 2080 486 iamque
2092 452 2223 479 futurum.
2260 452 2297 478 at.
2318 448 2464 476 Excidium.

317 502 338 524 ο
348 502 391 524 CC
401 498 414 523 1'
425 503 437 523 s
449 503 468 523 0
480 503 499 523 R
509 516 518 529 ‚
538 494 604 521 oris.
641 500 677 517 m.
715 488 799 518 Plaut.
813 487 873 515 Mil.
888 496 913 522 4,
926 495 948 520 2,
962 488 994 518 64
1019 486 1130 514 Occisor
1143 494 1245 521 regum.
1402 484 1468 517 confi
1483 484 1571 510 Barth.
1585 486 1694 521 Aduers.
1708 495 1754 521 47,
1771 495 1803 519 ¹3·

294 552 297 559 .
314 539 334 560 o
343 539 360 560 c
369 539 428 560 (218
439 539 459 560 o
469 539 488 559 n
497 539 507 559 1
517 537 537 558 v
546 537 560 557 s
570 550 578 562 ‚
599 536 631 560 a,
652 535 707 553 um.
744 524 806 552 Adi.
841 522 963 551 Tertull·
973 522 1006 550 de
1019 522 1109 550 Anim.
1124 531 1146 550 c.
1155 532 1179 555 33
1206 518 1343 549 Occisoria
1405 555 1428 582 G
1442 524 1517 581 0ἱῖ
1529 525 1551 546 Α
1561 520 1624 547 siv
1634 527 1676 548 vs
1689 542 1698 556 ‚
1717 531 1748 554 a,
1763 532 1818 550 um.
1837 521 1898 549 Adi.
1934 523 1982 549 Ad
1991 522 2099 559 occasum
2106 523 2230 559 spectans.
2247 525 2349 552 δυτικῆς.
2385 520 2467 548 Gloff.

316 568 322 573 .
383 568 388 574 .
1446 575 1453 581 .
1491 563 1503 580 a
1518 575 1524 581 .

278 569 434 633 ”budigiis
446 600 460 629 i'
470 606 518 628 'ro
527 621 537 634 ‚
567 602 622 625 ire.
658 597 801 632 Frequent.
839 595 942 631 Savpius
962 594 1078 621 occidere.
1148 592 1238 621 Festus
1258 601 1290 619 ex
1311 591 1342 618 C.
1358 600 1387 619 ιο
1430 564 1460 618 ιιο
1471 598 1488 618 C
1499 596 1516 618 c
1529 597 1539 617 ῐ
1551 597 1568 618 L
1580 597 1597 617 1.
1608 597 1627 617 o
1637 611 1646 624 ,
1665 592 1719 620 vid.
1733 593 1780 628 sub
1804 599 1824 621 0
1835 601 1853 622 C
1864 598 1881 621 c
1892 601 1925 621 A.
2368 583 2371 584 ⁷

279 640 409 675 Graccho,
430 635 561 664 Homines
574 633 653 661 liberi
666 642 737 660 nunc
751 632 781 659 in
794 631 896 668 oppido
909 630 1085 658 occisitantur.
1444 633 1464 654 ο
1477 633 1495 654 C
1509 633 1526 654 C
1539 625 1552 653 ἶ
1561 634 1582 653 Ν
1594 633 1615 653 o
1624 647 1633 660 ,
1652 627 1741 660 cinui,
1762 636 1866 657 centum
1875 650 1884 662 ‚
1904 632 1957 657 ere.
1997 628 2133 664 [κατᾴδω]
2174 629 2266 655 Contra
2277 636 2371 654 canere.
2406 627 2468 654 Liu.

315 684 336 705 Ο
346 682 364 704 C
375 682 391 702 C
401 674 442 701 1⁹1)
453 678 472 698 o
482 689 491 702 ‚
507 669 578 703 cidi,
599 670 704 703 casum,
724 670 779 695 ere.
817 669 963 703 [ἐκπίοι-τω]
999 668 1038 692 Ex
1052 666 1096 692 Ob
1110 672 1132 691 et
1146 663 1222 691 Cado
1234 662 1346 704 comprfi-
1405 666 1433 697 6,
1447 673 1473 698 4¹
1501 663 1527 690 Si
1541 662 1606 698 pulli
1620 672 1675 689 non
1691 664 1839 698 pascentur,
1859 665 1877 692 fi
1892 666 1991 693 tardius
2005 674 2036 692 cx
2050 674 2129 692 cauea
2143 665 2271 697 exierint,
2289 664 2307 690 si
2320 663 2469 691 occinuerit

278 721 340 740 tum.
413 708 496 735 Plaut.
510 706 579 733 Rud.
593 707 662 741 prol.
677 711 691 736 8
724 705 755 732 Et
770 704 822 731 alia
836 704 907 738 signa
921 702 954 730 de
966 702 1039 729 caelo
1052 701 1085 729 ad
1098 708 1197 728 terram
1211 699 1344 726 occidunt.
1405 700 1472 726 auis.
1508 700 1613 734 Legitur
1625 705 1649 724 et
1662 699 1802 732 oweHum
1838 702 1971 734 Oceanui,
1990 702 2058 736 apud
2070 700 2219 728 Sallustium
2234 700 2303 726 Hist,
2317 710 2336 733 1,
2349 708 2378 727 10
2400 699 2468 726 Iussu

276 749 297 776 ἰ.
317 747 426 773 Cadunt.
464 743 507 769 Sol
525 750 549 768 et
566 744 656 768 Sidera
672 742 783 768 occidere
796 742 931 774 dicuntur,
950 749 1003 765 cum
1016 748 1028 764 e
1041 737 1164 772 conspeHu
1176 735 1254 771 nrstro
1267 737 1345 760 inter-
1406 735 1510 763 Metelli
1524 735 1642 762 cornices
1655 741 1845 763 occanuerunt.
1881 745 1922 773 ap.
1938 738 2061 765 Priscian.
2074 746 2102 764 10
2117 742 2196 772 p.8953
2218 737 2315 771 Putsch.
2387 733 2470 762 Alites

294 783 353 813 ossea
367 780 421 815 ipsa
435 787 508 805 terra
521 778 605 814 nostra
619 778 718 805 abeunt.
790 775 921 804 Nondum
936 773 1059 801 omnium
1072 774 1177 800 dierum
1191 772 1234 799 Sol
1247 770 1345 798 occidit
1364 779 1388 805 15
1405 772 1557 798 occinentes
1585 770 1682 797 Catull.
1695 770 1727 797 ad
1741 770 1875 799 Thallum
1888 781 1928 809 23,
1939 783 1961 805 5.
2033 774 2137 809 Legitur
2157 780 2180 799 et
2194 772 2299 799 Oceano
2308 793 2316 806 ‚
2336 772 2403 808 quod
2412 771 2470 797 vide

300 812 337 845 iu.
353 825 392 849 39,
404 817 444 842 26.
515 814 589 842 Soles
602 814 726 841 occidere
737 818 764 839 et
775 812 866 839 redire
878 811 991 847 possunt,
1012 810 1100 837 Nobis
1113 817 1196 844 quum
1209 807 1288 835 semel
1301 816 1345 833 oc·
1408 811 1436 834 in
1444 808 1490 843 suo
1510 809 1568 834 loco.

276 853 343 881 cidit
357 851 447 878 breuis
461 850 524 884 lux,
546 850 610 877 Nox
625 850 661 877 est
677 855 803 885 perpetua
816 846 974 875 dormienda
996 846 1053 872 Cat.
1068 855 1090 878 ς,
1105 855 1140 885 4..
1166 879 1171 884 ι
1251 879 1257 884 ·
1278 840 1312 884 q
1334 851 1347 869 2
1445 849 1465 870 o
1477 850 1518 871 cc
1530 850 1577 870 ΕΝ
1587 849 1639 870 TV
1651 849 1664 869 s
1678 864 1686 876 ,
1710 840 1750 869 sis.
1788 852 1825 869 m.
1861 842 1993 880 [κατῳδῆ]
2031 845 2161 872 Oct-entus
2175 843 2268 871 soricis
2294 843 2470 872 Valer.>Max.
2487 850 2489 855 ·

277 887 426 921 Occidere,
462 885 649 922 [ἀποθνήσκειν.
671 887 769 920 πεσεῖν]
805 884 892 917 Mori,
909 882 1025 908 interire.
1064 882 1101 907 Ex
1114 879 1203 907 nihilo
1216 888 1303 912 oriri,
1323 886 1347 904 et
1406 888 1427 913 ι,
1442 889 1459 912 1,
1475 888 1497 912 ς.
1569 879 1651 914 Super
1665 884 1775 906 occentu
1788 878 1882 905 soricis
1896 879 2012 913 peritum
2024 881 2163 908 consulere
2194 879 2327 908 Ammian.
2341 882 2377 914 16,
2390 887 2416 907 12.
2428 886 2471 915 pr.
2494 906 2495 909 ,

275 926 307 954 In
322 924 438 951 nihilum
452 921 588 955 occidere,
608 922 738 948 contraria
760 920 817 947 Cic.
834 919 866 946 de
883 918 976 945 Diuin.
991 926 1016 950 2,
1031 925 1067 949 37.
1140 915 1181 943 Id.
1196 915 1279 941 Tusc.
1290 923 1309 946 1,
1322 919 1346 943 18
1407 917 1477 943 Add,
1489 916 1523 942 ib.
1544 924 1566 942 c.
1582 924 1617 949 ¹9·
1637 915 1682 941 vbi
1695 923 1775 941 tamen
1790 914 1950 948 cliuerfimode
1963 916 2064 950 legitur.

276 962 342 989 Sunt
355 960 402 995 qui
416 958 552 986 discessum
566 957 650 984 animi
671 966 685 983 a
700 964 813 991 corpore
826 959 919 990 putant
932 954 980 979 eisc
993 956 1122 979 mortem:
1143 952 1201 977 sunt
1222 950 1269 985 qui
1290 949 1347 976 nul·
1358 957 1393 976 20
1447 957 1467 978 ο
1480 956 1498 978 C
1511 957 1528 978 c
1540 957 1556 977 E
1566 958 1588 977 N
1600 957 1621 978 T
1630 957 1650 978 O
1660 971 1669 984 ,
1689 955 1742 978 Ere.
1778 950 1921 985 Frequent.
1958 950 2132 988 [κατῴδομιι]
2174 951 2261 988 Versus
2274 953 2349 978 locum
2363 950 2472 986 aliquem
2493 949 2505 976 ’1

278 997 336 1024 111111
357 996 477 1023 censeant
498 994 559 1022 fieri
577 994 711 1020 discessum
724 1013 733 1027 ,
771 992 814 1019 sed
834 998 887 1018 vna
908 990 1029 1016 animum
1053 994 1078 1015 et
1098 996 1194 1022 corpus
1215 986 1346 1013 occidere.
1407 986 1521 1022 dirigere
1536 995 1650 1019 camum,
1666 987 1714 1023 sed
1725 986 1922 1022 contumeliosum
1930 985 1998 1020 fere.
2071 988 2207 1022 Augustin,
2220 988 2251 1014 de
2268 989 2298 1015 C,
2313 988 2346 1014 D,
2360 996 2389 1020 2,
2404 996 2420 1021 9
2439 993 2473 1013 ex

277 1032 432 1060 Occidimus
446 1030 495 1066 ipsi
514 1037 540 1058 et
555 1029 749 1065 exstinguimur
764 1027 924 1061 refrigerato
937 1031 963 1052 et
981 1023 1113 1052 exstincto
1131 1023 1221 1050 calore
1254 1022 1292 1049 Id.
1315 1021 1347 1048 de
1407 1022 1548 1050 Ciceronis
1565 1029 1661 1057 quai-to
1674 1023 1706 1049 de
1722 1031 1778 1057 rcp.
1792 1021 1823 1049 ad
1838 1021 1963 1055 verbum⁷
1982 1029 2012 1047 vt
2023 1021 2073 1057 ipse
2085 1024 2132 1055 ait,
2150 1023 2212 1050 haec
2226 1023 2388 1058 excerpenda
2402 1021 2472 1050 arbi-

276 1069 342 1097 Nat.
354 1068 437 1095 Deor.
451 1075 483 1101 2,
497 1076 523 1099 23
543 1076 565 1094 c.
579 1076 603 1100 9.
694 1064 733 1092 Id.
748 1065 786 1098 Q
796 1064 865 1091 Frat.
880 1071 906 1093 1,
919 1070 938 1095 4
971 1061 1016 1088 Sin
1030 1061 1106 1095 plane
1120 1058 1273 1098 occidimus·
1287 1061 1348 1091 (nie
1407 1065 1491 1086 tratus
1507 1059 1553 1094 est:
1580 1059 1693 1086 Nostrae
1713 1058 1855 1086 duodecim
1876 1058 1979 1085 tabulae
1996 1067 2056 1085 cuni
2070 1067 2210 1093 perpaucas
2223 1069 2263 1086 res
2278 1060 2363 1094 capite
2377 1058 2489 1085 samin-*1

277 1103 435 1137 miseruml)
460 1111 511 1137 ego
524 1101 650 1130 omnibus
664 1101 730 1128 meis
744 1099 830 1127 exitio
845 1099 943 1131 fuero,
964 1096 1062 1132 quibus
1077 1102 1137 1123 ante
1150 1094 1275 1123 dedecori
1290 1103 1347 1121 non
1409 1096 1476 1128 sent,
1496 1095 1524 1121 in
1539 1095 1579 1121 his
1595 1095 1661 1122 hanc
1676 1104 1784 1129 quoque
1799 1094 1965 1121 sanciendam
1978 1100 2154 1129 putauerunt,
2174 1094 2191 1121 fi
2206 1095 2265 1128 quis
2281 1094 2475 1128 occentauiss'et,

275 1149 361 1169 eram.
438 1140 482 1167 Ne
494 1148 575 1174 genus
590 1134 853 1165 occidat'luunanum
887 1135 994 1161 Lucret-
1007 1141 1032 1164 2,
1049 1140 1100 1167 ¹74·
1171 1132 1294 1158 Potentes
1308 1139 1347 1157 re·
1362 1136 1393 1162 23
1408 1131 1462 1158 fine
1482 1140 1589 1159 carmen
1609 1130 1788 1162 condidisset,
1823 1130 1896 1165 quod
1918 1130 2058 1157 infamiam
2086 1131 2184 1157 faceret
2205 1131 2369 1165 flagitiumue
2387 1129 2474 1157 alteri.
2500 1151 2502 1154 .

277 1184 339 1205 rum
354 1175 512 1203 occiderunt
536 1174 575 1203 Id.
588 1184 609 1207 3,
624 1182 695 1206 1040.
769 1173 859 1199 Morte
871 1176 977 1198 aeterna
990 1168 1114 1197 occidere
1139 1168 1229 1195 Valer.
1245 1167 1347 1202 Argon.
1410 1169 1566 1201 Occentare‚
1587 1167 1691 1202 (inquit
1706 1167 1815 1202 Festus)
1837 1166 1999 1194 Conuiciuni
2019 1166 2105 1193 facere
2124 1166 2264 1202 significat,
2284 1173 2313 1194 vt
2325 1166 2394 1202 apud
2407 1166 2476 1192 anti·
2508 1194 2512 1198 ,

276 1222 302 1247 7,
315 1219 370 1243 282.
442 1211 526 1238 Ferro
540 1209 639 1238 occidit
653 1209 772 1237 Priamus
804 1207 882 1243 Virg.
898 1207 965 1234 Aen.
981 1215 1009 1239 2,
1026 1211 1074 1237 58¹·
1150 1205 1216 1230 Ante
1229 1204 1289 1230 suos
1303 1211 1347 1229 an·
1409 1213 1493 1239 quos,
1512 1213 1595 1239 quum
1613 1203 1641 1230 id
1654 1202 1762 1230 clai-eet
1776 1213 1835 1230 cum
1851 1202 1965 1237 quodam
1981 1211 2078 1229 canore
2093 1202 2183 1238 tieret,
2202 1208 2231 1229 vt
2246 1203 2339 1237 procul
2353 1201 2476 1229 exaudiri

268 1258 329 1276 mos
343 1246 442 1275 occidit
469 1246 552 1275 Ouid.
567 1249 660 1275 Amor.
673 1255 696 1278 2,
712 1254 736 1279 2,
747 1246 792 1278 46.
865 1243 983 1269 Vulnere
997 1241 1096 1269 occidit
1119 1239 1157 1268 Id.
1172 1241 1235 1267 Met.
1251 1241 1278 1272 6,
1292 1243 1347 1269 265.
1408 1241 1503 1276 posset:
1521 1240 1593 1274 quod
1613 1246 1689 1274 turpe
1705 1239 1835 1273 habetur,
1853 1239 1916 1274 quia
1937 1248 1990 1265 non
2012 1239 2066 1265 siue
2085 1240 2159 1265 causa
2177 1239 2236 1266 fieri
2254 1245 2371 1273 putatur.
2427 1238 2477 1264 Sed

278 1284 390 1317 Occidi,
407 1283 514 1310 dolentis
528 1292 581 1309 cum
595 1282 747 1309 commotione
759 1281 867 1315 quadam
878 1279 1022 1314 particula,
1042 1278 1107 1303 idem
1121 1276 1262 1312 fignificat,
1281 1276 1349 1310 quod
1408 1283 1504 1302 amator
1518 1276 1622 1302 amicam
1636 1277 1798 1302 honoraturus
1816 1276 1855 1302 ait
1872 1277 1940 1311 apud
1974 1274 2057 1302 Plaut.
2075 1276 2154 1302 Curc.
2171 1283 2196 1308 1,
2211 1283 2238 1307 2,
2253 1282 2284 1309 57
2309 1274 2383 1308 Qiid
2402 1273 2420 1301 fi
2432 1273 2475 1300 ad-

278 1321 359 1348 Perir'.
432 1319 502 1346 Ter.
521 1319 588 1345 Eun.
607 1327 635 1351 2,
651 1327 676 1350 3,
690 1326 699 1344 1
736 1315 845 1343 Occidi:
867 1324 955 1350 neque
969 1314 1048 1349 virgo
1060 1313 1098 1340 est
1116 1321 1242 1347 vsquam:
1262 1319 1348 1346 neque
1361 1318 1393 1343 30
1409 1312 1564 1345 eamvfores,
1584 1317 1663 1345 atque
1677 1313 1831 1338 occentem3
1905 1313 1946 1338 Ita
1966 1311 2034 1338 Pers.
2050 1323 2074 1344 4,
2087 1320 2116 1344 4,
2130 1320 2160 1337 20
2183 1311 2238 1337 Hac
2251 1320 2325 1338 enim
2339 1310 2379 1337 illi
2391 1309 2474 1337 noctu

278 1366 339 1392 ego,
357 1355 403 1391 qui
418 1354 492 1381 illam
505 1364 519 1381 e
533 1353 676 1389 conspefi‘tu
690 1352 764 1380 amisi
778 1359 848 1378 men.
920 1352 990 1376 Add.
1012 1350 1051 1377 Id.
1062 1348 1142 1376 Andr.
1156 1357 1176 1381 3,
1191 1358 1214 1382 4,
1230 1357 1251 1380 ¹3
1265 1354 1290 1373 et
1304 1349 1347 1374 26.
1409 1347 1586 1375 occentabunt
1597 1347 1705 1379 ostium,
1727 1354 1839 1375 exurent
1852 1347 1935 1376 fores.
2008 1350 2041 1375 It.
2064 1348 2174 1374 Mercat.
2189 1356 2210 1377 2,
2224 1355 2247 1379 3,
2261 1355 2298 1380 73.
2425 1364 2428 1365 ν

278 1393 363 1421 Plaut.
378 1391 435 1419 Cas.
450 1400 471 1424 3,
485 1400 508 1424 5,
522 1400 540 1417 1.
559 1399 584 1416 et
602 1389 683 1417 Stich.
698 1398 720 1423 2,
734 1397 756 1421 3,
769 1394 810 1422 73.
902 1386 988 1412 Dolus
1001 1385 1102 1412 occidit
1128 1384 1210 1411 Plaut.
1224 1383 1312 1411 Truc.
1326 1393 1349 1418 2,
1445 1391 1465 1411 o
1475 1390 1492 1410 C
1504 1390 1521 1410 C
1532 1390 1549 1410 E
1560 1390 1582 1411 Ν
1595 1389 1677 1410 ΤΑΝ
1691 1389 1704 1410 s
1715 1405 1725 1418 ,
1743 1384 1821 1412 antis.
1839 1384 1932 1411 Partic.
1953 1383 2031 1410 Bubo
2045 1389 2183 1410 occentans
2198 1382 2323 1410 funebria
2341 1382 2474 1410 Ammian-

277 1438 301 1461 5,
314 1431 340 1456 6.
423 1428 526 1454 Domus
541 1435 592 1453 vna
605 1425 702 1452 occidit
734 1422 815 1451 Ouid.
829 1421 894 1449 Met.
909 1430 929 1455 i,
943 1430 1000 1453 240.
1091 1420 1180 1446 Fundi
1192 1420 1348 1446 occiderunt
1407 1430 1455 1454 30,
1473 1430 1506 1447 21.
1747 1440 1751 1442 .
2496 1441 2502 1447 .

277 1465 361 1492 Plaut.
376 1464 464 1491 Truc.
481 1473 499 1497 1,
512 1470 537 1498 2,
551 1471 589 1495 72.
661 1459 768 1487 Herbae
780 1461 857 1484 etiam
871 1456 1002 1485 Occidere
1020 1456 1157 1488 dicuntur,
1174 1462 1222 1491 per
1235 1457 1348 1480 transla-
1447 1462 1467 1483 o
1479 1462 1495 1483 c
1507 1462 1525 1483 c
1537 1453 1551 1482 1⁸¹
1559 1462 1574 1482 i>
1587 1464 1597 1484 1
1612 1461 1631 1482 ο
1643 1475 1651 1488 ,
1672 1453 1746 1489 cepi,
1771 1460 1892 1489 ceptum,
1912 1455 1966 1481 ἕπε.
2003 1454 2016 1489 [
2024 1456 2148 1490 ἰνῐςαμαι]
2185 1456 2253 1481 Idem
2271 1456 2338 1489 quod
2352 1454 2479 1490 inciperes.

276 1500 377 1534 tionem,
395 1508 468 1534 quum
482 1498 628 1533 senescunt,
647 1498 691 1523 vel
702 1494 856 1530 euaneftunt.
955 1493 1031 1527 Virg.
1045 1492 1097 1518 Ecl.
1112 1501 1125 1523 4
1135 1512 1144 1524 ,
1159 1500 1188 1523 24
1222 1491 1252 1517 Et
1267 1490 1347 1516 fallax
1361 1497 1391 1523 33
1407 1501 1438 1518 ex
1453 1492 1548 1527 Capio.
1588 1493 1659 1517 Certe
1672 1490 1759 1526 optimi
1773 1490 1836 1516 libri
1851 1491 2000 1516 Terentiani
2013 1491 2040 1515 in
2056 1491 2206 1516 Praeteritis
2223 1491 2355 1527 efimplex
2373 1491 2474 1518 habent.

276 1534 369 1564 Herba
382 1534 479 1561 veneni
536 1532 656 1560 Occidet.
743 1532 844 1558 Lumen
858 1529 1001 1556 oculorum
1014 1527 1113 1555 occidit
1139 1527 1244 1554 Lucret.
1259 1535 1279 1558 3,
1293 1528 1345 1558 416.
1408 1530 1486 1563 Apud
1498 1528 1615 1553 Plautum
1629 1527 1705 1552 etiam
1714 1533 1761 1562 per
1775 1535 1809 1553 oe
1822 1526 1915 1559 editur,
1934 1533 2052 1561 tanquam
2066 1536 2097 1552 ex
2108 1528 2180 1552 verbo
2194 1527 2289 1562 Coepi.
2361 1528 2410 1553 Sed
2421 1535 2476 1553 cum

275 1571 417 1600 Maturitas
432 1569 555 1596 festinata
569 1568 682 1595 celerius
694 1567 792 1594 occidit
829 1565 963 1599 Quinetil.
984 1567 999 1591 6
1021 1572 1144 1600 prooem.
1238 1562 1295 1589 Cic.
1315 1561 1347 1588 dc
1400 1563 1439 1597 fit
1454 1562 1571 1598 Praesens
1586 1562 1714 1588 indubium
1727 1563 1850 1597 occipere
1869 1569 1900 1588 vt
1918 1561 2054 1597 incipere3
2072 1562 2179 1597 incoepi
2200 1570 2281 1588 autem
2300 1571 2368 1588 nemo
2385 1569 2476 1589 temere
2494 1561 2512 1585 ss

275 1607 370 1642 Legib.
388 1615 400 1633 2
410 1627 418 1640 ‚
440 1612 469 1638 48
507 1606 579 1631 Haec
599 1604 658 1630 iura
673 1603 832 1630 Pontificum
848 1601 1007 1628 auctoritate
1023 1601 1163 1627 consecuta
1177 1599 1251 1634 sunt,
1272 1604 1299 1625 vt
1314 1606 1348 1624 ne
1401 1599 1515 1636 scribat:
1541 1598 1634 1633 occepi
1648 1607 1740 1633 quoque
1757 1598 1952 1633 praeftremlum
1971 1599 2082 1625 videtur.
2153 1599 2225 1625 Ter.
2244 1597 2351 1625 Phorm.
2365 1607 2388 1632 5,
2399 1600 2426 1632 6,
2441 1605 2475 1625 22
2485 1593 2492 1601 ‘

275 1650 364 1671 morte
377 1641 577 1678 patrisfamilias
593 1641 726 1667 sacrorum
741 1638 874 1666 Memoria
890 1637 1033 1664 occideret.
1143 1635 1180 1662 Id.
1193 1635 1225 1662 de
1239 1634 1347 1661 Amicii.
1408 1638 1440 1663 In
1460 1644 1623 1670 gynaeceum
1644 1635 1685 1661 ire
1699 1634 1822 1669 occipio,
1861 1635 1893 1660 Et
1909 1634 2018 1669 Accepit
2035 1633 2235 1667 conditionem,
2256 1634 2318 1661 dein
2330 1634 2476 1667 Qiaestum

277 1688 322 1710 104
348 1680 471 1712 Qiarum
484 1686 574 1704 rerum
591 1675 753 1703 Recordatio
766 1681 793 1701 et
806 1674 947 1706 memoria,
968 1673 986 1700 si
1000 1682 1051 1700 vna
1065 1681 1126 1699 cum
1141 1672 1190 1698 illo
1204 1670 1349 1703 occidisset,
1360 1678 1394 1702 40
1408 1671 1507 1706 occipit
1537 1670 1612 1698 Ideni
1627 1670 1710 1697 Andr.
1728 1680 1744 1701 1,
1760 1679 1779 1704 1,
1794 1678 1830 1703 52.
1928 1670 1971 1698 Ibi
1990 1670 2037 1698 illa
2054 1679 2114 1697 cum
2136 1671 2185 1698 illo
2205 1671 2356 1697 sermonem
2376 1669 2475 1705 occipit

277 1714 435 1742 desiderium
448 1712 656 1740 coniune'tiffimi
669 1711 724 1738 viri
738 1717 818 1745 atque
833 1709 1000 1737 amantissimi
1014 1709 1087 1735 ferre
1100 1708 1176 1735 nullo
1192 1707 1273 1734 modo
1287 1715 1346 1741 pos·
1407 1707 1447 1736 Id.
1460 1708 1526 1734 Eun.
1539 1716 1566 1741 4,
1580 1716 1599 1740 1,
1614 1712 1637 1736 8.
1717 1706 1791 1734 Idem
1805 1705 1870 1733 ibid.
1892 1715 1912 1739 1,
1926 1715 1948 1739 2,
1959 1715 1992 1740 45
2026 1708 2130 1734 Interea
2149 1707 2242 1740 miles,
2263 1707 2309 1742 qui
2328 1715 2371 1733 me
2385 1714 2475 1733 amare

278 1752 342 1778 sem.
415 1748 489 1775 Idem
510 1757 560 1783 pro
580 1750 671 1775 Domo
692 1749 726 1781 96
757 1747 850 1782 Remp.
871 1745 1018 1773 concedere
1030 1745 1110 1771 vnius
1123 1744 1230 1771 discessu
1240 1763 1247 1775 ,
1267 1751 1348 1777 quam
1407 1749 1555 1777 occeperat.
1627 1741 1667 1769 Id.
1682 1742 1765 1769 Andr.
1778 1751 1800 1774 3,
1813 1751 1838 1775 2,
1853 1751 1883 1774 24
1910 1743 1936 1769 Si
1949 1743 2014 1777 quid
2028 1751 2135 1770 narrare
2150 1743 2250 1777 occepi,
2263 1742 2392 1769 continuo
2406 1741 2489 1776 dari,1

278 1786 401 1813 omnium
414 1785 524 1811 interitu
538 1784 672 1816 occidere,
690 1783 783 1809 malui.
855 1782 938 1808 Plaut.
951 1780 1030 1807 Stich.
1043 1783 1100 1813 2,‘i‚
1116 1788 1142 1813 ες
1167 1779 1216 1806 Sed
1230 1778 1348 1813 Spatium
1407 1779 1458 1806 tibi
1477 1777 1559 1806 verba
1579 1778 1676 1804 censes.
1712 1778 1779 1811 confi
1799 1779 1883 1804 Plaut.
1898 1777 1995 1812 Amph.
2010 1787 2036 1810 2,
2050 1786 2075 1811 2,
2089 1787 2127 1811 92.
2199 1780 2226 1806 Si
2241 1779 2333 1806 animo
2345 1779 2412 1806 male
2427 1779 2477 1806 effe.

277 1822 329 1850 hoc
343 1820 451 1854 occidit,
471 1820 555 1846 breue
568 1819 604 1845 est
622 1819 767 1845 curriculo.
804 1818 828 1844 h.
842 1827 863 1844 e.
890 1819 949 1843 Non
958 1816 1025 1852 sutis
1034 1816 1115 1851 spatii
1128 1816 1210 1841 habeo.
1285 1814 1347 1848 Spes
1406 1814 1549 1849 occeperit.
1622 1813 1660 1840 Id.
1673 1813 1753 1840 Curc.
1766 1821 1786 1845 1,
1799 1821 1819 1845 1,
1832 1822 1860 1845 43
1886 1813 1933 1838 Vti
1951 1813 2043 1847 occepi
2062 1813 2160 1840 dicere.
2186 1823 2210 1840 et
2224 1816 2263 1841 ita
2273 1814 2346 1849 saepe
2358 1815 2386 1840 in
2399 1815 2474 1841 conti·
2500 1831 2503 1833 -

276 1857 365 1886 nostra
380 1855 487 1889 occidit,
507 1863 638 1889 nusquam
651 1853 782 1880 stabulum
800 1853 836 1878 est
850 1851 1042 1885 confidentiae,
1068 1852 1091 1878 h.
1106 1861 1126 1877 e.
1149 1853 1188 1877 De
1196 1850 1242 1885 spe
1255 1850 1348 1875 decidi·
1361 1853 1390 1879 45
1407 1852 1510 1877 numida
1522 1849 1633 1876 oratione
1645 1849 1797 1883 interrupta.
1868 1847 2053 1882 Magistratum
2067 1857 2226 1883 occeperant
2245 1850 2336 1877 Tacit.
2344 1852 2411 1877 Anu.
2419 1860 2440 1884 3,
2449 1859 2474 1878 2·

277 1903 330 1920 mus
357 1893 438 1919 Plaut.
453 1891 533 1918 Most.
547 1899 580 1924 2,
596 1901 619 1923 1,
633 1899 654 1923 3.
728 1888 852 1921 Occidit,
872 1888 971 1916 occidit
986 1888 1048 1923 Spes
1067 1887 1171 1920 omnis,
1191 1893 1217 1913 et
1237 1885 1347 1913 fortuna
1406 1887 1476 1914 Add.
1496 1885 1535 1912 Id.
1551 1884 1619 1911 Hist.
1642 1893 1670 1917 2,
1690 1886 1734 1916 16,
1756 1893 1779 1916 4.
1887 1884 2012 1911 quentas
2025 1884 2124 1919 occipit
2144 1885 2234 1920 pueris
2265 1886 2370 1914 Lucret.
2384 1897 2407 1920 5,
2421 1891 2493 1919 8875.

277 1928 362 1957 nostri
375 1927 507 1956 Nominis
539 1927 607 1954 Hor.
621 1927 711 1954 Carm.
726 1934 755 1958 4,
768 1936 793 1958 4,
805 1932 846 1959 72.
1407 1922 1521 1949 Dolores
1534 1921 1670 1956 occipiunt
1705 1920 1777 1946 Ter.
1791 1918 1840 1946 Ad.
1855 1928 1878 1954 3,
1891 1929 1909 1952 1,
1923 1928 1944 1946 2.
2054 1921 2087 1947 Et
2100 1919 2240 1957 saepiffime
2258 1924 2326 1957 apud
2343 1922 2507 1957 Plautum,1.,

314 1971 334 1991 o
345 1970 387 1992 cc
398 1962 411 1991 1⁰
417 1970 436 1991 D
448 1969 516 1990 ENs
526 1985 535 1997 ,
553 1963 630 1988 entis.
669 1962 763 1988 Partic.
802 1960 991 1995 [ἀποθνήσκων]
1029 1958 1086 1986 Cic.
1100 1958 1173 1985 Fam.
1191 1968 1204 1988 4
1214 1978 1223 1990 ,
1241 1965 1250 1983 1
1284 1957 1346 1984 Pro-
1405 1958 1474 1985 cuias
1487 1961 1562 1984 etiam
1577 1956 1610 1993 est
1624 1956 1752 1991 Occepso,
1772 1958 1839 1989 quod
1851 1956 1910 1981 vide
1924 1955 1951 1981 in
1957 1954 2004 1990 suo
2016 1956 2074 1983 loco.
2497 1979 2500 1982 ,

275 2000 349 2027 fecto
363 1998 465 2034 aliquid
484 1999 543 2032 opis
557 1997 691 2024 occidenti
706 1997 784 2030 Reip.
795 1996 950 2022 tulissemus.
1057 1995 1159 2021 Natura
1178 1993 1345 2019 occidentem
1444 2000 1464 2020 o
1477 2000 1495 2021 c
1507 1999 1575 2020 CEP
1588 1999 1610 2019 T
1622 1999 1659 2025 o,
1680 1997 1734 2018 ῑιῑε.
1770 1992 1912 2026 Frequent.
1949 1993 2025 2019 Idem.
2070 1992 2152 2019 Plaut.
2170 1993 2243 2020 Men.
2263 2001 2293 2026 5,
2311 1999 2340 2026 ς,
2360 1997 2384 2024 18
2416 1994 2486 2022 Iam.v

275 2035 406 2062 maturius
419 2033 587 2067 exstinguere
600 2032 711 2058 vulnere
740 2032 797 2056 Cic.
814 2039 865 2064 pro
879 2031 952 2056 Cael.
965 2038 1009 2063 79.
1083 2030 1160 2055 Mors
1174 2034 1231 2054 tum
1244 2028 1346 2059 aequis·
1359 2032 1391 2057 50
1406 2029 1495 2055 hercle
1507 2034 1623 2061 occeptat
1643 2027 1769 2054 insanire.
2441 2023 2479 2058 ‘¹5¹1'
2491 2026 2493 2031 ⁴

275 2071 342 2099 fimo
357 2070 449 2097 animo
463 2068 616 2103 oppetitur,
635 2075 696 2093 cum
716 2065 769 2091 suis
783 2066 809 2091 se
823 2064 945 2090 laudibus
960 2065 1016 2090 vita
1032 2064 1159 2089 occidens
1172 2063 1196 2088 se
1216 2061 1347 2088 consolari
1444 2069 1464 2088 o
1474 2068 1491 2087 c
1501 2068 1518 2087 c
1529 2062 1564 2088 ἴε·
1575 2069 1596 2087 ν
1607 2068 1630 2087 'r
1640 2081 1649 2093 ‚
1676 2062 1730 2087 'i'tis-
1768 2070 1795 2087 n.
1833 2063 1923 2100 [ἰνίον]
1959 2063 2082 2098 Pqsterim·
2094 2065 2187 2100 capitis
2205 2071 2282 2100 pars,
2303 2073 2365 2098 quae
2377 2057 2469 2092 Franks<

274 2106 360 2143 potest
385 2106 424 2134 Id.
437 2105 521 2132 Tusc.
537 2114 556 2138 1,
570 2112 615 2136 ¹09
636 2111 658 2130 c.
671 2110 714 2135 45.
787 2098 971 2142 Occidens-sol
1002 2098 1042 2125 Id.
1058 2098 1128 2138 ibid..
1139 2106 1158 2129 1,
1172 2106 1227 2137 92³¹.
1261 2098 1310 2121 Sed
1322 2102 1347 2120 et
1407 2097 1547 2131 apponitur.
1622 2096 1756 2135 Ausonius
1770 2094 1799 2121 in
1812 2104 2002 2130 epigrammate
2016 2099 2168 2127 Occasionis
2187 2109 2211 2127 12
2244 2101 2365 2136 Occipite
2377 2100 2463 2128 escal-

324 2152 337 2170 2
379 2141 529 2176 Occidens,
553 2135 856 2179 alt'quandostaelgslamzue
875 2142 1014 2170 acc1p1tur:
1032 2141 1055 2160 et
1069 2131 1270 2169 subintelligitur
1291 2129 1347 2163 Sol,
1406 2133 1460 2159 vo?
1481 2140 1514 2158 ne
1526 2137 1618 2158 tenear
1633 2131 1749 2165 fuglem„

274 2185 360 2214 nempe
378 2185 423 2214 pro
438 2179 473 2204 Ea
486 2183 560 2211 parte
573 2175 670 2207 mundi,
689 2183 717 2199 m
731 2172 831 2208 quasa!
842 2172 946 2197 occidit.-
965 2178 996 2196 vt
1010 2170 1125 2202 Oriens,
1146 2168 1174 2193 in
1193 2177 1241 2203 qua
1255 2167 1348 2206 oritur.
1445 2174 1465 2194 o
1476 2173 1493 2194 c
1502 2173 1519 2193 C
1530 2174 1539 2193 1
1549 2174 1565 2194 P
1576 2175 1585 2193 1
1598 2173 1620 2194 Τ
1633 2175 1643 2194 1
1652 2173 1672 2193 ν
1682 2173 1726 2199 M,
1748 2165 1769 2193 i.
1806 2175 1832 2193 n.
1869 2167 1959 2204 [ἰνίον]
1995 2168 2070 2195 Idem.
2107 2169 2295 2198 Cucurbitulas
2307 2169 2470 2207 temporibus

274 2215 335 2244 Cic.
347 2215 378 2241 de
392 2214 454 2241 Nat.
471 2213 553 2239 Deor.
568 2222 596 2244 2,
611 2212 658 2244 164
674 2219 696 2237 c.
711 2211 745 2236 66
783 2207 839 2241 Qui
857 2207 903 2234 has
921 2206 1063 2233 nobiscum
1083 2212 1167 2232 terras
1186 2204 1219 2230 ab
1233 2204 1347 2229 Orleme
1363 2206 1390 2232 55
1406 2210 1432 2231 et
1445 2203 1574 2239 occipitio
1585 2203 1731 2230 admouere
1758 2201 1826 2229 Cels.
1843 2212 1866 2236 4,
1880 2211 1905 2230 2.
1979 2204 2062 2232 Plaut.
2077 2204 2136 2233 Aul.
2151 2216 2170 2240 1,
2182 2216 2202 2240 1,
2216 2216 2244 2239 25
2267 2208 2350 2241 =Qiae
2363 2209 2392 2235 in
2403 2205 2471 2234 occi-

275 2252 309 2279 nd
322 2249 496 2278 Occidentem
510 2248 611 2275 colunt.
703 2243 791 2273 Insula
804 2243 899 2270 vltima
912 2242 1065 2269 Occidentis
1097 2240 1184 2269 Catul.
1199 2240 1226 2266 in
1246 2238 1347 2266 Iulium
1407 2239 1477 2275 pitio
1491 2248 1600 2274 quoque
1614 2239 1693 2266 habet
1706 2238 1800 2265 oculos
1813 2239 1937 2273 pessuma.
1994 2241 2058 2266 Dici
2074 2241 2152 2278 potest
2163 2244 2193 2269 de
2209 2242 2318 2278 versutis
2331 2251 2356 2271 et
2369 2243 2472 2270 circum-

275 2288 415 2316 Caesarem
429 2293 460 2320 17
479 2288 545 2318 (30)
567 2292 603 2315 ¹3·
696 2281 775 2308 Sinus
789 2279 898 2306 vltimus
913 2278 1067 2306 Occidentis
1098 2278 1168 2304 Hor.
1183 2275 1266 2311 Epod.
1282 2284 1301 2308 1,
1314 2283 1347 2307 13.
1402 2276 1504 2311 spee‘lis,
1523 2285 1627 2310 quosque
1639 2275 1782 2309 neutiquam
1793 2275 1905 2309 procliue
1909 2274 1948 2307 fit
1954 2275 2063 2309 sallem
2080 2279 2232 2312 quodgeuus
2244 2280 2367 2305 hominum
2383 2288 2399 2306 e
2413 2279 2472 2306 Per.

274 2324 368 2353 Totus
385 2321 525 2356 nauigatur
538 2318 678 2346 Occidens.
718 2317 775 2343 Vid.
799 2320 950 2342 NAviGo
961 2335 969 2347 ‚
988 2317 1016 2340 in
1036 2320 1162 2340 NAVls.
1408 2312 1446 2339 sio
1469 2319 1496 2342 1,
1514 2316 1544 2345 58
1577 2312 1655 2338 Ianos
1667 2309 1791 2346 appellare
1801 2308 1888 2345 poffis,
1924 2310 1949 2337 Ο
1963 2311 2041 2345 Iane,
2058 2319 2073 2336 a
2093 2317 2169 2347 tergo
2189 2321 2269 2347 quem
2281 2314 2354 2340 nulla
2370 2314 2474 2341 ciconia

314 2365 335 2387 0
346 2364 364 2386 C
375 2366 392 2387 C
402 2365 411 2384 1
422 2364 442 2384 D
452 2364 468 2384 E
479 2363 502 2383 N
512 2363 534 2382 T
544 2357 567 2383 A·
576 2361 633 2382 Lis
642 2375 650 2387 ,
670 2363 694 2380 e.
732 2352 793 2379 Adi.
831 2352 961 2386 [δυτινὸς]
987 2351 1064 2385 Qud
1075 2349 1165 2384 vergit
1178 2348 1214 2373 ad
1226 2346 1348 2373 Occiden·
1407 2347 1495 2383 pinsit.
1575 2348 1710 2373 Prouerlui
1729 2346 1804 2372 etiam
1824 2345 1898 2381 quast
1911 2353 2008 2372 moneta
2023 2347 2161 2382 percuffiem
2179 2347 2213 2383 est
2231 2347 2295 2374 illud
2308 2348 2420 2376 (2330an
2440 2350 2474 2376 de

276 2404 334 2424 tem.
408 2393 476 2421 Plin.
491 2397 530 2426 18,
541 2400 572 2426 34
605 2389 647 2418 Ab
661 2389 761 2417 Occasu
775 2387 906 2414 solstitiali
918 2393 944 2413 et
957 2384 1127 2413 Occidentali
1143 2384 1225 2411 latere
1240 2383 1347 2417 Septen·
1359 2381 1396 2407 60
1408 2385 1439 2411 R.
1454 2384 1486 2410 R.
1506 2392 1529 2409 c.
1544 2392 1558 2414 4
1583 2383 1609 2410 Si
1629 2382 1696 2410 bene
1715 2381 1912 2415 aeditimum-is,
1934 2381 2059 2409 libentius
2077 2388 2103 2409 et
2120 2383 2222 2418 saepius
2243 2383 2351 2417 venies,
2368 2384 2474 2412 ¹fundu.

274 2431 383 2461 trionis·
1408 2420 1507 2447 melior
1518 2420 1585 2451 erit,
1606 2419 1750 2452 minusque
1770 2417 1939 2453 peccabitur,
1957 2418 2040 2445 frucSti
2058 2418 2117 2453 plus
2133 2418 2233 2454 capies:
2250 2419 2327 2445 frons
2346 2420 2475 2456 occipitio

315 2474 336 2495 ο
347 2473 363 2494 c
375 2471 394 2493 c
405 2465 495 2498 A'so,
525 2463 579 2490 gre.
615 2459 796 2496 [καταίχομαι]
833 2458 937 2485 verbum
958 2457 1105 2491 antiquum,
1126 2456 1198 2482 aiunt
1217 2455 1248 2480 ab
1264 2454 1348 2481 Occa-
1409 2457 1495 2491 prior,
1567 2455 1668 2482 Plinius
1682 2456 1741 2480 item
1753 2456 1781 2481 in
1795 2456 1895 2480 eandem
1903 2454 2144 2490 fermesememfam
2161 2459 2197 2489 ¹8,
2211 2463 2224 2484 ς
2256 2454 2323 2481 Eum
2337 2460 2424 2483 tamen
2435 2456 2489 2482 in..
2515 2458 2517 2486 ⁴,

276 2504 351 2536 sum,
370 2501 476 2528 occasu:
496 2506 520 2526 et
531 2497 639 2524 laudant
675 2496 758 2524 Plaut.
773 2495 859 2522 Calin.
873 2503 902 2527 3,
916 2504 947 2527 4,
966 2499 980 2524 8
1006 2492 1087 2519 Satin'
1102 2498 1212 2527 propter
1227 2496 1252 2517 te
1265 2499 1347 2525 pereo
1409 2493 1475 2527 quit,
1496 2490 1544 2526 qui
1557 2491 1624 2518 bene
1637 2491 1748 2523 habitet,
1767 2490 1870 2525 saepius
1883 2490 2017 2517 ventitare
2034 2490 2064 2517 in
2077 2498 2185 2525 agrum:
2204 2490 2377 2525 frontemque
2388 2491 2473 2520 domi-
2516 2504 2517 2513 1

276 2548 346 2574 ego,
366 2543 445 2571 atque
469 2534 578 2562 occaso?
603 2534 653 2560 Sed
672 2531 780 2559 Occasio
799 2531 889 2557 habent
906 2531 1011 2566 optimae
1028 2537 1137 2564 quaeque
1150 2527 1288 2559 editiones,
1306 2536 1350 2552 nec
1408 2528 1437 2554 ni
1452 2527 1510 2563 plus
1524 2526 1654 2562 prodesse,
1674 2535 1754 2562 quam
1767 2526 1934 2561 occipitium,
1951 2535 2007 2553 non
2020 2527 2198 2553 mentiuntur.
2265 2526 2469 2562 Rmsusaeiusdem

276 2574 384 2602 alterius
397 2572 509 2599 [emonis
525 2570 671 2596 mentionem
678 2568 791 2601 faciunt.
1361 2560 1393 2590 65
1408 2564 1471 2590 libri
1490 2573 1513 2591 c.
1528 2565 1544 2590 6
1580 2564 1611 2591 Et
1631 2563 1694 2590 ideo
1713 2563 1830 2590 maiores
1848 2562 2036 2590 fertiliffimum
2055 2562 2084 2589 in
2101 2571 2167 2598 agro
2184 2562 2295 2589 oculum
2307 2562 2409 2593 domini
2420 2562 2472 2592 esse.

313 2616 333 2637 Ο
343 2615 360 2636 c
368 2616 386 2637 c
395 2609 418 2636 A
428 2615 440 2634 s
449 2614 471 2634 v
481 2613 493 2633 S
503 2627 512 2639 ,
532 2604 572 2632 sis.
609 2613 646 2631 m.
684 2601 824 2637 [τελευτῆ]
860 2602 947 2635 Mors,
969 2601 1090 2627 interitus
1109 2606 1134 2626 et
1147 2597 1216 2635 casus
1224 2598 1348 2633 fiartunae
1406 2599 1541 2626 dixerunt,

278 2646 370 2673 tamin
384 2643 494 2676 homine,
512 2650 586 2676 quam
598 2643 627 2666 in
640 2640 711 2666 rebus
723 2639 847 2664 externis.
919 2637 977 2664 Cic.
992 2635 1072 2664 Acad.
1090 2646 1112 2669 1,
1126 2641 1139 2665 8
1157 2645 1179 2662 c.
1193 2644 1205 2661 2
1235 2635 1273 2661 Ac
1289 2632 1346 2673 POst.
1447 2642 1468 2664 o
1478 2641 1496 2663 c
1508 2642 1526 2664 c
1540 2642 1551 2662 1
1562 2642 1575 2662 s
1586 2641 1597 2662 1
1609 2640 1629 2662 o
1640 2656 1649 2669 ,
1673 2640 1693 2662 ο
1704 2641 1721 2663 C
1732 2640 1750 2662 c
1762 2641 1773 2662 1
1786 2640 1800 2662 s
1811 2640 1833 2661 v
1842 2639 1873 2667 s,
1900 2634 1955 2662 vid.
1979 2639 2000 2660 ο
2012 2638 2030 2660 c
2044 2638 2062 2660 c
2074 2633 2116 2660 fn
2125 2639 2154 2660 o.

276 2681 365 2710 Laelii
379 2679 464 2707 ”Ostfi
479 2678 608 2705 occasum·
646 2674 714 2709 “⁰⁷¹f·
735 2675 806 2708 Nep·
820 2678 860 2707 ¹8³
876 2682 913 2708 ¹39
929 2682 948 2704 3·
1022 2673 1080 2700 Nec
1095 2670 1227 2698 0⁹⁶³fib¹¹⁵
1240 2671 1348 2704 ffl‘igal'l
1447 2678 1469 2699 0
1478 2678 1496 2698 C
1506 2677 1523 2698 C
1534 2677 1551 2697 1.
1562 2678 1585 2698 A
1594 2678 1620 2699 Μ
1632 2677 1726 2703 ARE,
1747 2672 1843 2707 legitur
1855 2680 1872 2696 a
1886 2668 2009 2697 nonnullis
2022 2675 2062 2705 ap.
2075 2669 2145 2697 Vell.
2160 2678 2218 2704 2,4,
2227 2677 2253 2704 4.
2273 2669 2318 2697 vbi
2330 2669 2423 2697 caeteri·
2433 2677 2472 2702 19-

277 2717 358 2753 Apul.
374 2716 406 2743 de
420 2713 524 2743 Mundo
543 2723 569 2748 p.
582 2714 626 2747 67.
662 2712 681 2737 i.
691 2710 836 2750 fitnetffibus.
908 2708 1007 2749 Obitus
1021 2715 1046 2749 et
1060 2708 1165 2748 occasus
1178 2706 1268 2734 noster
1288 2705 1347 2745 Cic.
1408 2708 1548 2735 clamasset.
1633 2739 1643 2747 ..

278 2755 307 2782 in
321 2754 407 2781 Pison.
423 2761 460 2784 54.
517 2749 630 2777 Occasus
643 2747 763 2782 imperii,
783 2745 885 2772 occasus
898 2745 975 2780 Reip.
991 2745 1058 2772 Plin.
1075 2753 1103 2769 in
1118 2744 1212 2777 Paneg.
1269 2742 1348 2774 virg.
1359 2751 1392 2775 70
1446 2749 1467 2770 ο
1480 2749 1498 2770 C
1508 2749 1527 2770 c
1538 2749 1555 2769 L
1565 2748 1639 2770 AM1
1654 2747 1677 2768 'r
1689 2747 1728 2773 ο,
1747 2744 1801 2767 are.
1836 2740 2031 2781 [xus-modium]
2067 2742 2135 2767 Idem
2150 2743 2217 2777 quod
2227 2741 2375 2777 Clamitare,
2393 2748 2418 2770 et
2435 2741 2473 2770 ob-

279 2793 346 2818 Aen.
368 2798 395 2822 ε,
413 2796 464 2821 432
501 2785 603 2813 Testor
622 2784 652 2810 in
670 2783 762 2810 occasu
779 2781 883 2814 vestro,
903 2790 951 2807 nec
966 2780 1031 2813 tela,
1048 2789 1096 2806 nec
1117 2779 1183 2806 vllas
1219 2776 1349 2804 Vitauisse
1401 2778 1524 2815 strepere.
1598 2777 1680 2804 Plaut.
1694 2777 1773 2803 Curc.
1789 2785 1810 2811 1,
1824 2784 1845 2809 3,
1857 2783 1889 2811 27
1920 2776 2046 2811 Dormio,
2066 2786 2100 2804 ne
2112 2778 2275 2806 occlamites.
2475 2795 2480 2801 ·

277 2826 352 2854 vices
365 2821 495 2851 Danaum.
592 2821 705 2848 Occasus
719 2824 745 2845 et
757 2817 882 2844 interitus
896 2816 1070 2852 Reipublicae
1099 2815 1220 2854 Cic-:pro
1236 2813 1347 2853 Suu-‚33-
1446 2820 1467 2841 ο
1476 2820 1494 2842 c
1504 2819 1522 2841 c
1533 2819 1550 2840 L
1560 2815 1610 2840 171)
1619 2820 1638 2840 o
1667 2814 1712 2838 vel
1736 2818 1780 2839 OB
1790 2818 1807 2839 c
1819 2818 1836 2839 1.
1848 2819 1867 2839 v
1878 2819 1897 2839 D
1909 2818 1929 2839 ο
1940 2835 1949 2848 ,
1981 2813 2015 2847 fi,
2041 2814 2115 2850 sum,
2144 2815 2198 2842 ere.
2235 2814 2406 2851 [κατακλείω]
2442 2822 2473 2842 ex

278 2861 361 2889 vrbis
375 2860 479 2887 occasus
492 2864 518 2885 et
531 2857 626 2884 ruinae
658 2855 735 2887 Virg.
747 2855 812 2881 Aen.
825 2862 845 2887 1,
857 2862 912 2885 24²·
1003 2851 1107 2880 Totius
1121 2850 1195 2878 vrbis
1208 2854 1287 2884 atque
1299 2857 1348 2874 im·
1409 2848 1454 2876 Ob
1467 2857 1490 2876 et
1503 2849 1602 2883 Cludo,
1623 2849 1726 2884 antiquo
1739 2849 1812 2874 verbo
1826 2849 1987 2883 cumpcfitum,
2007 2852 2072 2884 quod
2085 2851 2351 2887 Clauderefigmficat.
2392 2850 2476 2878 Plaut.

278 2897 350 2934 perii
362 2897 465 2923 occasus
479 2893 675 2929 appropinquat
700 2891 757 2918 Cic.
772 2889 850 2917 Catil.
863 2899 884 2922 3,
898 2897 925 2923 19
938 2897 962 2915 c.
975 2894 999 2918 8.
1198 2882 1221 2924 ff
1243 2893 1259 2912 2
1273 2920 1278 2926 Ι
1297 2884 1347 2911 Oc·
1408 2885 1507 2926 Amph.
1519 2895 1546 2919 4,
1560 2895 1580 2919 i,
1593 2894 1621 2912 10
1648 2885 1824 2912 Occluserunt
1837 2884 1921 2912 aedes.
1994 2886 2051 2914 Cic.
2060 2885 2137 2914 Acad.
2152 2896 2176 2919 4,
2192 2896 2233 2919 144
2251 2896 2274 2914 c.
2286 2893 2319 2921 47
2341 2886 2416 2919 Quid
2430 2894 2474 2916 me

278 2934 350 2962 casus
365 2933 437 2964 solis,
459 2930 591 2962 Tranfitus
598 2929 660 2963 solis
672 2928 699 2953 in
712 2927 785 2953 aliud
798 2925 1022 2962 hemisphaerium,
1040 2929 1123 2959 nempe
1136 2931 1208 2957 quum
1221 2921 1290 2947 nobis
1304 2926 1346 2955 up·
1363 2928 1390 2953 75
1408 2921 1493 2956 igitur
1504 2922 1614 2949 Luculle
1632 2921 1661 2947 in
1681 2920 1829 2953 inuidiam,
1850 2927 1875 2947 ct
1894 2928 2018 2956 tanquam
2042 2922 2070 2948 in
2089 2923 2248 2952 concionem
2267 2930 2360 2949 vocas:
2378 2929 2404 2950 et
2416 2921 2475 2958 qui·

278 2977 370 3007 parere
382 2967 473 3001 definit
503 2966 585 2992 Plaut.
599 2964 675 2999 Epid.
691 2973 716 2997 1,
729 2971 757 2997 2,
772 2971 811 2996 41.
886 2960 954 2988 Solis
969 2965 1093 2995 exortus,
1113 2959 1203 2986 cursus
1213 2978 1222 2991 ‚
1242 2956 1347 2984 occasus
1410 2957 1471 2984 dem
1483 2964 1513 2986 vt
1532 2957 1649 2985 seditiosi
1661 2957 1787 2985 Tribuni
1807 2957 1908 2991 solent,
1928 2958 2033 2985 occludi
2047 2957 2189 2985 Tabernas
2208 2958 2301 2986 iubes?
2391 2959 2478 2992 Plaut.a
2507 2948 2508 2981 i

279 3013 361 3034 nemo
375 3003 533 3035 admiratur,
547 3007 687 3035 propterea
701 2999 773 3034 quod
787 2997 991 3038 quotidie-fiunt
1011 2995 1113 3023 Auelor
1126 2994 1158 3020 ad
1172 2995 1302 3035 lieren-3,
1311 2994 1351 3025 36.
1409 2994 1469 3022 Mil.
1486 3003 1513 3035 3,
1529 3003 1553 3028 i,
1568 3003 1587 3021 11
1619 2993 1726 3029 Quippe
1746 2992 1763 3020 si
1778 2993 1909 3021 resciuere
1928 2994 2035 3021 inimici
2048 2995 2187 3021 confilium
2202 3002 2296 3028 tuum,
2319 2994 2371 3023 tibi
2383 3000 2485 3031 tuopteg
2507 2990 2508 2998 ¹

278 3041 322 3070 Ad
334 3040 465 3075 occasum,
483 3039 539 3064 vid.
555 3042 617 3062 AD.
687 3035 725 3062 Ad
738 3035 858 3062 occasum
871 3033 1052 3074 solistpasc'ere
1065 3040 1143 3067 pecus
1164 3030 1348 3070 Virg.Gcorg.
1409 3030 1519 3057 consilio
1539 3030 1682 3057 occludunt
1704 3030 1839 3066 linguam,
1860 3036 1887 3057 et
1906 3030 2090 3067 constringunt
2103 3039 2205 3060 manus.
2240 3032 2266 3059 b.
2277 3041 2299 3059 e.
2322 3034 2479 3067 Impediunt,'
2507 3032 2508 3036 ’

279 3089 300 3113 ³,
315 3079 367 3110 336-
425 3073 617 3108 Praecipitante
629 3071 657 3097 in
670 3071 788 3098 occasum
803 3071 846 3097 die
871 3070 963 3098 Tacit.
977 3068 1046 3096 Hist.
1063 3080 1087 3101 Δ,
1100 3078 1121 3102 3,
1138 3069 1181 3097 86.
1254 3067 1348 3100 Signo·
1407 3076 1438 3093 ne
1452 3067 1515 3102 quic!
1527 3066 1672 3102 respondere
1686 3065 1766 3102 poffis.
2480 3071 2502 3084 ·..

278 3123 340 3143 rum
354 3117 440 3145 ortus,
458 3116 484 3138 et
497 3110 603 3136 occasus
631 3106 765 3141 Quinctil.
782 3117 800 3139 1,
813 3116 836 3138 4.
930 3106 1042 3133 Occasus
1059 3104 1245 3138 Vergiliarum
1278 3101 1347 3143 Ptin.
1362 3105 1395 3131 80
1421 3124 1425 3126 .
1445 3108 1492 3130 oc
1502 3108 1520 3130 c
1533 3109 1550 3130 L
1560 3104 1604 3130 vs
1614 3109 1634 3128 v
1644 3108 1658 3129 s
1676 3105 1720 3129 vel
1741 3109 1761 3130 0
1775 3107 1792 3129 B
1803 3108 1847 3129 CL
1858 3108 1879 3128 v
1890 3108 1903 3129 ς
1913 3109 1934 3129 v
1947 3109 1979 3136 ς,
2007 3111 2036 3136 a,
2057 3112 2111 3130 um:
2149 3103 2342 3139 [maxume]
2379 3099 2489 3132 parting-
2506 3089 2507 3123 j

279 3157 316 3183 ¹85
331 3159 361 3181 3¹·
434 3146 557 3178 occas-¹¹⁵2
577 3144 641 3171 idem
654 3145 719 3178 qum
731 3143 861 3169 Os‘idem·
930 3142 1000 3169 prm·
1013 3149 1052 3176 ¹7,
1066 3150 1078 3167 ²
1111 3142 1284 3175 Qffll’soptef
1298 3147 1347 3173 <1¹¹1
1401 3138 1457 3172 five
1470 3140 1563 3165 Nomen
1576 3148 1608 3164 ex
1620 3139 1766 3174 Par-ticipiO.
1876 3138 1995 3166 Obclusis
2009 3139 2131 3167 Auribus
2159 3139 2237 3174 Apul.
2258 3140 2322 3166 Met.
2341 3149 2357 3174 9
2377 3149 2403 3174 p.
2425 3144 2492 3174 2234*

279 3185 321 3213 ibi
335 3185 363 3211 in
377 3184 516 3215 Occasum,
533 3187 577 3208 aut
590 3178 790 3214 Septentriones
803 3178 931 3205 conseret.
1025 3177 1065 3204 Ab
1080 3177 1151 3203 Ortu
1171 3175 1203 3203 ad
1220 3175 1348 3203 Occasum
1409 3175 1465 3202 Cic.
1479 3175 1507 3201 in
1521 3174 1600 3202 Catil.
1613 3184 1644 3206 4,
1660 3184 1683 3208 17
1704 3184 1726 3202 c.
1741 3180 1754 3206 8
1786 3174 1901 3202 Occlufls
1917 3175 2043 3202 tabernis.
2136 3176 2245 3202 Occlusa
2260 3175 2430 3202 contumeliis
2443 3171 2491 3203 li-T.

278 3221 370 3257 spatiis
390 3216 606 3247 immutabilibus
623 3223 774 3242 commeans
794 3213 862 3240 sidus
890 3214 947 3240 Cic.
961 3212 993 3240 de
1005 3214 1069 3240 Nat.
1082 3213 1166 3240 Deor.
1179 3221 1208 3248 2,
1221 3222 1253 3247 49
1273 3221 1296 3238 c.
1313 3219 1349 3244 19.
1407 3210 1473 3238 bido
1500 3211 1570 3239 Ter.
1583 3211 1666 3237 Andr.
1681 3220 1701 3243 3,
1716 3220 1738 3244 3,
1751 3218 1791 3244 23.
1863 3211 1919 3238 Cic.
1933 3212 2004 3238 Fam.
2023 3221 2040 3245 1,
2053 3220 2071 3244 9
2099 3210 2148 3237 Sed
2161 3220 2244 3246 quum
2258 3212 2393 3239 occlusum
2406 3210 2478 3240 illud,

278 3258 381 3285 vertor
394 3256 423 3282 in
436 3255 555 3282 occasum
580 3251 678 3280 catull·
692 3250 724 3278 de
736 3251 821 3278 coma
835 3249 978 3276 Berenicae
991 3252 1033 3284 64,
1048 3251 1092 3284 67-
1293 3245 1314 3286 fl
1335 3254 1349 3279 3
1408 3247 1511 3274 Odium
1523 3246 1668 3274 multarum
1682 3247 1739 3274 eius
1754 3248 1782 3274 in
1798 3256 1840 3273 me
1853 3247 2030 3279 iniuriarum,
2051 3246 2123 3282 quod
2138 3255 2188 3282 ego
2202 3247 2320 3274 effudisse
2335 3257 2378 3275 me
2394 3256 2475 3275 omne

281 3295 333 3320 Hoc
347 3292 481 3319 vocabulo
496 3288 596 3317 Ennius
610 3297 659 3323 pro
671 3286 808 3315 occas-ione
821 3285 857 3312 est
870 3286 940 3318 vsus,
961 3285 989 3311 in
1003 3285 1076 3311 libro
1090 3283 1220 3315 secundo,
1238 3283 1291 3310 Hic
1305 3292 1349 3310 oc·
1364 3288 1392 3314 85
1408 3282 1574 3316 arbitrabar,
1593 3282 1725 3309 refiduum
1747 3289 1835 3310 tamen
1854 3283 1982 3309 insciente
1999 3291 2042 3309 nie
2061 3283 2163 3317 fuisset,
2183 3292 2263 3310 omne
2277 3290 2386 3319 repente
2397 3292 2474 3319 appa-

282 3329 347 3355 casu’
362 3329 436 3355 datus
451 3327 491 3354 ’ῆι
511 3331 537 3353 at
551 3324 682 3352 Horatius
697 3322 806 3350 inclutu’
822 3321 896 3349 saltu.
939 3322 1006 3349 Item
1022 3320 1048 3346 in
1066 3319 1138 3346 libro
1150 3320 1264 3353 quinto,
1284 3319 1349 3346 Inii-
1409 3319 1473 3346 ruit.
1508 3318 1621 3355 Quidam
1639 3320 1726 3353 legunt
1739 3319 1881 3347 Inclusum.
1955 3318 2035 3345 Nihil
2055 3328 2102 3346 ncc
2119 3319 2302 3353 obsignatum,
2321 3328 2370 3347 nec
2388 3319 2474 3347 occlu-
2496 3319 2505 3340 ἓ

282 3365 318 3391 cit
332 3364 457 3397 irritatu',
477 3367 560 3395 tenet,
577 3360 679 3388 occasu’
694 3360 768 3386 iuuat
783 3367 835 3386 res.
871 3359 939 3386 Item
953 3357 981 3383 in
996 3356 1068 3383 libro
1082 3355 1192 3389 οᾶὶδιιο,
1211 3356 1263 3382 Aut
1276 3364 1352 3382 occa·
1409 3357 1466 3382 sum
1499 3355 1538 3382 Id.
1552 3354 1584 3381 de
1598 3354 1674 3381 Orat.
1688 3363 1718 3388 α,
1732 3361 1774 3387 248
1792 3364 1815 3382 c.
1830 3357 1866 3381 61.
1907 3354 1963 3382 Viti.
1992 3360 2074 3382 ons}
2087 3361 2107 3382 G
2119 3361 2199 3383 ΝΛΤ
2209 3363 2263 3383 vs.
2337 3355 2475 3384 Occlufim·

281 3400 323 3428 sus
336 3399 383 3426 vbi
397 3406 535 3434 tempusue
550 3396 663 3428 audere,
682 3395 807 3430 repressit.
882 3395 949 3420 Haec
962 3392 1061 3420 Festus.
1409 3390 1619 3423 stultiloquentia
1647 3391 1818 3417 Plaut.Trin.
1833 3399 1852 3423 1,
1867 3398 1891 3423 2,
1906 3395 1954 3422 ¹85-
1978 3391 2031 3419 h.e.
2047 3392 2152 3419 Occulta
2163 3399 2187 3418 et
2201 3391 2309 3428 obscura.
2368 3392 2474 3420 Ostium
2494 3380 2503 3414 ⁹.

320 3437 442 3463 occfis
453 3441 513 3468 vs,
533 3443 563 3468 a,
583 3442 639 3460 um.
677 3431 772 3460 Partic.
788 3430 847 3458 Pass.
884 3427 1051 3463 Plaut.Epid.
1063 3437 1081 3461 1,
1095 3435 1120 3460 2,
1134 3436 1159 3459 41
1185 3430 1253 3454 Ante
1267 3427 1349 3454 solem
1407 3426 1606 3455 occlufissimum
1633 3426 1670 3454 Id.
1686 3428 1764 3454 Curc.
1781 3436 1799 3460 1,
1814 3435 1833 3459 1,
1849 3433 1881 3458 ις.

281 3472 410 3499 occasum.
445 3472 504 3498 add.
524 3470 563 3497 Id.
577 3470 682 3502 Memf,
693 3475 720 3503 7,
733 3475 768 3500 33.
804 3465 870 3500 conf.
891 3465 960 3493 Gell.
974 3474 995 3499 3,
1009 3473 1031 3491 2.
1069 3464 1123 3491 LL.
1139 3464 1198 3493 XII.
1211 3462 1303 3490 Tabb.
1325 3471 1348 3489 et
1361 3471 1396 3497 90
1445 3471 1465 3491 o
1475 3469 1493 3491 c
1505 3468 1522 3491 c
1534 3468 1572 3495 0,
1598 3471 1633 3488 as.
1675 3464 1732 3490 Vicl.
1753 3468 1772 3489 o
1783 3468 1800 3489 c
1814 3467 1832 3488 c
1845 3469 1875 3488 A.

283 3508 369 3536 Naeu.
384 3514 424 3542 ap.
436 3506 505 3532 Gen.
520 3515 554 3538 17,
566 3515 588 3533 2.
631 3505 687 3532 Vid.
712 3499 775 3537 Vqffi
787 3504 817 3528 de
829 3503 910 3530 Anat.
924 3510 954 3535 4,
967 3510 988 3533 ¹3
1006 3509 1033 3536 p.
1047 3509 1099 3527 201.
1448 3506 1468 3528 o
1480 3506 1499 3528 c
1511 3504 1527 3526 c
1539 3505 1559 3525 ο
1573 3504 1590 3525 E
1601 3505 1650 3532 r‘1,
1670 3499 1724 3525 iffe.
1766 3498 1820 3524 Vid.
1843 3505 1862 3524 0
1872 3504 1889 3526 c
1901 3505 1917 3525 c,
1928 3506 1960 3526 11³
1971 3505 1979 3525 1
1992 3504 2026 3527 ο.

320 3549 340 3571 o
350 3550 367 3571 c
377 3548 395 3570 c
408 3550 427 3568 A
437 3549 449 3568 s
459 3543 507 3568 VR
519 3548 539 3567 v
551 3548 583 3574 8,
603 3549 633 3575 a,
653 3549 709 3567 um.
734 3538 828 3568 Partic.
866 3537 1079 3573 [ἁποθανέμενοε]
1115 3535 1172 3563 Cic.
1189 3544 1238 3570 pro
1252 3534 1349 3562 Milon.
1425 3555 1428 3557 Α
1448 3541 1470 3563 0
1480 3532 1577 3563 0chss
1588 3539 1626 3570 ο,
1648 3534 1694 3567 ui,
1714 3534 1800 3568 itum,
1820 3538 1874 3562 are.
1902 3535 2082 3570 [κατάκειμαι]
2103 3544 2119 3561 a
2133 3533 2211 3562 Cubo
2225 3535 2390 3570 compqffmms
2408 3535 2472 3562 idem
2507 3543 2510 3551 Δ

284 3588 332 3607 100
352 3589 373 3606 c.
390 3581 417 3611 36
447 3579 483 3605 Vt
497 3577 582 3604 vestra
595 3576 733 3609 beneficia,
753 3584 821 3611 quae
833 3575 861 3601 in
875 3583 919 3601 me
932 3572 1098 3606 contulistis,
1118 3579 1163 3599 aut
1177 3572 1206 3598 in
1219 3571 1299 3599 huius
1313 3572 1349 3598 sa·
1408 3574 1475 3607 quod
1486 3570 1606 3598 Occumbo.
1680 3570 1756 3604 Virg.
1772 3572 1836 3597 Aen.
1853 3580 1871 3604 1,
1885 3581 1921 3602 551
1957 3570 2014 3598 Nec
2026 3570 2111 3598 adhuc
2125 3569 2276 3598 crudelibus
2292 3570 2404 3598 occubat
2415 3579 2470 3599 vm·
2513 3574 2517 3582 ¹

283 3616 337 3643 lute
349 3614 474 3649 augeatis,
494 3619 538 3640 aut
552 3612 580 3640 in
593 3613 651 3640 eius
664 3613 748 3640 exitio
760 3611 884 3638 occasura
898 3610 948 3637 effe
960 3608 1082 3636 videatis.
1408 3608 1474 3634 bris.
1545 3606 1698 3638 Tumulus,
1723 3615 1778 3642 quo
1797 3608 1927 3634 maximus
1948 3607 2057 3634 occubat
2082 3607 2185 3634 Ηεὲὶοι·
2214 3606 2288 3633 Idem
2303 3607 2369 3634 ib’id.
2384 3617 2407 3641 5,
2420 3614 2468 3643 371.

320 3657 416 3678 occe.
430 3656 443 3676 s
456 3656 465 3675 1
476 3655 526 3675 vv
537 3656 565 3682 S,
597 3657 628 3683 a,
664 3657 718 3675 um.
755 3647 817 3676 Adi.
855 3644 966 3682 [δυτικδς
987 3644 1069 3672 Gloff.
1094 3645 1141 3671 Gr.
1165 3644 1242 3679 Lat.]
1278 3644 1349 3670 Add.
1360 3651 1390 3676 95
1407 3644 1499 3671 Morte
1511 3641 1639 3670 occubare
1670 3642 1730 3668 Liu.
1747 3652 1765 3676 1,
1779 3652 1803 3676 7,
2462 3660 2493 3668 -..

283 3688 351 3715 Saxo
365 3687 483 3713 Grainm.
500 3685 569 3720 prol.
588 3693 610 3716 ς.
1446 3683 1651 3707 occvi31'rv
1662 3685 1691 3712 S,
1712 3677 1751 3705 sis.
1787 3688 1824 3707 111,
1860 3679 1929 3707 Solis
1946 3679 2058 3715 Vulgata
2084 3677 2176 3706 Genes.
2188 3682 2226 3711 28,
2242 3687 2272 3705 11.
2309 3679 2381 3707 Add.
2401 3679 2468 3705 Deu-

320 3728 394 3750 OCC
405 3730 413 3749 1
426 3728 445 3748 D
456 3728 475 3746 V
488 3728 545 3754 vs,
564 3730 594 3753 a,
613 3730 669 3747 um.
705 3719 766 3747 Adi.
802 3715 964 3754 [ι’σπιρινδς]
1001 3716 1078 3752 Qud
1087 3716 1187 3749 occidit,
1202 3715 1246 3740 vel
1260 3715 1304 3740 vbi
1312 3714 1347 3749 fit
1407 3721 1457 3743 ter.
1479 3725 1514 3748 ii,
1534 3723 1571 3747 30.
2462 3715 2475 3742 “,

277 3758 351 3796 solis,
369 3758 413 3783 vel
425 3757 531 3782 alterius
543 3757 581 3782 rei
594 3756 698 3791 occasus.
770 3755 862 3782 Claud.
877 3754 910 3781 de
923 3754 1000 3787 Rapt.
1016 3752 1134 3785 Proserp.
1155 3752 1183 3778 in
1197 3750 1308 3785 praefat.
1323 3758 1347 3780 2.
1447 3758 1467 3779 o
1479 3757 1497 3778 c
1506 3757 1576 3779 ενι.
1586 3754 1605 3776 C
1618 3756 1638 3776 0
1649 3770 1657 3783 ‚
1688 3753 1742 3776 are.
1780 3750 1960 3785 [auram-rim]
1999 3752 2068 3779 Idem
2085 3750 2152 3784 quod
2169 3750 2318 3775 Consulem-e
2331 3749 2467 3784 fignificat.

284 3801 312 3828 38
349 3793 425 3820 Solus
438 3792 587 3819 Amazonio
602 3792 703 3819 cinflus
724 3790 916 3825 Stymphalidas
928 3797 990 3816 arcu
1026 3788 1150 3822 Appetis‚
1171 3786 1286 3814 occiduo
1300 3785 1347 3811 du-
1408 3788 1476 3815 Cato
1489 3787 1520 3814 de
1532 3787 1563 3813 R.
1578 3786 1608 3812 R.
1621 3796 1642 3812 c.
1653 3795 1684 3819 *³9
1706 3788 1744 3813 Ita
1759 3787 1796 3813 vti
1810 3787 1903 3820 fuerit,
1923 3787 2018 3822 ponito
2032 3786 2060 3813 in
2073 3785 2165 3812 scrobe
2179 3791 2224 3811 aut
2239 3785 2268 3811 in
2280 3779 2363 3820 sulco,
2382 3782 2466 3820 operi&

284 3830 321 3857 cis
335 3829 368 3857 ab
382 3828 448 3856 orbe
462 3836 562 3862 greges.
636 3828 702 3854 Plin.
712 3837 735 3860 7,
748 3836 779 3861 49
799 3826 905 3854 Scanfili
918 3833 1051 3853 annorum
1064 3824 1121 3858 lege
1134 3823 1245 3850 occidua
1260 3821 1399 3855 turba,100
1407 3830 1490 3859 toque
1504 3829 1531 3849 et
1545 3822 1612 3848 bene
1633 3822 1778 3849 occult-ato,

284 3868 303 3894 ἰ.
326 3874 389 3902 quae
408 3864 514 3890 moritur
530 3870 576 3898 per
598 3863 761 3890 climmeras.
870 3861 914 3889 Sol
933 3860 1060 3889 occiduus
1099 3859 1182 3886 Ouid.
1196 3859 1260 3886 Met.
1275 3866 1295 3891 1,
1309 3861 1346 3889 (³3-
1444 3864 1546 3887 OCCV
1558 3865 1574 3884 L
1586 3863 1603 3883 C
1613 3859 1635 3884 A*
1647 3864 1668 3884 T
1681 3865 1740 3891 vs,
1761 3867 1791 3890 a,
1807 3867 1862 3885 11111.
1900 3857 1992 3885 Partic.
2030 3856 2090 3883 Liu.
2101 3862 2141 3891 27,
2156 3862 2186 3889 14
2206 3856 2305 3883 Partim
2319 3854 2466 3890 occulcatis,
2510 3855 2514 3865 ’·

284 3903 374 3937 Aquae
412 3899 450 3928 Id.
465 3897 530 3925 Fast.
547 3908 572 3931 1,
592 3907 629 3930 3¹4
666 3900 742 3924 Mare
761 3897 916 3933 Hesperium.
989 3897 1090 3924 Domus
1113 3896 1214 3929 primae
1232 3900 1257 3921 et
1277 3893 1347 3920 occi.
1405 3895 1502 3931 partim
1517 3893 1638 3927 dislipatis
1653 3900 1771 3928 terrore,
1793 3895 1840 3929 qui
1855 3893 1925 3921 circa
1937 3898 2020 3920 crant.

284 3937 367 3970 duae,
388 3935 502 3963 Orientis
514 3941 538 3959 et
553 3934 695 3959 Occidentis
723 3933 785 3961 Stat.
799 3933 892 3961 Theb.
907 3943 931 3967 1,
946 3941 1008 3960 200.
1080 3931 1207 3959 Seneehe
1218 3929 1345 3958 occiduae
1443 3938 1462 3958 o
1472 3938 1489 3959 C
1500 3936 1518 3958 c
1529 3928 1550 3956 ὕ
1560 3935 1576 3955 L
1587 3936 1606 3955 o
1617 3950 1625 3963 ‚
1643 3931 1731 3964 cului,
1752 3930 1868 3963 cultum,
1888 3932 1943 3956 ere.
1979 3927 2110 3962 [κρύπτοι]
2147 3926 2318 3961 Abscondere,
2335 3930 2375 3954 ita
2387 3933 2417 3952 vt
2427 3924 2462 3951 ηἰ-

283 3974 335 4000 iter
349 3972 452 3999 decline
477 3968 560 3997 Ouid.
574 3970 638 3996 Met.
653 3976 686 4002 15,
699 3978 749 4000 227.
1405 3967 1445 3993 hil
1455 3971 1585 4002 appareat.
1658 3967 1714 3993 Cic.
1728 3966 1759 3993 dc
1772 3967 1848 3993 Orat.
1863 3974 1886 3998 2,
1901 3975 1938 3997 ¹77
1965 3962 2062 3990 Puncta
2078 3970 2295 3996 argumentorum
2309 3964 2462 3998 plerumque

321 4014 341 4035 0
352 4014 412 4036 CC!
424 4013 472 4035 DV
481 4007 505 4035 Ᾰ
514 4011 532 4034 1.
543 4012 553 4033 1
566 4010 579 4032 8
591 4025 600 4038 ,
634 4014 655 4031 c.
693 4004 754 4032 Adi.
810 4003 937 4033 Prudent.
950 4003 1011 4033 adu.
1024 4004 1120 4036 symm.
1133 4011 1159 4039 2,
1171 4009 1220 4039 597
1248 4001 1393 4034 Omni-¹05
1405 4008 1434 4033 vt
1445 4001 1562 4035 ocenias,
1584 4010 1617 4029 ne
1631 4002 1691 4038 quis
1707 4010 1737 4030 ca
1751 4010 1892 4030 numerare
1904 3998 1986 4036 poffit.
2059 3999 2135 4034 Virg.
2149 3999 2248 4035 Georg.
2263 4008 2293 4032 2,
2306 4001 2352 4032 346
2375 3994 2461 4061 ¹'Qmed

2387 4039 2460 4069 uper·
