2517 4231
29 176 94 223 165
441 170 492 213 M
548 171 589 212 A
646 170 681 211 C
1562 172 1612 214 M
1665 171 1706 213 A
1760 171 1795 214 C
2142 180 2216 218 166

66 266 221 290 MAcmu
230 267 252 290 A
261 281 270 296 ‚
289 269 328 290 ae.
353 262 399 289 vel
409 268 435 289 M
444 268 465 288 A
474 268 517 290 cr
526 268 544 290 R
555 267 590 289 tr.
599 267 628 295 S,
647 261 682 288 ei.
701 260 722 287 f.
759 259 881 295 [τειχίον]
917 260 948 286 1η
962 260 1093 295 ›nm-ifhr-
1157 269 1212 291 nem
1223 270 1251 287 ac
1264 262 1442 289 nuntiationem
1453 261 1602 296 defiderant.
1664 264 1721 289 H..-
1736 263 1836 298 respicit
1850 263 1918 292 Hor.
1931 266 1988 293 Art.
2006 267 2078 294 Poet.
2092 275 2130 300 191
2161 266 2219 293 Nee

30 307 96 324 mam
115 299 233 325 ordinata
254 298 379 333 congeries
397 299 508 333 lapidum
520 297 577 331 fine
595 298 661 324 calce
681 303 725 322 aut
744 297 795 322 alio
811 305 904 331 genere
922 296 1092 332 ferrminis,
1158 297 1222 324 deus
1236 297 1350 331 interut,
1371 297 1418 325 nili
1432 297 1526 333 dignus
1539 298 1645 326 vindice
1658 298 1744 326 nodus
1756 298 1891 326 inciderit.
1947 303 1978 326 Et
1991 302 2048 328 hinc
2071 304 2220 328 Graecorum

31 333 105 361 Seru.
120 337 156 360 acl
168 333 267 370 Georg.
282 341 308 367 2,
321 340 370 368 417
389 334 468 360 Antes
485 334 533 361 alii
549 332 703 367 intelligunt
721 333 862 365 macerias,
888 331 986 366 quibus
1006 333 1095 360 vineta
1158 331 1221 358 illud
1233 332 1301 358 Deus
1315 343 1346 360 cx
1360 333 1497 368 machina,
1516 334 1637 370 desubito
1648 335 1759 367 auxilio,
1784 335 1829 360 vel
1845 336 1876 360 dc
1889 343 2016 362 commento
2032 344 2122 373 parum
2131 338 2221 374 probs-

31 369 211 397 clauduntur:
248 370 311 405 quia
335 370 465 397 maceriae
489 371 549 397 sunt
567 368 600 395 de
619 368 672 395 assis
685 389 694 401 ‚
726 369 744 394 i.
765 366 836 394 ficcis
855 368 986 402 lapidibus
1019 370 1094 403 (υἰιΙ.
1159 367 1214 393 bili·
1271 369 1345 401 Conf.
1358 369 1444 405 Heius.
1458 372 1489 397 de
1501 370 1598 407 constit.
1612 372 1723 406 tragoed.
1738 381 1759 397 c.
1770 379 1805 397 η.

33 411 147 438 Assvs,
161 414 191 438 a,
203 407 270 440 um)
297 404 402 432 Sisenna
413 412 454 441 ap.
468 405 540 432 Non.
553 412 586 437 ι,
600 405 650 437 560
671 403 729 430 Post
741 403 866 430 villarum
874 404 998 430 macerias
1011 413 1039 431 ac
1052 413 1094 440 pa·
1120 409 1135 436 ς
1198 409 1223 428 M
1232 408 1253 428 A
1262 408 1279 428 c
1288 409 1308 428 H
1320 410 1329 428 1
1339 411 1359 428 N
1369 404 1390 429 κ*
1401 411 1417 430 ι.
1426 413 1447 431 A
1460 426 1470 439 ‚
1490 414 1529 432 ae.
1554 406 1574 433 f.
1612 406 1714 433 Dimin.
1753 406 1840 433 Festus
1860 406 1889 433 in
1908 406 2022 433 Groma:

32 441 142 468 rietinas
161 441 280 476 quinque
299 439 422 468 cohortes
441 441 470 468 in
493 439 593 467 infidiis
616 439 754 474 relinquit.
813 440 865 465 Sed
884 449 956 474 quam
981 441 1034 466 late
1053 441 1095 466 hoc
1159 436 1282 464 chinulae
1296 438 1447 472 cuiusdam,
1474 442 1528 468 vid.
1544 441 1804 477 cund.in1ncitega‚
1824 448 1849 468 et
1862 442 2024 470 Mustricola.

33 485 119 502 nome»
129 482 232 511 pateat,
259 478 345 503 docere
382 476 438 513 otest
455 477 533 503 Varr.
547 475 580 502 de
594 475 625 501 R.
638 475 669 502 R.
684 483 716 508 2,
736 484 782 508 14,
801 484 820 508 4
853 475 984 502 Maceriae
1001 475 1096 509 speeies
1199 480 1222 499 Μ
1232 480 1253 499 Λ
1263 478 1280 499 C
1291 479 1329 498 H1
1344 481 1363 499 N
1374 475 1395 499 A
1406 480 1420 499 1.
1432 481 1463 499 1s
1473 495 1481 506 ‚
1501 486 1523 503 e.
1561 477 1620 504 Adi.
1655 477 1819 512 [μηχανικὸς]
1856 479 1932 514 le
1942 481 1976 503 ad
1989 478 2219 512 macbinnsspn‘lar.

33 510 91 539 fere
104 517 233 546 quatuor:
270 511 343 547 quod
378 518 425 539 unt
437 520 452 538 e
470 510 557 546 lapide
575 525 622 531 -
640 519 655 537 e
669 511 795 538 lateribus
809 510 951 538 coetilibus
969 522 1016 531 ——
1033 517 1049 534 e
1061 509 1096 536 la·
1159 507 1317 535 Machinalis
1326 509 1436 549 uscientia
1458 510 1522 536 Pliu.
1531 518 1558 545 7,
1574 521 1612 546 37.
1651 513 1756 540 Pondus
1769 513 1918 540 machinale
1938 513 2167 547 Auson.Epist.21‚
2180 523 2221 547 34.

33 547 136 575 teribus
155 547 244 574 crudis
275 563 322 568 —
341 556 373 575 ex
390 554 460 575 terra
472 553 499 573 et
514 546 611 582 lapillis
631 547 781 581 compotitis
802 547 830 573 in
848 547 954 573 formis.
1007 545 1038 569 In
1057 545 1096 570 his
1197 551 1221 570 M
1232 551 1252 570 Λ
1264 550 1281 570 C
1293 551 1332 570 H1
1346 551 1396 571 ΝΟ
1407 550 1442 577 R,
1463 546 1511 571 ari.
1549 548 1733 582 humanam,
1752 549 1858 580 ἐπινοέω,
1870 552 2018 582 camacum,
2034 551 2223 583 ἰπιι-ιχνάομαι]

33 583 143 610 omnibus
156 583 222 609 nulla
233 584 311 611 calcis
323 583 443 617 rmntios·
454 589 479 609 et
491 592 508 608 a
519 591 588 609 muro
600 583 648 608 hac
660 583 715 618 ipsa
731 593 759 609 re
777 582 898 618 differre,
923 586 1034 614 apertum
1048 579 1095 616 est.-
1118 587 1147 607 ιο
1160 580 1190 607 Α
1200 579 1329 606 machinis
1346 579 1455 615 desumto
1475 583 1632 616 metaphora,
1648 585 1792 619 plerumque
1809 584 1841 617 est
1859 586 2015 620 Imaginari,
2037 585 2147 618 cogitare
2157 604 2165 616 ‚
2186 585 2224 610 in-

38 619 190 654 Videturque
201 622 261 646 adeo
273 619 398 646 maceries
419 618 454 646 ab
465 619 508 644 boc
519 617 568 654 Ipso
580 618 658 652 dian,
678 620 744 653 quod
761 614 848 646 macra
863 616 908 652 est,
924 622 949 640 et
968 614 1036 640 nihil
1052 618 1096 643 ad·
1161 615 1249 641 venire
1261 622 1308 650 per
1321 616 1411 642 dolum.
1487 615 1542 642 Cic.
1556 617 1634 643 Vcrr.
1649 617 1706 643 Aet.
1720 627 1738 648 1.
1753 628 1775 651 ις
1797 620 1886 653 Qmm
1900 620 2000 646 interca
2014 613 2086 647 aliud
2097 619 2224 656 quiddam

35 653 132 690 misiam
145 656 231 688 habet,
251 663 297 689 quo
309 654 485 680 deuinciamur
495 660 589 689 partes.
663 654 732 681 Ter.
746 652 856 688 Adelph.
869 659 892 683 ς,
906 657 939 684 7,
954 659 981 676 10
1010 653 1096 687 Atque
1163 651 1266 677 iamdiu
1281 651 1456 677 machinetur.
1531 651 1612 678 Plaut.
1622 652 1705 678 Calin.
1719 661 1749 685 2,
1764 664 1781 686 4
1791 675 1798 687 ‚
1812 664 1843 681 22
1870 655 1917 683 Illa
1928 655 2010 682 nubet
2023 655 2090 682 mihi
2100 675 2108 687 ‚
2127 655 2226 682 machi-

2061 407 2148 435 Genus
2168 418 2221 436 ma-

34 688 102 717 hanc
115 690 143 716 in
157 690 239 717 horto
251 689 392 716 maceriam
404 688 468 716 iube
480 689 553 716 dirui
566 694 694 724 quantum
706 689 797 725 potest.
850 686 907 712 Cic.
921 686 1035 726 Fam-16
1043 708 1051 720 ‚
1071 694 1097 718 ιε
1163 693 1223 713 nate
1236 686 1309 722 quod
1325 686 1396 713 lubet
1409 687 1506 726 quouis
1520 687 1611 714 modo.
1685 688 1866 717 Calamitatem
1886 691 1965 717 alicui
1985 693 2015 720 A.
2028 691 2060 718 ad
2075 691 2193 718 Hereun.
2207 699 2226 724 4

35 725 133 752 Helico
145 722 314 760 nequiffimus
335 731 378 752 H's
399 731 425 751 M
446 724 524 752 dabat
536 726 611 752 nuuo
624 726 716 760 aprico
729 725 825 754 horto,
852 721 928 748 nullo
948 723 1097 756 emim-trio,
1164 731 1186 749 c.
1199 728 1221 753 8·
1278 722 1378 749 Nec-:m
1391 723 1470 749 alicui
1483 722 1629 749 machinari
1651 723 1711 750 Liu.
1726 731 1752 756 1,
1766 731 1801 756 ςι.
1819 732 1858 759 pr.
1931 726 2028 754 Pcstcm
2041 727 2157 762 aliquam
2172 735 2226 752 ma-

35 761 108 788 nulla
128 760 240 787 maceria
253 781 262 793 ,
288 760 361 787 nulla
385 760 449 787 casa.
523 760 648 788 Gladium
665 761 694 788 in
710 758 846 795 publicum
866 762 937 783 trans
953 759 1096 786 maceriam
1116 765 1142 792 ις
1163 758 1268 785 chinari
1288 758 1316 784 in
1336 766 1438 784 omncs.
1500 758 1557 784 Cic.
1572 758 1604 785 de
1619 759 1681 785 Nat.
1697 759 1780 785 Dcor.
1794 768 1822 792 3,
1836 762 1871 786 66
1889 771 1909 788 c.
1925 765 1965 789 26.
1980 769 2023 797 pr.
2059 761 2227 794 Machinari,

35 796 112 823 horti
126 795 223 822 abiecit
241 796 302 822 Liu.
317 805 362 829 23,
381 806 406 830 9,
422 798 472 832 fin,
528 798 578 823 Sed
592 797 666 823 etiam
851 789 872 831 fl
900 801 916 818 2
952 793 1098 828 Materies,
1164 795 1240 820 etiam
1254 794 1280 818 i»
1293 795 1378 819 bonam
1388 800 1485 828 partem
1499 795 1639 830 accipitur,
1664 802 1709 830 pro
1728 795 1844 820 Inuenire
1862 798 1966 824 ratione.
2037 798 2094 825 Cic.
2115 798 2148 824 de
2162 797 2226 824 Nat.

35 830 159 866 [ἔκῚηξιε]
180 839 230 866 pro
244 831 440 865 Macritudine,
460 832 512 859 flue
525 831 711 858 maceratione·
785 827 911 855 Afranius
925 829 1057 865 Excepto,
1071 831 1098 857 Si
1165 830 1246 856 Deor.
1262 838 1293 862 2,
1317 834 1359 860 128
1392 829 1462 855 Nam
1476 831 1593 864 primum
1612 830 1678 857 aliae
1697 839 1798 863 mares,
1828 830 1894 856 aliae
1912 831 2025 859 feminae
2044 835 2116 860 siunt:
2154 832 2228 868 quod

34 866 82 894 ille
94 866 146 893 hoe
159 875 228 893 nunc
241 867 320 894 sentit
330 867 418 895 facere
430 868 472 894 illi
486 869 560 901 stitis,
585 867 626 893 vis
639 868 736 900 quanta
756 863 829 890 illius
841 873 915 891 mora
928 864 958 891 sit
971 866 1098 893 maceries
1164 865 1348 901 perpetuitatis
1362 865 1436 891 causa
1447 865 1593 892 machinata
1608 872 1700 893 natura
1714 865 1758 893 est.
1815 867 1854 892 De
1866 866 1952 901 hestiis.
2008 869 2076 895 Nam
2090 868 2141 895 tibi
2154 878 2227 904 prae.

34 901 87 929 tibi
125 901 233 928 Nonius
245 911 278 937 2,
301 906 356 936 53⁶·
1163 908 1235 928 terea
1249 901 1321 937 quod
1341 901 1494 935 machiner,
1519 902 1725 938 inueniamque,
1753 900 1822 928 nihil
1841 900 1890 928 est:
1935 903 1959 928 h.
1973 912 1992 930 e.
2019 905 2085 929 Nam
2099 909 2164 939 quod
2179 905 2228 931 tibi

71 943 98 963 M
107 943 129 964 A
137 943 155 964 C
163 944 180 964 Ε
189 944 208 964 R
218 945 235 965 Ε
243 936 287 967 ὄῐ.
299 945 321 966 A
336 959 345 972 ‚
363 939 419 972 fiue
442 937 499 965 M'A
509 943 552 964 ΟΕ
560 942 579 962 R
587 942 598 961 1
606 941 650 962 01.
658 941 680 961 A
688 955 698 968 ‚
717 942 756 962 ae.
781 934 801 963 f.
839 935 942 964 Dimin.
985 939 1037 965 Vct.
1057 939 1099 965 In·
1113 946 1148 964 20
1160 945 1293 973 praeterea
1305 937 1447 971 excogitem,
1457 944 1501 963 aut
1509 938 1641 972 fabric-er,
1661 941 1727 974 quod
1731 938 1779 965 eibi
1780 939 1880 974 placeat
1885 958 1894 970 ,
1914 937 1981 963 nihil
1992 938 2023 973 est
2030 939 2132 966 Lucrct.
2143 949 2164 973 3,
2172 948 2227 973 937.

35 973 124 1008 script.
135 973 205 1009 apud
218 974 297 1009 Spon.
307 973 465 1002 Mitt-,Erunt
473 972 561 1006 Antiq.
574 980 598 1006 p.
606 979 651 1004 293
677 971 732 998 LO
740 971 794 998 CV
802 971 817 997 S
836 972 948 1001 MACE
958 973 979 999 R
987 973 1040 1000 EO
1048 974 1069 1000 L
1077 975 1099 1001 A
1204 979 1229 998 M
1239 979 1262 998 A
1270 979 1287 998 c
1296 979 1317 998 H
1328 979 1336 998 1
1349 979 1371 998 N
1381 978 1402 997 A
1413 979 1436 999 'r
1444 979 1463 998 v
1473 979 1502 1006 S,
1521 981 1536 999 a
1544 993 1553 1007 ,
1573 982 1628 1000 um.
1665 975 1755 1000 At‘liue
1763 994 1771 1007 ‚
1796 982 1822 1000 v.
1833 983 1861 1008 g.
1882 973 1965 999 Alteri
1979 974 2089 1000 exitium
2112 984 2157 1009 per
2170 975 2228 1002 infi-

34 1009 141 1036 CLVS
151 1009 206 1037 VS.
284 1011 330 1036 Vln·
349 1012 452 1045 Spom‘us
468 1008 532 1034 dicit
548 1007 722 1034 Maceriolam
742 1006 788 1042 effi
804 1009 926 1042 Murum,
954 1017 1000 1042 quo
1013 1009 1100 1044 sepul·
1165 1007 1220 1034 dias
1234 1007 1383 1034 Machinata
1396 1007 1488 1034 lustin.
1505 1017 1545 1041 39,
1559 1017 1594 1042 4,
1607 1011 1631 1036 6.
1687 1008 1781 1043 Paffiue
1795 1009 1922 1044 Strepitus
1938 1010 2098 1036 machinatus
2108 1031 2115 1042 ‚
2142 1011 2158 1036 i.
2179 1012 2228 1038 Per

34 1053 132 1070 crorum
143 1055 218 1071 arcae
232 1046 410 1072 claudebantur
420 1043 445 1079 s.
460 1042 543 1078 blfia,
562 1043 616 1069 vicl.
631 1043 700 1069 Suet.
714 1043 782 1071 Ner.
795 1052 816 1069 c.
829 1052 865 1076 33.
1164 1043 1300 1070 machinas
1312 1043 1421 1069 effectus
1442 1044 1542 1070 Sallust.
1561 1048 1629 1080 apud
1640 1045 1713 1072 Non.
1725 1054 1751 1079 2,
1764 1050 1820 1078 859.
1893 1044 1935 1071 Sic
1948 1045 2015 1072 illud
2029 1054 2042 1072 a
2057 1046 2082 1073 P.
2095 1048 2228 1073 Autronio

72 1086 98 1106 Μ
107 1087 154 1107 AC
164 1079 179 1107 1¹¹
187 1087 274 1115 nvs,
293 1089 324 1113 a,
343 1088 398 1106 um.
434 1079 598 1105 Macilentus.
636 1079 771 1106 Constant.
785 1079 850 1106 Afer
857 1087 892 1112 13,
906 1086 935 1105 υ.
955 1078 982 1106 Si
990 1079 1100 1108 materia
1166 1078 1347 1106 machinatum
1367 1078 1468 1106 Sallust.
1481 1079 1561 1107 Catil.
1575 1085 1614 1114 48,
1628 1088 1653 1116 7.

35 1114 67 1143 fit
80 1115 231 1150 cholerica,
250 1123 345 1150 corpus
358 1114 411 1142 erit
423 1113 566 1142 macidum.
603 1116 675 1142 Add.
689 1115 728 1142 Id.
742 1117 776 1148 6,
788 1123 815 1149 9.
1118 1124 1149 1150 23
1206 1122 1231 1141 M
1243 1121 1288 1141 AC
1298 1121 1318 1141 H
1327 1121 1337 1140 1
1348 1121 1369 1141 N
1379 1121 1459 1142 ATv
1470 1121 1499 1149 s,
1519 1114 1558 1143 sis.
1584 1126 1620 1144 m.
1657 1117 1734 1151 Apul.
1747 1116 1825 1152 Apol.
1840 1125 1866 1152 p.
1879 1125 1921 1150 321
1952 1117 1997 1144 Me
2010 1118 2057 1145 suo
2077 1117 2231 1145 machinatu

72 1159 98 1178 M
107 1159 130 1179 A
140 1158 158 1179 c
167 1159 186 1179 Ε
194 1157 257 1182 Ro,
282 1157 306 1177 Μ
317 1157 340 1177 Α
348 1156 366 1177 c
375 1156 392 1177 E
401 1156 414 1177 s
423 1155 441 1177 c
450 1156 469 1177 o
478 1172 488 1185 ,
519 1151 575 1178 vid.
597 1157 654 1179 MA
663 1156 680 1178 C
689 1157 706 1178 Ε
715 1158 744 1177 R.
1167 1160 1242 1178 reum
1256 1150 1415 1186 postulatum
1423 1171 1432 1184 ,
1456 1153 1511 1178 vid.
1524 1159 1549 1178 et
1561 1152 1653 1180 Sidon.
1668 1152 1747 1187 Epist.
1762 1162 1774 1183 5
1787 1173 1794 1186 ‚
1809 1155 1835 1180 6.

71 1194 98 1214 M
106 1194 129 1214 A
137 1193 183 1214 cn
193 1193 215 1214 A
224 1193 241 1214 Ε
251 1193 300 1214 RA
309 1204 319 1217 ,
337 1195 376 1214 ae.
402 1186 423 1213 f.
460 1188 554 1214 Graece
566 1190 692 1220 μάχαιρα,
712 1186 804 1213 Latine
821 1186 894 1220 Sica,
910 1188 1032 1222 gladius,
1052 1189 1103 1215 cul.
1205 1194 1230 1214 M
1241 1193 1264 1213 A
1273 1193 1289 1213 c
1297 1193 1318 1213 H
1327 1193 1337 1213 1
1347 1193 1370 1213 N
1379 1193 1401 1213 A
1413 1194 1438 1214 M
1449 1193 1467 1213 E
1476 1194 1498 1213 N
1508 1193 1530 1213 T
1540 1193 1560 1213 ν
1572 1194 1598 1214 Μ
1611 1209 1620 1222 ,
1640 1189 1659 1216 i.
1686 1197 1711 1216 ιι.
1747 1189 1909 1223 μηχάνημα,
1928 1193 2051 1222 τέχνασμα
2058 1191 2072 1225 ]
2106 1196 2151 1225 pro
2172 1189 2232 1215 Ma.

37 1230 84 1250 ter.
141 1223 265 1258 Carnifici
281 1225 318 1249 ad
335 1224 500 1258 amputandas
519 1232 606 1249 manus
625 1223 746 1249 tribuitur
762 1229 802 1258 ap.
821 1222 892 1250 Suet.
911 1223 1005 1250 Claud.
1026 1233 1048 1251 c.
1068 1231 1102 1257 ις.
1168 1224 1249 1249 rhina.
1306 1222 1366 1249 Liu.
1380 1230 1426 1256 24,
1442 1231 1474 1256 34
1500 1223 1607 1250 Turres
1619 1223 1815 1258 contabulatas,
1833 1225 2094 1260 machinamentaque
2106 1225 2157 1252 alia
2170 1233 2232 1259 qua-

36 1259 119 1287 Plaut.
137 1258 247 1285 Curcul.
272 1266 302 1292 3,
326 1267 355 1292 54
393 1258 536 1294 Clupeatus
568 1258 739 1293 elephantum
765 1258 812 1286 vbi
836 1259 974 1286 machaera
1001 1259 1102 1288 difficit.
1168 1258 1265 1285 ciendis
1285 1258 1369 1284 muris
1389 1259 1538 1292 portabant.
1602 1260 1664 1287 Saxa
1685 1260 1800 1287 maxima
1819 1259 1951 1295 pondere,
1977 1260 2077 1288 dimissa
2096 1270 2143 1296 per
2160 1269 2233 1295 prae-

35 1295 131 1324 queu.
145 1294 196 1321 Sat.
210 1301 238 1330 7,
251 1303 268 1329 9
294 1296 372 1321 Ames
386 1303 500 1330 nomen,
523 1294 680 1330 vidtumque
694 1294 856 1322 machaerae.
929 1296 991 1323 Liu.
1013 1303 1047 1332 7,
1066 1305 1102 1330 24
1121 1303 1153 1328 3ο
1169 1304 1244 1329 ceps,
1264 1294 1474 1321 machinamenta
1488 1295 1671 1331 Confringunt
1683 1297 1775 1330 Veget.
1790 1305 1819 1329 4,
1834 1301 1856 1326 8.
1930 1297 2021 1323 Tacit.
2035 1298 2100 1322 Ann.
2115 1304 2152 1330 ια,
2163 1303 2233 1330 4;‚4

34 1337 77 1367 pr.
99 1331 189 1358 Laeuo
201 1330 315 1357 humero
332 1329 470 1358 machaera
483 1339 568 1366 prope
582 1330 696 1358 traiecto
708 1332 813 1358 celserat
826 1340 969 1367 parumper
989 1340 1021 1358 ex
1038 1333 1104 1359 acie.
1170 1330 1249 1359 Nihil
1263 1337 1316 1357 tam
1331 1330 1454 1365 ignarum
1468 1330 1602 1365 barbaris,
1622 1340 1702 1367 quam
1715 1331 1925 1358 machinamenta
1939 1338 1965 1358 et
1978 1332 2044 1358 astus
2059 1331 2233 1367 oppugnatio-

39 1367 79 1393 Ex
92 1365 187 1402 vetusto
199 1366 277 1393 codice
288 1367 416 1401 legendum
429 1367 536 1394 Matari.
596 1366 684 1393 Hebes
703 1367 786 1393 Plaut.
797 1367 858 1394 Mil.
871 1375 892 1400 1,
906 1377 926 1401 1,
941 1375 977 1400 53.
992 1390 993 1394 ,
1031 1370 1103 1395 Add.
1169 1376 1243 1394 num.
1315 1366 1468 1401 Suspensum
1489 1372 1514 1393 et
1531 1372 1624 1394 nutans
1643 1367 1886 1394 machinamentum
1919 1368 2010 1395 Tacit.
2037 1368 2103 1394 Hist.
2129 1376 2164 1400 4,
2191 1375 2233 1400 30.

39 1402 121 1429 Plaut.
134 1402 226 1429 Bacch.
240 1411 260 1435 1,
271 1410 291 1435 1,
304 1409 339 1435 35.
351 1409 375 1428 et
386 1411 416 1436 4,
429 1409 453 1436 8,
464 1405 510 1436 46.
547 1403 577 1438 it.
595 1403 678 1429 Merc.
694 1410 717 1436 3,
734 1410 760 1436 2,
775 1407 813 1435 85.
884 1403 958 1430 Idem
974 1403 1063 1432 Pseud.
1075 1413 1104 1438 4,
1170 1403 1244 1431 Idem
1264 1402 1332 1428 Ann.
1352 1410 1393 1435 ις,
1412 1410 1431 1435 4
1458 1402 1588 1430 Adiabeni
1606 1412 1689 1439 quum
1703 1412 1864 1439 promouere
1885 1403 1962 1430 scalas
1982 1409 2008 1430 et
2025 1403 2236 1431 machinamenta

38 1443 68 1471 7,
80 1442 109 1469 83
136 1438 180 1463 hoc
193 1438 293 1464 verbum
306 1437 402 1474 obsceno
408 1438 484 1474 sensu
497 1437 611 1474 vsurput.
665 1439 716 1465 Sed
734 1439 822 1474 Atque
836 1444 908 1466 tuam
922 1440 1036 1475 Fulgens
1049 1440 1104 1466 ani·
1171 1439 1335 1473 inciperent,
1354 1437 1432 1464 facile
1446 1437 1553 1466 detrufi.

38 1481 126 1506 mam,
145 1472 214 1500 mihi
226 1473 319 1506 crede,
340 1473 477 1501 machaera
482 1474 520 1509 sc.
534 1481 672 1509 percurret
684 1476 789 1502 quenc.
802 1474 830 1501 in
843 1475 907 1503 Luc.
921 1483 946 1502 2.
1124 1479 1153 1507 35
1210 1481 1237 1501 M
1246 1480 1293 1500 Ac
1302 1480 1322 1500 H
1332 1480 1340 1499 1
1352 1480 1373 1499 N
1385 1474 1408 1501 Ᾰ
1417 1480 1467 1501 'ro
1476 1481 1495 1501 R
1504 1496 1512 1508 ,
1533 1475 1596 1502 oris.
1624 1484 1661 1502 m.
1699 1477 1891 1511 [μηχανοποιδς]
1934 1478 1953 1502 i.
1972 1475 2137 1502 Architel‘lus.
2165 1473 2235 1502 Tac.

76 1515 376 1543 MACHAER1VM‚
395 1510 414 1537 i.
435 1520 462 1537 n.
493 1511 653 1546 [μαχαίριον]
691 1509 809 1537 Cultellus
818 1511 987 1546 coquinarius.
1024 1511 1106 1539 Plaut.
1171 1511 1239 1537 Anu.
1255 1519 1289 1543 ις,
1301 1518 1347 1543 42,
1360 1517 1384 1538 2.
1439 1510 1594 1539 BAEBIO
1615 1512 1791 1539 MVSAEO
1809 1510 2136 1538 MACHINATORI
2154 1511 2234 1537 inser.

39 1544 129 1572 Aulul.
142 1553 174 1578 2,
192 1554 227 1579 9,
246 1554 257 1573 1
290 1546 340 1573 Tu
360 1545 512 1573 machaerio
531 1555 677 1581 congrum,
697 1555 868 1579 umraenam,
890 1546 1036 1581 exdorsua,
1061 1556 1105 1574 etc.
1173 1547 1250 1573 Grut.
1263 1555 1288 1580 p.
1297 1549 1345 1579 642
1365 1555 1391 1573 n.
1404 1557 1427 1580 4.
1499 1547 1559 1575 Liu.
1574 1556 1624 1581 24,
1640 1557 1669 1581 34
1698 1546 1869 1574 Archimedes
1891 1547 2058 1574 machinator
2077 1545 2237 1573 bellicorum

40 1582 102 1607 Item
118 1582 256 1609 Gladiolus.
330 1582 414 1609 Plaut.
427 1582 494 1610 Rud.
508 1591 540 1616 2,
557 1589 590 1616 2,
606 1591 624 1616 9
656 1582 712 1616 Qu
731 1589 784 1609 tres
803 1582 912 1610 duceret
928 1582 1106 1615 chlamydatos
1172 1588 1379 1609 tormentorum.
1452 1583 1665 1616 Machinatores‚
1685 1584 1732 1618 qui
1745 1588 1865 1618 pegmata
1877 1592 1924 1618 per
1935 1583 1961 1609 se
1979 1582 2111 1616 surgentia
2131 1581 2237 1616 excogi-

41 1624 103 1643 tum
117 1615 283 1646 machaeriis.
1173 1625 1227 1645 tant
1242 1619 1299 1644 Sen.
1317 1619 1363 1653 Ep.
1377 1623 1414 1649 88.
1452 1642 1454 1654 s
1486 1619 1553 1646 Belli
1566 1618 1733 1646 machinator
1758 1619 1818 1645 Liu.
1833 1627 1858 1650 1,
1873 1623 1911 1648 28-
1985 1618 2049 1644 Doli
2068 1617 2236 1643 machinator

78 1658 105 1678 M
115 1659 138 1679 A
147 1659 165 1680 c
174 1659 196 1680 H
205 1659 364 1681 AEROPH
373 1651 487 1687 ὅκνε,
505 1653 525 1681 i.
545 1663 581 1680 m.
619 1653 831 1689 [μαχαιροφῆςος]
868 1655 980 1680 Sicarius
990 1654 1107 1690 gladitam
1122 1661 1159 1687 40
1174 1654 1266 1681 Tacit.
1280 1655 1347 1680 Anu.
1362 1662 1388 1687 1,
1400 1663 1445 1688 10,
1458 1663 1483 1681 2.
1556 1655 1687 1681 Omnium
1704 1654 1864 1680 architectus
1879 1660 1904 1680 et
1926 1653 2092 1679 machinator
2118 1652 2173 1679 Cic.
2187 1660 2238 1686 pro

35 1687 136 1722 firens.
192 1689 250 1717 Cic.
270 1690 308 1723 Q
323 1690 392 1716 Frat.
412 1698 445 1723 2,
463 1695 476 1719 8
507 1690 563 1722 (al.
583 1698 601 1722 9
625 1690 669 1714 vel
689 1693 739 1725 10)
771 1694 836 1717 med.
868 1689 1107 1726 Machaerophoris
1174 1690 1250 1717 Rosc.
1262 1691 1350 1717 Amet.
1364 1698 1414 1722 132.
1488 1690 1621 1717 Scelerum
1632 1689 1756 1716 omnium
1767 1688 1974 1724 improbiffimus
1985 1687 2168 1720 machinator,
2185 1689 2239 1713 h.e.

41 1729 148 1750 centum
160 1725 329 1759 sequentibus
343 1725 428 1751 miros
441 1725 508 1751 risus
525 1733 574 1751 nos
588 1724 676 1752 edere.
1173 1728 1292 1753 Inua'ntot·
1306 1732 1329 1751 et
1343 1726 1427 1751 aanor
1447 1726 1505 1752 Cic.
1519 1726 1547 1752 in
1560 1726 1638 1752 Catil.
1652 1735 1662 1758 3
1684 1734 1705 1752 c.
1714 1733 1735 1758 3.
1807 1725 1878 1761 Qin
1898 1725 1999 1751 Rerum
2010 1723 2239 1750 oumiummachi-

77 1765 137 1786 MA
147 1765 194 1786 CH
203 1766 226 1786 A
235 1766 253 1786 Ε
262 1766 281 1786 R
290 1767 312 1786 v
321 1766 351 1793 s,
378 1760 458 1787 untis.
496 1761 643 1795 [Μκχαιςές
662 1760 814 1797 Stephano]
850 1763 911 1788 Arx
925 1763 1046 1796 Iudaeae,
1067 1761 1108 1798 se·
1175 1768 1269 1794 nator,
1289 1761 1359 1788 Deus
1372 1762 1491 1789 Lac'tant.
1504 1770 1530 1795 2,
1543 1770 1572 1788 11.
1588 1769 1612 1788 et
1625 1770 1654 1795 4,
1668 1763 1694 1788 6.

23 1802 26 1803 ⁷
40 1796 147 1821 cundum
158 1795 217 1820 olim
229 1796 262 1821 ab
276 1794 454 1830 Hierosolymis
466 1796 602 1837 dignitatis
614 1798 692 1823 locum
704 1797 823 1825 obtinens.
867 1798 935 1825 Plin.
948 1805 962 1831 ς
970 1819 979 1832 ,
998 1801 1035 1826 16.
1214 1805 1239 1824 Μ
1250 1804 1272 1824 Α
1280 1803 1296 1824 c
1305 1804 1325 1824 H
1336 1804 1376 1823 1N
1385 1799 1409 1824 A
1417 1804 1438 1824 T
1447 1805 1466 1824 R
1475 1805 1485 1823 1
1496 1805 1513 1824 x
1523 1818 1531 1831 ,
1552 1797 1610 1824 icis.
1628 1797 1649 1824 f.
1687 1797 1783 1824 Seneca
1796 1794 1890 1823 Medea
1901 1798 1985 1823 v.266
2003 1794 2053 1822 Sed
2065 1800 2094 1822 tu
2107 1794 2239 1822 malorum

76 1835 103 1855 M
111 1835 244 1857 ACHAE
252 1836 273 1857 R
281 1836 302 1858 0
312 1837 328 1857 P
337 1838 359 1858 H
367 1838 386 1858 Υ
395 1838 411 1858 1.
421 1837 439 1858 1.
449 1838 468 1859 ο
477 1838 500 1858 N
508 1852 519 1866 ,
536 1841 557 1859 1.
578 1841 606 1860 n.
627 1832 860 1870 [μαχπιςεφνλλον]
898 1835 992 1861 Herba.
1029 1835 1108 1870 Apul.
1126 1839 1160 1866 45
1176 1833 1353 1861 machinatrix
1367 1833 1529 1860 facinorum.

40 1863 74 1892 de
87 1865 172 1892 Herb·
185 1875 207 1893 C·
223 1871 266 1901 78-
825 1883 829 1884 ⁷
1214 1876 1240 1897 M
1251 1875 1299 1896 AC
1308 1876 1329 1895 H
1340 1876 1348 1895 1
1358 1876 1409 1896 NA
1417 1876 1439 1896 T
1448 1877 1457 1895 Ι
1466 1875 1486 1896 0
1495 1889 1503 1902 ‚
1521 1869 1590 1896 bnis.
1611 1869 1631 1896 f.
1668 1869 1814 1903 [μηκάνησις
1823 1887 1830 1900 ,
1850 1871 1949 1899 παλάμᾳ
1957 1886 1964 1899 ,
1983 1867 2150 1902 ἓπιτέχνησις]
2181 1866 2240 1893 Ali-

79 1907 161 1929 MAC
171 1908 192 1928 H
205 1909 226 1930 A
237 1908 259 1929 G
268 1909 348 1929 18'1'1
357 1910 380 1930 A
393 1924 402 1937 ‚
422 1913 461 1932 ae.
486 1903 508 1931 f.
549 1904 651 1931 Verbum
669 1905 807 1941 mysticum,
832 1915 893 1941 quo,
910 1914 940 1932 vt
953 1907 1110 1934 Ammianus
1175 1907 1239 1941 quid
1249 1905 1383 1941 ,artificiose
1396 1907 1562 1941 excogitatum
1583 1906 1640 1932 Cic.
1653 1904 1685 1931 de
1700 1905 1773 1932 Orat.
1787 1912 1819 1937 2,
1837 1911 1869 1938 72
1902 1904 1958 1936 Qi
1971 1909 2095 1937 tanquam
2110 1901 2241 1929 machina-

40 1944 89 1970 ²3,
102 1939 120 1964 6
145 1938 272 1973 loquitur,
290 1939 406 1973 Magiam
419 1940 492 1967 Plato
505 1940 704 1975 Machagistiam
716 1941 802 1970 verbo
816 1942 925 1974 mystico
938 1943 987 1970 effe
1000 1942 1110 1977 docuit,
1177 1942 1251 1968 tione
1266 1941 1370 1977 aliqua,
1390 1947 1447 1968 tum
1461 1940 1494 1967 ad
1507 1941 1672 1968 seueritatem
1681 1960 1690 1973 ,
1709 1947 1766 1966 tum
1779 1939 1810 1965 ad
1825 1939 2000 1965 remiffionem
2011 1938 2110 1970 animi,
2131 1944 2187 1964 tum
2206 1936 2240 1963 ad

42 1972 202 2003 diuinorum
215 1974 468 2010 incorruptiflimum
480 1976 590 2004 cultum.
633 1979 664 2004 In
677 1978 784 2005 Platone
796 1979 868 2005 bodie
879 1979 932 2014 legi
943 1979 986 2005 hoc
999 1980 1110 2013 verbum,
1177 1978 1328 2008 tristitiam,
1354 1982 1412 2002 tum
1433 1976 1560 2001 laetitiam
1578 1976 1614 2001 est
1633 1973 1857 2007 contorquendus.
1895 1973 1912 1998 i.
1938 1973 2083 2011 Inventione
2098 1980 2122 1998 et
2141 1972 2240 2007 astutia.

40 2017 116 2044 negot
129 2010 294 2047 Liudenbrog.
313 2020 337 2046 p.
350 2020 411 2045 405.
439 2013 518 2040 Gron.
1129 2019 1161 2044 50
1178 2011 1354 2040 Machinatio‚
1371 2016 1418 2042 pro
1431 2011 1560 2034 Machina.
1637 2009 1709 2034 Caes.
1722 2008 1785 2034 Bell.
1802 2007 1870 2034 Gall.
1883 2015 1914 2040 2,
1934 2015 1961 2033 21
1994 2007 2112 2034 Primum
2125 2007 2241 2034 irridere

77 2051 103 2072 M
114 2046 298 2080 ACHAON,
320 2048 390 2074 onis.
417 2057 453 2077 m.
491 2049 636 2083 [Μαχάων]
672 2048 818 2083 Aesculapii
824 2048 905 2082 filius.
951 2049 976 2072 Is
994 2048 1022 2072 ob
1037 2053 1112 2080 pras·
1178 2053 1209 2070 ex
1222 2052 1317 2074 muro,
1341 2048 1420 2077 atque
1439 2043 1599 2078 increpitare
1621 2043 1749 2076 vocibus,
1777 2042 1849 2078 quod
1862 2049 1932 2070 tanta
1944 2042 2107 2069 machinatio
2120 2043 2153 2069 ab
2167 2049 2239 2070 tanto

36 2079 160 2115 stantiam
174 2082 280 2109 medicae
291 2083 358 2108 artis
370 2092 424 2108 cum
442 2084 504 2109 aliis
524 2084 635 2108 heroibus
658 2084 808 2108 Graecorum
822 2083 860 2106 ad
881 2081 982 2106 Troiam
1002 2089 1014 2105 e
1035 2082 1113 2105 Creta
1176 2079 1259 2113 spatio
1275 2078 1457 2105 instrueretur.
1496 2080 1569 2112 Conf.
1584 2079 1658 2113 Id.4‚
1673 2086 1709 2113 17.
1764 2079 1823 2105 Liu.
1837 2087 1880 2112 34,
1894 2087 1926 2111 34
1953 2078 2032 2105 Nunc
2045 2078 2161 2112 impensa
2173 2087 2238 2114 quo-

43 2123 187 2141 conuocatus
198 2116 264 2149 ficit.
338 2117 459 2151 Propert.
476 2125 504 2149 1,
521 2124 554 2150 2,
571 2123 604 2149 59
635 2116 730 2143 Tarda
746 2114 909 2142 Philoctetae
921 2116 1021 2142 sanauit
1035 2123 1113 2141 crura
1177 2123 1229 2149 que
1242 2122 1338 2148 magna
1351 2120 1410 2148 eget
1423 2114 1451 2140 iu
1466 2123 1546 2149 opera
1555 2135 1563 2148 ,
1585 2116 1615 2141 in
1628 2115 1839 2142 machinationes
1852 2120 1878 2140 et
1891 2118 2039 2146 tormenta,
2059 2113 2157 2149 quibus
2170 2119 2242 2141 tanta

46 2149 189 2178 Machaon.
1177 2150 1240 2176 vrbs
1254 2149 1430 2184 oppugnanda
1444 2149 1489 2176 est.
1531 2151 1604 2175 Adde
1616 2158 1664 2183 37,
1684 2159 1706 2180 5·
1803 2162 1806 2167 ·

81 2192 108 2212 M
118 2192 371 2220 ACHAoNtvs‚
397 2196 411 2213 a
422 2207 431 2219 ‚
453 2196 508 2213 um.
544 2188 702 2221 [Μιχαᾰνιοι
716 2187 729 2221 ]
767 2185 850 2212 Ouid.
865 2194 897 2212 ex
917 2186 993 2212 Pont.
1008 2193 1032 2218 1,
1052 2194 1081 2218 3,
1098 2192 1113 2219 ς
1131 2192 1159 2218 55
1216 2193 1240 2212 Μ
1256 2191 1330 2212 ACH
1340 2193 1348 2211 1
1359 2191 1412 2211 NA
1422 2191 1526 2216 R1vs,
1546 2185 1564 2209 i.
1590 2194 1626 2210 m.
1664 2184 1768 2210 Paullus
1780 2183 1809 2209 in
1822 2184 1839 2211 l.
1865 2182 1891 2209 Si
1911 2188 2028 2217 putator.
2053 2184 2086 2210 D.
2102 2183 2142 2210 Ad
2157 2184 2241 2220 legem

43 2221 218 2249 Machaoniae
231 2228 309 2248 artes.
372 2221 446 2248 Idem
466 2222 540 2248 Rem.
561 2223 654 2248 Amor.
668 2224 715 2254 546
748 2221 796 2248 Ille
815 2221 973 2248 Machaonia
996 2221 1042 2248 vix
1059 2230 1111 2256 ope
1177 2220 1329 2255 Aquiliam,
1349 2220 1375 2246 Si
1389 2225 1497 2254 putator
1509 2228 1592 2253 quum
1605 2228 1637 2246 ex
1650 2219 1748 2246 arbore
1766 2227 1870 2250 ramum
1884 2218 2025 2253 deiiceret,
2050 2220 2094 2246 vel
2111 2220 2242 2248 machina·

44 2257 187 2284 sanuserit.
242 2256 490 2284 SaeuaMachaonio
501 2257 624 2284 coierunt
631 2256 742 2284 vulnera
750 2257 832 2284 Succo
849 2257 911 2283 Stat.
920 2257 983 2283 Silu.
993 2265 1048 2289 1,4,
1060 2265 1112 2289 114.
1178 2256 1249 2289 rius,
1277 2255 1417 2282 hominem
1432 2261 1643 2289 praetereuntem
1656 2255 1771 2287 occidit,
1797 2262 1841 2281 etc.

81 2299 108 2320 M
118 2290 216 2320 ACHi‘
224 2299 247 2319 N
257 2299 280 2320 A
294 2313 303 2327 ‚
321 2301 361 2320 ae.
391 2292 412 2320 f.
455 2292 589 2327 [μηχανὴ
608 2293 717 2329 ἐπίνοια]
761 2293 883 2319 Generali
896 2292 992 2318 notione
1008 2292 1112 2317 videtur
1216 2298 1242 2317 M
1252 2298 1275 2317 A
1284 2297 1301 2317 c
1310 2297 1331 2316 H
1341 2298 1349 2316 1
1361 2297 1383 2316 N
1395 2297 1417 2317 A
1426 2297 1443 2316 R
1454 2297 1492 2316 ιν
1502 2297 1514 2316 s
1526 2311 1534 2323 ‚
1562 2299 1577 2316 a
1589 2311 1598 2324 ‚
1624 2300 1680 2318 um.
1723 2290 1784 2318 Adi.
1834 2289 2014 2317 Machinarius
2039 2291 2244 2320 commentator

38 2328 201 2365 significare,
221 2329 347 2364 quidquid
358 2329 546 2355 admouendum
559 2330 634 2355 aliud
643 2329 807 2364 excogitatum
819 2328 867 2362 cst:
903 2337 930 2354 v.
941 2337 970 2363 g.
991 2329 1025 2353 ad
1037 2336 1112 2353 onera
1178 2326 1350 2353 Archimedes
1369 2326 1421 2352 fuit
1442 2326 1524 2353 Solin.
1550 2335 1573 2353 c.
1592 2334 1616 2359 ς.
1700 2327 1774 2354 Mola
1801 2326 1963 2353 machinaria
1996 2327 2072 2362 Apul.
2097 2327 2161 2354 Met.
2182 2328 2200 2355 l.
2214 2335 2240 2363 7.

45 2365 169 2391 molienda
181 2371 211 2390 vt
223 2365 318 2392 Horat.
331 2363 409 2400 Epist.
422 2372 448 2397 2,
462 2373 489 2398 2,
501 2372 532 2400 73
558 2364 688 2400 Torquet
698 2373 769 2391 nunc
782 2363 914 2399 lapidem,
935 2372 1004 2390 nune
1018 2363 1111 2398 ingens
1127 2363 1162 2389 60
1178 2362 1268 2389 Asinus
1282 2361 1462 2389 machinarius
1490 2361 1630 2389 Africanus
1650 2362 1679 2389 in
1692 2363 1711 2390 l.
1736 2363 1827 2396 Qium
1846 2367 2026 2396 quaereretur.
2045 2360 2068 2399 §
2081 2363 2185 2390 vltimo.
2207 2364 2239 2391 Ι).

46 2400 170 2428 machina
181 2400 293 2435 lignum.
351 2401 510 2433 Vitruuius,
530 2400 576 2435 qui
586 2407 662 2426 totum
676 2400 767 2426 librum
785 2402 905 2426 decimum
919 2399 1049 2426 machinis
1070 2400 1112 2425 de·
1179 2398 1212 2425 de
1226 2399 1303 2434 legat.
1318 2405 1343 2425 et
1357 2397 1540 2425 fideicommis.
1554 2407 1577 2431 3.
1634 2397 1675 2433 15st
1687 2406 1767 2424 autem
1786 2397 1876 2424 Asinus
1895 2397 2091 2432 machinarius,
2112 2400 2243 2425 Molendu-

41 2435 182 2472 scribendis
191 2436 326 2471 impendit,
341 2436 381 2469 stc
394 2436 500 2471 incipit,
525 2435 649 2462 Machina
667 2435 703 2463 est
716 2436 855 2463 continens
873 2444 905 2462 ex
921 2436 1032 2462 materia
1050 2443 1112 2461 con·
1177 2435 1248 2469 rius,
1269 2434 1313 2468 qui
1330 2434 1415 2460 molit.-
1452 2434 1470 2460 i.
1493 2434 1548 2471 Qi
1560 2435 1648 2460 molam
1667 2434 1784 2460 machina
1796 2435 1903 2468 quadam
1916 2432 2035 2468 inclusam
2055 2434 2137 2460 voluit
2154 2442 2179 2461 et
2192 2443 2242 2461 tor-

48 2471 171 2505 iunffio,
197 2479 323 2498 maximas
341 2471 374 2498 ad
393 2480 508 2498 onerum
525 2477 614 2498 motus
630 2471 730 2499 habens
743 2472 857 2499 virtutes
892 2486 940 2493 —-—
965 2471 1008 2498 Est
1022 2477 1112 2498 autem
1177 2478 1234 2505 quet
1239 2491 1248 2504 ,
1269 2479 1342 2503 quam
1355 2477 1378 2496 ct
1397 2470 1542 2496 Machinan
1555 2470 1756 2503 frumentariam
1775 2476 1850 2495 vocat
1867 2469 2066 2504 Iurisconsultus.
2123 2470 2164 2496 Sic
2182 2471 2243 2497 Ma..

47 2516 130 2535 vnum
139 2516 224 2541 genus
236 2507 398 2534 scansorium
418 2522 465 2529 -—-
486 2517 546 2535 eum
565 2507 704 2536 machinae
721 2508 758 2535 ita
777 2508 880 2535 fuerint
899 2508 1059 2540 collocatae,
1082 2512 1112 2533 vt
1178 2507 1289 2531 chinalia
1301 2509 1415 2540 pondera
1429 2513 1502 2532 vocat
1513 2505 1662 2539 Ausonius,
1685 2505 1839 2541 Pislrinalia
1848 2507 1976 2540 pandam
2014 2504 2069 2538 Qu
2084 2505 2243 2540 machinali,

45 2542 80 2570 ad
99 2542 267 2570 altitudinem
286 2544 367 2578 tignis
384 2543 485 2571 statutis
504 2545 738 2572 ettransuersariis
752 2544 901 2580 colligatis,
925 2544 977 2571 fine
993 2543 1112 2578 periculo
1127 2543 1159 2575 65
1181 2541 1281 2576 inquit,
1299 2543 1356 2568 saxa
1373 2542 1488 2568 voluunt
1501 2541 1627 2576 pondere.
1698 2541 1807 2576 leian.
1820 2541 1848 2567 in
1870 2540 1888 2567 l.
1908 2541 1957 2567 Vel
1977 2541 2060 2568 cuius.
2081 2541 2113 2568 D.
2133 2542 2160 2569 Si
2172 2551 2244 2570 men—

10 2588 17 2590 *
46 2578 185 2606 scandatur
195 2578 228 2605 ad
239 2586 378 2614 apparatus
390 2580 591 2616 spectationem.
648 2580 771 2616 Spiritale
784 2581 836 2615 est,
856 2590 918 2608 cum
936 2580 1050 2615 Spiritus
1070 2586 1112 2605 ex·
1178 2577 1229 2604 sor.
1250 2577 1294 2603 fal.
1316 2586 1371 2603 mo.
1391 2585 1435 2603 etc.
1487 2577 1538 2604 Etli
1556 2578 1663 2604 mensor
1680 2576 1859 2604 machinarius
1872 2576 2009 2603 fefellerit.

45 2614 221 2651 preffionibus
245 2615 393 2650 impulsus,
430 2622 457 2643 et
480 2616 571 2652 plagae
599 2625 731 2652 vocesque
757 2617 886 2650 ὄςγανικὸῖς
916 2617 1111 2651 exprimuntur.
1218 2615 1414 2640 MACH1N6
1422 2619 1487 2639 svs
1495 2633 1504 2646 ,
1522 2622 1552 2646 a,
1572 2623 1627 2640 um.
1666 2613 1727 2640 Adi.
1765 2611 1938 2647 [unxoevaianc]
1977 2612 2124 2647 Nauigium
2144 2613 2243 2640 machi.

47 2666 96 2672 —
115 2652 187 2678 Inter
204 2651 337 2678 machinas
350 2658 377 2678 et
390 2661 489 2688 organa
502 2652 555 2679 hoc
565 2652 674 2680 videtur
686 2654 735 2679 else
746 2652 905 2687 discrimen,
925 2652 998 2688 quod
1012 2650 1113 2678 machi·
1178 2650 1289 2682 nosum,
1309 2651 1376 2685 apud
1387 2649 1459 2676 Suet.
1476 2649 1505 2675 in
1520 2649 1623 2676 Neron.
1645 2658 1666 2676 c.
1681 2657 1722 2682 34.
1774 2647 1859 2674 Paullo
1878 2655 1937 2673 ame
1949 2649 2045 2674 Nauem
2058 2647 2183 2684 solutilem
2200 2656 2244 2685 ap-

48 2695 98 2714 nae
117 2686 238 2721 pluribus
256 2687 383 2722 operibus
401 2695 446 2715 aut
466 2688 494 2715 vi
513 2689 617 2716 maiore
636 2695 769 2724 coguntur
791 2688 900 2716 effectus
920 2687 1018 2715 habere
1034 2708 1042 2720 ‚
1071 2686 1112 2713 Vti
1174 2685 1289 2721 pelleret.
1326 2694 1350 2720 q.
1364 2687 1390 2712 d.
1416 2685 1596 2711 machinatione
1610 2684 1702 2720 subtili
1708 2683 1838 2720 strutlum.
1864 2719 1869 2723 Π
1971 2718 1976 2723 ¹
2009 2718 2015 2723 ο

47 2722 154 2751 balistae
166 2723 395 2759 torculariumque
409 2725 490 2759 prela.
546 2725 654 2760 Organa
665 2731 753 2752 autem
772 2726 850 2752 vnius
868 2733 965 2760 operae
987 2722 1113 2759 prudenti
1126 2729 1162 2757 70
1218 2728 1243 2748 M
1256 2728 1277 2746 A
1286 2727 1302 2747 c
1311 2727 1332 2747 H
1342 2728 1350 2746 1
1361 2727 1380 2747 o
1388 2741 1397 2754 ,
1417 2721 1485 2748 anis.
1505 2729 1541 2747 m.
1577 2721 1669 2748 Iliclor.
1682 2729 1724 2754 19,
1743 2725 1757 2750 8
1783 2718 1937 2760 Mathmn&
1950 2717 2017 2746 ‘1131
2029 2727 2044 2745 a
2056 2719 2198 2756 Machinis,
2213 2720 2243 2747 in

48 2759 122 2787 tati’tu
134 2759 274 2794 perficiunt
286 2759 359 2794 quod
372 2760 536 2795 propolitum
548 2761 585 2788 est
604 2768 649 2789 etc.
704 2762 771 2788 Plin.
785 2770 830 2795 19,
847 2769 863 2788 2
885 2762 903 2788 s.
917 2766 930 2792 8
963 2761 1070 2794 Quanto
1084 2758 1114 2786 lit
1179 2756 1276 2793 quibus
1291 2756 1411 2784 insistunt
1430 2762 1540 2792 propter
1557 2757 1725 2783 altitudinem
1738 2760 1877 2790 parietum.

49 2796 80 2824 in
92 2797 140 2822 vsu
153 2795 279 2822 omnibus
291 2796 370 2822 terris
378 2816 387 2828 ,
407 2797 518 2824 nauium
528 2798 714 2831 armamentis,
740 2797 870 2824 machinis
882 2796 1097 2824 aedificationum
1105 2815 1114 2828 ,
1219 2800 1244 2819 M
1258 2800 1279 2819 A
1290 2799 1307 2819 C
1316 2799 1337 2818 H
1347 2799 1363 2818 ι.
1373 2800 1392 2819 Υ
1402 2800 1424 2820 A
1434 2800 1459 2819 E.
1497 2794 1629 2827 [Μάχλυες
1645 2791 1804 2826 Herodoto]
1841 2790 1936 2826 Populi
1948 2791 2053 2818 Africae
2075 2792 2151 2827 supra
2164 2792 2244 2819 Nasa-

49 2834 81 2859 de
94 2833 192 2866 Spar-to.
263 2832 360 2858 Mundi
374 2832 495 2859 machina
521 2834 627 2860 Lucret.
640 2842 671 2867 ς,
689 2842 733 2869 97.
805 2833 930 2861 Machina
943 2833 1059 2864 dicitur,
1085 2838 1116 2857 vt
1181 2838 1290 2862 moneS,
1314 2837 1381 2864 quos
1400 2829 1578 2864 Androgynos
1598 2829 1646 2854 esse
1667 2827 1748 2867 tradi-t
1767 2825 1952 2861 calliphanes,
1980 2827 2119 2863 Vtriusque
2137 2834 2244 2854 naturae

49 2868 89 2895 ait
102 2867 247 2903 leianus,
265 2867 313 2895 vbi
327 2877 383 2894 non
400 2874 454 2895 tam
469 2869 596 2896 materiae
608 2870 696 2903 ratio,
721 2877 800 2905 quam
816 2878 926 2903 manus,
951 2874 1031 2904 atque
1044 2868 1116 2902 inge·
1181 2864 1285 2892 vicibus
1306 2865 1376 2891 inter
1395 2866 1420 2891 se
1438 2867 1582 2904 co'e'untes3
1627 2864 1676 2890 His
1695 2862 1846 2904 Aristoteles
1865 2863 1947 2890 tradit
1966 2863 2085 2891 dextram
2102 2871 2243 2890 mammam

50 2903 92 2931 nii
104 2903 219 2931 ducitur.
291 2903 430 2931 Machinae
441 2905 517 2931 eriam
528 2906 588 2932 olim
601 2905 763 2939 dicebantur,
784 2906 870 2941 quibus
877 2905 950 2941 serm*
959 2905 987 2930 in
995 2904 1117 2940 ergastulo
1131 2907 1163 2935 73
1182 2902 1231 2928 effe
1248 2900 1372 2934 virilem,
1400 2901 1500 2927 laeuam
1518 2899 1677 2927 muliebrem
1707 2899 1774 2940 le.
1786 2900 1817 2933 6,
1834 2906 1862 2940 ‚²⁶
1886 2935 1891 2940 .
2079 2934 2084 2939 ·
2119 2934 2125 2939 ·

50 2947 96 2967 aut
109 2940 175 2965 alibi
183 2939 385 2973 continerentur,
411 2948 434 2967 ct
448 2943 625 2968 coercerentur.
682 2941 818 2975 Amicam,
843 2950 922 2977 quam
939 2941 1026 2976 palam
1043 2940 1118 2966 domi
1222 2944 1248 2964 Μ
1261 2943 1422 2969 ACHLls,
1442 2937 1472 2963 is.
1500 2936 1519 2962 f.
1557 2936 1621 2962 Fet-a
1634 2935 1670 2962 est
1684 2934 1872 2963 Scandinauiae
1884 2935 1982 2962 insulae
2000 2934 2154 2970 peculiaris,
2174 2932 2243 2958 aleae

51 2975 181 3010 haberet,
202 2975 234 3002 de
247 2975 380 3002 Machinis
400 2976 465 3003 emit
483 2978 520 3011 Q
530 2977 587 3005 Cic.
607 2977 640 3004 de
660 2978 734 3013 petit.
747 2978 816 3005 cons.
836 2986 858 3004 c.
873 2986 898 3004 2.
934 2976 1056 3012 intelligit
1069 2976 1117 3002 Ca·
1183 2973 1291 3006 similis,
1311 2972 1353 2998 sed
1371 2973 1446 2999 nullo
1460 2971 1631 3006 suffraginum
1643 2972 1720 2998 flexu.
1777 2971 1854 2998 Vnde
1867 2970 2016 2997 dormitura
2028 2979 2082 2996 non
2094 2968 2187 3000 cubat,
2200 2967 2243 2994 sed

52 3011 152 3039 (astam.
208 3013 247 3038 De
257 3012 362 3047 piaoris
375 3019 501 3048 apparatu
515 3013 582 3040 Plin.
596 3021 642 3046 35,
662 3023 690 3040 10
718 3015 807 3041 Paucis
821 3013 875 3041 diei
887 3013 964 3040 horis
978 3011 1118 3048 pingebat,
1182 3008 1276 3035 arbori
1290 3009 1315 3035 se
1332 3009 1461 3034 acclinans
1479 3009 1603 3048 somnum
1626 3008 1710 3043 capit:
1747 3016 1813 3043 quae
1832 3017 1846 3033 a
1864 3006 2034 3033 venatoribus
2052 3010 2110 3042 ante
2130 3003 2243 3043 succisa,

55 3047 84 3075 id
92 3056 198 3083 quoque
212 3056 273 3074 cum
285 3047 425 3083 grauitate,
446 3048 519 3084 quod
530 3050 632 3084 semper
644 3055 764 3085 togatus,
784 3049 972 3085 quanquamin
981 3048 1119 3075 machinis.
1184 3054 1266 3080 quum
1281 3044 1358 3084 semel
1372 3044 1513 3084 ceciderit.
1539 3052 1643 3084 erigere
1654 3044 1680 3070 se
1693 3053 1747 3070 non
1761 3043 1860 3083 potest,
1885 3051 1966 3081 eaque
1986 3041 2037 3067 sola
2055 3045 2158 3065 ratione
2176 3047 2244 3073 capi-

55 3083 262 3110 Belli‘machina
286 3093 320 3110 an
337 3083 391 3117 fit,
421 3094 496 3120 equus
518 3085 656 3119 Troianus,
685 3094 810 3121 quaerunt
833 3086 911 3121 Virg.
929 3087 993 3112 Aen.
1013 3093 1047 3117 2,
1072 3092 1118 3117 ¹31·
1133 3085 1165 3112 80
1184 3087 1242 3107 tur:
1281 3080 1343 3107 alias
1358 3089 1442 3106 mirae
1461 3080 1619 3107 velocitatis.
1677 3079 1793 3106 Labi-um
1812 3088 1838 3104 ei
1858 3080 1974 3111 superius
1992 3073 2170 3109 praegrande:
2207 3072 2244 3100 ob

57 3117 204 3154 Arietaria,
223 3120 278 3147 vid.
293 3120 323 3147 in
336 3127 388 3147 AR
398 3127 407 3147 1
417 3126 464 3148 Es.
537 3121 721 3149 Frumentaria
733 3122 787 3149 1.12
808 3120 832 3159 §.
846 3129 874 3148 ιο
895 3121 927 3148 D.
942 3120 975 3147 de
987 3120 1118 3147 inltruEto
1184 3116 1211 3143 id
1227 3115 1424 3157 retrograditur
1438 3115 1466 3142 in
1479 3115 1623 3156 pascendo,
1643 3125 1676 3142 ne
1689 3116 1718 3142 in
1732 3116 1822 3150 priora
1835 3113 1941 3139 tendens
1954 3110 2109 3137 inuoluatur
2133 3109 2200 3136 Plin.
2213 3114 2244 3142 8,

59 3153 103 3179 vel
114 3152 231 3182 instrum.
244 3156 295 3191 leg.
352 3157 483 3190 Murales,
503 3158 558 3184 vid.
574 3164 599 3184 M
608 3164 630 3182 v
639 3164 659 3184 R
668 3164 688 3184 v
699 3164 721 3184 s.
793 3158 946 3185 Admonere
959 3156 1119 3187 machinam,
1184 3161 1219 3186 ις.
1263 3154 1390 3179 Humum.
1404 3153 1465 3187 legis
1479 3152 1582 3179 Achlin.
1619 3152 1691 3184 Confi
1707 3153 1803 3177 Cluuer.
1819 3149 1898 3189 (ici-ni.
1912 3150 1975 3172 Am·
1989 3154 2001 3178 3
2010 3166 2017 3178 2
2039 3153 2084 3180 47·

60 3188 116 3214 vid.
134 3194 241 3219 Anno
250 3198 272 3219 v
283 3199 300 3219 E
309 3198 338 3220 o.
393 3194 545 3228 Apponere,
570 3194 624 3221 vid.
642 3200 665 3220 A
675 3200 713 3220 1²1²
722 3200 741 3220 o
752 3200 809 3221 No.
864 3193 970 3221 Audere
984 3192 1119 3219 machinas
1223 3195 1249 3215 M
1261 3195 1283 3214 A
1293 3193 1309 3213 c
1320 3194 1358 3215 1A
1367 3208 1376 3220 ‚
1396 3197 1434 3214 ae.
1459 3188 1479 3214 f.
1516 3188 1617 3221 Herba,
1638 3188 1704 3213 alias
1717 3183 1848 3219 Anagallts
1862 3182 1945 3215 dtt‘h,
1965 3181 2072 3208 Marcel.
2085 3181 2158 3215 EmP·
2172 3190 2194 3206 ἵ·
2209 3190 2225 3208 ¹·

60 3223 154 3250 Tacit.
167 3224 232 3254 fflst.
245 3237 275 3261 ⁴,
286 3236 326 3261 23.
399 3229 536 3256 Fabricata
562 3229 638 3264 Virg.
653 3230 718 3256 Aen.
730 3238 762 3263 2,
781 3231 826 3263 46.
897 3229 1037 3256 Machinae
1046 3249 1054 3262 ‚
1074 3235 1120 3263 per
1224 3230 1249 3250 M
1263 3231 1283 3250 A
1293 3229 1310 3250 C
1320 3230 1417 3252 lDAT
1426 3230 1446 3250 V
1460 3231 1473 3250 S
1482 3245 1490 3258 ‚
1511 3233 1525 3250 a
1534 3245 1541 3256 ‚
1557 3232 1611 3250 um.
1648 3223 1760 3257 Liquoris
1773 3219 2020 3258 infastum-madens·
2057 3217 2134 3256 ΛΡῈΙΙ-
2152 3216 2219 3256 Μὲῐ.ι
2230 3221 2244 3246 8

59 3259 263 3301 wandanberti,
285 3264 393 3298 Consilia
407 3266 493 3299 quibus
503 3264 615 3301 'decipere
630 3265 714 3301 bcfiem
726 3274 851 3294 conamur.
923 3265 1006 3291 Plaut.
1028 3263 1119 3291 Bacch.
1139 3263 1168 3291 85
1185 3269 1211 3295 p.
1226 3268 1282 3292 210,
1297 3261 1314 3285 6
1341 3261 1388 3287 Ille
1401 3260 1516 3300 spongiis
1530 3258 1664 3286 inacidatis
1677 3264 1795 3284 tumores
1809 3261 1992 3289 comprimere.
2031 3253 2078 3278 Al.
2098 3251 2243 3278 inacidatis.

59 3304 91 3329 2,
104 3302 135 3328 2,
148 3303 181 3328 54
207 3295 326 3336 Allquam
343 3301 516 3328 machinabor
536 3301 695 3328 machinam.
767 3301 825 3328 Cic.
843 3301 875 3328 de
887 3301 950 3328 Nat.
965 3301 1046 3328 Deor.
1060 3306 1119 3332 3‚73
1187 3296 1297 3322 Elmcnb-
1312 3296 1461 3323 madidatis.
2043 3323 2049 3329 ,

60 3345 108 3353 ·-—
128 3339 176 3357 nec
190 3330 255 3366 quid
264 3333 324 3360 inde
335 3336 468 3370 auferam,
489 3338 547 3365 Nec
561 3346 640 3373 quem
655 3337 764 3371 dolum,
783 3336 817 3364 ad
838 3346 915 3370 eum,
934 3336 1120 3364 machinamue
1225 3338 1252 3358 M
1263 3338 1283 3357 A
1292 3337 1308 3358 c
1319 3339 1328 3358 1
1338 3338 1354 3359 r.
1364 3339 1376 3359 s
1391 3353 1400 3365 ,
1428 3339 1453 3358 M
1462 3338 1483 3357 A
1492 3337 1508 3358 c
1518 3338 1527 3356 1
1538 3336 1580 3356 LE
1591 3336 1612 3356 N
1624 3335 1675 3356 'rv
1685 3334 1698 3355 s
1712 3334 1772 3369 ⁹..M
1781 3333 1801 3353 A
1811 3331 1827 3352 c
1837 3331 1871 3350 10
1885 3345 1893 3356 ‚
1919 3332 1963 3350 are
1975 3343 1985 3356 ‚
2019 3324 2074 3349 md.
2098 3329 2124 3363 Μ
2134 3330 2154 3349 A
2163 3328 2178 3348 c
2188 3329 2204 3364 r.
2213 3329 2242 3363 R.

61 3367 239 3400 commoliar,
259 3367 318 3394 Scio
329 3371 482 3407 quidquam.
539 3375 571 3400 Et
583 3372 664 3409 paullo
678 3374 744 3410 posi,
763 3373 837 3407 Qud
850 3382 915 3408 ergo
928 3373 970 3400 isti
980 3372 1045 3405 doli,
1055 3369 1121 3406 quid
1225 3375 1252 3395 M
1263 3374 1283 3393 A
1293 3373 1310 3394 C
1320 3375 1328 3394 1
1339 3375 1356 3394 R
1372 3389 1380 3401 ‚
1406 3368 1494 3394 Plinio
1514 3375 1557 3396 12,
1576 3371 1598 3396 8.
1619 3372 1660 3400 pr.
1689 3366 1750 3404 ali-rs
1771 3369 1796 3389 Μ
1808 3366 1879 3401 A'CE
1889 3366 1907 3386 R
1921 3379 1930 3392 ‚
1949 3360 2059 3400 suone?
2073 3358 2242 3399 ‘Dio-[cornu]

61 3402 215 3436 machinae,
233 3402 297 3437 quid
310 3406 511 3444 praestigiaeque
548 3409 622 3436 Num
636 3408 688 3436 fine
702 3410 806 3436 ratione
824 3410 872 3436 effe
890 3409 1054 3444 potuerunt?
1083 3407 1121 3431 Ex
1187 3405 1287 3431 Cortex
1300 3404 1336 3430 est
1351 3403 1475 3430 subrufus
1489 3408 1515 3429 et
1527 3410 1636 3436 magnae
1649 3399 1761 3440 radius,
1788 3405 1879 3436 quitex
1897 3394 1971 3435 India
1984 3393 2141 3427 atluehitur,
2161 3392 2243 3420 detra-

64 3440 151 3466 Pacta.
223 3438 281 3465 Cic.
295 3438 328 3464 ad
340 3439 412 3467 Brut.
425 3444 502 3478 Epist.
518 3429 565 3473 irlt.
593 3445 632 3472 Ad
645 3446 765 3480 reliquos
778 3445 821 3472 hic
834 3453 942 3480 quoque
959 3444 1035 3472 labor
1052 3441 1122 3469 mihi
1137 3447 1171 3472 90
1188 3440 1245 3467 &us
1259 3448 1291 3466 ex
1303 3439 1400 3466 arbore
1413 3439 1452 3465 sui
1464 3437 1591 3465 nominis.
1647 3437 1734 3463 Genit.
1749 3433 1876 3465 Mat-ens,
1900 3429 2023 3472 §cahom
2039 3432 2092 3464 167,

61 3474 175 3507 accen-st,
205 3480 234 3501 Vt
258 3483 349 3501 omnes
374 3475 510 3506 a(lh'lbeam
534 3481 667 3507 machinas
689 3481 722 3508 ad
751 3481 895 3508 tenendum
921 3480 1122 3508 adolescentem.
1226 3483 1253 3502 M
1263 3482 1285 3501 A
1297 3481 1313 3501 C
1323 3482 1341 3501 R
1352 3482 1367 3501 Ε
1375 3482 1393 3502 0
1402 3496 1410 3508 ‚
1432 3481 1458 3501 M
1469 3482 1491 3501 A
1499 3480 1516 3501 c
1526 3480 1545 3500 R
1556 3480 1572 3500 E
1582 3480 1594 3500 S
1602 3479 1619 3500 C
1629 3479 1648 3499 Ο
1657 3493 1665 3505 ,
1686 3477 1711 3497 M
1720 3477 1741 3496 A
1750 3475 1766 3494 C
1776 3474 1795 3494 R
1804 3474 1840 3500 Ο,
1875 3468 1930 3494 ‘⁰¹1‘-
1953 3473 1979 3492 Μ
1990 3473 2012 3492 A
2021 3471 2038 3492 C
2046 3472 2062 3492 Ε
2071 3471 2100 3491 R·
2129 3503 2132 3507 Ι
2207 3500 2211 3504 ,
2239 3499 2244 3504 ,

62 3510 188 3538 Machina
198 3516 225 3537 et
232 3509 392 3544 Machinari,
403 3513 433 3537 dc
445 3515 562 3542 tabulatis
574 3516 631 3550 illis,
652 3524 676 3543 ct
684 3517 782 3550 fabrili
788 3524 910 3553 apparatu
923 3515 1122 3548 aedificationum
1226 3519 1251 3538 M
1263 3518 1310 3538 AC
1320 3518 1339 3538 R
1348 3517 1367 3537 o
1377 3517 1393 3537 B
1406 3518 1435 3537 11
1448 3509 1571 3537 Meroeni
1609 3505 1769 3542 [Μακρόξιοι]
1799 3503 1879 3545 supro
1890 3505 2030 3543 Aegyptum
2046 3501 2131 3536 P⁰P¹¹l¹
2140 3510 2147 3523 ³
2182 3501 2243 3525 ὥθ’

63 3547 139 3582 ΨΜῘῘ
156 3546 210 3573 ’‘³¹'’
229 3545 313 3579 ἷξῦκῆν
334 3547 429 3573 dicitur
441 3556 449 3570 ··
484 3549 641 3578 scansorium
667 3561 749 3588 genus
774 3563 786 3579 e
811 3553 941 3579 Vitruuio
964 3546 1056 3578 dicium
1081 3548 1122 3585 est.
1187 3549 1253 3585 quod
1259 3547 1363 3582 ipsorum
1371 3548 1440 3573 vitae
1448 3547 1557 3582 spatium
1565 3544 1671 3580 nostram
1683 3547 1786 3566 aetatem
1804 3539 1907 3565 dimidio
1920 3538 2056 3572 exsuperet.
2104 3536 2245 3562 Meroeuos

64 3583 171 3618 leian.
185 3581 204 3608 i.
219 3590 232 3615 ς
253 3582 286 3609 D.
300 3581 471 3609 Commodat.
514 3583 541 3610 Si
561 3587 666 3615 semum
680 3588 732 3616 tibi
745 3588 875 3615 tefflorem
896 3585 1122 3618 commodauero,
1188 3592 1269 3611 autem
1290 3584 1361 3609 intra
1382 3583 1475 3608 Cancri
1493 3581 1625 3616 tropicum,
1660 3584 1683 3602 et
1701 3581 1854 3610 aequatorcm
1876 3572 1922 3607 ‘ff
1942 3573 2089 3612 Ptolemaeus
2106 3572 2187 3596 auHor
2204 3569 2241 3605 cst.

68 3626 93 3655 et
110 3619 142 3646 de
162 3618 283 3646 machina
300 3618 438 3645 ceciderit:
476 3618 621 3652 periculum
641 3633 730 3652 memn
748 3625 798 3652 else
818 3624 950 3651 Viuianus
969 3624 1016 3649 ait.
1073 3621 1121 3648 Sed
1139 3628 1170 3654 92·
1192 3621 1249 3647 Vid.
1265 3619 1442 3653 Pomponium
1454 3627 1479 3651 3,
1491 3625 1529 3644 ιο.
1601 3615 1692 3647 Nempe
1706 3610 1876 3651 Omnesaputl
1888 3609 2007 3648 Graecos,
2028 3605 2242 3646 qulf'r‘ff'frsff‘*

69 3665 117 3690 ego
128 3655 179 3683 hoc
192 3655 228 3682 ita
241 3662 336 3681 verum
348 3661 428 3689 puto,
448 3652 467 3679 fi
481 3654 531 3680 tibi
545 3659 720 3693 commodam,
735 3667 764 3687 vt
778 3661 806 3687 in
819 3660 940 3687 machina
953 3663 1120 3694 operaretur.
1188 3664 1240 3682 tum
1254 3662 1359 3680 aetatem
1366 3654 1439 3689 suam
1450 3656 1644 3689 protraxerunt,
1668 3646 1802 3674 Macrobii
1815 3647 1950 3679 dicuntur,
1974 3645 2028 3668 vid.
2041 3643 2107 3668 Plin.
2118 3648 2144 3675 7,
2158 3644 2198 3674 48-
2220 3646 2243 3665 et

66 3692 217 3723 Caeterum,
233 3690 252 3717 sl
265 3695 293 3717 Vt
306 3689 339 3716 de
356 3690 436 3725 Plano
454 3699 520 3724 OPUS
539 3689 652 3725 faceret,
676 3700 709 3721 tu
724 3705 784 3723 eum
803 3695 951 3731 imposuisti
971 3693 1122 3720 machinae:
1188 3691 1279 3719 Valer.
1295 3690 1365 3716 Max.
1379 3695 1408 3722 ε,
1422 3697 1454 3722 13.
1469 3696 1533 3715 extr.
1548 3695 1571 3720 ς.
1755 3723 1762 3728 ἱ
1951 3714 1956 3720 ,
2060 3713 2066 3719 ,
2168 3710 2189 3736 L
2232 3724 2240 3728 η

67 3732 114 3754 aut
123 3725 142 3752 fi
153 3725 288 3753 machinae
302 3726 378 3761 culpa
392 3725 492 3752 facium
506 3725 557 3758 est,
578 3725 664 3753 minus
677 3728 817 3766 diligenter
830 3741 885 3758 non
899 3731 932 3759 ab
946 3731 1003 3765 ipso
1017 3730 1124 3764 ligatae,
1227 3733 1253 3752 M
1263 3731 1310 3753 AC
1320 3732 1338 3751 R
1347 3734 1366 3752 0
1376 3731 1393 3751 C
1402 3732 1423 3751 H
1434 3726 1451 3751 ἑ
1467 3731 1485 3750 R
1493 3730 1531 3754 A,
1549 3729 1588 3746 ae.
1609 3719 1629 3747 f.
1665 3717 1848 3754 [μακροχειρα]
1890 3715 1984 3741 Tunica
1996 3718 2128 3739 manicata.
2168 3745 2182 3770 s
2191 3717 2229 3734 am

69 3762 112 3790 vel
130 3761 236 3788 funium
258 3761 471 3797 perticarumque
497 3761 642 3788 vetustate:
678 3763 738 3792 dieo
755 3767 919 3801 periculum,
955 3764 1030 3801 quod
1049 3765 1124 3800 culpa
1191 3762 1294 3797 pridius
1309 3761 1337 3786 in
1351 3761 1423 3788 Alex.
1439 3761 1535 3787 Seuero
1555 3765 1577 3783 c.
1589 3764 1617 3788 33
1641 3753 1826 3782 Macrocheras
1840 3759 1872 3778 ex
1889 3757 2005 3785 purpura
2022 3748 2054 3775 ad
2072 3748 2144 3774 vsum
2180 3751 2242 3770 uum

68 3797 181 3831 contigit
193 3797 310 3832 rogantis
323 3797 538 3831 commodatum,
557 3797 642 3832 ipsum
655 3800 782 3832 praestare
794 3802 899 3830 debere.
927 3811 988 3829 nam
1008 3806 1035 3828 et
1055 3801 1125 3827 Mela
1134 3808 1181 3826 100
1190 3797 1336 3825 reuocauit.
1750 3820 1753 3825 ,
2022 3819 2028 3825 ,
2091 3816 2096 3821 .
2133 3812 2234 3839 Adica.

69 3832 184 3868 scripsit,
203 3833 230 3859 Si
243 3833 333 3860 seruus
347 3833 478 3868 lapidatio
492 3833 688 3866 commodatus,
709 3834 756 3862 sub
768 3837 888 3865 machina
900 3837 1026 3874 perierit,
1041 3836 1126 3864 teneri
1229 3840 1255 3861 M
1267 3840 1288 3859 A
1297 3839 1315 3860 c
1326 3840 1345 3859 R
1355 3839 1374 3859 o
1384 3837 1402 3858 c
1413 3835 1480 3856 OLL
1490 3834 1533 3855 Vs
1542 3848 1550 3861 ,
1567 3836 1598 3861 a,
1618 3835 1674 3854 um·
1711 3820 1907 3865 [tfss’ffffl‘ss’wss]
1925 3856 1928 3862 ,
1940 3826 2040 3869 P'sfpr'?
2056 3825 2133 3874 ‘mmd
2160 3849 2200 3873 1·er
2233 3829 2244 3835 “

69 3868 178 3896 fabrum
190 3869 366 3902 commodati,
387 3870 434 3904 qui
447 3869 624 3904 negligentius
638 3868 786 3897 machinam
797 3873 938 3909 colligarit,
994 3873 1128 3904 Machina,
1191 3879 1249 3896 vum
1262 3868 1293 3906 ‘st
1302 3889 1310 3901 ,
1330 3869 1387 3893 licet
1402 3866 1449 3890 vix
1461 3865 1536 3890 aliter
1547 3872 1620 3898 quam
1627 3861 1794 3898 substantiae,
1814 3860 1836 3884 b.
1851 3867 1870 3883 e.
1889 3856 1992 3899 elltpttae
2004 3852 2159 3909 pfitivaniorae
2177 3863 2213 3908 n‘lL
2233 3895 2242 3908 Ι

69 3902 205 3940 Aristoteli
221 3903 264 3929 lib.
278 3905 307 3930 de
317 3905 416 3931 Portica
429 3909 495 3932 Arte
506 3905 618 3939 dicitur,
637 3905 729 3939 quotics
741 3905 769 3930 in
782 3910 907 3942 tragos-Aia
927 3909 1077 3936 adhibendus
1096 3905 1128 3941 est
1191 3906 1263 3932 datu,
1272 3925 1279 3932 .
1334 3900 1495 3929 Macrocolla
1515 3900 1620 3929 charta,
1645 3906 1668 3924 et
1682 3894 1873 3938 Macrocollum
1892 3892 2002 3948 volume
2014 3896 2127 3947 εέἑιΑΚ
2136 3924 2158 3945 Τ
2167 3925 2188 3944 A
2213 3897 2243 3943 :x

72 3942 148 3974 dms,
167 3940 203 3965 ad
213 3947 252 3972 ea,
265 3947 326 3980 quaf
338 3939 400 3975 sum
416 3949 490 3968 extra
501 3941 621 3975 fabulam
638 3941 809 3976 expedienda.-
843 3952 904 3977 qum
921 3945 966 3971 ml
984 3951 1043 3970 ame
1055 3942 1130 3976 falla
1187 3940 1287 3977 schedis
1305 3947 1329 3965 et
1346 3937 1455 3973 phil-7745
1471 3935 1564 3971 papyri
1594 3937 1736 3969 Aegyptiae
1760 3936 1916 3959 contextum,
1948 3935 2000 3950 vu.

78 3975 146 4011 sunt,
165 3983 240 4011 neque
253 3975 370 4003 hommem
377 3977 501 4012 scir-efas
514 3976 562 4012 est,
584 3978 625 4004 vel
635 3976 717 4014 postea
730 3976 910 4015 staturosum,
935 3988 960 4008 et
978 3977 1179 4017 praediave-105
1193 3977 1298 4011 Plinio,
1316 3974 1437 4039 qukizt’m
1451 3980 1491 4006 ¹32
1504 3979 1531 4001 1²
1550 3971 1568 3998 s·
1581 3978 1614 4003 24
1643 3972 1673 3998 d?
1688 3968 1777 3998 chau
1795 3963 1904 3992 c¹³¹¹di³
1925 3958 2002 3987 Auxi‘
2024 3962 2049 3983 et
2067 3953 2244 4017 ιὸωυὲιὲὲῖιῗζ
