2517 4231
229 186 316 228 1083
647 161 678 205 P
764 159 794 199 R
871 154 912 196 Ο

267 271 312 293 ra
324 257 541 291 οεΑσΐΤΑς,
563 254 624 281 atis,
662 253 684 279 f.
719 248 824 284 [ὕβρις]
860 246 992 276 Licentia,
1011 249 1061 284 quo
1093 244 1237 270 meretrices
1267 246 1293 267 et

246 309 332 330 curra,
345 302 458 324 utuntur.
516 291 573 317 Cic.
589 290 621 317 de
644 286 756 321 Republ.
771 293 790 323 4ἶ
827 282 850 308 Α
874 280 1026 316 procando,
1044 277 1073 306 ld
1087 278 1123 305 est
1147 277 1291 319 poscendo,

232 334 375 375 procacitas
389 328 527 356 nominata
541 326 587 353 est.
695 321 769 348 Idem
782 328 811 345 in
826 317 928 344 Sallust.
951 325 961 343 1
986 316 1041 342 Aut
1066 314 1085 341 fi
1111 314 1191 341 huius
1212 313 1292 345 fasta,

234 380 320 402 mores
329 390 337 402 ,
354 373 462 394 omnem
476 368 590 390 aetatem
602 358 755 387 uudauero,
772 355 802 381 in
816 353 889 380 idem
904 353 1004 380 vitium
1017 350 1135 378 incidam
1148 351 1294 386 procacita-

700 393 774 419 Non-
789 399 810 423 1,
824 395 856 423 89
869 396 893 416 et
907 397 952 423 92.
1019 387 1089 415 Ado.
1104 388 1175 423 Nep.
1191 394 1294 419 20‚3,2.

233 410 282 439 tis,
302 402 374 440 quod
388 401 450 428 huic
463 399 575 426 obiicio.
609 394 687 429 Apud
739 431 742 435 ι
1179 426 1194 430 ..

701 438 741 456 cu1
769 434 822 455 tres
840 432 939 453 tantum
959 431 1033 453 erant
1052 424 1153 458 dentes,
1173 423 1295 459 iidemque

233 440 348 472 Martial.
364 448 385 471 2,
397 445 427 472 ,μ
447 438 475 462 in
498 434 682 462 Maximinum,

229 474 383 516 rubigincfii
462 506 467 511 ,
570 504 575 508 .
600 502 607 507 .
656 502 662 507 .
676 473 680 477 “
730 500 735 506 .
753 500 757 506 .
786 499 790 504 .
834 499 841 506 .

428 507 528 535 Munos
553 501 664 530 ridiculi
688 500 874 533 Philistmms,

428 544 459 570 Et
477 539 606 568 conuiuia
624 538 756 573 nequiora
775 537 847 569 vita,

428 580 458 607 Et
476 574 610 613 quidquid
630 573 719 609 lepida
736 574 899 609 procacitate

426 616 511 642 Laxat
535 611 675 647 perspicuo
696 610 793 637 labella
813 609 878 637 risu.

234 656 333 688 stolida
349 651 508 690 procacitate
523 649 617 676 ludere
648 647 766 674 Martial.
780 655 802 679 1,
820 653 873 679 ¹25·
908 643 934 672 h.
952 651 973 672 e.
994 640 1155 678 Impudenter
1168 646 1193 668 et
1198 637 1293 674 stolide

234 696 320 723 iocari.
424 685 594 714 Pseudo-Cic.
606 684 636 710 in
652 683 753 710 Sallust.
771 691 784 715 3
799 691 821 709 c.
836 690 846 708 1
876 681 943 708 Non
963 679 1037 706 enim
1062 677 1224 713 procacitate
1243 676 1294 702 lin-

234 739 312 767 guae,
333 726 403 753 vitae
415 723 505 751 sordes
524 722 661 748 eluuntur.
766 718 915 746 Procacitas
946 715 1010 751 galli
1039 713 1180 750 gallinacei
1199 711 1292 741 rixosi.

233 769 303 797 Plur.
340 763 364 789 O
379 760 508 796 profanae
521 757 694 793 procacitates
715 755 829 782 Saluian.
842 755 875 783 de
889 752 959 780 Gub.
973 752 990 778 l.
1006 757 1019 781 8
1032 758 1074 787 pr.

267 809 281 828 r
292 807 311 828 R
321 806 339 826 ο
349 803 422 825 CAC
433 798 471 823 '1'T
480 802 497 822 Ε
508 801 541 827 R,
550 794 601 827 ius,
609 792 701 820 iffime.
719 791 787 819 Adu.
808 788 974 826 [ὖβςιςικῶς]
994 788 1056 815 Liu.
1074 792 1112 818 28,
1127 794 1163 819 24
1179 783 1295 823 Flagita-

231 844 287 867 tum
301 842 410 870 quoque
423 831 585 867 stipendium
598 829 735 864 procacius
748 837 827 863 quam
843 836 874 853 ex
889 834 966 852 more
984 830 1010 851 et
1032 822 1162 850 modestia
1180 819 1296 847 militari

232 877 302 905 erat,
321 876 348 898 et
361 879 376 897 a
390 868 543 896 custodibus
555 867 653 902 probra
667 865 697 892 in
712 865 906 892 circumeuntes
920 861 1028 896 vigilias
1049 858 1195 886 Tribunos
1215 856 1293 883 13613.

230 906 486 942 Sermoprocaciter
500 909 575 931 ortus
595 903 672 929 Curt.
683 906 705 933 8,
715 910 736 934 1,
749 910 789 934 32.
872 896 1053 926 Procacillime
1066 894 1184 922 illudere
1219 891 1295 919 Idem

230 944 299 973 ibid.
313 954 340 970 n.
356 952 397 976 34.

228 982 332 1013 ,cac-ius,
350 978 495 1006 libidinem
505 975 680 1011 ingeniorum
699 974 792 1000 Tacit.
808 971 902 999 Annal.
917 979 940 1004 5,
953 979 982 1004 4,
995 978 1023 1003 4.

266 1021 447 1044 PROCATI
459 1020 478 1040 o
489 1033 497 1046 ‚
523 1012 593 1040 onis.
632 1011 653 1038 f.
691 1011 786 1037 Potitio
803 1009 971 1036 matrimonii.
1009 1004 1087 1040 Apul.
1105 1001 1185 1037 Apol.
1206 1009 1231 1036 p.
1246 1008 1297 1033 320

230 1055 301 1082 Cum
315 1053 344 1080 in
357 1052 408 1079 hoc
422 1051 489 1078 statu
505 1058 546 1076 res
559 1049 620 1075 esset
634 1047 707 1074 inter
720 1045 905 1081 procationem
917 1041 1010 1069 matris
1023 1047 1049 1068 et
1061 1045 1164 1067 metum
1177 1037 1239 1064 filii.

266 1097 311 1117 PR
321 1096 340 1116 O
350 1095 367 1115 C
377 1094 418 1115 VS
428 1107 436 1120 ,
456 1087 475 1114 i.
496 1095 532 1113 111.
569 1083 721 1118 [κωμαςὴς,
740 1081 855 1118 μνηςῆρ]
894 1080 1059 1107 Matrimonii
1072 1078 1206 1112 appetitor.
1234 1071 1296 1100 Vid-

227 1135 291 1164 quae
303 1124 372 1154 modo
386 1127 414 1151 in
433 1128 540 1150 PROCO
566 1117 715 1156 diflasunt.
783 1119 860 1153 Virg.

229 1171 325 1205 procos
340 1160 416 1189 irrisa
430 1159 536 1195 priores
570 1156 700 1192 Experiar
712 1155 722 1182 3
831 1153 913 1181 Ouid.
926 1151 1007 1187 Epist.
1022 1159 1042 1183 1,
1055 1154 1084 1180 88
1101 1147 1201 1175 Turba
1214 1153 1297 1174 ruunt

229 1208 261 1227 m
273 1208 316 1226 me
329 1196 468 1225 luxuriosa
482 1194 568 1230 proci.
663 1191 769 1218 Diuites
782 1190 859 1226 proci
877 1189 960 1217 Ouid.
977 1188 1042 1214 Met.
1057 1195 1080 1219 2,
1095 1193 1150 1220 571.
1235 1183 1298 1217 Spes

229 1243 375 1273 procorum
389 1231 524 1259 inuidiosa
564 1229 639 1256 Idem
651 1227 720 1255 ibid.
736 1237 771 1261 4,
785 1236 850 1263 794.
946 1223 1038 1259 Ignoti
1068 1227 1095 1248 et
1128 1219 1298 1256 impudentes

229 1272 307 1309 proci
327 1270 386 1298 Cic.
400 1269 433 1295 de
447 1268 520 1295 Clar.
534 1267 610 1294 Orat.
624 1274 670 1298 330
684 1274 706 1291 c.
721 1266 764 1297 96.
873 1261 946 1289 Idem
961 1262 1038 1289 Orat.
1059 1260 1103 1292 136
1130 1266 1151 1284 c.
1175 1259 1214 1290 46
1239 1256 1298 1282 Iam

245 1307 330 1336 abram
348 1312 374 1333 et
381 1303 485 1342 procfim
498 1303 585 1331 audeo
600 1302 704 1333 dicere,
721 1309 777 1326 non
785 1298 922 1335 fabrorum
935 1303 961 1325 et
968 1303 1113 1333 procorum.

231 1347 328 1373 Procos
346 1346 373 1370 in
400 1340 521 1368 Poenulo
545 1338 631 1366 Plauti
649 1337 703 1364 dici
716 1343 763 1372 pro
777 1333 950 1370 proceribus,
968 1338 1050 1360 monet
1065 1330 1130 1360 Scal.
1143 1328 1178 1356 ad
1189 1328 1297 1356 Festum

229 1383 281 1410 loco
295 1384 346 1407 iam
358 1377 491 1406 laudando.
553 1375 602 1404 Sed
609 1394 618 1408 ‚
635 1372 656 1407 fi
674 1374 778 1409 respicit
794 1380 820 1404 3,
832 1381 852 1402 1,
866 1380 882 1405 7
902 1377 926 1396 et
939 1369 1054 1406 quorsum
1068 1368 1134 1393 alias
1147 1368 1160 1392 ,Ρ
1195 1364 1297 1391 videtur

228 1417 298 1445 illum
306 1416 400 1454 jugere
412 1416 489 1441 ratio.
530 1411 622 1448 Versus
635 1407 686 1444 cst,
705 1407 901 1443 Nequidquam
914 1405 964 1432 hos
979 1412 1073 1440 procos
1086 1402 1116 1429 ni
1129 1401 1209 1435 elegi,
1229 1400 1296 1427 lori-

230 1453 326 1490 pedes,
347 1449 515 1478 tax-diffimos.
582 1448 679 1474 Procos
695 1451 770 1472 vocat
786 1441 958 1479 cxpmbrondi
970 1441 1059 1477 causa,
1079 1441 1123 1474 qui
1134 1441 1244 1470 iuuenes,
1255 1443 1298 1472 pe-

226 1493 320 1517 titores
329 1486 467 1524 puellarum
476 1505 484 1518 ,
498 1492 548 1519 pro
561 1482 704 1514 alacribus,
722 1477 862 1522 quales-eff}
868 1479 953 1519 solent
966 1479 1062 1513 alioqui
1074 1476 1152 1506 tales,
1172 1473 1231 1500 adeo
1245 1480 1298 1500 tar·
1304 1490 1333 1518 35.
1358 1477 1467 1505 &ionem
1480 1479 1637 1506 exercebam,

226 1525 256 1554 di
262 1525 334 1562 sum.
426 1522 475 1550 Sed
488 1520 594 1552 Festus,
615 1517 729 1546 Procsun
743 1516 888 1544 Patricium
901 1524 931 1541 in
945 1512 1125 1548 descriptione
1140 1519 1198 1537 ceas
1211 1509 1229 1536 si
1249 1518 1297 1536 vn-

227 1570 307 1598 quam
321 1561 391 1596 (leg.
406 1557 539 1587 claffium‚
558 1557 657 1592 quam)
677 1553 742 1581 fecit
754 1552 861 1579 Seruius
879 1551 993 1578 Tullius
1012 1547 1142 1584 fignificat
1162 1555 1295 1582 proceres.

225 1600 251 1627 li
271 1598 344 1625 enim
359 1598 418 1623 sunt
433 1593 576 1630 principes.
616 1592 672 1618 Huc
684 1590 769 1618 trahit
781 1589 845 1617 Scal.
860 1597 910 1615 non
923 1586 993 1614 modo
1010 1587 1107 1613 Procos
1126 1583 1182 1610 illos
1198 1583 1297 1609 Plauti-

228 1644 291 1668 nos,
311 1633 340 1660 de
359 1631 448 1669 qulbus
469 1630 539 1657 modo
560 1626 672 1660 dietum,
685 1625 734 1664 fid
755 1628 847 1658 etiam,
866 1624 940 1661 idque
960 1625 1054 1650 maiore
1066 1628 1096 1648 vt
1113 1619 1217 1647 videtur
1230 1621 1297 1651 iure,

1318 393 1332 422 ⁵

1319 580 1351 599 ιο
1360 569 1493 600 Consule,

1322 758 1349 785 ¹5

506 938 698 968 Exercentibus
715 938 850 972 plerisque
863 944 911 971 per
923 933 1058 961 occultum
1067 951 1074 964 ,
1094 937 1174 965 atque
1187 937 1220 956 eo
1233 937 1295 964 pro·
1303 942 1339 960 20
1356 933 1403 960 hoc
1410 932 1486 969 forte
1493 932 1548 972 solo
1561 933 1613 959 loco
1626 932 1694 960 nihil
1705 934 1842 960 varietatis
1854 931 2012 959 adnotatum.

1359 970 1449 1003 Quam
1469 969 1549 995 multi
1573 969 1637 996 anni
1656 970 1734 1001 sunt,
1754 977 1815 996 cum
1833 967 1903 995 bella
1917 976 1931 994 a
1945 968 2150 996 Proconsulibus
2162 974 2189 996 et
2202 966 2430 1003 Propraetoribus
2450 979 2451 986 1

2089 1006 2142 1032 Hic:
2161 1006 2228 1031 locus
2235 1005 2310 1041 forte
2325 1003 2359 1030 ad
2365 1010 2430 1039 pro·
2446 1013 2447 1018 ¹
2461 1010 2466 1017 ⁴
2484 1015 2485 1018 ¹

1361 1079 1368 1084 -
1850 1041 1925 1068 Idem
1938 1050 1988 1077 pro
2002 1041 2033 1068 L.
2046 1041 2142 1075 Manil.
2156 1042 2191 1068 62
2204 1050 2226 1067 c.
2239 1049 2267 1067 21
2288 1039 2362 1074 Qid
2371 1045 2429 1068 tam
2486 1054 2487 1061 1

1358 1078 1515 1105 inusitatum
1524 1098 1532 1110 ‚
1553 1087 1634 1113 quam
1649 1084 1688 1111 vt,
1703 1087 1763 1105 cum
1776 1077 1832 1104 duo
1845 1078 1974 1105 Consules
1988 1077 2124 1106 clarissimi
2134 1076 2325 1112 fortiffimique
2337 1076 2432 1110 essent,
2446 1071 2461 1090 '¹

874 1117 940 1144 Aen.
954 1124 982 1149 4,
996 1122 1043 1148 534
1079 1127 1126 1133 —-·
1161 1111 1298 1138 Rursusne
1307 1119 1335 1146 ες
1360 1123 1442 1150 eques
1463 1115 1542 1141 Rom.
1559 1113 1593 1141 ad
1613 1113 1716 1142 bellum
1734 1114 1886 1141 maximum
1905 1108 2235 1149 ffirmidolofiffimumque
2247 1122 2297 1149 pro
2310 1111 2430 1139 Consule
2471 1117 2474 1122 “

1239 1289 1259 1329 fl
1280 1300 1297 1318 2
1311 1303 1344 1328 30
1359 1296 1431 1323 libus
1445 1296 1562 1324 mittere.

1766 147 2030 194 P·R⁷0

1357 280 1396 305 De
1419 278 1466 305 hoc
1490 278 1578 306 deinde
1603 289 1625 306 c.
1649 288 1674 312 31
1705 281 1868 307 Samnitium
1886 279 2022 314 legiones,
2041 289 2101 307 cum
2117 280 2214 316 partim
2227 280 2277 315 Ap.
2292 279 2419 308 Claudius

1358 315 1483 350 Praetor,
1501 316 1600 349 partim
1619 316 1651 343 L.
1671 315 1835 343 Volumnius
1853 324 1902 350 pro
1915 316 2032 343 Consule
2053 317 2109 351 (al.
2123 315 2287 348 Proconsul)
2300 316 2420 351 sequere-

1359 356 1413 378 tur.
1504 352 1536 391 Ef
1548 360 1586 384 10,
1602 357 1628 383 18
1652 353 1710 380 Iam
1727 352 1891 380 Volumnius
1925 368 1972 373 -—
2008 353 2179 380 Lucanorum
2194 351 2339 379 seditiones
2373 363 2420 374 —-·

1359 396 1407 422 per
1419 388 1459 426 Q
1468 386 1584 414 Fabium
1595 388 1785 416 Proconsulem
1799 388 1855 423 (al.
1870 396 1920 424 pro
1933 389 2069 421 Consule)
2082 389 2188 416 miffiun
2203 397 2237 415 eo
2254 397 2315 415 cum
2333 384 2422 416 veteri

1358 429 1480 450 exercitu
1491 425 1685 457 compresserat.

1357 461 1433 489 rium
1447 459 1496 495 csse
1509 459 1624 500 Populus
1637 461 1714 501 irunt.
1806 463 1838 488 Et
1849 464 1893 494 26,
1910 469 1920 487 1
1940 462 2118 496 Prorogatum
2130 466 2157 488 et
2169 461 2208 488 M.
2223 459 2373 493 Marcello,
2391 457 2426 487 vt'

1358 505 1409 532 pro
1429 494 1547 523 Consule
1568 504 1599 522 ιιι
1620 495 1711 523 Sicilia
1735 497 1840 532 reliqua
1859 497 1929 525 bella
1943 496 2090 532 perficeret.

1358 606 1516 632 bernantcm
1531 604 1560 630 in
1573 603 1649 636 Asia,
1667 603 1813 639 legationes
1848 621 1894 627 -
1930 606 2137 634 conueniebant.

1357 677 1432 705 mitti
1446 677 1578 712 placeret,
1597 676 1680 705 latum
1691 677 1724 704 ad
1737 678 1870 712 Populum
1890 679 1936 706 est.
2007 680 2109 707 Omnes
2127 678 2214 706 tribus
2233 677 2342 705 eosdem
2378 690 2424 698 —-

1358 713 1532 741 Proconsules
1565 729 1613 734 —-
1647 713 1775 741 obtinere
1788 722 1831 741 cas
1846 716 1998 750 prouincias
2009 716 2147 744 iusserunt.

1360 750 1417 776 dam
1431 749 1604 776 Proconsules
1613 750 1691 785 plane
1710 753 1840 777 omittunt.

1931 752 1991 780 Liu.
2005 755 2047 785 26,
2060 758 2086 783 18
2105 751 2150 779 vbi
2163 750 2192 777 de
2206 750 2346 787 Hispaniae
2380 755 2424 777 atu

1352 785 1412 823 post
1431 784 1584 823 interfet‘los
1603 787 1732 823 Scipz'ones
1750 787 1842 815 Romae
1859 785 2024 821 deliberatur,
2039 789 2072 816 Et
2093 787 2244 815 exercitum
2269 786 2379 822 augeri,
2397 789 2432 813 et·
2480 788 2482 796 ¹

1358 825 1550 858 imperatorem
1561 822 1639 850 mitti‘
1650 822 1770 858 placebat
1804 836 1859 843 —
1895 823 2058 857 postremum
2071 834 2105 852 eo
2120 824 2259 852 decursum
2273 823 2321 856 est,
2337 822 2427 849 111Ρο-

1358 860 1436 895 pulus
1449 859 1606 887 Proconsuli
1619 858 1734 886 creando
1748 859 1777 886 in
1790 858 1949 893 Hispaniam
1963 861 2074 888 comitia
2087 861 2208 889 haberet.
2253 861 2323 887 Petit
2336 853 2428 885 deindo

1357 897 1405 924 hoc
1417 899 1549 932 imperium
1563 902 1587 922 et
1600 899 1696 931 accipit
1707 897 1738 923 P.
1751 896 1836 931 Scipio
1851 896 1923 923 XXI
1929 896 1956 924 V
1963 905 2085 924 annorum
2103 900 2201 924 iuuenis
2207 898 2340 932 priuatus.

1358 1005 1580 1034 administrantur
1593 1006 1604 1031 ζ
1638 1005 1687 1041 qui
1702 1005 1821 1040 auspicia
1834 1013 1891 1031 non
1905 1004 2015 1032 habent.

1358 1045 1452 1069 ximam
1463 1040 1559 1075 claffi’m
1573 1041 1722 1078 referendus
1736 1039 1778 1075 cst.

1361 1150 1418 1186 (fic
1430 1157 1497 1177 certe
1508 1152 1595 1177 melius
1602 1151 1746 1187 scribitur,
1767 1160 1840 1187 quam
1859 1150 2041 1184 Proconsule)
2061 1150 2237 1178 mitteretur?
2273 1148 2362 1176 missus
2380 1147 2431 1176 est*²

1364 1189 1428 1221 Quo
1453 1186 1565 1222 quidem
1584 1193 1724 1223 tempore,
1740 1197 1804 1219 *cum
1823 1187 1884 1214 ess'et
1899 1196 1954 1214 non
1973 1196 2054 1214 nemo
2073 1188 2102 1214 in
2123 1187 2238 1219 Senatu,
2254 1185 2303 1220 qui
2315 1184 2431 1219 diceret,
2452 1208 2463 1228 ·.

1362 1233 1418 1251 non
1430 1229 1557 1259 oportere
1569 1224 1642 1252 mitti
1656 1224 1796 1252 hominem
1809 1223 1948 1259 priuatum
1959 1232 2009 1259 pro
2023 1222 2138 1251 Consule
2151 1234 2158 1251 ε
2192 1223 2223 1250 L.
2235 1221 2373 1258 Philippus
2388 1220 2431 1248 di-

1361 1261 1425 1287 xisse
1438 1260 1543 1293 fertur,
1561 1260 1629 1287 Non
1648 1261 1675 1287 se
1692 1260 1770 1287 illum
1784 1261 1830 1287 sua
1842 1260 1972 1288 sententia
1985 1268 2034 1296 pro
2049 1259 2184 1294 Consule,
2203 1257 2249 1286 sed
2263 1267 2314 1295 pro
2327 1258 2432 1284 Consu-
2450 1286 2452 1290 y

1632 1297 1729 1324 Ascon.
1743 1296 1851 1324 Pedian.
1866 1296 1898 1323 ad
1913 1297 1973 1324 Mt.
1989 1305 1998 1323 1
2013 1296 2043 1323 in
2055 1298 2135 1324 Verr.
2147 1304 2182 1330 45
2195 1305 2218 1322 c.
2234 1303 2260 1329 ις
2285 1293 2431 1329 Ροηψείιιι
2444 1318 2448 1320 .

1486 1342 1537 1368 pro
1567 1333 1683 1360 Consule
1714 1333 1747 1360 de
1777 1333 1906 1368 Hispania
1915 1353 1924 1366 ‚
1944 1333 2068 1361 Sertorio
2096 1332 2187 1367 viGlo,
2207 1339 2293 1366 nuper
2310 1334 2433 1358 venerat.
2451 1331 2457 1362 ζ

1358 1370 1409 1396 111.
1431 1369 1605 1397 Proconsules
1620 1368 1701 1402 difli,
1734 1372 1760 1396 ui
1774 1379 1804 1397 ex
1818 1370 1953 1407 Consulatu
1967 1372 1995 1397 in
2008 1369 2069 1397 vrbe
2079 1368 2156 1406 gesto,
2162 1368 2209 1406 sed
2221 1371 2296 1395 etiam
2309 1376 2340 1394 ex
2352 1368 2433 1394 Prae·
2453 1393 2472 1405 .-

1362 1339 1453 1360 autem

1359 1413 1420 1433 tura
1434 1415 1641 1443 nonnunquam,
1656 1408 1698 1433 vel
1731 1409 1794 1434 atim
1802 1425 1810 1438 ‚
1827 1409 1870 1434 vel
1881 1404 2015 1434 interieaeflo
2027 1408 2112 1442 aliquo
2126 1412 2251 1442 tempore,
2269 1404 2432 1431 Prouinciam

1358 1445 1477 1469 maiorem
1498 1444 1590 1478 Populi
1607 1444 1717 1470 Romam·
1737 1443 1872 1479 regebant,
1892 1449 1966 1479 atque
1985 1442 2045 1470 adeo
2058 1444 2192 1478 imperium
2196 1439 2275 1476 fimul
2286 1446 2312 1467 et
2324 1437 2441 1467 iurisdi-·

1429 1517 1433 1521 ⁵
1473 1518 1476 1521 Ι
1713 1480 1790 1508 Talis
1800 1478 1862 1515 fuit
1880 1479 1979 1507 Cicero
1999 1480 2121 1513 Ciliciae,
2137 1481 2181 1515 qui
2194 1476 2304 1514 proinde
2322 1477 2405 1504 literis
2418 1484 2434 1503 ο
2470 1497 2474 1500 .

1353 1521 1492 1556 proumma
1499 1515 1613 1552 scriptis
1624 1522 1682 1543 ante
1694 1526 1767 1553 quam
1779 1516 1930 1551 Imperator
1942 1513 2028 1543 dictus
2041 1513 2082 1550 est,
2090 1517 2245 1553 praeponit,
2266 1513 2305 1540 M.
2313 1510 2433 1540 Tullius

1338 1584 1342 1588 ⁸
1353 1552 1400 1578 ·M.
1415 1551 1443 1578 F.
1457 1552 1557 1579 Cicero
1570 1553 1732 1586 Proconsul,
1753 1553 1794 1579 vel
1806 1553 1914 1580 Procos.
1927 1553 1969 1579 uel
1980 1553 2057 1580 Proc.

1360 1597 1416 1614 cum
1428 1589 1543 1624 Pompeio
1553 1591 1669 1624 pertinet
1680 1609 1689 1622 ,
1705 1589 1773 1626 quod
1783 1587 1818 1623 2st
1835 1592 1863 1616 in
1881 1589 1945 1618 SCto
1965 1589 2073 1616 Caesari
2091 1592 2278 1615 commemorato
2290 1585 2320 1613 B.
2333 1585 2364 1612 C.
2379 1592 2401 1617 ι,
2415 1589 2431 1617 ς
2452 1595 2467 1601 ’-

2126 1551 2172 1579 Aa
2194 1550 2335 1577 Ciceronem
2354 1550 2432 1576 etiam

1360 1624 1432 1650 Dent
1444 1632 1556 1659 operam
1569 1625 1717 1658 Consules,
1734 1626 1888 1659 Praetores,
1907 1624 2035 1652 Tribuni
2048 1624 2151 1660 plebis,
2168 1623 2272 1659 quique
2288 1630 2338 1657 pro
2358 1620 2431 1648 Con-

229 1671 286 1699 Cic.
311 1670 387 1697 Orat.
413 1669 457 1702 156
482 1676 505 1693 c.
531 1667 563 1697 56
591 1666 635 1701 qui
649 1670 718 1690 totus
729 1665 768 1688 ita
780 1661 870 1693 habet,
887 1662 962 1693 Iam,
980 1666 1009 1686 vt
1029 1657 1174 1685 Censoriae
1189 1655 1296 1682 tabulae
1305 1673 1344 1700 40
1361 1659 1464 1687 sufibus
1477 1660 1534 1696 (HL
1546 1661 1773 1694 proconsulibus)
1793 1663 1853 1689 sunt
1865 1661 1899 1690 ad
1911 1661 2024 1695 vrbem,
2041 1670 2076 1688 ne
2089 1660 2155 1696 quid
2174 1660 2253 1694 Resp.
2274 1655 2433 1686 detrimenti

229 1708 282 1742 (ex
294 1706 349 1744 ipsa
364 1706 446 1731 veteri
454 1702 571 1740 formula
586 1702 667 1729 Seruii
681 1696 814 1736 fortaffi’)
836 1697 1004 1733 loquuntur,
1019 1692 1128 1732 sabaim
1148 1698 1175 1720 et
1189 1690 1296 1729 proctim

228 1742 315 1772 audeo
328 1741 433 1773 dicere,
449 1748 506 1765 non
512 1738 651 1775 fabrorum
664 1742 690 1762 et
697 1742 840 1770 procorum.

265 1786 280 1806 P
290 1785 311 1806 R
321 1784 365 1805 OC
374 1783 393 1803 O
403 1783 420 1803 E
431 1781 453 1801 T
465 1781 484 1801 0
493 1781 515 1801 N
524 1793 533 1806 ,
551 1773 622 1801 onis,
642 1781 678 1797 m.
716 1767 879 1804 [κροκωτῶν]
915 1766 992 1802 ,Quafi
1003 1772 1032 1793 tu
1047 1766 1118 1792 dicas
1131 1763 1297 1792 Antecubicu-

195 1830 199 1838 =
229 1817 289 1845 lum.
324 1814 394 1840 Plin.
407 1810 487 1846 Epist.
502 1817 526 1842 2,
627 1843 632 1847 Ι
682 1842 686 1846 Ι

229 1853 292 1880 dine
307 1849 455 1880 aestiuum,
471 1845 648 1873 munimentis
660 1841 817 1869 hibernum.

225 1895 310 1951 ‘uri’tl’t
320 1884 470 1950 gugdobrzdz
480 1919 498 1946 Ε
507 1926 519 1946 s
528 1924 549 1944 V
559 1924 573 1944 S
581 1936 589 1949 ‚
607 1915 627 1944 i.
653 1914 674 1942 f.
707 1911 905 1949 [Προκόννησος]
943 1908 1030 1944 Insula
1043 1905 1078 1940 est
1091 1909 1120 1933 in
1133 1904 1295 1940 Propontide.

226 1959 298 1989 Plin.
313 1967 326 1993 ς
340 1968 363 1985 c.
377 1958 425 1984 vlt.
446 1955 551 1982 Insulae
565 1953 595 1981 in
609 1950 773 1987 Propontide
786 1945 991 1983 ante-Cyzicum
1004 1943 1212 1977 Elaphonnesos,
1224 1940 1296 1966 vnde

228 1997 395 2030 Cyzicenum
409 2000 537 2019 marmor.
574 1987 671 2016 Eadem
694 1985 795 2014 Neuris
820 1989 846 2011 et
870 1980 1051 2010 Proconnesus
1064 1978 1145 2005 dieta.
1220 1976 1297 2012 Conf.

230 2033 290 2061 Val.
304 2031 387 2058 Flacc.
401 2038 423 2062 3,
435 2037 477 2062 34.
497 2028 531 2054 ol.
546 2024 718 2054 Proconesus.
949 2052 955 2057 ⁴
1163 2049 1168 2053 Ι

267 2076 284 2096 P
294 2075 312 2094 R
322 2074 341 2094 O
352 2074 368 2093 C
378 2073 396 2093 0
406 2073 427 2093 N
440 2071 460 2090 N
474 2070 490 2092 Ε
503 2069 515 2089 S
525 2069 536 2088 1
548 2068 569 2089 v
582 2069 609 2093 S,
630 2069 661 2094 a,
682 2068 738 2086 um.
755 2054 884 2084 Poss'essiu.
921 2054 1062 2081 Vitruu.2,
1071 2053 1085 2079 8
1106 2047 1297 2075 Halicarnassei

231 2105 303 2140 tegis
315 2101 432 2131 Mausoli
447 2100 542 2126 domus
560 2095 738 2126 Proconnelio
760 2100 896 2123 marmore
922 2088 1016 2116 omnia
1046 2084 1163 2114 habebat
1195 2089 1298 2112 ornata.

229 2141 345 2170 Aristeas
361 2135 561 2166 Proconnesius,
568 2135 682 2169 Scriptor
695 2130 815 2159 laudatus
828 2138 844 2155 a
857 2127 924 2154 Plin.
935 2134 963 2162 7,
976 2134 998 2152 2.

266 2184 281 2204 1>
292 2183 313 2204 R
326 2182 345 2203 0
357 2182 374 2203 c
383 2182 403 2202 O
412 2181 454 2202 Ns
464 2180 485 2200 V
494 2179 527 2205 L,
546 2171 577 2197 is.
616 2179 653 2196 111.
690 2174 731 2201 εἰ,
754 2173 784 2193 vt
814 2162 960 2202 quibusdam
986 2161 1090 2197 placet,
1110 2161 1186 2186 ctiam
1210 2164 1226 2185 Ρ
1235 2163 1256 2184 R
1265 2163 1298 2184 0-

230 2219 249 2242 (ἰ
258 2220 309 2249 Ο,Ν
318 2220 331 2240 S
341 2219 361 2238 V
370 2219 386 2238 1,
397 2218 414 2238 E
424 2230 431 2243 ‚
468 2207 649 2243 [ἀνθύπατος]
690 2209 796 2231 vocatur
805 2221 811 2232 ‚
832 2203 877 2238 qui
902 2197 1016 2234 Consulis
1034 2193 1182 2232 potestatem
1213 2193 1296 2222 babet.
1303 2208 1332 2235 53

230 2251 299 2280 Ante
313 2251 395 2276 omnia
407 2252 489 2274 autem
507 2243 704 2281 obstruanaum,
717 2236 878 2277 pauczffimos
898 2234 942 2269 effi
959 2236 1041 2266 locos,
1056 2232 1213 2268 scriptorum
1233 2237 1299 2257 vete-

231 2296 305 2319 rum,
325 2285 368 2312 vbi
378 2290 474 2311 certum
484 2279 534 2316 fit,
554 2277 688 2315 composita
710 2284 769 2303 voce
791 2271 983 2301 Proconsulem
1004 2277 1028 2296 et
1042 2268 1216 2296 Proconsules
1228 2266 1296 2306 disi:

225 2319 408 2360 sedflufl’uare
420 2318 515 2350 libros,
535 2323 640 2343 etnunc
657 2321 707 2348 pro
730 2310 847 2339 Consule
865 2309 906 2336 uel
928 2316 977 2343 pro
1006 2304 1168 2333 Consulibus
1189 2303 1296 2338 diuilrm,

231 2368 297 2387 nunc
310 2367 362 2385 vna
374 2365 433 2383 voce
452 2351 614 2382 Proconsule
635 2349 740 2382 habere,
757 2350 833 2374 etiam
855 2344 899 2372 vbi
916 2345 982 2371 alius
1002 2342 1094 2378 Casus,
1117 2342 1297 2367 Nominatiuuz

230 2405 257 2423 υ.
270 2404 296 2432 g.
310 2400 354 2422 aut
367 2391 535 2428 Accusatiuus
543 2409 552 2422 ,
568 2385 722 2424 postulatur.
762 2408 765 2410 ,

231 2432 296 2460 banc
310 2432 366 2461 rem}
371 2427 508 2464 praesidii,
527 2435 581 2452 cum
597 2426 669 2451 varie
684 2422 859 2456 corripiatur,
876 2424 899 2444 et
912 2415 1001 2451 infime
1015 2422 1062 2451 per
1081 2420 1136 2440 etuo
1147 2413 1208 2448 fere
1227 2419 1299 2439 trun-

230 2475 300 2495 cetur
317 2466 382 2493 illud
394 2473 480 2491 nomen
501 2461 622 2488 PROC.
659 2456 834 2485 PROCOS.
869 2454 917 2481 PR
930 2454 962 2480 O.
979 2452 1010 2480 C.
1033 2451 1051 2478 P
1086 2470 1092 2476 .
1108 2449 1195 2478 COS.
1216 2448 1299 2476 PRO

232 2506 254 2531 C
262 2505 287 2530 O
295 2503 319 2530 S.
337 2504 365 2528 in
388 2499 568 2536 spanhemiano
580 2495 755 2531 numismatum
777 2499 848 2526 opere
867 2489 1008 2526 promiscue
1030 2488 1151 2514 inuenies.
1223 2484 1302 2520 Apud

233 2541 370 2568 Gruterum
406 2545 433 2562 v.
467 2544 492 2571 g.
513 2539 543 2567 p.
562 2536 650 2563 36o,3
687 2526 976 2557 PROCONSVLE
1011 2521 1300 2550 PROVINCIAM

232 2573 411 2604 CYPRVM
447 2565 691 2598 OBTINVIT.

232 2603 509 2645 PROVIN'CIAE
547 2603 678 2631 ASIAE.
786 2609 810 2634 p.
828 2601 930 2634 436‚7

234 2644 437 2676 SICILIAE.
508 2650 536 2677 p.
556 2641 656 2676 471‚6
692 2635 867 2664 PROCOS.
904 2632 1139 2661 SORTITVS.
1175 2630 1299 2657 PROV.

235 2683 363 2712 CRET.
521 2677 571 2705 Sed
582 2679 657 2703 etiam
672 2675 840 2702 Grammatici
846 2691 854 2703 ,
872 2670 937 2708 quod
951 2679 1002 2696 non
1015 2678 1103 2695 nouum
1116 2666 1159 2701 cst,
1173 2666 1299 2701 diffident.

237 2719 382 2748 Cledonius
398 2716 427 2744 in
438 2719 495 2743 arte
510 2723 535 2749 p.
552 2714 617 2746 1864
637 2708 796 2740 Proconsul,
819 2710 919 2743 iuquit,
939 2715 954 2732 a
976 2704 1082 2732 disertis
1102 2703 1171 2731 bene
1188 2701 1300 2734 dicitur,

965 2595 1139 2630 PROCOS.
1177 2594 1299 2621 PROV.

237 2766 292 2784 non
312 2761 340 2782 vt
362 2752 473 2790 quidam
493 2754 586 2786 putant
606 2748 650 2775 hic
671 2745 820 2786 Proconfide
832 2743 904 2776 dici,
924 2743 989 2777 quia
1003 2749 1100 2767 nomen
1113 2739 1149 2766 cst
1161 2738 1301 2774 dignitatis
1309 2749 1346 2777 70
1366 2752 1420 2770 cae,

240 2802 294 2820 non
319 2791 366 2818 sub
387 2788 489 2816 duabus
506 2784 627 2822 partibus
650 2783 799 2814 orationis,
818 2780 861 2806 sed
877 2778 924 2806 sub
940 2787 1000 2804 vua.
1074 2777 1146 2803 Nam
1160 2774 1178 2801 fi
1197 2773 1301 2801 dixeris

239 2828 385 2864 Proconfide
401 2825 453 2852 erit
467 2826 647 2857 monoptoton
812 2814 964 2843 Absurdum
978 2813 1063 2848 igitur
1076 2812 1128 2838 erit
1140 2811 1231 2837 dicere
1255 2824 1301 2829 —

240 2865 350 2892 Carruca
363 2860 395 2896 2st
411 2859 567 2896 Proconsule.
603 2856 736 2886 Sec‘lantes
752 2851 978 2880 chartulariorum
998 2849 1198 2890 aliquantorum
1217 2846 1258 2879 (i.
1272 2847 1302 2871 li-

238 2901 380 2928 hrariorum
401 2895 578 2932 quorundam)
603 2891 784 2927 imperitiam,
805 2887 930 2915 deserunt
949 2885 1161 2913 doflissunorum
1179 2888 1303 2909 veterum

540 1816 569 1843 17
588 1806 648 1834 Post
661 1806 727 1832 hanc
736 1824 745 1837 ,
765 1803 920 1830 cubiculum
934 1811 995 1828 cum
1009 1806 1185 1835 procoetoue‚
1205 1799 1295 1824 altitu·
1323 1829 1325 1831 Ι

890 1839 948 1866 Alii
960 1844 1043 1864 mmm
1060 1834 1238 1863 Procestfjum
1256 1833 1337 1870 di'43
1360 1839 1390 1865 in
1404 1838 1526 1866 Afrifflm
1537 1840 1615 1866 Venit
1639 1841 1802 1876 (Metellus)
1821 1843 1954 1870 exercitus
1976 1843 2002 1869 ei
2016 1842 2132 1870 traditur
2150 1842 2193 1877 Sp.
2206 1840 2303 1868 Albini
2317 1840 2435 1867 Procon-

2052 1887 2101 1912 pro
2114 1877 2233 1904 Consule
2252 1879 2361 1903 muta-uie
2375 1875 2437 1902 Cor·
2440 1870 2463 1924 ιζ

2147 1914 2187 1941 De
2206 1912 2254 1939 hoc
2273 1917 2326 1938 toto
2344 1919 2437 1946 genero
2452 1939 2457 1943 ,

1289 2047 1294 2051 ,
1303 2023 1337 2050 50
1354 2018 1425 2054 suit.

797 2384 829 2410 Ιη
848 2383 932 2408 numi:
954 2386 978 2406 et
998 2378 1072 2405 libris
1087 2386 1137 2403 non
1149 2378 1251 2403 multum
1265 2375 1342 2405 11:160
1359 2390 1408 2418 quo
1423 2381 1521 2409 deinde.

801 2573 827 2598 p.
860 2571 906 2595 397
916 2582 925 2595 ,
957 2563 974 2588 6
1012 2560 1029 2586 Ρ
1041 2559 1158 2586 ROCO
1168 2558 1247 2585 NSV
1258 2557 1301 2584 LI
1314 2563 1346 2596 65
1364 2572 1437 2595 rum,
1458 2568 1483 2589 et
1498 2565 1542 2598 qui
1555 2572 1596 2590 eas
1609 2571 1725 2599 regerent
1736 2563 1790 2590 vid.
1806 2564 1878 2606 Lips
1891 2564 1926 2591 ad
1942 2563 2012 2591 Tac.
2026 2563 2095 2589 Ann.
2116 2570 2145 2596 1,
2163 2562 2198 2595 76
2210 2559 2235 2597 s.
2255 2560 2336 2588 Excur

1360 1702 1536 1767 {igxtiinciaz
1552 1743 1614 1761 cum
1629 1735 1691 1762 effes
1704 1743 1754 1770 pro
1768 1735 1884 1762 Consule
1903 1735 1936 1770 (J

1361 1769 1435 1800 sule)
1450 1770 1601 1803 praefuisti.
1675 1772 1717 1799 Sic
1730 1771 1789 1798 Cic.
1803 1771 1837 1799 de
1850 1772 1946 1806 Legib.
1961 1780 1972 1798 1
1987 1780 2009 1799 c.
2023 1780 2060 1798 20
2085 1770 2206 1797 Gellium
2221 1777 2282 1795 cum
2296 1775 2346 1803 pro
2359 1767 2433 1793 Con-

1361 1804 1418 1830 sule
1442 1812 1475 1830 ex
1493 1805 1620 1831 Praetura
1638 1805 1668 1833 in
1687 1807 1828 1834 Graeciam
1841 1808 1962 1834 veniffet.

1547 1697 1605 1725 Cic.
1620 1699 1698 1726 Verr.
1712 1707 1735 1732 3,
1751 1706 1794 1726 212
1807 1708 1830 1726 c.
1843 1707 1873 1732 9¹
1907 1699 1937 1726 C.
1952 1697 2099 1731 Marcelle,
2118 1704 2145 1725 te
2156 1696 2266 1732 appello
2280 1705 2286 1722 :
2322 1693 2432 1721 Siciliae

1359 1874 1424 1901 sulis
1438 1885 1444 1902 :
1481 1883 1555 1911 quam
1567 1874 1698 1903 [ostionem
1712 1877 1793 1913 nescio
1805 1878 1914 1914 unsaris
1927 1885 1999 1906 caute
2010 1881 2039 1905 in

1359 1913 1413 1937 tius
1428 1921 1435 1936 :
1472 1914 1517 1946 qui
1529 1911 1614 1940 videri
1625 1919 1734 1941 merctur
1747 1916 1821 1941 etiam
1833 1914 1869 1941 ad
1887 1913 1968 1941 Catil.
1983 1922 2022 1947 19,
2036 1922 2057 1941 1.

1359 1946 1556 2009 fgpconsulum
1570 1948 1624 1975 vid.
1639 1950 1743 1976 Manat.
1755 1949 1790 1976 ad
1801 1950 1860 1977 Cic.
1875 1951 1949 1977 Fam.
1964 1959 1985 1982 1,
2000 1959 2010 1977 ι
2029 1959 2090 1986 quae
2101 1948 2230 1985 inscripta
2242 1947 2360 1975 Lentulo
2369 1947 2435 1972 Pro-

1464 2019 1544 2059 ⁸Certe
1551 2018 1592 2052 fic
1608 2020 1706 2047 Vellei.
1720 2030 1746 2052 2,
1759 2030 1794 2053 31,
1807 2031 1821 2048 2
1840 2023 1872 2047 A.
1886 2021 2020 2047 Gabinius
2034 2021 2121 2054 legem
2134 2018 2216 2052 tulit,
2232 2023 2263 2046 vt
2298 2030 2345 2037 --
2379 2016 2429 2044 Cn.

1362 2054 1505 2094 Pompeius
1530 2054 1563 2081 ad
1581 2056 1667 2096 coss(
1663 2059 1769 2091 piratas
1770 2057 1791 2091 )
1812 2055 2005 2091 opprimendos
2025 2056 2196 2088 mitteretur,
2214 2053 2329 2089 essetque
2342 2052 2369 2079 ei
2381 2051 2432 2079 im.-

1363 2098 1470 2131 perium
1491 2099 1608 2124 aequum
1632 2101 1664 2132 ¹¹¹.
1681 2091 1809 2132 omnibus
1829 2091 1979 2127 prouinciis
1997 2100 2058 2119 cum
2072 2089 2280 2119 Proconsuubus
2297 2093 2382 2125 vsqu'e
2394 2087 2430 2116 ad

1362 2126 1614 2168 quinquagesimum
1627 2128 1780 2155 miliarium
1794 2137 1809 2155 a
1822 2129 1892 2157 mari
1906 2140 1912 2156 :
1948 2137 2004 2164 quo
2019 2129 2044 2155 S.
2059 2128 2090 2155 C.
2102 2136 2186 2163 paene
2199 2127 2283 2154 totius
2295 2131 2430 2153 terrarum

1362 2171 1512 2197 imperium
1523 2163 1572 2190 vni
1593 2164 1657 2191 viro
1670 2163 1844 2192 deferebatur
1856 2173 1863 2189 ε
1899 2164 1944 2192 sed
1958 2171 2047 2192 tamen
2065 2163 2138 2192 idem
2150 2163 2203 2192 hoc
2215 2168 2276 2190 ante
2289 2161 2433 2190 biennium
2445 2155 2463 2193 ’1

2063 2202 2120 2228 Hoc
2131 2199 2165 2235 qs}
2178 2199 2245 2237 quod
2261 2200 2301 2227 M.
2317 2196 2450 2234 Antoniis

2243 2235 2320 2271 Qus.
2335 2235 2434 2262 Ascon.
2444 2246 2451 2255 1⁴

1360 2199 1391 2226 in
1404 2200 1442 2226 M.
1455 2200 1570 2227 Antonii
1582 2201 1708 2229 Praetura
1719 2200 1858 2229 decretum
1871 2208 1928 2229 erat
1943 2208 1990 2228 etc.

1361 2235 1501 2263 infinitum
1515 2236 1663 2272 imperium
1675 2243 1750 2264 vocat
1769 2238 1869 2265 Cicero
1882 2238 1911 2265 in
1926 2239 2006 2264 Verr.
2021 2245 2047 2269 2,
2060 2241 2073 2267 8
2088 2246 2110 2263 c.
2125 2245 2148 2269 3.

1359 2271 1395 2300 ad
1407 2272 1433 2299 h.
1447 2273 1465 2299 l.
1501 2279 1526 2299 et
1540 2273 1660 2301 LatStant.
1674 2273 1736 2301 Inst.
1751 2282 1770 2306 1,
1784 2282 1819 2307 11,
1834 2282 1863 2306 32
1880 2273 1924 2301 vbi
1936 2272 2044 2310 frustra
2061 2272 2184 2301 Antonio
2201 2271 2360 2307 Pompeium
2371 2269 2432 2308 sith

1352 2307 1476 2342 stitutum
1488 2315 1547 2336 eunt
1559 2312 1614 2338 viri
1626 2308 1707 2343 docti,
1713 2313 1804 2337 moniti
1815 2311 1875 2337 licet
1889 2319 1905 2336 a
1919 2310 2068 2346 Sparzhemio
2082 2307 2138 2342 diff:
2150 2319 2178 2337 12
2186 2316 2217 2345 p.
2225 2318 2276 2345 47⁰
2287 2307 2332 2335 ubi
2344 2307 2375 2335 ab
2386 2307 2435 2335 lum¹
2451 2323 2453 2327 ·

1360 2345 1551 2373 Proconsulatu
1559 2346 1667 2383 pulchre
1678 2345 1778 2373 deriuat
1790 2343 2194 2415 ProconsulatumAugfforum
2207 2351 2232 2371 et
2251 2343 2383 2382 Caesarum
2392 2341 2432 2384 *dc
2445 2371 2457 2379 ,Ἴ

1727 2383 1757 2411 V.
1794 2383 1856 2409 Cum
1869 2392 1951 2410 rerum
1959 2388 2061 2418 pomus
2074 2390 2093 2414 e,
2107 2386 2131 2422 et
2148 2378 2296 2418 Augustus,
2319 2381 2432 2421 Prouin-
2442 2380 2459 2406 Γ

2324 158 2425 206 1084·
2446 156 2450 159 '

1356 240 1433 269 mnio
1459 242 1525 279 (qui
1539 241 1630 279 Consul
1641 240 1844 284 adhuc-fuerat)
1869 246 2046 278 prorogatum
2063 242 2092 270 in
2105 246 2204 275 amium
2215 241 2360 278 imperium
2374 242 2421 274 est.
2450 246 2451 253 ¹

1756 425 1832 454 Idem
1844 433 1883 457 23,
1898 433 1927 451 1ο
1945 425 1983 451 Μ.
1997 425 2127 452 Marcello
2143 433 2194 460 pro
2206 423 2321 451 Consule
2340 423 2440 459 impe-,¹
2455 435 2458 440 ¹

1391 533 1395 537 Δ
1838 534 1844 539 ο
2197 496 2272 524 Idem
2287 501 2369 531 38237
2378 499 2441 532 pn·
2476 507 2489 531 ι,

1358 534 1459 560 Hieme
1471 540 1520 565 ea,
1555 545 1602 552 —
1637 531 1671 558 ad
1690 533 1738 560 Cn.
1759 534 1910 567 Manlium,
1928 534 2075 561 Consulem
2094 533 2232 569 primum,
2256 532 2353 560 deinde
2374 541 2427 567 pre
2476 531 2478 534 ’

1513 567 1599 602 (libri
1616 576 1699 594 omnes
1719 570 1794 599 MSS.
1814 570 2021 598 Drakenborchio
2038 569 2147 607 inspeHi
2161 569 2370 601 Proconsulem)
2382 567 2424 596 hi·
2438 570 2442 574 ”
2469 590 2471 594 .

1357 643 1398 668 De
1420 640 1566 675 Hispaniae
1587 640 1722 675 imperio,
1741 650 1809 676 quos
1831 643 1860 669 in
1883 652 1942 670 eam
1971 643 2144 680 prouinciam
2166 641 2234 669 duos
2244 605 2461 669 1191ῗὲιέ021151ιί1ἒὲ>4
2498 675 2501 684 Ι

2222 715 2274 741 Hic
2285 713 2427 783 Mssffa.
2455 741 2462 746 ,
2478 683 2480 687 ¹
2493 717 2499 746 ς

2084 933 2141 960 Cic.
2155 932 2188 960 de
2203 933 2268 959 Diu.
2281 940 2307 966 2,
2315 933 2349 967 76
2363 895 2428 963 agg
2475 918 2492 973 ¹¹,

1936 1733 1959 1762 ic
1972 1736 2047 1762 Grut.
2061 1735 2140 1762 Gran.
2154 1734 2245 1761 Graeu.
2260 1740 2310 1758 non
2316 1731 2433 1757 Procon-
2460 1742 2466 1774 Ι*
2495 1744 2497 1750 ι

2059 1806 2120 1834 Sall.
2133 1807 2192 1841 lug.
2206 1814 2246 1840 44
2254 1811 2298 1841 pr.
2319 1802 2369 1830 Sed
2381 1801 2434 1830 vbi
2467 1813 2474 1830 τ
2494 1787 2500 1802 ⁵

1618 1986 1671 2012 IV.
1705 1985 1836 2013 Interdum
1848 1989 1924 2013 etiam
1936 1987 2012 2013 multo
2023 1988 2129 2012 maioris
2138 1981 2274 2019 potestatis
2288 1982 2334 2009 boc
2347 1986 2438 2008 nomen
2458 1979 2462 1982 ⁴

2513 2283 2517 2322 ⁴,

1363 2418 1417 2444 cias
1431 2418 1593 2449 validiores,
1619 2423 1650 2444 vt
1662 2417 1745 2454 refert
1758 2418 1867 2446 Sueton.
1881 2426 1919 2454 47
1931 2424 1963 2458 et.
1970 2426 2034 2453 quas
2047 2424 2143 2444 annuis
2162 2417 2365 2452 magistratuum
2379 2424 2432 2443 uu-
2476 2441 2480 2447 ,

1363 2453 1447 2488 periis
1462 2454 1535 2487 regi,
1546 2462 1595 2480 nec
1609 2453 1690 2481 facile
1704 2464 1751 2482 nec
1764 2461 1853 2482 tutum
1866 2462 1936 2487 erat,
1955 2454 2011 2489 ipse
2027 2453 2139 2488 suscepit
2161 2453 2227 2488 (per
2246 2453 2362 2487 Legatos
2379 2460 2413 2487 pr
2453 2482 2460 2491 ¹

1363 2490 1534 2517 Praetoribus
1546 2490 1668 2526 regendas
1671 2492 1693 2525 )
1714 2496 1830 2519 caeteras
1845 2489 2053 2519 Proconsulibus
2073 2488 2169 2516 sortito
2182 2487 2301 2524 permisit
2314 2499 2320 2514 :
2354 2493 2382 2514 et
2394 2494 2434 2514 ta-

1365 2535 1428 2554 men
1443 2525 1585 2553 nonnullas
1600 2527 1778 2554 commutauit
1791 2527 1941 2555 interdum.
1979 2528 2018 2555 De
2030 2525 2175 2563 discrimine
2188 2524 2275 2551 harum
2281 2521 2433 2586 prowm-lia-

2349 2568 2365 2586 u
2419 2577 2427 2585 .

1368 2599 1446 2626 Tales
1452 2598 1533 2639 sunt,
1554 2599 1584 2626 de
1600 2600 1689 2636 quibus
1699 2598 1748 2633 ista
1761 2600 1844 2628 Plinu
1858 2602 1963 2627 maioris
1972 2607 2094 2635 ponemus
2106 2607 2115 2623 :
2149 2597 2181 2623 L.
2195 2604 2220 2630 2,
2233 2597 2267 2631 67
2287 2597 2333 2630 Q*
2365 2592 2430 2621 etel-

1364 2634 1392 2661 lo
1406 2635 1496 2663 Celeri
1544 2650 1591 2658 ·——
1626 2641 1685 2663 tum
1699 2636 1804 2664 Galliae
1816 2632 1974 2665 Proconsuli
1987 2633 2069 2661 Indos
2081 2642 2096 2660 a
2107 2641 2170 2668 rege
2190 2633 2339 2660 Sueuorum
2357 2630 2432 2658 dono

1365 2670 1451 2698 datm.
1547 2673 1579 2699 Et
1593 2678 1620 2706 7,
1634 2681 1660 2699 12
1674 2673 1693 2700 s.
1704 2681 1738 2699 10v
1757 2673 1838 2700 Surae
1852 2671 2021 2699 Proconsulis
2037 2670 2118 2696 etiam
2133 2668 2234 2697 ri&um
2246 2665 2433 2703 itrloquendo.

1365 2709 1399 2734 Et
1412 2716 1437 2741 9,
1451 2712 1464 2738 8
1478 2708 1496 2734 s.
1510 2712 1524 2739 8
1544 2707 1695 2743 Delphinus
1710 2714 1849 2742 vnguento
1862 2706 2007 2742 perunfims
2022 2715 2037 2733 a
2052 2706 2182 2733 Flauiano
2190 2703 2351 2732 Proconsule
2360 2700 2434 2734 Afri.-

1516 2745 1549 2771 Et
1560 2753 1589 2777 9,
1601 2752 1634 2776 30
1647 2745 1666 2770 s.
1681 2749 1717 2776 48
1735 2744 1801 2770 Non
1816 2745 1876 2771 sunt
1889 2743 2081 2779 praetereunda
2094 2748 2120 2769 et
2134 2743 2165 2769 L.
2186 2740 2302 2768 Lucullo
2318 2741 2435 2767 Procon-

1364 2780 1422 2806 sule
1436 2780 1558 2807 Baeticae
1571 2784 1706 2812 comperta
1721 2778 1753 2805 de
1767 2779 1883 2815 Polypis.
1921 2781 1956 2807 It.
1972 2788 2000 2813 19
2009 2779 2133 2806 Prooe‘m.
2155 2779 2195 2813 Q

1367 2816 1407 2850 git
1426 2817 1460 2856 C.
1482 2816 1577 2842 Flauio
1601 2814 1702 2849 Legato
1717 2815 1795 2843 Vibii
1810 2816 1893 2843 Prisci
1912 2816 2090 2843 Proconsulis.
2179 2814 2228 2842 ‘Et
2240 2823 2275 2849 14
2288 2821 2354 2840 extr.
2374 2811 2436 2838 No-

1367 2851 1466 2891 velltus
1483 2851 1643 2885 Torquatus
1656 2851 1689 2877 ad
1704 2851 1922 2880 Proconsulatum
1940 2861 2027 2888 vsque
2045 2861 2060 2879 e
2078 2852 2204 2879 Praetura
2220 2848 2372 2877 honoribus
2390 2856 2435 2883 ge-

1367 2886 1421 2913 stis.
1494 2887 1572 2923 Apud
1582 2886 1699 2913 Plinium
1712 2888 1850 2917 iuniorem
1864 2891 1978 2916 varietas
1990 2899 2064 2926 quam
2077 2888 2159 2925 supra
2175 2889 2381 2918 memorauimus,
2397 2882 2438 2912 ob-

241 2937 270 2964 in
284 2942 338 2964 arte
353 2934 479 2962 tractatus
516 2946 562 2951 —
598 2931 709 2965 Denique
723 2926 814 2964 diserte
827 2925 894 2951 iubet
906 2921 997 2956 nosfic
1009 2921 1151 2950 declinare:
1187 2919 1303 2945 Procon-
1317 2924 1350 2954 73
1361 2922 1492 2959 seruatur,
1535 2923 1566 2950 V,
1585 2932 1612 2959 g,
1632 2931 1659 2955 2,
1674 2932 1731 2956 11‚2
1751 2926 1857 2953 Mari„⁸
1881 2926 2000 2958 priscus,
2022 2923 2206 2952 accusantibus
2227 2922 2315 2955 Afris,
2335 2919 2435 2957 quibu.

242 2973 280 3000 sul
291 2993 298 3006 ,
314 2969 499 3001 Proconsulis,
517 2965 674 2994 Proconsuli
687 2970 733 2991 etc.
805 2961 853 2990 sed
865 2961 898 2987 D.
914 2957 1076 2993 Augustinus
1090 2954 1226 2995 principio
1239 2953 1306 2980 libri

244 3008 276 3035 de
290 3005 469 3035 Grammatica
484 3013 509 3038 p.
525 3010 584 3037 1975
597 3000 697 3037 Putsch.
771 2998 813 3025 Ab
828 2998 848 3025 E
866 2996 946 3023 litera
959 2993 1055 3021 Vocali
1073 2991 1227 3032 (dtssssfnf)
1247 2988 1305 3016 nul-

248 3045 305 3070 111111
326 3044 469 3074 Latinum,
489 3038 538 3066 nisi
560 3037 651 3065 iunEta
674 3034 872 3070 Praepositionc
898 3031 1077 3060 Masculinum
1099 3029 1255 3058 inuenitur,
1275 3030 1306 3053 vt

243 3080 339 3106 Proca„
354 3081 389 3106 ule
398 3099 405 3111 ,
426 3080 600 3113 Propraetort'.
673 3072 745 3108 Ergo,
756 3070 846 3097 iuncta
860 3067 1057 3104 Praepositione
1072 3065 1138 3092 fiunt
1152 3063 1246 3091 Latina
1256 3083 1263 3095 ,
1277 3067 1307 3089 vt

248 3115 305 3142 dixi
321 3117 497 3150 propraetore,
1147 3137 1153 3142 .
1239 3136 1242 3139 Ι

248 3152 337 3178 consul
353 3151 491 3181 dicebant,
510 3145 675 3175 attendentes
688 3142 792 3170 nullum
804 3151 902 3169 nomen
917 3141 1044 3168 Latinum
1057 3139 1131 3164 exire
1145 3145 1174 3164 m
1193 3137 1212 3163 E
1225 3136 1305 3163 litera

240 3187 421 3218 ,Nominatiui
444 3186 541 3217 Casus,
560 3181 664 3218 generis
686 3178 838 3207 Masculini.
911 3178 994 3203 Huius
1008 3177 1150 3212 opinionis,
1172 3182 1244 3209 quam
1257 3179 1307 3198 tue-

247 3230 290 3250 tur
301 3221 473 3260 Augustinus,
489 3219 621 3247 cledonius
634 3216 747 3253 refellit,
764 3217 803 3241 ori
822 3223 834 3239 o
848 3213 907 3239 hacc
920 3213 1030 3245 videtur,
1046 3211 1117 3275 guod
1127 3216 1223 3237 veteres
1232 3208 1308 3245 saepe

247 3261 286 3285 ita
298 3258 458 3293 Iocutisunt‚
478 3258 529 3291 (vt
547 3253 634 3282 deinde
653 3252 790 3279 uidebimus
834 3248 963 3276 Lentulus
984 3257 1034 3282 pro
1071 3247 1164 3274 onsulc
1177 3246 1248 3273 rexit
1261 3245 1306 3277 Sy-

250 3294 316 3321 riam
326 3314 334 3327 ,
352 3294 498 3330 quodetiam
511 3289 577 3319 reHe
591 3290 686 3317 dicitur
697 3285 826 3314 Lentulus
842 3284 985 3312 Proconsul
999 3285 1069 3311 rexit
1083 3284 1196 3316 Syriam.
1246 3282 1307 3308 Cum

246 3337 323 3366 porro
336 3339 384 3356 vno
398 3327 658 3363 tenorescribcrentur
672 3333 759 3357 uoces,
777 3322 869 3354 nullis,
885 3327 915 3347 vt
927 3319 998 3348 bodio
1014 3324 1091 3347 moris
1105 3318 1149 3353 cst,
1162 3316 1309 3353 intermissis

243 3366 339 3401 spatiis
354 3376 360 3390 :
392 3363 545 3400 sacileficri
553 3365 655 3398 potuit,
674 3367 703 3387 vt
717 3357 877 3387 Proconsule
893 3359 1047 3392 acciperetur
1062 3363 1113 3391 pro
1134 3357 1241 3382 Nomine
1259 3363 1309 3380 vno

252 3401 327 3437 (lasus
338 3399 402 3428 reeh·
414 3408 461 3427 ctc.
520 3400 678 3425 Retincamus
692 3393 750 3433 ergo
764 3405 812 3421 non
827 3393 924 3431 quidem
939 3394 1129 3420 Nominatmum
1138 3389 1308 3422 Proconsule,

248 3436 294 3472 scd
312 3438 373 3472 ςὲἤσιν
395 3446 444 3471 pro
464 3434 580 3462 Consule
589 3454 598 3466 ,
612 3436 707 3469 quotics
727 3429 922 3465 corfirut‘lionis
935 3431 1003 3456 ratio
1016 3426 1079 3453 illud
1089 3428 1205 3454 admittit
1217 3446 1226 3456 ‚
1264 3435 1309 3452 nec

253 3469 340 3507 vbiq'ue
353 3471 527 3508 expungendus
538 3469 682 3496 Proconsul
695 3477 749 3495 cum
764 3466 863 3502 Casibus
870 3465 938 3503 suis,
946 3463 1013 3502 quod
1024 3462 1187 3505 librariorum
1199 3472 1308 3498 quorun·
1314 3471 1351 3497 90
1373 3475 1409 3499 12,
1422 3475 1439 3500 9
1452 3476 1476 3502 p.
1492 3470 1543 3500 463
1552 3466 1611 3503 sqq,

255 3507 312 3533 dam
325 3508 447 3540 consilium
459 3504 654 3541 videturjuiffe.
876 3499 898 3540 ff
931 3510 944 3528 a
981 3502 1035 3528 Iam
1048 3501 1130 3535 zgitur
1141 3497 1309 3525 auHoritotes

255 3542 413 3578 adferemus,
431 3550 454 3569 ct
473 3548 575 3579 propter
588 3546 736 3577 perpetuam
749 3538 810 3576 scre
823 3540 971 3565 varietatem
984 3536 1105 3564 librorum
1117 3543 1166 3560 vno
1186 3539 1237 3561 loco
1246 3541 1308 3569 pro-

252 3584 369 3613 ponemus
392 3585 498 3605 veterum
520 3581 590 3609 loca,
610 3577 746 3611 vbicunquc
768 3575 810 3601 vel
825 3573 985 3605 Procoutnl,
1005 3572 1047 3599 uel
1063 3573 1109 3607 qui
1129 3578 1178 3605 pro
1192 3570 1308 3596 Consule

251 3613 352 3649 siurim
371 3620 415 3640 aut
428 3613 523 3650 aliquid
534 3612 648 3650 gcffirst,
667 3617 843 3637 memorantur.
919 3609 1043 3637 Videntur
1061 3614 1141 3634 autem
1147 3605 1241 3642 septem
1248 3606 1309 3641 fere

256 3658 344 3692 genera
358 3650 480 3676 homiuum
493 3650 539 3676 hac
551 3652 649 3676 ratione
662 3645 789 3681 designata
808 3645 861 3679 ‘ffi-

267 3684 379 3712 sribuui
392 3685 510 3712 militum
523 3683 663 3712 Consulari
678 3681 803 3717 potestate
816 3687 954 3712 vocantur,
972 3682 1053 3707 creati
1068 3686 1117 3715 per
1134 3677 1250 3714 dissidia,
1266 3677 1311 3703 ila

256 3729 309 3746 cum
318 3720 424 3755 plebeios
436 3721 548 3756 Consules
556 3720 627 3755 plebs
638 3719 764 3755 posceret,
782 3724 901 3753 negarent
908 3716 958 3753 fas
972 3715 1014 3750 ‘ffi'
1021 3717 1141 3752 patricii.
1210 3713 1271 3739 Liu.
1282 3722 1311 3745 4,

259 3763 276 3789 7
288 3763 327 3791 pr.
348 3757 425 3782 Anno
440 3756 620 3782 trecentesimo
634 3754 752 3784 decimo,
773 3762 852 3787 quam
866 3752 929 3780 vrbs
944 3752 1029 3778 Roma
1044 3750 1153 3778 condita
1166 3754 1238 3784 erat,
1257 3749 1311 3783 pri-v

260 3799 334 3830 11111111
348 3790 474 3818 Tribuni
493 3790 611 3816 militum
628 3799 677 3824 pro
699 3787 860 3815 Consulibus
880 3788 1063 3823 magistratum
1084 3787 1179 3813 ineunt
1193 3787 1224 3812 A.
1238 3784 1310 3810 Sem-

261 3834 367 3858 pronius
382 3833 427 3853 elc.

259 3860 293 3885 ad
304 3862 382 3887 Veios
396 3861 492 3887 fuerat.
513 3894 518 3898 ι
536 3893 542 3898 ·
563 3861 593 3885 Et
608 3869 636 3892 4,
647 3869 679 3892 43
699 3859 863 3894 Copularcnt
878 3859 1070 3887 concordiam:
1104 3859 1192 3885 Patres
1209 3856 1312 3892 patien-

261 3894 297 3920 do
319 3896 461 3922 Tribunos
483 3893 602 3930 rnilitum
626 3903 676 3928 pro
694 3894 854 3922 Consulibus
868 3893 936 3920 fieri.
1135 3895 1174 3921 ΙΙ.
1211 3891 1310 3929 Quibus

259 3929 343 3968 h‘'H¹¹'.'¹
352 3931 485 3969 gerendum
497 3929 621 3964 consulari
635 3930 749 3964 imperio
763 3930 906 3957 mandatum
920 3936 982 3956 erat.
1037 3930 1099 3957 Liu.
1112 3935 1136 3961 8,
1149 3939 1177 3962 ²3
1196 3930 1232 3957 Vt
1245 3936 1307 3955 cum

260 3964 390 3991 Publilius
409 3966 486 3992 Philo
505 3963 641 3991 consulatu
653 3964 758 3997 abisset,
778 3975 827 3999 pro
840 3964 956 3992 Consule
971 3974 1027 3992 rem
1040 3972 1153 4000 gereret.
1263 3965 1306 3992 sic

257 4006 300 4033 10,
313 4007 347 4028 22
360 4006 424 4026 extr.
441 4000 566 4029 Consule:
579 3999 663 4027 creati
675 3999 818 4036 QFabius
829 4007 856 4030 et
867 4001 895 4030 P.
908 4001 1006 4028 Decius
1040 4015 1132 4024 ——
1167 4001 1201 4029 1...
1219 3999 1306 4031 Volu-
1316 4005 1361 4034 ¹05
1370 4005 1524 4034 consularia

516 3106 700 3147 Proquaestore.
737 3107 809 3133 Nam
825 3112 928 3133 veteres
948 3102 1132 3132 Nominatiuo
1153 3101 1221 3127 Casu
1242 3100 1304 3126 Pro·
1320 3106 1354 3133 80
1370 3110 1496 3131 fluerunt,

1333 3285 1362 3315 85
1371 3285 1509 3313 detitarum
1525 3295 1543 3319 ι,
1558 3288 1595 3312 16.
1636 3292 1660 3312 rt
1678 3287 1745 3314 Cod.
1761 3297 1782 3321 1,
1796 3296 1831 3322 35.

1040 3645 1063 3671 Ι.
1090 3641 1152 3674 Illi,
1170 3644 1214 3677 qui
1232 3642 1276 3667 vul
1294 3651 1347 3678 ⁰93
1369 3647 1423 3673 1050

500 3826 530 3851 Et
544 3835 567 3856 4,
584 3833 614 3857 4¹
634 3826 670 3851 M.
686 3823 833 3851 Postumius
845 3823 988 3850 Tribunus
1006 3823 1124 3850 militum
1138 3831 1187 3857 pro
1194 3819 1309 3849 Consule
1316 3831 1364 3849 100
1374 3825 1393 3851 s.

1369 2967 1418 2993 pro
1431 2959 1546 2985 Consule
1560 2959 1685 2994 praefuit.
1757 2962 1800 2989 Sic
1823 2962 1892 2990 Cort.
1908 2963 1942 2990 al.
1957 2961 2112 2989 Proconsul.
2169 2961 2222 2987 Hic
2233 2956 2301 2987 reete
2309 2964 2373 2994 puto
2384 2963 2437 2992 pro

2184 2776 2238 2804 uod
2251 2777 2334 2804 etiam
2349 2773 2434 2802 conti·
2451 2794 2453 2797 .

2507 2814 2517 2930 '1'

1369 2994 1487 3021 Consule
1499 2996 1558 3037 legi.
1597 2995 1665 3022 Idem
1678 2996 1778 3024 Cortius
1790 2999 1853 3035 legit
1864 3006 1892 3034 7,
1906 3000 1945 3032 16,
1958 3007 1971 3031 3
1986 2998 2039 3025 Hic
2051 3005 2122 3024 nunc
2136 3005 2186 3032 pro
2195 2994 2311 3024 Consule
2325 2992 2437 3030 prouin-
2476 2997 2477 3001 ¹
2504 2991 2509 3019 s

1372 3031 1441 3058 ciam
1455 3031 1588 3059 Baeticam
1599 3031 1635 3058 est
1647 3034 1799 3067 petiturus:
1833 3036 1918 3062 malim
1943 3044 1998 3061 cum
2023 3036 2130 3071 reliquis
2160 3031 2315 3060 Proconsul.

2386 3027 2436 3058 Sed
2474 3040 2476 3045 ,

1372 3076 1413 3100 10,
1426 3075 1459 3102 57
1475 3077 1557 3095 Omnes
1569 3068 1674 3101 habffit,
1694 3070 1761 3103 Eos,
1778 3070 1826 3106 qui
1840 3080 1890 3106 pro
1904 3070 2068 3099 Consulibus
2087 3069 2155 3096 hanc
2176 3067 2345 3104 prouinciam
2362 3064 2435 3093 obti-
2466 3076 2487 3102 j»

1613 3105 1725 3145 Denique
1739 3115 1778 3141 10,
1793 3109 1840 3140 64,
1855 3116 1874 3141 4
1900 3107 1943 3134 Est
1960 3107 2034 3134 enim
2052 3105 2183 3134 adduous
2196 3104 2230 3132 ad
2244 3113 2288 3131 me
2300 3105 2329 3130 in
2343 3109 2434 3138 perpe·

1371 3146 1449 3168 tuum
1462 3140 1593 3174 relegatus
1605 3140 1678 3167 Iulio
1691 3151 1740 3177 pro
1755 3143 1882 3170 Consule.
1925 3145 1970 3171 Al.
1983 3152 1997 3170 a
2011 3143 2083 3170 Iulio
2099 3142 2173 3169 Basso
2188 3139 2358 3168 Proconsule.

1371 3212 1568 3246 su1e1213(cort.
1576 3212 1611 3240 ad
1617 3212 1677 3240 Sall.
1689 3223 1713 3248 p.
1724 3219 1780 3247 122)
1795 3217 1893 3243 Auson.

1583 3249 1589 3254 ‚
1613 3250 1619 3254 ,
1915 3237 1922 3244 .
1937 3236 1945 3243 .
1959 3235 1966 3242 .
1987 3214 2076 3242 Huius
2083 3222 2132 3249 ego
2141 3218 2167 3240 et
2173 3219 2265 3240 natum
2273 3218 2299 3239 et
2307 3218 2437 3247 generum

1371 3258 1422 3284 pro
1435 3249 1551 3276 Consule
1562 3249 1629 3276 vidi.

1698 3251 1737 3278 Dc
1751 3251 1844 3279 officio
1857 3251 2026 3280 Proconsulis
2040 3257 2068 3277 ct
2080 3250 2174 3285 Legati
2210 3255 2254 3275 unt
2277 3249 2350 3275 tituli
2370 3247 2436 3274 Pan—

1928 3286 2118 3315 Proconsulem
2136 3297 2186 3312 κατ
2207 3284 2296 3318 ἒξιιχῆν
2315 3284 2344 3311 de
2357 3283 2438 3320 Afri·

1368 3176 1452 3213 paullo
1459 3175 1513 3212 post
1519 3176 1570 3209 fine
1578 3179 1707 3209 varietate,
1715 3179 1886 3214 Interrogaui
1905 3194 1953 3201 --—
1973 3188 2006 3207 an
2020 3179 2123 3206 adiisset
2132 3178 2313 3212 docuissetque
2321 3138 2437 3211 Procoftt
2466 3172 2470 3181 '

1371 3331 1397 3348 ce
1412 3322 1573 3358 Proconfiale,
1586 3320 1641 3355 fine
1652 3323 1702 3349 olio
1723 3326 1799 3352 titulo
1819 3323 1908 3352 addito
1927 3327 1956 3350 in
1977 3330 2082 3359 vtroque
2097 3322 2185 3349 Codice
2203 3320 2302 3348 diflum
2322 3319 2437 3356 obstruat
2479 3334 2483 3351 :
2511 3330 2515 3340 ι

1370 3358 1502 3394 spanhem.
1534 3356 1599 3392 Diff.
1632 3367 1648 3392 9
1666 3365 1695 3393 p.
1722 3370 1770 3395 ¹¹5·

1371 3401 1462 3430 quarto
1479 3395 1532 3421 Ioco
1544 3398 1729 3421 memorauimut
1738 3416 1746 3429 ,
1770 3397 1901 3423 Traianus
1912 3401 1936 3422 et
1948 3396 1996 3422 alii
2010 3397 2178 3432 Imperatores
2191 3393 2337 3428 occasionem
2349 3392 2438 3419 viden-

1369 3437 1415 3458 tur
1429 3428 1562 3466 arriputffi
1582 3430 1752 3459 Proconsules
1758 3432 1788 3469 se
1799 3435 1827 3459 in
1840 3434 1922 3458 numis
1932 3431 2057 3466 vocandi,
2078 3441 2126 3469 qua
2137 3431 2165 3457 de
2177 3440 2204 3457 re
2223 3429 2352 3467 spanhem.
2371 3427 2439 3455 Diss‘.

1815 3469 1840 3495 V
1840 3469 1879 3494 II.
1918 3467 1986 3495 Idem
2000 3468 2018 3495 1.
2031 3477 2054 3495 c.
2069 3477 2095 3504 p.
2110 3475 2167 3502 470
2180 3466 2303 3503 obser-nat,
2320 3466 2437 3492 Procon-

1371 3503 1456 3529 sulem
1468 3505 1606 3538 peculiaris
1617 3506 1716 3538 generis
1724 3501 1805 3539 smſj}
1818 3504 2026 3537 Germanicum,
2046 3513 2100 3530 cum
2131 3503 2172 3531 illi
2195 3502 2254 3537 teste
2280 3501 2350 3528 Tac·
2365 3501 2439 3527 Ann-

1372 3548 1398 3570 2,
1410 3548 1441 3572 43
1463 3540 1576 3566 Decreto
1595 3545 1699 3579 patrum
1719 3539 1856 3573 permissae
1877 3541 2051 3574 prouinciae,
2072 3548 2139 3576 quae
2165 3539 2235 3566 mari
2263 3537 2441 3569 diuiduntur,

1950 3360 2002 3387 VI.
2040 3359 2081 3386 Ab
2094 3359 2142 3386 ‘illo
2161 3357 2353 3385 Proconsulatu
2367 3363 2451 3392 quem.

2464 3353 2493 3511 pt

1371 3575 1513 3616 maiusque
1528 3575 1671 3609 imperium
1684 3583 1796 3610 quoquo
1819 3576 1926 3609 adisset,
1945 3586 2025 3612 quam
2044 3575 2102 3607 his,
2126 3575 2174 3611 qui
2195 3576 2268 3602 sorte
2294 3578 2339 3600 aut
2358 3571 2438 3599 missu
2471 3592 2477 3602 .

1370 3611 1502 3646 Principis
1516 3611 1669 3639 obtinerent
1683 3620 1692 3635 :
1729 3614 1774 3647 qui
1788 3612 1886 3648 quidem
1900 3613 2104 3640 Proconsulatus
2110 3612 2207 3647 similis
2222 3611 2283 3647 fuit
2295 3612 2326 3640 ei,
2347 3607 2375 3634 de
2388 3616 2438 3644 quo

1447 3654 1545 3715 buaren
1574 3647 1701 3680 diximus,
1721 3654 1744 3673 et
1766 3651 1789 3674 ei
1802 3647 1933 3684 potestati,
1948 3658 2020 3686 quam
2034 3649 2104 3676 Tac.
2119 3649 2188 3675 Ann.
2203 3655 2239 3681 15,
2254 3653 2286 3679 25·
2304 3643 2439 3671 Corbuloni

1366 3689 1457 3717 permr
1471 3693 1510 3710 am
1526 3689 1627 3711 narrat.

1411 3725 1426 3744 1>
1435 3725 1453 3745 R
1463 3725 1483 3744 o
1494 3724 1510 3760 t:
1522 3725 1541 3746 ο
1554 3726 1576 3746 N
1585 3727 1602 3761 ⁸s
1611 3725 1632 3745 v
1641 3725 1657 3744 L
1665 3719 1686 3745 Ᾱ
1694 3725 1715 3745 T
1724 3727 1745 3746 v
1753 3727 1766 3746 s
1775 3740 1782 3752 ‚
1800 3719 1840 3747 fis.
1877 3729 1913 3747 m.
1950 3720 1963 3755 [
1970 3720 2144 3756 α’νθυποίταηι]
2180 3716 2339 3754 Proconsulis
2353 3716 2437 3753 digni-

1373 3758 1425 3793 tas.
1463 3755 1623 3796 PlrmEpist.
1636 3763 1662 3787 2,
1676 3763 1700 3781 12
1720 3755 1889 3784 Summotum
1902 3766 1917 3784 a
1935 3757 2150 3787 Proconsulatu;
2186 3755 2250 3790 quia
2272 3754 2298 3780 se
2318 3753 2348 3779 in
2367 3753 2436 3787 lega-

1374 3794 1451 3816 tione
1465 3798 1582 3832 turpiter
1596 3792 1718 3826 gesserat,
1734 3792 1768 3818 de
1782 3793 1989 3820 Proconsulibus
2001 3793 2120 3820 iudicare
2135 3794 2145 3818 ἓ
2262 3790 2330 3816 Ρ1111.
2352 3796 2395 3822 33,
2415 3792 2436 3820 4

1409 3833 1421 3858 ς
1442 3827 1572 3854 Antistius
1586 3827 1673 3854 Labeo
1688 3827 1856 3862 Praetorius,
1875 3829 1958 3856 etiam
1979 3828 2169 3856 Proconsulatu
2190 3826 2348 3862 prouinciae
2367 3824 2436 3852 Nar-

1373 3860 1494 3889 bonensis
1507 3863 1625 3890 functus.
2371 3866 2374 3869 ’

1409 3903 1425 3922 P
1433 3905 1452 3924 R
1462 3905 1482 3925 O
1493 3904 1510 3925 C
1521 3906 1540 3926 o
1550 3907 1572 3926 N
1582 3907 1595 3927 s
1604 3907 1625 3926 v
1633 3905 1650 3925 L
1659 3900 1710 3926 AR
1719 3907 1729 3927 1
1739 3908 1752 3928 s
1760 3921 1769 3934 ,
1787 3910 1810 3927 e.
1843 3900 1905 3928 Adi.
1942 3899 2153 3935 [dvsvaeoembs]
2191 3898 2265 3932 Quod
2276 3897 2311 3925 ad
2329 3898 2436 3924 Procon-

1366 3931 1447 3972 sulem
1455 3938 1578 3974 pertinet.
1650 3935 1717 3975 Cell.
1731 3944 1752 3969 ς,
1767 3945 1798 3971 ¹4
1819 3937 1911 3970 Qnum
1927 3937 2098 3971 prouinciam
2113 3934 2232 3961 Africam
2249 3929 2435 3960 proconsulari

1371 3976 1489 4002 imperio
1502 3980 1578 3999 meus
1591 3971 1716 3999 dommus
1729 3973 1874 3999 obtineret.
1984 3972 2118 4000 Ammian.
2133 3978 2165 3996 22
2175 3990 2183 4002 ,
2196 3978 2214 4003 9
2254 3968 2354 3999 Achaia
2374 3974 2438 4001 pro.

1621 4007 1682 4038 Liu.
1695 4015 1719 4043 ς,
1734 4017 1747 4035 2
1773 4007 1993 4041 Proconsularem
2010 4006 2156 4042 imaginem
2175 4012 2251 4033 vocat
2267 4004 2427 4064 tribua-epum

1744 4053 1747 4057 .
2323 4047 2358 4067 nu
2370 4043 2434 4064 itum
