2517 4231
247 201 316 243 359
631 182 659 225 p
748 180 782 223 Ε
871 175 915 217 Τ
1771 168 1800 209 Ρ
1874 166 1918 209 H
1999 169 2040 211 A
2355 171 2472 217 860ss

245 281 284 310 Im
301 279 400 305 etieione
413 279 437 301 et
449 272 562 311 aggreffia
573 272 751 310 gladiatorum.
805 267 863 295 Cic.
876 265 905 293 in
919 263 1000 292 Catil.
1015 273 1035 296 1,
1049 270 1075 296 ις
1088 271 1109 289 c.
1124 259 1142 288 6
1161 260 1237 295 Qiot
1249 266 1299 293 ego
1406 266 1506 288 1³13TR
1516 268 1535 290 o
1544 268 1616 289 Niv
1625 268 1639 290 s
1648 282 1657 295 ,
1676 269 1706 295 a,
1724 269 1780 288 um.
1802 258 1863 287 Adi.
1886 259 1975 287 Gentis
1988 269 2085 295 nomen,
2099 270 2111 288 ι,
2124 268 2174 298 qua
2186 262 2261 289 etiam
2272 260 2315 288 ill,
2327 259 2438 289 Arbua,
2467 263 2474 271 »,

246 285 302 344 malli
340 312 463 339 etitiones
486 312 522 337 ita
546 308 694 338 coniectas,
714 311 742 332 vt
763 303 846 330 vitari
869 302 939 337 posse
955 310 1011 327 non
1024 299 1198 329 viderentur,
1219 303 1300 331 parua
1369 297 1494 329 iocorum,
1509 302 1579 325 cuius
1593 299 1741 334 fragmenta
1755 297 1887 330 Satyricczv
1903 294 2011 330 exstant.
2462 317 2475 335 ,Ἰ

265 323 355 377 uadapni
371 347 548 374 declinatione
564 351 590 372 et
624 348 652 370 vt
664 343 755 372 aiunt,
771 347 884 373 corpore
897 336 980 372 effingi
994 337 1003 363 ἓ
1038 334 1093 362 vid.
1107 334 1165 361 Cic.
1179 333 1209 360 in
1222 333 1300 359 Orat.
1406 338 1421 357 P
1431 339 1447 359 E
1457 340 1478 359 T
1488 340 1504 359 R
1515 340 1581 361 0N1
1594 342 1602 360 1
1625 344 1700 362 canes
1726 333 1794 370 apud
1812 334 1885 360 Grat.
1906 333 2006 369 Cyneg.
2028 343 2054 361 v.
2075 342 2133 361 202.
2154 343 2181 361 v.
2201 334 2267 362 Vlit.
2278 332 2314 360 ad
2330 332 2356 360 h.
2370 333 2388 360 1.
2402 334 2443 360 it.v
2461 334 2475 357 ⁸.
2488 333 2491 371 J

246 361 294 416 228
306 394 318 411 c
342 385 381 414 68.
453 366 585 415 Qine't'il.
598 365 623 412 ’9,
640 387 659 405 1.
732 376 804 402 Seru.
819 373 853 401 ad
865 374 940 408 Virg.
954 374 1020 399 Aen.
1034 380 1068 405 9,
1081 378 1131 403 435·
1204 370 1299 408 Veget3
1373 368 1463 395 Thom.
1481 369 1569 396 fuller,
1581 370 1611 398 de
1631 371 1688 397 Vir.
1703 369 1799 404 must*
1813 370 1893 406 Angl.
1912 370 1982 396 Tom-
1996 376 2051 407 21³·
2064 380 2113 405 150·
2465 370 2467 373 ,

245 422 277 449 de
289 404 386 448 re'mil.
402 426 420 449 ι,
434 426 465 443 11.
570 416 639 441 Hinc
651 411 766 447 Metaph.
804 410 862 437 Cic.
882 410 977 436 Dium.
997 409 1025 434 in
1039 409 1119 435 Verr.
1133 416 1156 433 c.
1169 414 1201 440 14
1222 405 1302 433 Noui
1329 411 1344 438 ς
1405 410 1446 444 ee
1456 411 1477 431 T
1486 411 1506 444 ξι
1517 410 1537 431 o
1548 411 1561 431 s
1570 412 1611 432 EL
1621 407 1634 433 i
1644 414 1665 433 N
1675 412 1694 432 v
1707 414 1741 438 M,
1759 406 1777 433 i.
1797 415 1825 433 n.
1861 407 2061 442 [nerfws'amov]
2098 404 2175 442 Qafi
2188 406 2325 433 Petrai-um
2333 403 2436 439 apium.

245 465 338 485 omnes
351 453 466 481 hominis
478 450 620 485 petitiones
633 449 750 475 Γὸῐίθῐὶἓῦ
771 455 804 473 ue
826 445 943 472 dicendi·
1369 440 1515 467 Scribonio
1521 440 1671 476 frequenter
1681 446 1835 470 nominatur.
1869 442 1935 469 Plin.
1949 450 1992 474 20,
2006 450 2034 469 12
2055 442 2118 469 Alio
2130 450 2228 477 genere
2240 442 2436 477 petroselmmn'
2468 443 2469 447 ’

281 501 297 520 r
306 500 322 519 E
333 497 371 517 Ti
385 496 406 516 Τ
418 497 427 516 1
437 496 457 515 v
467 493 489 513 Ν
500 492 517 512 c
527 492 547 510 V
557 493 573 512 L
582 492 604 512 A
613 504 620 517 ‚
635 493 673 511 ae.
698 484 718 510 f.
769 479 863 513 εησίδιον
877 481 957 508 Gloss'.
971 480 1029 507 Lat.
1044 480 1092 507 Gr.
1370 476 1481 512 quidam
1495 476 1629 516 appellant
1643 478 1672 504 in
1684 479 1749 506 saxis
1763 485 1863 506 natum.
1900 477 1969 505 Add.
1986 478 2100 514 Diostor.
2111 489 2134 511 3,
2148 488 2182 505 ιο.

280 527 373 556 PETi
382 532 403 552 ‘r
413 531 474 555 oa,
494 521 558 548 oris.
579 530 615 548 m.
651 518 790 555 [αἰτητῆι]
827 519 880 553 Qei
890 520 957 553 petit
972 523 996 543 et
1011 517 1080 543 litem
1092 514 1213 542 intendit.
1241 513 1300 541 Cic.
1405 520 1421 540 P
1432 519 1447 539 E
1458 520 1479 539 T
1489 520 1508 539 v
1519 520 1535 539 L
1545 519 1566 539 Α
1578 519 1601 538 Ν
1611 520 1641 545 s,
1664 515 1741 540 antis.
1775 515 1838 543 Adi.
1873 513 2000 547 [fimus-os
2025 514 2105 541 Gloff.
2129 514 2246 548 Cyrill.]
2295 513 2438 550 Improbat,
2460 511 2465 519 “

246 566 277 593 in
289 564 377 592 Partit.
392 567 433 588 ιισ
449 557 497 586 Sed
515 558 692 584 accusatorem
712 564 761 590 pro
781 555 858 581 omni
883 553 974 581 actore
996 558 1023 580 et
1045 552 1162 587 petitore
1185 550 1299 586 appello.
1370 552 1414 585 qui
1428 555 1475 584 per
1490 549 1663 590 contumeliam
1675 551 1737 576 alios
1747 555 1830 586 petit,
1846 558 1876 578 vt
1891 550 2004 591 lasciuus
2017 560 2032 577 a
2044 551 2199 579 lacessendo.
2234 550 2340 578 Festus:
2361 551 2439 577 Petu-
2472 549 2475 561 '¹

246 600 322 630 Idem
336 607 383 634 pro
396 595 488 629 Qum.
500 601 534 628 45
545 603 568 620 c.
582 602 606 625 13
627 592 760 619 Possumus
774 590 899 625 petitoris
912 590 1052 625 personam
1066 588 1214 622 suscipere,
1228 595 1301 613 accu-
1323 597 1353 615 ιο
1370 586 1453 612 lantes
1467 591 1494 612 et
1508 585 1605 619 petulci
1619 590 1701 611 etiam
1716 587 1896 621 appellantur,
1914 597 1963 622 qui
1983 593 2112 622 proteruo
2127 588 2230 623 impetu
2244 592 2271 613 et
2283 586 2380 613 crebro
2394 595 2439 622 pe·

247 636 338 664 satoris
349 634 477 667 deponere
492 631 501 656 ἓ
572 630 628 656 Cic.
642 637 691 664 pro
707 627 783 654 Rosc.
796 626 876 654 Com.
890 635 923 660 42
942 626 1012 660 Qis
1026 631 1083 653 erat
1097 625 1214 660 petitor?
1236 624 1301 650 Fan-
1369 621 1572 662 tunt‚laedendi
1588 621 1698 662 alterius
1711 623 1803 661 gratia.
1823 625 1879 650 Cic.
1894 625 1922 650 in
1931 623 2031 650 Sallust.
2041 633 2067 650 22
2084 633 2105 651 c.
2142 642 2150 650 .
2186 622 2381 664 Definehbonos
2395 630 2440 663 pe·
2479 624 2493 650 l,

247 672 314 701 nius.
350 668 407 703 quis
421 667 499 694 reus?
518 666 636 694 Flauius.
673 664 735 699 quis
749 662 849 690 iudex?
867 662 991 690 Cluuius.
1027 662 1079 698 Qi
1090 671 1178 688 munus
1190 667 1236 686 etc.
1250 668 1301 686 am·
1370 657 1542 685 tulantiffima
1550 657 1697 685 eonseoan
1711 657 1821 701 lingua3
1852 660 1975 687 Petulans
1990 666 2015 686 et
2033 660 2118 687 audax
2131 658 2216 686 homo
2230 661 2355 686 Vatinius
2378 659 2440 700 Cic.
2467 667 2489 699 ,ζ

245 709 290 736 bit.
325 703 461 732 Descendit
474 701 503 729 in
516 710 637 737 campum
650 701 750 735 petitor
769 699 839 726 Hor.
852 698 905 726 Od.
920 708 940 731 3,
956 707 977 731 1,
986 707 1024 725 10.
1095 696 1165 726 Adel.
1180 694 1301 724 Macrob.
1370 695 1410 728 Q
1422 695 1491 721 Frat.
1499 703 1522 727 2,
1531 703 1558 728 4.
1594 693 1718 720 Modesto
1731 700 1863 729 oppomtur
1879 697 1936 723 Cic.
1946 697 1999 723 Att.
2009 705 2067 730 2,2.
2111 696 2216 729 Audax,
2230 695 2361 731 petulans,
2375 694 2441 721 11b1-

247 746 296 772 Sat.
308 750 331 774 3,
346 748 384 773 14.
492 739 587 766 Famae
602 738 702 772 petitor
723 736 822 762 Lucan.
839 743 858 767 1,
873 743 919 767 13¹·
1369 730 1479 772 dinosus
1503 731 1561 757 Cic.
1573 739 1623 771 pro
1637 730 1700 770 Sull.
1716 737 1754 765 71.
1791 729 1867 771 Idem
1879 731 1912 758 de
1924 734 2027 760 Inuent.
2044 741 2065 765 2,
2080 741 2116 765 33.
2134 733 2167 759 Et
2185 741 2217 759 ex
2232 741 2261 759 ca
2278 741 2307 759 re
2319 740 2374 758 non
2389 731 2441 758 else
2477 747 2482 749 -

283 785 298 805 Ρ
308 783 372 804 ΕΤΙ
382 775 459 802 T6R
469 782 508 801 1V
518 782 548 809 s,
567 783 593 807 a,
611 783 666 800 um.
687 771 750 799 Adi.
786 771 921 798 Iudicium
935 770 1112 805 petitorium,
1130 768 1197 804 quod
1209 767 1302 803 posses·
1322 778 1348 805 15
1369 766 1523 808 mirandum
1539 776 1586 802 qui
1601 776 1628 793 m
1643 766 1688 792 illa
1705 775 1734 793 re
1748 773 1851 807 turp1S,
1869 773 1914 794 aut
1927 769 2048 804 cupidus,
2061 776 2105 796 aut
2118 769 2238 804 petulans
2251 768 2344 795 fuerit.
2392 768 2440 794 Pe-

244 814 315 843 sorio
329 810 460 847 oppqsitum
473 808 515 844 qli.
552 810 634 838 Caius
660 809 689 835 in
710 808 728 835 l.
756 808 814 842 Qi
836 807 968 843 petitorio
981 806 1087 833 iudicio
1101 806 1202 836 vtitur‚
1221 805 1253 831 D.
1270 803 1303 830 de
1371 804 1458 830 tulans
1472 811 1497 831 et
1513 803 1652 840 improbus
1666 804 1755 830 scurra
1774 803 1831 830 Cic·
1852 811 1902 837 pro
1917 805 2023 833 Cluent.
2038 814 2067 839 39
2088 815 2110 832 c.
2126 815 2158 838 ις.
2232 805 2259 831 Si
2276 804 2341 840 quid
2364 809 2440 838 petu-

243 851 282 879 rei
291 848 485 876 vendicatione.
1371 839 1428 867 lans
1443 849 1459 867 ὃ
1472 841 1560 867 scurra
1572 840 1711 875 profertur
1734 839 1804 866 Plin-
1819 839 1866 873 ΕΡ.
1882 847 1917 872 9,
1935 847 1972 875 17.
2043 842 2169 869 Amentia
2191 842 2313 877 petulans
2341 839 2440 867 Claud.
2481 848 2483 850 ·

280 884 438 912 PETiTR
450 890 503 915 1x‚
523 881 582 909 icis.
600 881 621 908 f.
658 880 740 907 Paull.
766 879 797 906 in
818 879 835 907 l.
861 879 919 914 Qui
943 878 1040 907 filium.
1061 879 1094 905 D.
1113 876 1146 905 ad
1167 876 1300 903 Senatusc.
1371 877 1400 903 in
1414 877 1620 912 Eutrop.1,237.
1656 875 1775 903 Audacia
1796 875 1891 902 Claud.
1904 876 1937 903 ad
1955 876 2109 912 Alechium,
2123 886 2149 914 7.
2204 878 2283 905 Auris
2297 876 2442 913 petulanti-

242 920 364 950 Trebell.
404 920 505 946 Contra
545 917 699 954 petiti-icem
741 916 942 952 pronuntiauit.
1046 914 1116 943 Add.
1170 912 1304 947 Quintffil.
1352 940 1355 941 ⁷
1372 912 1421 940 bus
1437 913 1507 940 scissa
1522 913 1644 940 carbasus
1666 913 1773 939 Lucret.
1788 914 1814 943 6,
1830 921 1879 939 110.
1937 912 2048 939 Dictum
2068 915 2189 949 petulans
2210 914 2316 941 nullum
2335 913 2365 940 in
2383 911 2446 940 vita'

240 957 311 986 Decl.
331 963 389 989 232.
1319 963 1355 982 20
1372 950 1527 984 proferatur
1547 950 1605 976 Cic.
1626 958 1675 983 pro
1695 950 1819 976 Muraen.
1840 957 1871 982 14
1889 957 1911 974 c.
1926 950 1952 975 6.
2038 950 2128 984 Elegia
2143 951 2263 986 petulans
2277 950 2356 977 vultu
2374 949 2440 976 Stat.
2463 957 2477 973 *-

276 1000 316 1020 PE
328 998 350 1019 Τ
361 999 378 1018 E
387 998 400 1018 s
409 996 426 1017 C
438 996 477 1024 0,
502 989 557 1024 flue
582 996 623 1017 PE
632 996 672 1016 ΤΙ
683 995 696 1015 S
705 994 724 1016 C
738 994 758 1016 Ο
769 1009 779 1022 ,
803 989 859 1016 ξιτ.
887 988 914 1025 s.
940 995 956 1015 P
965 995 1013 1016 ET
1023 995 1040 1015 E
1049 995 1062 1015 S
1071 993 1085 1014 s
1096 993 1117 1014 0
1126 1007 1134 1019 ,
1149 986 1176 1023 s.
1199 984 1304 1020 denique
1372 987 1465 1019 Silua,
1474 994 1500 1019 2,
1515 993 1541 1021 7.
1612 986 1702 1013 Genus
1719 984 1827 1011 dicendi
1844 984 1992 1017 feruidum,
2007 986 2127 1020 petulans
2142 993 2168 1013 et
2182 987 2315 1014 furiosum
2337 985 2393 1013 Cic.
2407 985 2443 1012 de
2464 997 2482 1021 f

241 1034 423 1060 PETISSO,
450 1033 489 1053 tot
501 1029 566 1053 enim
579 1025 659 1052 modis
677 1026 789 1062 legitur,
802 1025 965 1061 frequentem
987 1031 1011 1051 et
1033 1026 1166 1060 repetitum
1186 1028 1303 1048 conatum
1372 1022 1443 1050 Clar.
1467 1024 1543 1049 Orat.
1563 1030 1621 1057 241.
1677 1022 1767 1048 Genus
1789 1021 1897 1049 iocandi
1917 1020 2065 1054 illiberale,
2085 1022 2220 1058 petulans,
2236 1023 2399 1057 flagitiosum
2414 1026 2445 1049 et
2471 1025 2475 1039 s

240 1065 341 1094 videtur
354 1062 476 1090 indicare.
513 1062 620 1089 Lucret.
634 1070 658 1095 3,
670 1063 723 1096 648
739 1062 862 1097 Corpore
876 1071 936 1088 cum
951 1061 1059 1096 reliquo
1073 1069 1183 1096 pugnas,
1198 1057 1303 1084 caedes·
1371 1058 1517 1086 obscenum
1542 1059 1597 1085 Cic.
1611 1057 1664 1085 Off.
1685 1067 1704 1090 1,
1726 1067 1783 1092 104.
1828 1057 1868 1084 Id.
1884 1067 1934 1092 pro
1947 1058 2020 1085 Caelv
2044 1068 2075 1091 30
2108 1059 2207 1086 Omnia
2228 1059 2286 1085 sunt
2313 1059 2365 1085 alia
2384 1067 2442 1085 non
2467 1061 2491 1091 ι’)

242 1110 293 1138 que
307 1099 417 1136 petiscit.
452 1098 505 1126 h.e.
524 1097 618 1134 Cupide
630 1105 654 1125 et
667 1098 786 1125 ardenter
795 1101 873 1134 petit.
910 1098 1024 1124 Lamhin.
1038 1099 1102 1134 legit
1116 1094 1223 1123 Pcteffit.
1260 1092 1304 1127 Est
1372 1094 1698 1128 erimina‚sedmaled16la
1713 1094 1796 1129 iurgii
1812 1094 1956 1130 petulantis
1971 1095 2064 1129 magis,
2079 1104 2158 1130 quam
2172 1095 2295 1130 publicae
2309 1094 2446 1130 quaestio»
2475 1118 2480 1125 ‚

241 1146 265 1166 et
278 1140 350 1164 uaria
361 1133 451 1166 Ιεὲἶίο,
469 1135 591 1169 petescat.
663 1134 808 1167 Petisccre,
827 1134 934 1170 antiqui
947 1134 1071 1161 dicebant
1083 1142 1133 1168 pro
1150 1133 1252 1163 Petere,
1271 1139 1302 1157 ea
1321 1137 1350 1163 25
1372 1131 1423 1158 nis.
1479 1132 1608 1158 quentus
1628 1131 1723 1158 Claud.
1738 1131 1770 1157 de
1779 1131 1945 1166 Nupt.H0n.
1961 1138 2004 1166 84.
2059 1132 2163 1158 Milites
2183 1130 2293 1165 Qun&
2311 1139 2342 1164 11,
2362 1140 2384 1164 1,
2403 1135 2444 1162 88.
2474 1159 2477 1163 ,

242 1172 350 1210 quidem
363 1171 450 1198 forma
462 1170 558 1203 verbi,
578 1179 630 1206 qua
650 1171 710 1198 sunt
730 1171 864 1198 Lacess'ere
877 1177 903 1198 et
918 1171 1056 1198 Incessere.
1094 1168 1193 1196 Festus.
1252 1166 1303 1193 Sed
1372 1168 1441 1197 Pers.
1463 1176 1489 1200 1,
1510 1176 1539 1194 12
1571 1166 1646 1202 Qud
1666 1168 1782 1194 faciam?
1807 1167 1855 1194 Sed
1876 1168 1933 1194 sum
1954 1168 2086 1202 petulanti
2102 1169 2190 1202 splene
2212 1167 2350 1195 cachinno.
2393 1167 2444 1196 Vbi
2476 1180 2486 1186 x

240 1211 344 1245 (inquit
357 1207 444 1242 idem)
458 1212 487 1233 vt
502 1206 572 1233 mihi
591 1206 715 1240 videtur,
731 1213 791 1234 tum
812 1216 846 1234 eo
869 1206 1052 1243 significabant
1073 1205 1182 1240 Saepius
1203 1209 1302 1239 petere.
1373 1204 1446 1239 splen
1460 1204 1580 1239 petulans
1595 1202 1639 1237 est,
1664 1205 1715 1240 Qci
1724 1205 1850 1240 procliuis
1866 1203 1899 1237 egl?
1913 1203 1948 1231 ad
1960 1205 2067 1231 aliorum
2080 1207 2147 1231 vitia
2160 1204 2311 1237 irridenda,
2331 1209 2355 1230 et
2366 1202 2455 1239 salsis*
2473 1223 2479 1239 ι

240 1247 296 1275 Alii
308 1247 391 1283 legunt
403 1243 536 1270 Petcss'ere.
593 1243 715 1270 Petiisere
727 1246 820 1271 Dat-er.
893 1243 950 1271 Cic.
965 1243 1050 1272 Tusc.
1066 1251 1092 1276 2,
1107 1250 1143 1277 72
1162 1242 1219 1275 Qu
1236 1240 1304 1267 hanc
1371 1239 1505 1272 dicteriis,
1525 1249 1585 1276 quae
1598 1241 1676 1276 rrjfiem
1690 1242 1818 1277 plerisque
1831 1243 1938 1267 maxime
1952 1248 2065 1274 mouent,
2077 1240 2241 1267 traducenda.
2286 1239 2346 1267 Vid.
2359 1240 2388 1266 de
2400 1240 2447 1267 hoc

241 1282 352 1319 gloriam
365 1280 509 1315 peteisunt‚
526 1279 633 1306 nullum
646 1279 756 1315 fugiunt
769 1279 902 1307 dolorem.
996 1279 1071 1307 Idem
1090 1278 1122 1305 de
1136 1278 1230 1304 Diuin.
1241 1285 1261 1311 1,
1275 1283 1306 1311 17
1373 1277 1450 1304 verbo
1468 1278 1527 1304 Nic.
1543 1277 1631 1313 HeinJL
1645 1283 1669 1303 ct
1684 1276 1813 1304 Drakenb.
1828 1276 1862 1303 ad
1880 1277 1928 1303 Sil.
1943 1282 1967 1309 8,
1987 1280 2048 1303 266.
2093 1277 2191 1304 Verbis
2207 1276 2390 1312 petulantibus
2402 1275 2445 1304 vti
2474 1284 2475 1287 ’

242 1329 264 1346 c.
277 1327 300 1346 11
320 1317 463 1350 Menteque
478 1315 572 1342 diuina
587 1316 691 1343 caelum
705 1322 843 1351 terrasque
856 1316 964 1351 petessit.
1008 1317 1045 1342 Ex
1060 1317 1146 1342 Poeta.
1321 1321 1353 1346 3ο
1373 1313 1457 1340 Ouid.
1472 1314 1518 1347 Ep.
1534 1315 1569 1345 16,
1582 1321 1642 1346 245.
1699 1313 1797 1340 Verbis
1813 1313 2023 1348 petulantillimis
2042 1313 2147 1340 laedere
2159 1323 2257 1344 vnum,
2273 1313 2383 1340 laudare
2395 1312 2445 1340 ali-

279 1359 440 1382 PETESSE
452 1358 474 1378 N
486 1359 498 1380 s
508 1373 517 1385 ,
537 1352 615 1379 entis.
655 1353 748 1379 Pan-tic.
786 1351 941 1388 [αἰτιῶζων]
977 1352 1083 1378 Lucret.
1105 1358 1130 1384 3,
1148 1354 1196 1380 808
1228 1350 1304 1383 Qios
1375 1359 1422 1376 um
1442 1349 1544 1376 Sallust.
1559 1349 1585 1375 in
1594 1349 1652 1376 Cic.
1668 1356 1695 1384 7.
1733 1349 1875 1385 Comparat.
1895 1351 1981 1376 Aures
1995 1349 2108 1377 alicuius
2122 1349 2249 1377 conuicio
2263 1349 2446 1385 petulantiore
2475 1354 2477 1361 ⁴

242 1390 289 1419 Vbi
312 1395 430 1424 tempore
453 1394 560 1416 maturo
582 1389 744 1425 patefecerat
764 1394 835 1415 actas
870 1389 1023 1421 Infantum,
1042 1388 1136 1422 sugens
1151 1386 1306 1418 humorem,
1372 1386 1477 1422 pulsare
1498 1386 1600 1413 Arnob.
1616 1395 1634 1419 4
1652 1395 1675 1419 p.
1691 1393 1740 1418 151.

241 1434 365 1461 aurasque
377 1425 518 1460 petefrem,
536 1432 584 1451 etc.
618 1427 652 1452 al.
667 1425 806 1452 Petiscens.
1410 1430 1425 1449 Ρ
1435 1429 1451 1449 Ε
1461 1428 1482 1448 Τ
1491 1429 1513 1448 ν
1524 1428 1541 1448 ῐ.
1550 1429 1571 1449 Α
1583 1429 1604 1448 Ν
1613 1429 1635 1449 Τ
1645 1429 1653 1447 1
1664 1429 1685 1448 Α
1695 1441 1703 1453 ,
1728 1430 1767 1448 ae.
1802 1422 1822 1448 f.
1864 1421 2021 1458 [ἀσέλγεια]
2073 1421 2217 1457 Effrenatio
2247 1421 2379 1450 immodica
2411 1420 2448 1449 ad

276 1469 393 1490 PET1T
406 1467 427 1487 v
439 1464 581 1494 Rlo,ire.
618 1458 1004 1498 Peteremagistratumstudere.
1039 1459 1097 1487 Cic.
1109 1459 1163 1486 Att.
1172 1463 1306 1491 1,14ex1r.
1373 1459 1499 1496 quodlibet
1512 1461 1613 1485 vitium.
1637 1459 1695 1485 Cic.
1714 1457 1747 1484 de
1764 1458 1830 1492 Rep.
1849 1467 1867 1491 4
1902 1460 1925 1485 A
1939 1459 2069 1494 petendo,
2084 1459 2246 1494 petulantia:
2265 1467 2280 1485 a
2299 1457 2448 1494 procando,
2468 1458 2476 1471 ·'

239 1498 325 1527 Video
337 1498 474 1525 hominem
493 1497 573 1525 valde
592 1497 745 1532 petiturire.
1326 1504 1355 1531 35
1375 1495 1403 1523 id
1418 1495 1454 1521 est
1469 1495 1603 1529 poscendo
1614 1515 1621 1527 ‚
1641 1495 1786 1529 procacitas
1801 1494 1939 1522 nominata
1955 1495 2000 1523 est.
2033 1495 2103 1530 cons.
2117 1496 2188 1522 Suet.
2204 1495 2271 1522 Ner.
2286 1505 2308 1522 c.
2321 1497 2364 1522 26.
2389 1500 2446 1531 con:
2467 1527 2473 1531 ι

277 1542 292 1562 Ρ
303 1541 396 1568 ΒΤΑ,
420 1543 460 1561 ae.
481 1534 502 1561 f.
539 1535 594 1562 Dea
603 1540 719 1571 precum.
756 1533 859 1561 Arnob.
873 1543 893 1568 4
906 1542 932 1569 p.
946 1541 983 1566 131
1009 1530 1099 1558 Rebus
1112 1530 1233 1566 petendis
1246 1531 1308 1557 Peta
1373 1539 1468 1559 trama.
1489 1531 1545 1558 Cic.
1554 1531 1634 1558 Catil.
1650 1540 1680 1561 2,
1693 1539 1725 1561 25
1745 1540 1767 1557 c.
1783 1539 1805 1557 11
1854 1531 1891 1557 Ex
1905 1531 1953 1558 hac
1971 1538 2046 1567 parte
2062 1532 2151 1567 pudor
2165 1539 2280 1566 pugnat,
2305 1531 2381 1558 illinc
2402 1539 2447 1566 pe·
2466 1550 2470 1556 .

239 1571 344 1608 praeest.
1374 1568 1502 1596 tulantia:
1523 1567 1586 1594 hinc
1600 1567 1738 1601 pudicitia,
1753 1566 1829 1593 illinc
1845 1566 1975 1602 stuprum.
2013 1569 2073 1595 Cic.
2088 1577 2137 1603 pro
2150 1569 2228 1595 Font.
2244 1576 2278 1602 27
2295 1567 2379 1595 Nulla
2391 1574 2448 1594 tur·
2467 1589 2477 1598 Δ.

274 1613 419 1639 ΡΕΤΑΧ,
438 1605 500 1634 acis.
541 1605 604 1634 Adi.
640 1605 767 1642 cupidus,
787 1605 886 1633 auidus.
924 1605 1046 1640 Fulgent.
1059 1603 1177 1637 Mythol.
1190 1612 1207 1630 2
1226 1603 1307 1629 Vitae
1374 1605 1480 1639 pitudc»,
1495 1613 1563 1639 quae
1578 1613 1590 1630 a
1605 1602 1729 1635 libidine,
1741 1609 1786 1630 aut
1801 1612 1815 1629 a
1829 1604 1993 1638 petulantia,
2006 1610 2052 1632 aut
2065 1605 2098 1632 ab
2113 1604 2224 1632 audacia
2240 1609 2301 1631 nata
2318 1604 2394 1636 esset,
2413 1602 2481 1650 ψ’(

238 1649 338 1672 tantum
352 1643 502 1670 commodis
515 1642 611 1675 anxia,
631 1648 742 1669 ornatus
755 1649 851 1677 petax,
870 1648 917 1669 etc.
1373 1642 1526 1668 accusatore
1541 1639 1725 1673 obiiceretur,
1744 1639 1763 1666 fi
1778 1648 1833 1666 non
1844 1642 1925 1676 vera!‚
1945 1646 2061 1668 attamen
2081 1641 2152 1674 fieta,
2166 1648 2212 1668 etc.
2247 1641 2304 1667 Cic.
2324 1641 2353 1667 in
2368 1641 2448 1668 Verr.
2460 1633 2489 1679 ,ᾗ

273 1688 287 1708 Ρ
297 1688 313 1708 Ε
323 1687 344 1707 Τ
353 1686 372 1707 O
381 1686 401 1706 R
412 1676 455 1706 ῐΤ
464 1686 536 1711 VM,
558 1680 600 1706 vel
620 1685 636 1705 Ρ
649 1684 666 1704 E
676 1685 726 1705 To
736 1685 755 1705 R
764 1686 783 1705 R
792 1687 801 1706 1
811 1685 833 1705 T
844 1685 863 1704 V
874 1685 916 1708 M,
935 1678 953 1706 i.
996 1687 1023 1705 n.
1061 1676 1191 1712 [φορεῖον]
1227 1675 1306 1715 Galli-
1316 1689 1354 1715 40
1375 1677 1435 1704 Αξὶ.
1452 1686 1472 1709 1,
1488 1686 1513 1709 14
1540 1677 1647 1711 Qiibus
1662 1676 1780 1708 liberos,
1794 1676 1978 1712 coniugesque
1990 1678 2048 1704 suas
2062 1678 2177 1712 integras
2190 1677 2224 1704 ab
2238 1677 2313 1704 istius
2327 1676 2449 1712 petulan-
2458 1680 2475 1705 ’ς

239 1726 293 1744 cum
307 1715 467 1748 vocabqum‚
503 1715 592 1741 Genus
607 1714 727 1741 vehiculi
740 1714 811 1749 apud
825 1714 917 1749 Belgas
932 1720 1086 1748 repertum,
1104 1719 1133 1738 ut
1142 1713 1231 1738 Varro
1238 1714 1307 1747 Jcri-
1376 1713 1414 1740 tia
1435 1713 1594 1739 conseruare
1614 1722 1669 1738 non
1690 1712 1795 1738 licitum
1814 1712 1859 1738 est.
1933 1714 2066 1748 Frangere
2084 1714 2206 1741 furorem
2226 1721 2252 1740 et
2272 1714 2483 1748 petulantiam‘yr

239 1753 275 1781 bit
287 1763 294 1778 :
329 1751 399 1789 conf.
416 1752 509 1788 Scalig.
523 1751 558 1778 ad
571 1752 651 1777 Varr.
666 1760 691 1786 p.
700 1759 754 1784 252-
811 1750 945 1784 Qmmuis
959 1750 1017 1780 fint,
1031 1750 1126 1783 quiex
1138 1749 1242 1774 Graeco
1256 1756 1304 1773 vo·
1375 1749 1497 1775 hominis
1516 1749 1572 1775 Cic.
1582 1748 1669 1774 Pison.
1685 1757 1705 1780 1,
1718 1756 1755 1780 3¹-
1789 1747 1864 1774 idem
1877 1749 1950 1776 Fam.
1960 1752 1988 1782 6,
1999 1758 2017 1784 7
2036 1749 2159 1777 Solutum
2167 1750 2337 1778 existimatur
2350 1750 2399 1777 effe
2412 1749 2449 1776 al.

241 1787 334 1816 cabulo
347 1794 374 1815 et
387 1787 484 1814 Latino
499 1786 677 1823 compositum
690 1787 792 1819 velint,
813 1786 971 1820 dieiumque
985 1795 1000 1812 a
1014 1784 1155 1811 voluendis
1170 1784 1256 1815 rotis,
1277 1789 1307 1808 vt
1374 1785 1427 1811 teri
1447 1784 1606 1810 maledicere
1623 1793 1629 1809 :
1667 1789 1757 1810 tamen
1777 1784 1925 1810 cauendum
1946 1785 1983 1811 est
1995 1805 2003 1817 ,
2038 1795 2072 1812 ne
2091 1788 2120 1813 in
2140 1787 2315 1821 petulantiam
2335 1785 2456 1813 incidas..'
2483 1792 2488 1808 ὸ

241 1825 307 1852 Gell.
322 1823 428 1858 testatur
442 1832 476 1857 ις,
490 1832 531 1856 30.
601 1823 671 1851 Add.
687 1822 819 1857 Quinetil.
834 1831 852 1854 1,
867 1831 888 1856 ς,
901 1830 943 1857 57.
1014 1822 1083 1848 Hor.
1099 1821 1243 1851 Set-m.1‚6‚
1259 1827 1307 1851 104
1376 1820 1510 1847 Conuicia
1524 1820 1687 1855 petulantiae
1705 1819 1839 1852 Quntffll.
1853 1829 1881 1853 4,
1902 1828 1928 1851 2,
1950 1829 1989 1851 27.
2044 1822 2193 1849 Petulantia
2207 1823 2315 1849 dicendi
2336 1821 2450 1857 QuintSh

241 1876 285 1883 -—
320 1861 412 1888 Plures
453 1859 559 1887 calones
600 1865 681 1895 atque
714 1858 810 1886 caballi
847 1857 987 1890 Pascendi,
1028 1855 1149 1883 ducenda
1180 1855 1307 1890 petorita.
1322 1863 1356 1891 45
1376 1859 1408 1888 6,
1423 1864 1445 1889 3,
1461 1864 1497 1888 33.
1538 1857 1576 1882 De
1595 1855 1770 1882 maledicentia
1790 1857 1865 1881 utiam
1886 1856 1955 1882 Tac.
1971 1855 2040 1882 Hist.
2056 1864 2087 1890 z,
2104 1865 2151 1892 27,
2167 1866 2194 1890 4.
2231 1857 2450 1893 cons.Gr.1e11,ad

241 1897 315 1925 Idem
328 1896 408 1933 Epist.
423 1905 446 1929 2,
460 1905 480 1928 1,
495 1904 541 1930 192
561 1895 650 1923 Ess'eda
663 1895 806 1929 festinant,
825 1895 925 1930 pilenta
935 1915 943 1927 ,
964 1893 1077 1928 petorita
1087 1913 1096 1926 ,
1115 1901 1204 1918 naues.
1247 1890 1307 1918 ls'id.
1374 1893 1430 1920 Cic.
1451 1893 1525 1918 Fam.
1540 1895 1567 1924 6,
1581 1899 1651 1927 7pr.
1723 1892 1844 1925 Linguae
1859 1893 2007 1926 petulantia
2028 1893 2148 1927 Propert.
2165 1902 2183 1926 1,
2197 1895 2235 1925 16,
2256 1902 2296 1928 37.
2354 1894 2450 1922 Morbi

242 1933 308 1961 Plin.
322 1942 364 1968 34,
377 1940 416 1969 17.
486 1931 557 1960 Add.
571 1933 670 1959 Auson.
686 1931 764 1967 Epist.
778 1934 804 1964 6,
819 1940 856 1964 33.
928 1930 1031 1958 Festus:
1050 1929 1184 1956 Gallicum
1197 1926 1306 1954 vehicu-
1375 1928 1523 1964 petulantia
1544 1928 1615 1955 Geli.
1631 1936 1666 1961 12,
1684 1936 1706 1960 3.
1764 1928 1874 1955 Patroni
1889 1928 2065 1963 petulantiam
2078 1929 2130 1955 luit
2141 1929 2262 1956 litigator
2282 1930 2393 1962 Qtint'tt.
2410 1939 2450 1963 12,

242 1971 297 1997 lum
309 1971 372 2003 esse,
392 1977 419 1996 et
442 1977 544 1996 nornen
569 1968 626 1995 eius
652 1968 755 1994 dictum
778 1967 931 1994 existimant
950 1975 1090 1994 auumero
1106 1972 1222 2000 quatuor
1237 1970 1310 1990 rota-
1395 1985 1404 1998 ‚
1424 1973 1450 1997 9.
1521 1965 1628 1991 Pecoris
1647 1963 1796 1999 petulantia
1822 1964 1957 1990 Columel.
1977 1973 2010 1999 7,
2031 1967 2056 1990 6.
2131 1965 2281 1989 Ramorum
2299 1965 2448 1998 petulantia

242 2016 312 2035 rum.
347 2006 403 2033 Alii
422 2005 506 2037 Osce,
524 2004 599 2040 quod
622 2005 643 2031 ii
663 2013 774 2040 quoque
793 2011 864 2031 ΡΕΤ
875 2011 922 2030 OR
933 2011 955 2030 Α
975 2009 1091 2038 quatuor
1108 2006 1204 2027 vocent
1219 2011 1224 2026 :
1261 1999 1311 2025 alii
1367 1974 1444 2027 {um
1461 2003 1499 2033 16,
1518 2009 1558 2032 3ο.
1596 2001 1693 2026 Plural.
1715 2000 1819 2026 Delic'ta
1835 2001 1880 2026 sua
1895 2007 1920 2027 et
1934 2000 2093 2034 petulantias
2107 1998 2253 2030 dictorum,
2266 2000 2363 2035 quibus
2376 2001 2446 2028 mul-

242 2043 356 2076 Graece,
371 2041 546 2069 sed'Amamffis
560 2040 674 2068 dictum.
710 2040 848 2068 Lambinus
858 2047 907 2076 per
922 2040 1013 2076 duplex
1026 2040 1050 2066 R
1062 2041 1090 2064 in
1103 2037 1215 2063 omnibus
1233 2036 1310 2063 libris
1319 2045 1352 2071 50
1377 2042 1418 2064 tos
1433 2043 1493 2062 ante
1506 2036 1633 2067 laeserat,
1648 2035 1729 2061 diluit
1748 2035 1817 2061 Gell.
1832 2044 1856 2067 3,
1870 2043 1891 2066 3.

243 2082 352 2116 antiquis
360 2078 443 2115 scribi
463 2075 588 2113 affirmat.
1415 2078 1431 2098 r
1446 2077 1463 2098 r:
1475 2078 1497 2097 T
1507 2079 1527 2098 v
1538 2079 1555 2098 L
1566 2078 1588 2098 A
1598 2078 1620 2097 N
1633 2076 1654 2096 'r
1667 2076 1683 2096 E
1697 2077 1726 2096 R.
1761 2071 1831 2097 Adu.
1871 2070 1983 2107 Lasciup.
2006 2069 2064 2097 Cic.
2080 2071 2136 2097 Att.
2151 2080 2177 2104 9,
2197 2079 2225 2098 22
2242 2074 2307 2104 (¹9)
2355 2073 2446 2106 Qtam

281 2122 298 2142 Ρ
308 2123 324 2143 E
333 2122 355 2143 ‘r
366 2120 386 2141 0
396 2122 409 2142 s
419 2116 432 2141 ι’
441 2120 459 2140 R
472 2121 482 2140 1
491 2121 504 2141 s
513 2134 522 2147 ,
548 2114 579 2140 is.
616 2123 653 2140 m.
691 2112 853 2148 [Πετοσῖρις]
888 2112 1038 2148 Aegyptius
1049 2109 1239 2137 mathematicus
1252 2105 1310 2140 inst·
1376 2109 1480 2135 censeas
1493 2106 1588 2134 acerba
1603 2115 1672 2133 nunc
1686 2107 1752 2139 effe,
1766 2115 1850 2142 quum
1865 2115 1880 2133 a
1894 2106 2006 2142 perditis
2021 2106 2050 2132 in
2070 2107 2149 2134 ciuili
2163 2107 2270 2134 nefario
2291 2107 2362 2134 bello
2376 2114 2452 2143 petu-

243 2154 303 2189 gnis
315 2162 323 2178 :
359 2151 387 2177 de
399 2159 445 2186 quo
458 2150 527 2177 Plin.
542 2157 567 2185 7,
580 2159 626 2184 49.
698 2151 793 2176 quen.
807 2149 859 2175 Sat.
877 2150 903 2179 6,
919 2154 965 2181 580
986 2145 1124 2182 Capicndo
1143 2144 1217 2171 nulla
1235 2143 1309 2171 vide·
1376 2144 1516 2171 lautissime
1532 2143 1614 2170 fiant?
1653 2143 1776 2169 Facimus
1791 2143 1955 2178 petulanter,
1976 2142 1994 2170 fi
2008 2149 2121 2170 matrem
2134 2144 2267 2176 familias,
2280 2145 2353 2171 secus
2367 2153 2449 2179 quam

245 2194 289 2216 tur
325 2188 420 2222 Aptior
436 2186 503 2214 hora
516 2186 596 2219 cibo,
613 2184 662 2212 nifi
675 2195 756 2221 quam
769 2184 873 2213 dederit
886 2183 1016 2211 Petosiris.
1377 2187 1563 2208 matronarum
1587 2179 1711 2206 tanaitas
1730 2179 1859 2214 postulat,
1879 2181 2051 2206 nominamus
2077 2180 2134 2207 Cic.
2148 2190 2198 2215 pro
2212 2180 2286 2208 Cael.
2300 2189 2338 2214 32.
2374 2179 2448 2209 Idem
2463 2175 2467 2182 ⁵

282 2230 428 2256 PETRA,
446 2232 485 2250 ae.
506 2222 527 2249 f.
565 2222 682 2257 [πέτρα]
720 2223 828 2254 Saxum,
847 2228 930 2257 rupes.
967 2220 1037 2247 Plin.
1053 2228 1090 2250 10,
1106 2227 1136 2251 32
1164 2217 1267 2244 Gauiae
1280 2216 1309 2242 in
1329 2229 1357 2256 55
1379 2226 1429 2253 pro
1447 2217 1520 2245 Cael.
1536 2219 1552 2243 6
1572 2226 1593 2242 c.
1608 2224 1620 2249 3
1660 2215 1820 2243 ΜᾱΙεάἰξὶίο
1839 2215 1910 2242 nihil
1926 2216 2005 2242 habet
2019 2216 2150 2250 propositi
2166 2223 2271 2251 praeter
2291 2217 2459 2251 contumelias

248 2260 328 2295 petris
341 2259 488 2287 nidificant.
561 2259 638 2286 Petra
651 2259 679 2285 in
694 2258 864 2285 altitudinem
881 2256 991 2285 triginta
1005 2257 1105 2283 eminet
1119 2254 1201 2281 stadia
1234 2255 1311 2280 Curt.
1380 2263 1437 2281 am:
1459 2262 1527 2288 quae
1542 2253 1559 2280 fi
1575 2251 1738 2287 petulantius
1751 2252 1876 2284 iaciatur,
1891 2252 2061 2278 conuicium:
2080 2251 2098 2277 fi
2113 2252 2240 2282 facetius,
2253 2253 2394 2280 vrbanitas‘
2404 2263 2421 2280 n
2440 2259 2442 2261 ’

249 2304 276 2332 7,
290 2304 322 2329 n,
335 2305 356 2323 2.
428 2297 584 2329 Petrai-mn,
604 2298 689 2331 inquit
702 2295 802 2328 Festus,
821 2286 992 2328 generabsunt
1007 2292 1070 2319 duo.
1108 2292 1233 2325 Qiorum
1249 2289 1312 2316 alte·
1379 2291 1508 2317 minatur.
1556 2290 1614 2316 Cic.
1635 2288 1662 2314 in
1682 2288 1785 2315 Sallust.
1805 2297 1820 2321 9
1849 2287 1931 2322 Qiod
1949 2288 1997 2315 ista
2019 2287 2143 2315 inusitata
2161 2288 2237 2315 rabie
2252 2289 2403 2323 petulanter
2421 2289 2432 2317 i

248 2342 323 2365 rum,
343 2333 461 2360 naturale
483 2333 575 2359 saxum
597 2331 754 2366 prominens
776 2331 805 2357 in
830 2338 919 2362 marc,
939 2329 1016 2356 cuius
1035 2327 1135 2355 Ennius
1149 2327 1273 2353 meminit
1289 2335 1311 2353 11
1379 2336 1509 2357 vxorem,
1529 2332 1555 2353 et
1575 2326 1604 2352 in
1619 2324 1704 2351 filiam
1721 2333 1808 2351 meam
1823 2323 1954 2356 inuasisti,
1973 2331 2020 2350 etc.
2078 2324 2176 2350 inuehi
2189 2325 2340 2358 petulanter
2360 2327 2390 2353 in
2403 2335 2417 2353 a

248 2370 308 2395 Alte
327 2368 425 2402 delata,
445 2369 609 2404 caeterisque
629 2367 704 2402 (vid.
720 2369 768 2404 leg.
789 2366 874 2399 elata,
896 2367 1050 2401 petrisque)
1066 2363 1219 2398 ingentibus
1233 2363 1311 2390 teth.
1383 2373 1463 2399 quem
1482 2363 1539 2390 Cic.
1555 2363 1610 2389 Att.
1625 2370 1651 2395 2,
1666 2370 1703 2395 19.
1741 2360 1814 2388 Idem
1829 2370 1879 2395 pro
1892 2361 2005 2401 Cael-¹38
2020 2369 2042 2387 c.
2058 2363 2085 2386 16
2119 2360 2144 2386 Si
2162 2360 2250 2400 ⁸vidua
2265 2362 2368 2395 libere,
2390 2372 2421 2397 pr

249 2406 279 2432 Et
294 2405 352 2431 Liu.
367 2406 394 2431 in
408 2406 565 2438 Centauris,
584 2404 638 2431 Vbi
653 2413 703 2439 ego
717 2404 792 2438 saepe
812 2402 904 2438 petris,
979 2402 1101 2429 Alterum
1119 2400 1312 2431 manufacium,
1328 2402 1364 2427 60
1383 2406 1459 2428 terua
1479 2399 1650 2434 petulanter,
1678 2397 1753 2424 diues
1773 2397 1872 2430 effuse,
1894 2397 2040 2423 libidinosa
2059 2403 2214 2422 meretricio
2234 2406 2311 2424 more
2331 2399 2450 2434 viueretv

250 2447 279 2468 vt
294 2442 369 2468 docet
382 2442 473 2468 Aelius
486 2442 593 2473 Gallus,
614 2441 689 2467 l’etra
702 2440 738 2466 est
748 2460 757 2473 ,
778 2448 846 2474 quae
860 2439 935 2465 Iouis
950 2438 1043 2465 dextra
1058 2447 1086 2464 ac
1106 2436 1207 2464 linistra
1225 2436 1313 2463 forni-
1381 2436 1534 2464 adulterum
1547 2444 1598 2469 ego
1612 2440 1746 2469 putarem,
1760 2433 1777 2459 fi
1791 2434 1851 2468 quis
1865 2433 1931 2460 hanc
1945 2433 2033 2468 paullo
2047 2432 2161 2459 liberius
2176 2432 2318 2459 salutasset?
2343 2435 2450 2462 Bonum

251 2486 308 2504 cent
322 2478 456 2513 expletura
469 2478 522 2511 est,
542 2477 575 2504 ad
589 2476 782 2504 libramentum
796 2475 893 2502 summi
909 2475 1031 2502 fornicis.
1056 2473 1154 2501 Festus.
1381 2475 1471 2500 ciuem
1487 2471 1691 2506 petulantissime
1705 2470 1741 2497 est
1755 2470 1900 2510 insectatus
1924 2471 1980 2497 Cic.
1995 2477 2044 2509 pto
2063 2469 2132 2496 Sext.
2147 2477 2168 2508 c.
2184 2477 2226 2509 52.
2289 2469 2316 2495 Si
2331 2471 2451 2504 petulan-

288 2520 303 2539 Ρ
314 2520 512 2547 ETRAEVS,
532 2523 563 2547 a,
579 2522 636 2540 um.
659 2512 722 2539 Adi.
760 2511 868 2539 Brassica
881 2518 986 2546 petraea
1007 2511 1074 2538 Plin.
1090 2520 1132 2543 20,
1147 2518 1173 2543 9.
1243 2507 1313 2537 Adel.
1383 2510 1437 2537 tius
1458 2508 1543 2535 locuti
1566 2508 1624 2534 sunt
1652 2506 1790 2541 Augustin.
1803 2507 1849 2541 Ep.
1867 2514 1919 2540 254.
1979 2507 2017 2532 Hi
2039 2505 2200 2540 petulantius
2219 2504 2368 2532 infirmiora
2389 2507 2450 2533 vasa
2492 2533 2493 2537 ,

250 2548 324 2577 Idem
339 2559 374 2583 η,
386 2559 423 2577 21.
460 2557 484 2577 et
498 2558 541 2586 27,
554 2552 581 2577 6.
1383 2548 1537 2573 Pertentant
1552 2544 1665 2571 Paullin.
1675 2542 1829 2578 N01.Epist.
1845 2551 1872 2575 23
1891 2552 1917 2568 n.
1930 2551 1975 2576 24.
2001 2542 2070 2577 conf.
2082 2541 2149 2567 Gell.
2163 2544 2203 2574 16,
2217 2549 2234 2577 7
2251 2542 2292 2568 tit.

291 2592 307 2612 r
318 2592 363 2612 ET
373 2593 391 2612 n
403 2593 450 2613 EN
459 2593 472 2613 s
482 2593 491 2612 1
501 2594 532 2620 s,
554 2595 578 2613 e.
598 2583 661 2612 Adi.
697 2585 781 2611 Pisces
794 2585 928 2619 petrenses
942 2585 971 2611 C.
988 2583 1080 2610 Aurel.
1100 2582 1189 2609 Tard.
1206 2590 1227 2614 2,
1240 2590 1258 2608 1.
1331 2587 1363 2619 σς
1421 2590 1436 2609 12
1446 2588 1462 2608 E
1473 2589 1494 2609 T
1506 2588 1525 2606 v
1537 2588 1553 2608 L
1563 2587 1580 2607 c
1590 2588 1610 2607 v
1621 2587 1634 2607 s
1644 2600 1652 2613 ,
1669 2588 1694 2612 a,
1712 2589 1766 2607 tun.
1804 2578 1866 2606 Adi.
1902 2580 1915 2613 [
1922 2577 2105 2612 iasayo'xefws]
2141 2579 2169 2604 A
2186 2577 2291 2618 petenda
2303 2577 2380 2614 ipsum
2393 2586 2450 2614 quo.

287 2629 303 2649 P
313 2629 328 2649 E
337 2629 359 2649 T
369 2628 388 2648 R
400 2631 408 2649 1
418 2630 439 2649 N
450 2630 471 2649 V
481 2629 511 2656 S,
529 2631 561 2655 a,
581 2631 636 2648 um.
657 2621 720 2648 Adi.
757 2620 913 2649 Circumcifi
928 2621 1033 2656 petrina
1046 2620 1103 2647 acie
1117 2618 1240 2646 Tertull.
1255 2626 1317 2644 con·
1384 2628 1430 2656 que
1444 2617 1539 2644 diHum
1548 2637 1555 2648 ‚
1567 2617 1616 2653 sed
1623 2619 1725 2652 pecori,
1737 2622 1813 2654 puto,
1823 2618 1972 2650 proprium,
1985 2623 2040 2653 curn
2053 2613 2173 2647 petulans
2186 2614 2326 2650 Jarpiffime
2336 2613 2363 2640 de
2375 2613 2451 2641 homi-

252 2662 293 2686 tra
307 2658 365 2685 Iud.
379 2668 400 2685 c.
416 2668 440 2692 9.
475 2666 499 2687 et
512 2658 574 2686 adu.
588 2659 671 2685 Marc.
685 2666 707 2690 3,
721 2659 759 2684 16.
1384 2655 1458 2681 nibus
1472 2654 1582 2680 dicatur.
1624 2653 1719 2679 Tamen
1733 2653 1842 2678 Seruius
1859 2650 1894 2676 ad
1905 2650 1970 2677 illud
2001 2651 2077 2684 Virg.
2093 2650 2192 2684 Georg.
2208 2660 2236 2683 4,
2257 2659 2286 2677 10
2310 2649 2451 2684 Haedique

292 2700 394 2722 PETR
408 2697 522 2728 GSVS,
544 2704 570 2728 a,
588 2703 644 2721 um.
663 2694 725 2720 Adi.
762 2690 921 2728 [πετρώδης]
959 2693 1162 2728 Petrisplcnum.
1199 2691 1268 2717 Plin.
1279 2698 1317 2725 17,
1386 2690 1499 2726 petulci:
1537 2688 1646 2719 Petulci,
1659 2687 1774 2717 Lasciui,
1787 2686 1945 2726 exultantes.
1982 2686 2014 2712 Et
2034 2686 2136 2712 Petulci
2158 2686 2223 2713 dicu
2243 2686 2276 2713 ab
2290 2685 2454 2722 appetendo:
2472 2714 2474 2721 y

254 2737 287 2765 27
306 2731 500 2765 Caprificorum
513 2732 655 2758 laudantur
667 2729 785 2757 maxime
798 2729 908 2763 nigrae,
926 2734 952 2755 et
967 2730 996 2755 in
1009 2729 1129 2763 petrosis.
1202 2727 1278 2754 Idem
1290 2735 1317 2759 9,
1385 2726 1457 2753 vnde
1470 2731 1495 2751 et
1510 2724 1665 2764 Meretrices
1675 2722 1796 2762 ⁴petulcas
1810 2722 1935 2749 dicimus.
1971 2722 2106 2762 Columel.
2122 2731 2148 2757 7,
2167 2732 2177 2755 3
2210 2723 2304 2758 Itaque
2322 2722 2396 2758 capri
2409 2720 2454 2749 vel

256 2772 335 2800 31pr.
353 2767 456 2795 Viuunt
469 2767 578 2802 petrofis
593 2767 675 2798 lociS,
694 2767 783 2793 cancri
801 2765 940 2791 mollibus.
1333 2762 1369 2789 70
1387 2762 1478 2789 arietis
1493 2761 1591 2794 petulci
1611 2760 1750 2784 saeuitiam
1770 2758 1885 2793 pastores
1906 2758 1953 2785 hac
1966 2758 2060 2785 astutia
2078 2759 2220 2794 repellunt.
2277 2760 2361 2788 Vacca
2380 2757 2454 2795 Sulp-

292 2807 308 2827 P
318 2807 334 2827 E
344 2807 364 2825 T
375 2808 393 2827 R
405 2810 413 2829 1
423 2809 440 2829 c
454 2804 522 2831 &gv
533 2812 546 2831 ,ς
556 2824 565 2836 ‚
591 2812 620 2835 a,
648 2812 704 2830 nm,
742 2801 825 2829 Aliud
837 2800 898 2828 Adi,
936 2797 1094 2834 [πετρώδης]
1132 2798 1208 2825 Idem.
1247 2798 1319 2824 Mar·
1388 2799 1478 2824 Seuer.
1496 2795 1565 2822 Dial.
1581 2804 1603 2828 2,
1619 2803 1643 2824 9.
1665 2796 1683 2820 i.
1698 2803 1759 2829 quae
1771 2804 1848 2821 cornu
1858 2798 1936 2830 petit.
1973 2795 2044 2829 Agni
2064 2795 2172 2823 Lucret.
2184 2797 2278 2829 2,368.

256 2835 315 2863 tial·
330 2844 354 2868 3,
368 2839 396 2867 63
411 2845 458 2872 per
477 2841 684 2873 translationem,
704 2840 755 2865 Res
776 2837 907 2873 petricosa
927 2836 963 2863 est
973 2856 981 2868 ,
1000 2835 1105 2867 Cotile,
1124 2834 1210 2860 bellus
1224 2833 1317 2860 homo.
1426 2839 1467 2859 1³13
1478 2838 1499 2857 Τ
1510 2838 1529 2856 V
1540 2838 1563 2863 S,
1591 2830 1643 2856 uid.
1670 2837 1685 2857 Ρ
1695 2837 1716 2857 Α
1730 2836 1747 2857 Ε
1759 2836 1780 2856 T
1791 2837 1811 2857 V
1821 2838 1843 2858 s.

257 2872 287 2935 g·
317 2881 340 2912 ι’..
379 2872 502 2934 l{Difficilis
532 2882 556 2902 et
579 2875 673 2912 saxosi
706 2885 736 2901 ac
769 2875 844 2902 dura.
898 2874 956 2901 Alii
973 2874 1060 2908 legunt
1077 2871 1239 2897 Practricosa
1249 2890 1255 2900 ,
1275 2875 1319 2896 aut
1398 2895 1401 2899 ,
1423 2876 1440 2896 1‘
1452 2875 1470 2896 Ε
1483 2875 1505 2895 T
1516 2873 1536 2893 V
1547 2874 1559 2893 S
1571 2873 1588 2894 C
1599 2874 1618 2893 V
1627 2873 1664 2900 M,
1690 2866 1745 2894 vid.
1767 2874 1783 2893 P
1792 2873 1808 2894 E
1817 2874 1834 2895 C
1843 2874 1864 2895 T
1874 2874 1895 2894 V
1904 2873 1917 2894 S
1926 2873 1943 2894 C
1954 2875 1975 2894 V
1984 2874 2021 2895 M.

277 2913 377 2935 ertrico
390 2916 412 2934 a.

298 2950 315 2970 P
328 2951 344 2970 E
355 2951 376 2970 T
388 2950 406 2970 R
418 2943 438 2969 ὅ
448 2950 516 2970 NEs
526 2963 533 2975 ι
559 2954 614 2972 um,
639 2957 676 2974 m.
711 2946 864 2982 [πετρῶνες]
901 2944 1002 2972 Rustici
1016 2944 1123 2979 (inquit
1137 2943 1243 2973 Festus)
1264 2941 1321 2967 fere
1338 2944 1370 2971 7⁵
1781 2943 1804 2974 P
1903 2943 1930 2974 E
2028 2942 2060 2974 V

260 2979 386 3006 dicuntur
400 2985 510 3013 propter
529 2981 699 3015 vetustatem,
717 2990 743 3010 et
764 2981 838 3018 q'uod
864 2981 1009 3009 deterrima
1033 2988 1156 3015 quaeque
1184 2978 1321 3012 praerupti

260 3017 314 3043 iam
329 3016 385 3051 agri
398 3021 488 3050 petrae
500 3020 630 3042 vocantur
639 3037 648 3048 ,
667 3024 696 3044 vt
708 3020 823 3051 Rupices
836 3019 921 3046 iidem
933 3027 947 3045 a
961 3016 1043 3052 rupis.
1117 3015 1221 3042 Paullus
1241 3014 1321 3040 brcui-
1431 3020 1449 3041 ι»
1461 3020 1479 3040 Ε
1491 3019 1512 3039 V
1521 3020 1539 3041 C
1549 3019 1580 3041 E.
1599 3022 1635 3039 cs.
1657 3013 1677 3039 f.
1712 3012 1833 3047 [Πεύκη]
1872 3013 1960 3040 insula
1974 3013 2095 3041 Borealis
2114 3013 2143 3040 in
2156 3012 2242 3046 Istro,
2261 3021 2277 3040 a
2296 3021 2349 3048 qua
2361 3012 2410 3040 vni
2423 3020 2456 3040 ex

261 3058 300 3078 ter
311 3061 327 3078 a
341 3058 475 3086 petrarum
487 3051 629 3085 asperitate
643 3058 668 3077 et
683 3053 781 3081 duritia
794 3055 869 3082 dieti.
944 3053 1018 3089 Conf.
1033 3052 1123 3086 Scalig.
1139 3055 1170 3078 ati
1186 3050 1251 3077 rest.
1289 3053 1321 3076 it.
1389 3050 1508 3078 Danubii
1523 3049 1598 3076 ostiis
1611 3058 1710 3076 nomen
1724 3050 1830 3082 datum,
1848 3058 1877 3076 vt
1890 3051 1991 3077 Plinius
2004 3051 2074 3077 docet
2094 3059 2120 3083 4,
2136 3058 2170 3076 12.
2199 3051 2230 3076 Et
2247 3049 2345 3076 Lucan.
2360 3058 2381 3082 3,
2395 3057 2458 3081 202.

262 3088 354 3115 Barth.
374 3087 442 3114 Adu.
462 3089 506 3120 26,
522 3095 560 3121 25.
622 3089 691 3114 Hinc
711 3089 831 3122 Plautus,
851 3092 993 3117 Petronem
1006 3099 1149 3116 vei-uetezn
1159 3108 1165 3118 ,
1186 3090 1322 3114 [acriorem
1392 3089 1427 3114 11.
1441 3087 1500 3114 Val.
1516 3086 1599 3113 Flacc.
1614 3091 1636 3115 8.
1650 3093 1702 3120 217.
1744 3087 1805 3113 Stat.
1820 3086 1885 3113 Silu.
1907 3096 1935 3119 ς,
1951 3096 1978 3120 2,
1995 3095 2038 3122 ¹37
2062 3085 2296 3122 Nymphamfacit‚
2309 3089 2379 3112 cuius
2393 3084 2458 3119 Ister
2468 3087 2480 3108 J
2494 3111 2495 3114 ,

263 3125 296 3150 ele
315 3131 387 3150 anter
400 3124 485 3157 dixit,
512 3124 588 3158 Capt.
601 3133 630 3157 4,
644 3132 668 3157 2,
683 3134 712 3159 4¹
743 3125 799 3158 Qii
820 3127 926 3159 petroni
958 3135 1057 3153 nomen
1087 3124 1183 3151 indunt
1212 3124 1323 3150 verucci
1341 3125 1373 3151 80
1391 3126 1500 3156 coniux,
1531 3123 1600 3149 Ante
1618 3123 1737 3156 septenus
1757 3122 1867 3149 habebit
1888 3123 1968 3156 Ister,
1995 3129 2021 3150 et
2040 3123 2144 3149 vndoso
2167 3121 2323 3149 circumflua
2343 3122 2458 3156 coniuge
2494 3131 2503 3158 ,g

265 3159 307 3186 sec
320 3160 394 3192 ario,
411 3167 457 3186 etc.
1392 3160 1494 3187 Peuce?
1551 3159 1633 3184 Peuce
1649 3157 1680 3190 1st
1695 3162 1770 3185 etiam
1784 3159 1874 3186 Genus
1893 3159 1998 3186 arboris
2009 3179 2017 3191 ‚
2038 3167 2106 3194 quae
2127 3158 2168 3184 vel
2193 3158 2288 3191 Picca,
2309 3157 2352 3184 vel
2377 3158 2459 3186 Larix

302 3202 317 3221 1²
328 3202 343 3221 1³,
351 3202 372 3220 Τ
383 3202 399 3221 R
410 3203 430 3222 Α
440 3215 448 3227 ,
469 3204 508 3221 ae.
529 3194 546 3220 f.
584 3195 709 3229 [Πέτρα]
747 3195 848 3222 Siciliae
862 3198 975 3232 oppidum
987 3206 1062 3234 prope
1076 3197 1193 3231 Hyblam.
1231 3197 1324 3222 Petrae
1393 3196 1459 3223 Plin.
1474 3204 1508 3228 ΙΙ,
1522 3202 1557 3227 3:¹-
1585 3200 1608 3220 εί
1626 3202 1665 3227 14,
1681 3203 1706 3229 7.

267 3229 388 3257 Sirenum
398 3250 405 3262 ,
419 3231 478 3256 vrbs
493 3233 630 3264 Lucaniae,
645 3231 674 3257 ἄρ’
686 3241 733 3267 qua
751 3232 818 3259 Plin.
836 3240 857 3263 3,
872 3242 898 3265 4.
935 3234 1010 3268 Virp.
1026 3237 1090 3260 Asu.
1108 3245 1125 3264 ς,
1142 3235 1194 3265 ><46
1214 3234 1324 3267 lamque
1429 3240 1444 3259 P
1454 3240 1470 3259 Ε
1481 3239 1499 3258 V
1512 3237 1529 3258 C
1542 3237 1558 3256 E
1569 3230 1647 3257 DAN
1658 3238 1676 3257 V
1689 3238 1712 3256 M
1722 3251 1729 3264 ,
1748 3231 1767 3258 i.
1787 3241 1814 3258 n.
1839 3230 1895 3266 fine
1925 3237 1942 3257 Ρ
1952 3226 2109 3257 ΕΥΕΕΒᾹ
2121 3235 2144 3256 N
2155 3235 2214 3261 VS,
2233 3230 2252 3256 i.
2281 3238 2318 3256 m.
2357 3229 2460 3263 [πευκί-

269 3265 335 3292 adeo
350 3266 467 3300 scopulos
482 3267 603 3293 Sirenum
619 3267 729 3294 aduecta
749 3267 872 3301 subibat,
887 3275 931 3294 cte.
1006 3272 1067 3296 Isim
1083 3272 1172 3301 Pena,
1197 3269 1279 3295 Strab.
1296 3271 1328 3294 16
1393 3267 1476 3303 δεινος]
1513 3266 1607 3299 Herba,
1620 3276 1636 3292 a
1650 3268 1812 3303 qualicunque
1819 3266 1987 3302 similitudine
2003 3267 2082 3292 Pinus
2095 3275 2178 3292 nomen
2193 3268 2300 3293 inuenit.
2336 3265 2404 3293 Plin.
2419 3272 2460 3297 25,

270 3301 379 3327 Arabiae
397 3301 527 3337 oppidum,
542 3303 743 3331 Nabathaeorum
764 3305 924 3341 metropolis,
941 3304 1004 3330 vnde
1022 3316 1048 3332 ea
1065 3313 1129 3342 pars
1141 3305 1267 3337 Arabiae,
1283 3305 1325 3330 Pc-
1344 3317 1372 3345 33
1396 3314 1412 3338 9
1439 3303 1488 3332 Sed
1505 3303 1574 3330 inter
1591 3303 1687 3337 primas
1707 3302 1858 3330 celebratur
1879 3302 2059 3337 peucedanum
2073 3301 2276 3329 laudatillimuni
2290 3302 2319 3329 in
2335 3302 2403 3329 Arca
2422 3301 2460 3334 ia,

273 3342 343 3363 traca
362 3344 527 3372 nuncupatur.
1395 3350 1459 3368 mox
1474 3338 1656 3367 Samothrace:
1680 3340 1762 3366 caulis
1776 3340 1812 3366 est
1826 3340 1852 3365 ei
1866 3339 1970 3371 tenuis,
1989 3338 2100 3374 longus,
2115 3338 2255 3365 foeniculo
2271 3338 2372 3369 fimilis,
2385 3338 2396 3365 i
2434 3343 2461 3364 ta

308 3378 542 3412 r}:TR1}Nsls‚
562 3383 584 3402 e.
615 3375 674 3402 Adi.
712 3376 838 3411 Stagnum
857 3375 1036 3409 Petrensium,
1056 3379 1072 3406 ι’,
1094 3376 1237 3403 Incolarum
1256 3375 1327 3403 vrbis
1396 3384 1495 3404 terram
1518 3375 1646 3407 sebosus,
1666 3375 1756 3401 radice
1776 3375 1870 3409 nigra,
1891 3376 1982 3405 cratia,
2001 3375 2076 3410 graui
2091 3375 2191 3405 odore,
2211 3375 2323 3402 succosa.
2360 3373 2461 3402 Laudat
2488 3381 2490 3406 l

275 3406 362 3432 Petrae
381 3408 462 3434 sulm.
476 3417 497 3434 c.
511 3418 540 3436 11.
626 3437 628 3439 ,
1396 3413 1584 3443 Sci-ibon.163.
1613 3411 1664 3438 Lac
1678 3411 1895 3443 Peucedani166.
1915 3410 2000 3438 Radix
2022 3413 2076 3446 167.
2104 3411 2200 3437 Succus
2220 3413 2260 3444 56.
2488 3411 2489 3414 ’

314 3447 411 3483 ΡΕ.ΤΚ
422 3451 465 3470 OC
475 3451 493 3469 0
503 3451 539 3484 Rp!
552 3454 575 3475 1,
590 3455 677 3473 orum.
709 3457 744 3475 m.
794 3448 983 3484 [llsrpouc'ftm]
1023 3448 1125 3474 Ptolem.
1145 3457 1169 3481 2,
1188 3458 1204 3483 7
1231 3448 1327 3475 Galliae
1434 3458 1449 3477 p
1462 3458 1468 3475 i
1490 3455 1508 3474 v
1523 3454 1540 3475 c
1550 3454 1566 3474 E
1578 3454 1614 3475 Ti
1627 3455 1647 3474 Α
1657 3465 1665 3476 ,
1685 3456 1724 3473 ac.
1746 3447 1767 3473 f.
1805 3447 1974 3482 [Πευκητιόε]
2009 3447 2150 3474 Peuinsula
2167 3447 2203 3474 est
2223 3448 2251 3473 in
2266 3446 2393 3474 orientali
2407 3445 2461 3472 fine

274 3477 376 3510 populi,
388 3480 460 3514 uulgo
474 3480 600 3515 Perigort.
637 3485 793 3518 Petrogoras
807 3485 872 3510 Plin.
886 3494 924 3511 eos
937 3484 1047 3519 appcllat
1061 3493 1088 3518 4,
1105 3492 1140 3515 19.
1338 3503 1373 3527 9O
1394 3486 1498 3518 Italiac,
1510 3484 1570 3512 aliis
1582 3482 1739 3510 nominibus
1754 3482 1877 3510 Calabria
1893 3490 1918 3510 ct
1932 3484 2055 3519 Messapia
2070 3483 2149 3510 dicta.
2172 3481 2271 3510 Auctor
2287 3483 2352 3510 Plin.
2367 3491 2390 3515 3,
2405 3491 2427 3515 3.

284 3546 289 3550 ·
318 3517 455 3553 furuit]
468 3522 503 3546 Λ,
523 3525 562 3542 ae.
582 3517 601 3542 f.
639 3519 740 3547 Mulier
762 3520 916 3553 dicebatur,
933 3529 1002 3556 quae
1023 3528 1146 3554 pompam
1169 3519 1326 3554 praecedens
1432 3525 1645 3551 PBVCETH,
1671 3528 1760 3546 orum.
1788 3528 1823 3546 m.
1862 3521 1959 3556 Populi.
2027 3520 2147 3546 Peucetii
2171 3519 2241 3546 linus
2281 3518 2365 3547 Ouid.
2395 3519 2461 3546 Met.
2488 3523 2490 3525 ’

283 3555 312 3572 m
332 3547 444 3574 colomis
458 3556 501 3576 aut
518 3552 688 3593 umnicjpiis,
709 3556 865 3583 imitabatur
877 3562 964 3583 anunu
976 3555 1096 3588 ebriam,
1118 3556 1189 3590 quod
1209 3556 1284 3589 pedes
1299 3556 1327 3582 in
1395 3568 1442 3593 14,
1462 3566 1510 3590 513.
2488 3558 2489 3564 ¹

282 3588 368 3615 petras
380 3582 531 3622 frequenter
545 3595 716 3623 impingeret:
742 3601 821 3626 quam
836 3597 861 3619 ct
874 3593 922 3619 alii
936 3592 1030 3619 volunt
1044 3592 1077 3619 ab
1091 3592 1148 3627 agri
1161 3592 1245 3626 vitio,
1259 3592 1328 3619 scili·
1435 3601 1451 3620 Ρ
1464 3601 1480 3620 13
1490 3601 1510 3619 v
1519 3599 1544 3619 M
1555 3597 1572 3619 Ε
1584 3596 1606 3617 Ν
1619 3597 1636 3617 E
1646 3611 1654 3623 ,
1672 3599 1707 3616 es.
1729 3590 1749 3617 f.
1785 3591 1888 3627 spumae·
1899 3599 2030 3629 argenteas
2043 3601 2130 3628 genus.
2150 3590 2217 3617 Plin.
2233 3599 2270 3623 33,
2285 3592 2310 3617 6.

284 3622 325 3643 ‘⁰‘
339 3621 596 3653 petris‚appellatam,
610 3624 706 3652 Festus.
732 3628 806 3662 Cous.
825 3635 971 3655 «witam.
1007 3630 1129 3664 Almqnin
1434 3638 1449 3657 Ρ
1462 3636 1479 3656 Ε
1494 3637 1510 3656 x
1521 3636 1542 3655 A
1552 3634 1574 3655 ‘r
1583 3634 1604 3653 v
1613 3633 1640 3658 S,
1663 3634 1677 3653 1³
1690 3632 1706 3652 Ε
1718 3635 1736 3654 x
1746 3634 1754 3653 1
1765 3633 1786 3652 T
1796 3636 1815 3654 „x
1827 3635 1854 3659 ς,
1872 3636 1887 3654 p
1896 3635 1912 3655 Ε
1924 3637 1939 3654 x
1951 3636 2002 3655 vs.
2036 3627 2095 3654 tfjd.
2116 3635 2132 3654 1>
2145 3633 2161 3653 ε
2172 3634 2189 3654 c
2199 3633 2220 3653 ‘r
2231 3634 2260 3653 0.

291 3691 294 3694 ι
319 3659 388 3679 ΡΕΤ
398 3661 415 3679 κ
425 3661 439 3695 1⁷.
451 3661 457 3679 1
472 3662 490 3680 v
502 3663 531 3688 s,
546 3667 559 3684 a
569 3678 576 3690 ,
595 3668 648 3687 um.
667 3661 726 3687 Adi.
764 3665 886 3690 Romanae
900 3668 984 3701 gentis
997 3674 1092 3698 nomen,
1105 3674 1116 3691 e
1129 3673 1177 3701 qua
1190 3672 1215 3690 v.
1227 3673 1254 3700 g.
1269 3665 1329 3690 Dux
1345 3673 1376 3699 95
1436 3673 1453 3692 ι)
1465 3673 1481 3692 Ε
1491 3673 1506 3692 z
1518 3672 1525 3690 1
1537 3670 1554 3692 c
1564 3670 1586 3690 A
1596 3668 1624 3695 E,
1644 3671 1728 3689 arum.
1748 3663 1768 3690 f.
1806 3664 1871 3691 Sunt
1884 3673 1916 3691 cx
1933 3666 2088 3699 Fungorum
2103 3672 2200 3697 genere
2212 3672 2218 3688 τ
2240 3661 2285 3688 sed
2299 3661 2351 3688 sine
2365 3660 2461 3689 radici·
2488 3663 2490 3674 ¹

283 3687 324 3715 alle
332 3689 491 3723 Pompeianus
503 3701 518 3716 α
531 3693 630 3728 Caesare
638 3696 770 3731 superatus
778 3700 947 3736 inlitspania.
1399 3702 1448 3729 bus
1461 3707 1506 3729 aut
1520 3699 1650 3736 pediculo.
1672 3699 1737 3726 Plin.
1757 3708 1795 3732 19,
1810 3709 1822 3732 3
1844 3701 1862 3727 s.
1879 3709 1917 3735 ¹4·
1964 3700 2049 3728 Hurd.
2071 3698 2154 3734 πεζιάς
2168 3699 2220 3725 dici
2239 3697 2408 3735 Theophrasto
2421 3706 2462 3724 au·
2488 3729 2490 3735 y

322 3730 393 3766 pur
405 3726 539 3766 RsNVssz
558 3728 577 3753 i.
597 3739 631 3757 ¹¹¹·
668 3733 815 3773 [unp-m]
856 3738 932 3763 Vicus
945 3738 1002 3763 olim
1014 3739 1041 3763 in
1056 3746 1117 3773 agro
1128 3737 1247 3766 Falerno,
1261 3738 1331 3762 cuius
1398 3745 1493 3769 ramat,
1513 3744 1537 3764 et
1557 3734 1599 3771 esti·
1614 3734 1657 3768 id,
1679 3735 1744 3772 quod
1760 3738 1851 3773 vulgus
1869 3736 1942 3769 hodia
1967 3737 2038 3772 Lupi
2060 3735 2192 3772 crepitum
2209 3741 2290 3762 uocat.
2326 3734 2392 3763 Sum
2420 3733 2463 3770 qui

283 3766 396 3802 meV¹¹⁷¹¹f
411 3760 477 3787 ΗΟΓ·
492 3761 570 3794 [⁴4²¹st-
585 3771 605 3795 ¹2
619 3773 641 3797 5,
654 3775 667 3797 ς
691 3768 765 3807 'ln—ter
774 3770 922 3798 Minturnas
933 3773 1169 3807 Sinueflaumnque
1183 3771 1331 3800 Petrinum.
1398 3774 1499 3802 Pezitas
1519 3774 1616 3801 malint.

289 3794 350 3823 V1d·
364 3796 420 3822 ΕΚ·
436 3796 507 3842 ξ3“1;
519 3799 546 3827 6,
559 3806 595 3829 ¹9·
631 3802 727 3846 Petruu
737 3823 745 3836 ,
758 3807 849 3831 incolae
863 3812 912 3833 eius
927 3813 979 3834 wei
991 3810 1047 3837 Cic.
1063 3811 1140 3835 Vcrr.
1156 3818 1166 3835 1
1181 3817 1204 3834 c.
1219 3816 1259 3841 39.

283 3837 447 3902 [ιιιῖπὲτνιιιιῗὶτΙ
456 3838 480 3893 eTe
490 3838 770 3898 lvniqiiniiel‘ol'clremoenm
782 3841 938 3877 Aegyptiaci·
955 3848 1020 3872 vim·
1057 3845 1124 3873 plin·
1138 3853 1168 3880 4,
1180 3852 1198 3880 7
1218 3843 1286 3881 quast
1303 3847 1331 3871 i⁷²
1345 3857 1393 3877 100
1782 3848 1806 3880 P
1910 3847 1944 3880 H
2051 3847 2080 3879 A

323 3909 338 3929 P
348 3909 364 3929 13
373 3910 394 3930 Τ
404 3909 422 3928 R
433 3911 452 3928 ⁰
464 3909 489 3953 Ν,
497 3910 512 3929 E
522 3910 534 3929 S
547 3923 555 3935 '
590 3905 643 3931 υἱώ
680 3914 695 3934 Ρ
704 3914 751 3948 ὛΓ
760 3917 778 3936 R
786 3917 818 3937 Α·
1442 3925 1459 3945 1>
1470 3925 1491 3946 H
1500 3925 1521 3945 Α
1530 3923 1547 3944 Β
1556 3923 1577 3943 Α
1587 3922 1608 3942 Τ
1617 3922 1637 3943 O
1648 3924 1670 3944 N
1678 3937 1687 3950 ,
1723 3919 1877 3945 Pantomimi
1897 3927 1982 3945 nomen
1991 3937 2001 3950 ‚
2026 3915 2093 3953 quod
2111 3922 2160 3951 per
2179 3912 2375 3949 Autonomafian
2390 3913 2466 3948 poni-

322 3943 364 3965 1’13
375 3945 397 3965 Τ
409 3945 425 3964 ¹³
439 3945 458 3965 ⁰
468 3946 487 3965 ’Ν
501 3946 508 3964 ¹
520 3945 540 3965 Α
550 3959 558 3971 ,·
576 3948 615 3973 ὃς(
649 3941 669 3968 f·
705 3943 863 3981 [ῙῙΞτρι-ινῖοι]
900 3948 993 3977 Amnis
1016 3952 1051 3978 est
1074 3953 1103 3979 in
1121 3952 1254 3980 Tiberim
1276 3960 1336 3987 pro·
1405 3960 1448 3982 tur
1461 3963 1515 3981 cum
1535 3958 1720 3980 CARAMALO
1731 3974 1739 3986 ,
1760 3954 1804 3981 vbi
1816 3954 1871 3981 vid,
1888 3953 1894 3956 '
1908 3956 1984 3981 Alias
1996 3956 2061 3979 enim
2072 3951 2212 3989 ignorabile
2227 3961 2320 3978 nomm.

287 3973 386 4005 fluens,
404 3983 483 4008 quam
506 3975 670 4009 magistratus
690 3980 823 4012 auspicato
841 3984 990 4018 transcunt,
1014 3997 1097 4021 quum
1110 3989 1140 4015 in
1160 3998 1254 4024 campo
1268 3988 1334 4024 quid
1441 3998 1456 4018 P
1466 3997 1486 4017 Η
1497 3995 1561 4016 ACI
1572 3995 1604 4021 Α,
1621 3997 1658 4016 ae.
1671 3990 1692 4017 f.
1711 3990 1812 4024 [φακίω
1824 4000 1857 4017 an
1869 3989 1881 4017 ὅ
1893 3990 2005 4024 manias]
2026 3990 2132 4029 Len-rigo
2139 3987 2235 4024 facici,
2248 3994 2366 4014 var-orum
2381 3989 2404 4010 εἴ
2415 3983 2469 4024 Ῐῑηζ·

284 4016 362 4049 ὃὲἒῐθ
382 4010 484 4037 volunt.
506 4010 579 4046 quod
598 4020 678 4045 §⁶¹¹1ss
690 4015 801 4047 auspicii
813 4018 928 4045 Perenne
947 4030 1050 4050 vocant.
1069 4033 1174 4053 amnem
1194 4031 1285 4053 autem
1297 4024 1334 4051 fe·
1344 4039 1388 4066 105
1404 4024 1649 4062 ticularumspecies.
1684 4026 1825 4053 Lenticula
1838 4025 2018 4053 rubicundior
2031 4030 2058 4052 et
2072 4023 2244 4059 inaequalior
2260 4021 2329 4049 Cels.
2346 4022 2372 4052 6,
2393 4026 2416 4052 ς.

287 4045 389 4072 nunine
400 4046 505 4081 antiqui
518 4046 650 4076 dicebant.
668 4049 764 4077 Festus.
2334 4060 2469 4086 raneos,
