2517 4231
73 129 172 210 125'
499 149 536 190 L
590 149 625 188 O
680 150 711 186 R
1601 138 1638 178 L
1695 138 1730 176 O
1785 138 1827 176 'r
2176 142 2237 177 ηε,

91 246 289 284 ''LOQVAx,
310 243 371 269 ⁴acis.
406 240 466 267 Adi.
503 239 614 274 [akr-oc]
651 234 806 271 loquacior,
826 231 1026 267 loquat-illimus.
1068 232 1125 256 Ver-
1187 229 1329 257 transuersa
1347 228 1489 255 sternatur:
1526 225 1658 261 rlauisque
1671 226 1738 257 fixa,
1756 226 1886 261 duplicem
1904 228 2023 260 praebeat
2046 226 2250 256 contignationi*

74 281 154 317 bofiaes,
170 282 300 316 garrulus.
355 277 411 304 Cic.
426 277 454 303 iii
466 274 585 308 Parad.5‚
601 284 611 306 3
639 269 851 299 Adolescentibus
865 269 952 303 paullo
967 266 1125 301 loquaciori-
1190 265 1382 292 loricationeni.
1421 263 1522 291 Deinde
1535 263 1624 289 ruderi
1639 272 1712 289 nouo
1726 262 1801 288 tertia
1815 270 1873 297 pars
1887 262 1962 288 testae
1977 264 2045 289 tusae
2059 257 2237 288 admisceatur.

74 317 122 343 bus
135 316 171 343 est
183 314 358 343 seruiendum.
412 312 523 347 Loquax
536 317 560 338 et
572 310 677 340 Mutus,
693 305 830 332 contraria.
904 303 960 330 cic.
974 302 1005 329 de
1020 303 1092 330 Orat.
1101 310 1125 335 2,
1188 303 1229 327 Dc
1243 300 1288 324 hnc
1302 309 1328 324 rc
1342 301 1417 327 Varr.
1431 296 1463 326 de
1477 300 1507 326 R.
1522 299 1552 326 R.
1567 307 1593 333 1,
1613 305 1644 334 57
1672 298 1785 326 Parietes
1804 304 1828 324 ct
1848 298 1933 325 solum
1953 307 2032 332 opere
2045 298 2160 324 te'clorio
2173 305 2239 323 niar-

74 355 120 379 160
149 352 224 379 Istam
239 356 326 377 autem
339 354 422 376 totam
439 347 617 377 dimittamus,
642 342 748 378 quaein
767 338 945 373 excogitandis
964 339 1126 373 argumentis
1189 341 1293 362 morato
1313 335 1449 362 loricandi.

74 394 147 414 muta
160 387 273 414 nimium
286 385 332 418 est,
352 385 380 411 in
389 379 660 410 iudicandislnimiiun
671 378 778 411 loquax.
799 378 837 401 De
851 375 994 401 Diaelei‘lira.
1042 374 1128 406 Nutu,
1154 379 1168 405 ς
1227 375 1342 395 Lorne
1354 370 1428 397 tirsi
1445 391 1453 402 ,
1472 379 1510 398 ae.
1543 370 1562 397 f.
1598 370 1697 398 Diiniii.
1735 369 1762 395 in
1781 378 1808 394 re
1828 368 1936 394 militari
1947 368 2074 400 fignificat
2094 369 2240 395 Munimen-

74 423 248 457 manjbusqnc
267 421 364 456 loquax
401 419 493 446 Claud.
512 416 591 444 Cons.
609 414 682 441 Mall.
702 411 812 440 Theod.
835 419 880 443 313.
958 411 1020 436 Auis
1047 408 1128 436 Ouid.
1191 411 1258 443 tum,
1272 404 1343 438 quod
1357 405 1498 432 obscil'ores
1511 406 1616 433 vrbiuni
1629 406 1796 432 construunt:
1833 413 1893 430 iiam
1907 399 1973 429 vltra
1981 399 2078 429 iachim
2093 404 2136 429 teli
2152 404 2241 430 sont-nu

75 459 161 486 Trist·
176 467 199 490 3,
214 465 251 489 12,
264 461 286 487 8.
359 455 488 491 Epistola,
507 453 525 478 5.
549 450 671 483 Verbofior
684 456 707 474 η
722 448 818 482 longior
839 447 894 473 Cic,
908 446 957 472 Λη,
971 457 995 479 4,
1011 454 1036 479 ¹9
1056 445 1127 477 (¹4)
1192 439 1304 479 faciunt:
1342 448 1450 479 canique
1469 442 1554 472 vallo,
1582 441 1702 474 sudibuS,
1728 447 1753 467 et
1771 439 1906 467 nii-riculis
1924 439 2053 465 instruunt
2069 449 2074 464 :
2111 446 2137 464 vt
2157 448 2243 465 crum-

75 495 153 522 Fama
174 492 255 520 Ouid.
269 493 333 519 Met.
346 501 373 526 9,
387 498 437 525 157.
508 486 643 520 Lymphae
663 484 732 511 Hor.
744 484 832 509 Carni.
847 491 875 514 3,
889 490 920 513 13,
937 489 968 514 ις.
1039 480 1127 506 Nutus
1192 475 1313 509 pentibus
1328 483 1342 501 e
1355 481 1460 500 ciuitate
1477 476 1567 509 poss'int
1581 476 1701 503 obsistere
1715 487 1720 502 :
1753 476 1824 512 quod
1845 483 1911 509 opus
1933 475 2071 501 loriculam
2091 480 2199 505 vocant,
2216 479 2241 500 et

77 529 173 556 Tibul.
188 537 207 562 1,
220 538 242 559 2,
255 536 289 555 21.
365 525 443 554 Oculi
462 523 500 551 Id.
513 531 538 555 2,
553 524 580 554 6,
592 531 633 555 43.
705 518 791 546 Ranae
817 518 891 552 Virg.
910 518 1007 550 Georg.
1027 523 1056 546 3,
1074 521 1126 545 43¹.
1193 511 1283 551 saepe,
1299 519 1357 536 cum
1371 509 1474 536 obsidio
1493 510 1647 537 describitur
1666 512 1801 538 inuenitur
1820 511 1848 538 in
1870 510 2002 542 historiis,
2022 509 2132 536 loricula
2152 508 2244 535 vrlietn

75 565 198 592 Seni-‘eius
211 570 303 590 natura
324 561 463 598 loquacior
488 560 544 586 Cic.
558 557 590 584 de
603 555 703 583 Sene&
717 562 745 588 55
771 564 792 581 c.
807 555 843 580 16.
918 551 1011 578 Vultus
1030 549 1127 587 loquax
1148 552 1175 571 10
1193 547 1242 572 elle
1261 545 1458 573 circumdatam.
1514 546 1582 570 Maec
1604 547 1726 579 vegetius
1745 547 1776 574 de
1791 548 1828 574 Rc
1847 547 1928 573 Misit.
1944 555 1978 580 4,
1997 550 2035 575 28.
2089 543 2161 571 Caes.
2182 544 2244 570 llell.

76 600 157 627 Ouid.
172 602 263 627 Amor.
278 608 302 632 ι,
316 608 351 632 4,
363 604 400 631 17.
473 594 569 629 Super-l.
609 593 683 619 Vnus
704 591 824 618 omnium
838 584 1028 624 loquacissiriius
1042 589 1067 610 et
1080 592 1128 609 ini-
1193 582 1261 608 Gall.
1275 587 1304 614 8,
1324 590 1340 614 9
1372 581 1441 606 ΗΜ(
1461 580 1579 615 (castra)
1600 581 1708 613 imperat
1723 582 1792 609 vallo
1811 589 1867 613 x,11
1884 581 1980 617 pedum
1993 580 2093 607 inuniri
2103 600 2111 612 ,
2129 579 2247 605 coronis-

76 637 148 663 nime
162 644 236 671 aptus
249 635 280 662 ad
295 632 442 661 docendum
462 631 518 657 Cic.
532 629 624 660 Att.8‚
637 637 664 661 4.
1194 626 1245 651 que
1266 626 1315 651 pro
1341 616 1387 642 hac
1406 616 1510 642 ratione
1530 615 1585 641 eius
1603 616 1748 642 altitudinis
1775 617 1952 651 inaedificari,
1984 617 2075 642 fotiani
2099 615 2247 649 duplicem,

88 692 91 693 γ
114 679 157 698 Lo
177 667 355 697 ›vspxcxiLv
365 674 394 700 s,
418 676 450 699 a,
476 675 531 692 um.
567 664 626 691 Adi.
663 662 811 697 [λαλίσκσς]
847 659 950 685 Lucret.
965 663 999 689 4,
1014 659 1063 688 1158
1096 655 1129 681 At
1193 652 1289 686 pedum
1304 650 1415 686 quinsun
1430 649 1527 677 densim
1541 650 1665 676 lateribus
1678 651 1785 677 dirceus
1798 653 1929 687 deprimi,
1949 660 2034 680 turres
2056 650 2159 677 crebras
2181 649 2248 676 exci-

78 709 187 743 flagrans
199 705 306 737 odiosa,
324 703 479 738 loquacula,
504 707 551 727 etc.
1194 688 1245 714 tari
1258 688 1286 714 in
1298 687 1465 713 altitudinem
1479 686 1561 712 trium
1574 685 1752 712 tabulatorum
1766 688 1889 720 pontibus
1904 688 2036 720 traiectis,
2061 686 2249 720 constratisque

114 739 402 781 LOQVAchAs,
425 738 484 765 fitis.
516 735 535 763 f.
574 736 724 770 [Abnasqiffi
743 728 862 767 ᾰωιηῐα]
900 727 986 767 ῥ’ςηΙηι
999 733 1023 754 et
1037 726 1129 759 inanis,
1150 729 1174 755 ις
1195 723 1339 758 coniungi,
1365 731 1481 756 quorum
1497 721 1599 747 frontes
1619 722 1734 747 viminea
1756 721 1866 748 loricula
1878 724 2044 750 munirentur
2086 729 2114 749 vt
2133 720 2215 748 hostis
2234 728 2250 746 a

77 786 142 805 certe
154 777 232 802 nimiu
243 775 312 810 copia
326 774 450 809 loquendi.
523 772 578 799 Cic.
592 772 644 797 Λα.
658 778 685 805 7,
701 777 722 800 ¹3
742 767 907 803 Loquacitati
922 763 1048 796 ignosces,
1065 769 1131 795 quae
1195 759 1294 793 duplici
1308 764 1536 793 propugnatorum
1554 756 1650 783 ordine
1671 757 1856 791 depelleretur.
2049 742 2060 757 ³

77 821 102 841 et
115 821 156 839 me
169 813 238 839 leuat
249 810 280 837 ad
293 817 319 837 te
333 809 441 846 quidem
454 806 609 835 scribentem
619 827 627 839 ,
646 812 672 831 et
683 802 755 830 elicit
767 805 822 826 tuas
836 798 933 824 literas.
969 799 1039 823 ΛΑΜ.
1060 798 1092 822 ib.
1106 798 1132 829 6,
1232 802 1248 821 L
1258 801 1276 821 O
1287 801 1305 820 R
1314 795 1326 819 1‘
1338 799 1355 820 C
1367 800 1386 819 O
1395 814 1403 826 ,
1421 798 1474 819 Iure.
1513 793 1671 826 [Βωρκκέζω]
1709 793 1819 818 Loricam
1833 792 1960 824 inducere,
1975 793 1998 826 s.
2012 793 2104 818 corium
2115 802 2145 818 ex
2158 799 2250 826 quarta

77 859 99 882 4·
136 847 207 876 idem
222 847 253 873 de
268 847 342 873 Orat.
359 856 383 879 i,
400 853 443 877 105
470 843 604 870 Gerendus
617 841 652 867 est
665 837 715 865 tibi
728 843 786 876 mos
805 832 1013 874 adolescentibus
1031 832 1133 865 Crasse,
1196 831 1302 856 nominis
1313 829 1506 864 Jissqni'flrntionc.
1578 828 1643 854 Plin.
1658 836 1686 860 ²5,
1706 835 1740 860 ²4
1756 827 1779 862 s,
1799 834 1838 859 30,
1870 827 1898 851 Ae
1915 826 2080 861 ichneumone,
2108 828 2206 862 Mei-git
2226 828 2251 853 se

76 884 122 919 qui
137 892 190 910 non
205 882 298 909 Graeci
312 882 423 907 alieuius
435 879 616 915 quotidianam
634 876 819 907 loquacitatem
838 871 890 909 sine
909 869 954 895 vsu
965 888 972 901 ,
999 877 1083 903 neque
1101 875 1133 893 ex
1196 866 1263 892 limo
1276 866 1375 900 saepius
1385 885 1393 897 ,
1411 864 1536 899 siccatque
1550 863 1612 890 sole.
1661 864 1735 890 ·M0,x¹
1749 863 1794 890 vbi
1807 860 1927 897 pluribus
1942 862 2034 888 eodem
2046 863 2250 891 modostcoriis

75 919 171 946 scholis
190 918 346 945 cantilenam
366 916 523 951 requirunt,
555 912 717 937 conterrere
740 907 926 946 loquacitatem
952 904 1043 937 vultu,
1076 904 1131 929 vid.
1150 907 1183 926 20
1197 901 1338 936 loric-nuit,
1364 901 1392 927 in
1411 899 1609 926 dimicationem
1628 899 1722 934 pergit.
1785 900 1826 924 Sic
1844 897 1934 924 Solum
1953 903 1976 922 et
1995 898 2107 925 Parietes
2124 899 2252 930 loricare,

76 960 329 981 CONTERREO.
392 951 516 979 inhibere
540 944 728 980 loquacitatem
751 940 924 969 immodicam
948 940 1018 967 Ptin.
1037 944 1084 974 28,
1109 944 1132 969 8.
1196 937 1214 964 i.
1236 939 1308 963 Cidce
1319 938 1435 963 obducere
1455 936 1532 962 Varr.
1549 936 1578 962 R.
1592 936 1622 961 R.
1638 944 1657 967 1,
1672 943 1711 969 57.

77 991 127 1017 Pro
139 990 265 1017 facundia
278 989 359 1023 posuit
378 987 466 1015 Sidon.
479 985 566 1011 Carin.
581 989 610 1014 14
1237 979 1254 998 L
1265 979 1284 999 o
1293 979 1312 998 R
1322 979 1331 998 i
1343 978 1360 998 c
1370 973 1393 998 Ᾱ
1404 977 1425 998 Τ
1437 978 1458 997 v
1468 978 1480 996 s
1489 991 1497 1003 ‚
1509 979 1596 1004 a‚uui.
1609 971 1701 997 Pax-tic.
1718 970 1865 1004 [θωρακωτόν
1878 966 1991 1001 ἄγημα]
2011 968 2151 1001 [iu-23¹9
2165 969 2253 995 Statua

276 1025 323 1051 Eia
343 1023 462 1054 Calliope
472 1041 480 1054 ,
506 1015 728 1056 nitente-palma,
981 1046 983 1048 q
1198 1008 1255 1034 eius
1268 1007 1370 1047 indicio
1384 1007 1437 1032 fuit
1455 1006 1589 1033 Praeneste
1610 1007 1637 1032 in
1652 1006 1714 1032 foro
1728 1005 1836 1038 llatuta,
1856 1004 1981 1035 loricata,
2004 1004 2100 1029 amicla
2117 1011 2191 1037 toga,
2210 1014 2254 1031 vc.

233 1071 236 1075 ·
275 1061 314 1087 Da
331 1057 395 1085 sacri
415 1055 498 1081 laticis
518 1053 719 1087 loquacitatem,
1199 1044 1252 1070 lato
1268 1049 1369 1077 capite,
1386 1049 1431 1068 cte.
1507 1042 1566 1068 Liu.
1581 1050 1623 1074 35,
1642 1048 1684 1074 48.
1696 1048 1737 1076 pr.
1775 1040 1871 1066 Partim
1888 1039 2028 1071 loricatOS,
2046 1048 2112 1073 quos
2125 1039 2255 1073 cataphra-

275 1096 360 1127 Qiem
380 1091 450 1119 fodit
471 1089 535 1125 pede
560 1088 665 1122 Pegasus
686 1085 796 1112 volanti.
1153 1085 1184 1111 25
1200 1079 1257 1106 &os
1270 1087 1375 1111 vocant,
1383 1078 1479 1112 partim
1492 1078 1589 1111 sagittis
1597 1086 1628 1104 ex
1636 1086 1706 1112 equo
1715 1081 1825 1102 vterites.
1864 1075 1935 1108 wa.
1950 1075 2020 1101 l-lirt.
2035 1074 2065 1101 de
2075 1075 2182 1108 inlisi).
2198 1084 2255 1107 c.4.

113 1139 157 1159 Lo
167 1128 389 1168 QVAci‘TszR.
426 1126 494 1153 Adu.
532 1124 708 1159 [πολυλόγως]
745 1122 801 1148 Cic.
816 1129 866 1155 pro
881 1120 1003 1146 Muraen.
1020 1119 1053 1143 26
1073 1126 1094 1143 c.
1109 1124 1136 1143 ιιι,
1238 1122 1253 1141 L
1264 1120 1384 1141 ORICA
1394 1120 1416 1140 'r
1428 1120 1465 1140 10
1479 1134 1488 1146 ,
1508 1113 1577 1140 onis.
1603 1113 1623 1139 f.
1661 1113 1754 1145 Aflus,
1773 1121 1817 1145 quo
1829 1111 1907 1136 lorica
1921 1110 1964 1145 scu
1985 1109 2127 1146 incrtgllatio
2145 1111 2255 1144 a.·.¹iJ1‘cio

78 1168 151 1202 Quid
162 1161 224 1194 huic
243 1172 295 1192 tani
312 1163 458 1204 loquaciter
476 1161 594 1202 litigioso
615 1157 785 1198 responderet
804 1156 866 1189 ille,
891 1155 961 1195 vnde
981 1153 1135 1188 petebatur,
1200 1151 1337 1191 indfzcitfar.
1394 1149 1502 1176 Vitruu.
1517 1157 1550 1183 7,
1568 1158 1577 1175 1
1604 1148 1735 1175 Coasi'atio
1757 1147 1836 1174 clauis
1856 1145 1906 1172 fixa
1923 1145 2044 1179 praebeat
2063 1145 2256 1180 contignationi

77 1213 132 1231 non
144 1201 264 1230 habebat.
322 1199 457 1227 Scribetui·
469 1197 519 1224 tibi
532 1197 620 1222 forma
635 1195 782 1229 loquaciter
814 1192 882 1218 Hor.
903 1190 980 1225 Epist.
999 1198 1024 1222 1,
1044 1190 1087 1221 16,
1107 1196 1135 1222 4.
1199 1187 1396 1213 loricationem.
1452 1185 1526 1219 Conf.
1546 1185 1563 1210 l.
1577 1192 1621 1219 79.
1635 1184 1679 1210 fin.
1693 1183 1721 1209 ff.
1735 1182 1767 1209 de
1780 1181 1861 1208 Verb.
1875 1181 1961 1216 signif.
1984 1182 2026 1207 vbi
2040 1179 2258 1212 incrustationes,

78 1239 148 1267 Dum
163 1237 313 1273 Loquacius
327 1245 376 1263 vos
388 1235 473 1269 fatigo
493 1232 603 1260 Paullin.
616 1230 680 1258 Nol.
694 1228 771 1263 Epist.
785 1236 825 1260 39.
837 1229 873 1253 all
884 1228 993 1262 Aprum.
1011 1234 1032 1251 c.
1042 1229 1065 1255 8.
1200 1221 1387 1254 loricationes,
1407 1220 1527 1255 pichirae
1543 1223 1580 1246 acl
1590 1219 1771 1253 voluptuarias
1785 1217 1913 1252 impensas
1926 1217 2081 1251 referuntur.

114 1281 131 1301 L
139 1281 159 1301 Ο
168 1280 218 1314 QV
227 1280 248 1300 A
257 1279 275 1300 C
286 1270 355 1299 s'ro
364 1292 372 1304 ,
392 1276 445 1297 t'ire.
481 1268 596 1295 Garrire.
634 1268 700 1300 apud
714 1265 841 1305 ῌίετοη..
1153 1265 1185 1289 30
1237 1265 1253 1285 L
1264 1263 1284 1284 0
1295 1264 1314 1283 R
1325 1264 1334 1283 1
1347 1263 1364 1283 C
1372 1264 1395 1297 υΑ
1404 1263 1423 1282 R
1434 1263 1442 1281 1
1452 1263 1471 1282 v
1481 1262 1493 1282 s
1508 1276 1516 1288 ,
1537 1256 1555 1282 i.
1576 1264 1612 1281 in.
1649 1255 1727 1288 Closs.
1742 1254 1791 1285 Gr.
1803 1253 1859 1279 Lat.
1872 1256 2020 1286 Βομκεποιὸς
2029 1272 2037 1285 ,
2058 1251 2205 1278 loricarius.

117 1317 135 1336 L
146 1316 165 1336 ο
175 1316 225 1336 ov
235 1310 277 1336 ΕΙ,
287 1315 308 1335 A
318 1328 326 1341 ‚
345 1316 383 1333 ae.
405 1306 424 1338 f.
462 1306 553 1340 [atam
567 1303 668 1342 aazia]
694 1301 751 1327 Cic.
766 1299 798 1326 de
813 1299 870 1326 Fiii.
885 1306 912 1331 4,
927 1299 958 1328 68
977 1300 1037 1329 c.'25
1057 1296 1094 1322 Ex
1107 1303 1137 1323 ea
1238 1300 1330 1321 LORI
1340 1299 1356 1319 C
1367 1300 1378 1318 1
1389 1298 1474 1325 FER,
1493 1293 1538 1318 era
1548 1312 1555 1324 ,
1573 1293 1657 1317 eruin.
1678 1289 1737 1316 Adi.
1755 1289 1852 1315 Eadcin
1867 1288 1946 1315 Glosl'.
1957 1285 2258 1320 Doezmoeaqaedorieifcr.

79 1336 232 1373 difficultate
245 1344 304 1371 illae
318 1342 417 1370 fallacis
431 1341 568 1377 loquelae,
595 1345 624 1364 vt
645 1343 682 1364 ait
701 1336 812 1368 Accius,
842 1333 959 1361 malitiae
978 1339 1052 1359 natae
1070 1332 1138 1358 sunt.
1239 1326 1406 1356 LORfPES
1421 1348 1429 1361 ,
1453 1328 1517 1354 edis.
1556 1327 1725 1361 [inmense]
1762 1326 1816 1361 Qi
1830 1329 1917 1359 pedem
1937 1325 1963 1349 in
1981 1325 2074 1348 mudum
2095 1323 2146 1348 lori
2171 1328 2262 1347 tortum

80 1383 208 1418 Qaetlam
227 1379 381 1416 exemplaria
400 1379 486 1413 legunt
506 1375 618 1413 ,Fallaci
639 1372 806 1408 loquenti-ie:
845 1369 920 1402 etsie
938 1368 1012 1395 Non.
1026 1376 1057 1401 2,
1082 1375 1138 1400 354.
1203 1365 1281 1391 hahet.
1353 1365 1447 1391 quen.
1467 1364 1516 1390 Sat.
1536 1371 1568 1396 2,
1594 1370 1622 1395 23
1651 1360 1812 1395 Loripcdeni
1833 1359 1920 1386 reatus
1942 1353 2077 1391 derideat,
2103 1357 2262 1391 Aethiopem

79 1420 123 1444 Al.
137 1418 183 1452 leg.
196 1415 386 1450 fallaciloquae.
458 1411 554 1440 Blanda
566 1416 643 1445 atque
656 1408 770 1435 infr-aeta
782 1405 893 1433 nutricis
911 1404 1018 1439 loquela
1033 1404 1137 1430 Lucret.
1203 1401 1286 1427 albus.
1360 1401 1441 1428 Plaut.
1455 1399 1562 1426 Poenul.
1575 1407 1604 1432 3,
1618 1408 1638 1431 i,
1651 1405 1668 1432 7
1695 1395 1885 1431 Nequidquam
1900 1395 1949 1421 hos
1964 1401 2088 1429 patronos
2102 1393 2171 1419 mihi
2184 1391 2264 1426 elegi,

79 1460 111 1486 ς,
135 1461 183 1485 ²3¹-
263 1449 441 1478 Commodare
466 1447 600 1483 loquelam
614 1466 623 1479 ,
659 1445 713 1470 vid.
738 1446 943 1470 COMMODO.
1017 1439 1139 1466 Fundere
1158 1441 1185 1467 33
1202 1435 1335 1471 loripedes
1348 1456 1357 1469 ,
1388 1434 1550 1461 tardiffimos.
1618 1434 1676 1460 Nee
1700 1433 1892 1459 Praetextatum
1911 1436 1999 1466 rapuit
2019 1430 2094 1456 Nero
2116 1427 2263 1463 loripedem

79 1489 170 1515 suaues
183 1497 214 1515 ex
227 1496 274 1514 ore
288 1486 404 1521 loquelas
425 1486 532 1512 Lucret.
547 1491 572 1515 1,
585 1490 632 1514 40.
670 1481 740 1506 Add.
754 1478 829 1514 Vii'g.
843 1478 907 1504 Aen.
921 1483 944 1509 5,
957 1480 1016 1509 842.
1071 1475 1139 1510 Gaii-
1202 1473 1294 1499 quen.
1310 1472 1360 1498 Sat.
1373 1480 1416 1504 10,
1435 1477 1492 1503 308.

81 1523 125 1551 det
139 1525 227 1551 Venus
240 1522 350 1550 verbosa
369 1521 473 1557 loquela
496 1518 580 1546 Catul.
593 1518 621 1544 in
635 1515 805 1547 Camertum,
826 1521 851 1546 53
872 1513 944 1546 (56)
964 1520 1005 1544 30.
1241 1509 1394 1539 L6RVM,
1415 1507 1434 1532 i.
1454 1516 1480 1533 n.
1518 1507 1605 1539 [ipah
1623 1504 1704 1539 βοεῦς,
1722 1502 1811 1539 sutile]
1850 1504 1946 1529 Graeca
1958 1502 2046 1534 diffido,
2067 1501 2156 1533 Λῶρογ,
2177 1500 2264 1526 Latine

117 1566 160 1587 LO
199 1567 217 1584 v
229 1564 386 1591 ELARIS,
406 1566 428 1584 e.
466 1555 556 1583 isidor.
571 1563 594 1585 1,
614 1561 640 1579 12
667 1549 874 1586 Praepositioiies
887 1547 1034 1582 loquelares
1048 1545 1139 1572 dicun·
1205 1544 1322 1577 Corrigia
1345 1543 1446 1568 dicitur.
1498 1543 1572 1576 Saepe
1587 1543 1692 1577 ponitur
1709 1547 1753 1575 pro
1775 1539 1884 1566 habenis.
1920 1546 1946 1564 v.
1960 1547 1989 1572 g.
2045 1535 2126 1563 Ouid.
2146 1536 2210 1562 Met.
2231 1543 2263 1568 2,

82 1601 143 1630 tur,
164 1596 226 1631 quia
240 1593 366 1630 loquelis,
387 1592 414 1619 id
428 1592 463 1618 est
476 1590 564 1618 vei-bis
577 1590 679 1624 semper
693 1586 849 1618 cohaerent,
871 1592 918 1610 nec
939 1582 1040 1617 aliquid
1053 1582 1141 1608 valent
1206 1588 1243 1612 εις
1265 1579 1341 1606 Colla
1355 1579 1420 1613 iugo
1432 1583 1590 1612 erumpunt,
1610 1576 1771 1611 abruptaque
1785 1576 1842 1602 lora
1861 1573 2024 1608 relinquunt.
2061 1573 2103 1598 Al.
2115 1571 2267 1598 Excutiunt.

81 1631 152 1659 fotae
164 1630 270 1667 positae.
307 1629 380 1664 Conf.
395 1628 459 1655 Fest.
471 1629 499 1655 in
512 1627 571 1654 Am.
587 1625 646 1652 Val.
662 1623 765 1651 Probus
779 1622 796 1649 l.
812 1630 822 1648 1
841 1630 865 1655 p.
875 1626 946 1653 1427.
1163 1622 1199 1648 40
1207 1615 1346 1642 fluitantia
1367 1615 1425 1641 lora
1452 1613 1532 1640 Ouid.
1546 1613 1578 1639 de
1591 1614 1654 1639 Arte
1668 1613 1726 1638 Ani.
1743 1620 1773 1643 2,
1787 1619 1841 1642 433.
1873 1610 1891 1635 i.
1916 1610 1999 1635 Laxae
2011 1615 2035 1633 et
2043 1607 2139 1641 solutae
2152 1608 2265 1632 habenae.

1207 1651 1298 1678 Rubra
1317 1649 1413 1676 Catull.
1427 1649 1459 1676 ad
1482 1651 1581 1675 Varum
1594 1657 1640 1680 20,
1652 1655 1677 1681 7.
1749 1647 1825 1680 Virg.
1840 1647 1905 1671 Aen.
1919 1652 1942 1676 5,
1963 1646 2009 1676 146
2035 1643 2091 1669 Nee
2106 1642 2136 1667 tie
2151 1640 2267 1667 immissis

479 1691 504 1722 L
593 1688 622 1719 O
711 1687 739 1717 R
798 1695 802 1697 ’
1207 1688 1315 1721 aurigae
1333 1685 1459 1712 vndantia
1477 1685 1536 1711 lora
1555 1683 1713 1710 Concuffere
1730 1681 1814 1715 iugis,
1851 1682 1875 1706 h.
1897 1689 1918 1706 e.
1955 1679 2032 1704 Valde
2052 1676 2132 1713 effusa
2155 1685 2178 1702 et
2197 1677 2267 1702 laxa.

120 1745 221 1767 LORA
231 1760 239 1772 ,
259 1739 303 1764 vel
315 1744 331 1764 L
342 1744 438 1767 VRA,
456 1745 495 1764 ae.
514 1735 534 1761 f.
577 1735 637 1760 Vter
650 1731 691 1768 ψ.
739 1730 871 1757 Ausonius
886 1727 972 1760 Odyss.
986 1725 1106 1754 Perioch.
1116 1733 1143 1752 10
1209 1723 1328 1749 Concute
1342 1722 1399 1748 lora
1414 1728 1460 1755 per
1471 1720 1588 1746 admissas
1607 1718 1687 1744 iubas¹
1710 1716 1791 1744 Ouid.
1810 1718 1903 1743 Amor.
1921 1722 1954 1747 2,
1973 1716 2016 1746 16,
2034 1722 2080 1746 4¹)-
2153 1710 2270 1745 Corripe

81 1775 205 1809 Sociique
218 1775 274 1801 eius
286 1782 349 1808 opes
361 1772 461 1807 aliquas
473 1772 500 1798 in
514 1771 571 1798 lora
585 1769 634 1795 esse
647 1767 833 1797 existimantes.
889 1766 946 1801 Qu
955 1764 1028 1789 verbo
1041 1763 1142 1797 quidam
1209 1759 1266 1785 lora
1280 1767 1359 1784 manu
1380 1755 1461 1784 Ouid.
1477 1756 1541 1782 Met.
1556 1764 1581 1787 2,
1593 1761 1645 1787 145.
1719 1753 1795 1786 Virg.
1809 1752 1908 1785 Georg.
1922 1759 1950 1783 3,
1965 1756 2012 1783 107
2040 1748 2084 1775 llli
2101 1747 2195 1774 instant
2212 1755 2270 1774 ver·

81 1811 183 1847 offensi,
211 1812 240 1838 In
254 1811 340 1836 scorto
349 1829 358 1841 ,
379 1807 534 1845 subiiciunt.-
564 1805 612 1841 secl
622 1805 685 1830 hanc
697 1803 828 1829 (simonem
842 1801 999 1826 retinmdam
1018 1799 1063 1835 eff&
1081 1799 1144 1824 Tur-
1159 1801 1193 1827 43
1210 1794 1272 1821 bere
1286 1801 1358 1820 torto
1370 1813 1378 1826 ,
1399 1793 1430 1818 Et
1450 1792 1530 1826 proni
1544 1790 1605 1817 dant
1618 1791 1689 1816 lora:
1724 1789 1797 1814 volat
1809 1787 1835 1813 vi
1848 1786 1968 1814 feruidus
1980 1785 2044 1811 axis.
2116 1783 2192 1817 Virg.
2206 1783 2270 1809 Aen.

81 1844 157 1872 nebus
167 1847 256 1882 probat
270 1854 314 1878 10,
334 1853 363 1871 ιι.
418 1847 458 1870 Ac
471 1843 572 1869 videtur
586 1839 633 1876 issa
647 1840 717 1866 Lora
729 1848 782 1864 cum
796 1838 857 1864 loro
871 1844 893 1863 et
912 1836 978 1862 loris
997 1836 1085 1861 habere
1098 1833 1145 1859 ali·
1210 1840 1237 1864 1,
1257 1836 1303 1863 481
1334 1829 1429 1856 Fertur
1448 1827 1540 1861 equis,
1567 1834 1700 1860 curruque
1719 1824 1809 1850 haeret
1832 1822 1969 1858 resupinus
1993 1820 2066 1847 inani
2090 1820 2161 1846 Lora
2180 1825 2270 1844 tenens

81 1891 156 1918 quum
170 1881 351 1917 cognationem,
376 1880 440 1905 corii
451 1885 545 1914 nempe,
564 1878 630 1903 vnde
647 1875 851 1910 utruquefimit,
878 1880 953 1906 atque
975 1869 1146 1906 appellationis
1210 1873 1306 1893 tamen.
1477 1861 1497 1901 q
1519 1872 1531 1888 2
1569 1863 1687 1893 Lornm,
1725 1861 1892 1896 Qodcunque
1916 1857 2007 1883 corium
2036 1856 2063 1881 in
2092 1855 2271 1890 longitudinem

75 1918 133 1955 sola
149 1917 323 1944 terminatione
336 1916 365 1942 di
384 1916 459 1941 antis.
515 1913 556 1940 Sic
569 1914 662 1940 quen.
682 1920 710 1942 5,
731 1912 772 1943 163
796 1909 867 1936 Bulla
887 1908 931 1935 ilia
943 1907 1041 1943 scortea
1057 1913 1145 1941 puero-
1204 1902 1306 1938 seman.
1363 1901 1432 1927 Hor.
1442 1901 1531 1927 Carni.
1546 1907 1568 1931 ς,
1582 1905 1604 1931 5,
1617 1905 1644 1930 35
1675 1896 1754 1923 Sensit
1769 1896 1826 1922 lora
1839 1893 1966 1921 restriffiis
1979 1891 2091 1919 lacertis.
2165 1889 2233 1916 Geli.
2247 1896 2271 1922 5,

81 1964 137 1982 rum
149 1960 253 1980 vocatur
265 1951 366 1988 signum
380 1951 411 1978 de
431 1958 545 1986 paupere
560 1950 631 1977 loro.
1210 1947 1240 1972 14
1262 1936 1367 1970 Postea,
1387 1936 1489 1970 inquit,
1508 1934 1665 1960 videbamus
1685 1931 1846 1958 Androclum
1860 1936 1886 1956 et
1903 1930 2009 1956 leonem
2022 1929 2082 1954 loro
2095 1926 2169 1953 tenui
2185 1925 2273 1952 reuin-

118 1987 220 2018 L6RA
234 2008 244 2022 ,
263 1997 302 2015 ae.
330 1988 346 2014 f
386 1988 520 2021 [δευτεςίας
536 1983 611 2020 οἶνος]
653 1984 741 2010 Vinum
755 1981 941 2018 secundarium.
961 1979 1049 2004 Varro
1064 1975 1096 2002 de
1113 1975 1144 2001 R.
1162 1981 1194 2007 50
1211 1974 1292 2000 cium.
1366 1972 1423 1998 Cic.
1442 1971 1473 1997 de
1492 1971 1584 2003 Arusp.
1607 1969 1682 2001 Resp.
1697 1976 1726 1998 23
1758 1968 1825 1992 Puer
1843 1965 1889 1990 ille
1907 1964 2035 1998 patrimus
2053 1969 2079 1988 et
2097 1961 2235 1987 matrimus
2252 1959 2271 1985 ss

82 2027 115 2054 R.
129 2035 157 2059 1,
176 2032 225 2058 54,
244 2032 256 2057 3
288 2025 380 2057 Qum
398 2022 471 2049 desiit
491 2021 538 2048 sub
556 2025 631 2056 prelo
653 2020 750 2050 fluere,
773 2016 882 2052 quidam
896 2012 1090 2041 circumcidunt
1105 2019 1146 2036 ex-
1212 2016 1310 2035 terrani
1323 2006 1481 2035 nontenuit,
1501 2010 1545 2028 aut
1557 2004 1683 2032 the-usam,
1697 2001 1836 2025 autlorum
1850 1998 1945 2024 omisit.
1989 1996 2108 2022 Ouidde
2116 1998 2178 2022 Arte
2186 1997 2273 2026 Ama,

82 2067 184 2095 trema,
203 2066 229 2087 et
242 2061 331 2087 rursus
345 2064 485 2094 premunt:
513 2063 539 2083 et
552 2057 657 2087 rursus,
679 2051 941 2088 quunirexpress‘um,
960 2045 1145 2081 circumcisum
1174 2046 1175 2049 ’
1211 2050 1241 2072 41
1267 2042 1338 2065 Dum
1350 2040 1422 2068 licet,
1442 2043 1467 2062 et
1481 2037 1546 2062 loris
1559 2035 1645 2070 passim
1658 2041 1732 2069 potes
1747 2034 1786 2060 ire
1800 2033 1905 2066 solutis,
1920 2032 1992 2067 Elige
2007 2032 2049 2058 cui
2064 2031 2147 2064 dicas,
2161 2037 2189 2057 tu
2203 2028 2272 2056 mihi

83 2097 232 2131 appellant:
269 2104 298 2121 ae
319 2095 453 2125 seorsum,
480 2091 552 2126 quod
573 2089 717 2122 expressum
735 2086 787 2116 est,
808 2087 925 2109 seruant:
963 2079 1036 2113 quod
1058 2079 1144 2109 resipit
1212 2074 1266 2100 sola
1281 2074 1372 2108 places.
1411 2073 1490 2104 Lora,
1503 2072 1635 2105 Corrigiae
1648 2071 1734 2105 quibus
1747 2070 1818 2094 noxii
1835 2070 2009 2095 caedebantur.
2048 2067 2181 2093 Donatus:
2201 2066 2272 2092 Lora

82 2132 205 2164 ferrum,
225 2129 331 2163 expreffi
342 2129 481 2154 acinorum
493 2123 624 2155 folliculi,
646 2122 674 2147 in
688 2120 759 2146 dolia
774 2117 964 2146 coniiciuntur,
985 2121 1070 2147 eoque
1077 2119 1144 2145 aqua
1213 2109 1282 2144 apud
1291 2117 1392 2135 veteres
1401 2109 1485 2134 Laura
1504 2106 1669 2139 dicebantur,
1686 2106 1779 2132 alaura
1794 2104 2006 2138 triumphorum,
2023 2102 2069 2130 sub
2083 2111 2132 2137 qua
2145 2107 2273 2128 mosei-at

84 2167 212 2194 additur:
249 2173 280 2191 ea
297 2169 408 2190 vocatur
425 2162 500 2193 lora,
528 2158 600 2193 quod
621 2159 675 2184 lota
693 2155 783 2186 acina,
815 2161 843 2178 ac
863 2159 912 2185 pro
932 2150 998 2176 viiio
1015 2147 1145 2181 operariis
1165 2151 1194 2177 55
1211 2145 1328 2179 captiuos
1341 2144 1457 2176 vinciri,
1485 2143 1598 2176 ducique
1618 2151 1664 2176 per
1682 2148 1814 2175 pompam.
1871 2139 1935 2165 Ideo
1955 2144 2043 2164 autem
2061 2144 2089 2164 vt
2109 2136 2272 2163 conditionis

85 2202 163 2229 datur
183 2200 280 2228 hieme.
337 2200 405 2225 Atlzl.
428 2195 560 2222 Columel.
576 2201 619 2224 12,
638 2200 685 2223 40.
758 2188 824 2214 Plin.
837 2194 884 2218 14,
906 2194 933 2210 ιο
965 2184 1030 2210 Νοιι
1044 2182 1147 2216 possunt
1212 2181 1433 2211 reminiscantur,
1453 2178 1519 2204 loris
1538 2176 1691 2203 caeduntur.
1765 2173 1846 2201 Plaut.
1865 2173 1941 2208 Epid.
1961 2180 1990 2205 5,
2010 2181 2037 2205 1,
2054 2174 2071 2198 6
2100 2171 2274 2207 Periphanem

60 2260 65 2262 .
83 2239 144 2265 iure
163 2234 216 2262 dici
234 2235 313 2268 vina,
339 2240 405 2267 quae
423 2229 519 2257 Graeci
536 2226 666 2254 deuterias
684 2223 830 2259 appellant,
856 2221 924 2247 Cato
937 2225 962 2246 ct
982 2227 1030 2245 nos
1046 2219 1146 2250 loram,
1211 2225 1301 2242 emere
1314 2216 1371 2241 lora
1385 2214 1457 2240 vidit
1485 2212 1574 2238 aderat
1589 2211 1628 2236 ibi
1640 2218 1691 2236 vna
1705 2209 1866 2244 Apoecides:
1920 2208 2001 2235 iTer.
2017 2207 2126 2242 Adelph.
2146 2216 2178 2239 2,
2197 2216 2224 2239 1,
2243 2212 2274 2236 28

84 2271 222 2301 maceratis
233 2278 300 2305 aqua
313 2267 437 2295 vinaceis.
492 2263 540 2291 Sed
560 2270 647 2290 tamen
661 2261 732 2287 inter
750 2259 812 2285 vina
827 2256 950 2292 operaria
964 2260 1147 2280 numerantur.
1212 2251 1284 2277 Nam
1299 2250 1317 2276 ti
1330 2249 1453 2276 molestus
1466 2246 1553 2281 pergis
1567 2246 1633 2278 esse,
1657 2245 1710 2271 iarn
1732 2246 1805 2271 intro
1825 2244 1971 2279 arripiere,
1996 2249 2074 2278 atque
2088 2243 2128 2269 ibi
2149 2243 2228 2278 vsque
2241 2241 2275 2268 ad

85 2309 160 2336 Tria
172 2315 272 2341 ,eorum
290 2312 402 2339 genera:
440 2300 540 2328 decima
562 2304 635 2334 parte
653 2305 735 2332 aquae
754 2294 842 2320 addita
856 2300 922 2326 quae
940 2289 1019 2316 musti
1034 2287 1148 2326 expressa
1213 2294 1304 2312 necem
1317 2285 1440 2320 operiere
1454 2283 1530 2309 loriS.
1558 2289 1581 2308 S-
1602 2281 1667 2308 loris
1681 2280 1768 2307 iiberz
1826 2280 1942 2306 Caedere
1961 2279 2026 2306 loris
2053 2280 2110 2306 Cic.
2132 2277 2226 2313 Philip.
2245 2283 2276 2310 8,

86 2345 133 2377 fit,
152 2348 179 2371 et
192 2343 237 2369 illa
252 2341 331 2368 noete
344 2345 370 2366 et
382 2339 425 2365 die
437 2334 592 2363 madefaetis
603 2332 736 2363 vinaceis,
761 2330 902 2362 rursusque
921 2325 996 2361 prelo
1015 2322 1149 2350 subieetis.
1163 2324 1198 2349 60
1214 2330 1249 2354 24
1271 2331 1292 2347 c.
1302 2326 1323 2351 8.
1341 2328 1365 2346 et
1377 2321 1465 2353 13‚=26.
1502 2319 1557 2345 vid.
1579 2323 1718 2344 CAEDO.
1791 2316 1898 2343 Variari
1916 2315 1998 2347 loris,
2035 2316 2088 2341 vid.
2112 2321 2193 2341 VAR
2204 2320 2275 2340 ivs.

86 2381 208 2407 Alterum
221 2375 359 2413 quomodo
372 2374 466 2401 Graeci
480 2372 652 2401 faiftitauere,
671 2368 749 2394 tertia
764 2371 837 2400 parte
849 2364 905 2390 eius
918 2361 991 2397 quod
1003 2359 1148 2399 expressum
1213 2356 1374 2392 Hor.=Epist.
1389 2365 1407 2386 1,
1422 2357 1465 2388 16,
1479 2363 1515 2389 47
1541 2354 1598 2380 Nec
1612 2353 1715 2380 furtum
1728 2351 1798 2385 feci,
1819 2361 1865 2379 nec
1879 2352 1953 2386 fugi,
1976 2350 1994 2377 fi
2007 2350 2075 2377 mihi
2090 2350 2157 2376 dicat
2171 2350 2276 2382 Sei-uus,

87 2416 118 2443 fit
132 2415 220 2441 addita
232 2421 331 2447 aquae,
353 2409 522 2444 expressoque
536 2405 648 2432 decocto
660 2404 693 2430 ad
712 2403 803 2430 tertias
817 2406 910 2435 partes.
963 2397 1095 2423 Tertium
1113 2393 1149 2434 est
1213 2393 1294 2420 habes
1317 2393 1448 2427 pretium,
1482 2390 1547 2417 loris
1566 2398 1621 2416 non
1640 2389 1741 2421 vreris,
1766 2389 1819 2415 aio.
1898 2388 1985 2419 Lora,
2011 2386 2140 2421 Corrigiae
2155 2406 2163 2418 ,
2189 2385 2277 2419 quibus

88 2450 203 2482 faecibus
217 2448 275 2475 vini
288 2445 445 2481 expressum:
484 2442 556 2479 quod
571 2441 701 2468 faecatum
714 2439 781 2465 Cato
795 2436 915 2472 appellat.
972 2432 1050 2460 Nulli
1064 2439 1094 2457 ex
1108 2429 1149 2457 his
1215 2429 1271 2455 [effi
1283 2437 1308 2454 et
1314 2427 1387 2463 sellae
1406 2426 1580 2462 instruuntur,
1603 2425 1679 2460 super
1702 2434 1763 2459 quas
1783 2431 1890 2450 tomenta
1907 2424 1951 2449 vel
1968 2422 2088 2448 culcitrae
2109 2422 2276 2456 imponuntur.

87 2487 146 2523 plus
159 2493 238 2521 quam
248 2492 317 2511 anno
330 2482 398 2509 vsiis.
454 2479 529 2507 Non.
543 2486 581 2513 17,
595 2486 619 2509 13
639 2477 702 2502 citat
714 2475 864 2501 Varronem
878 2471 910 2498 de
924 2470 986 2496 Vita
1001 2468 1149 2502 l’op.Rom.
1214 2465 1363 2497 Martial.2‚
1378 2470 1409 2498 57
1429 2464 1581 2496 Recensque
1589 2460 1799 2495 sellalinteisque
1811 2459 1938 2494 lorisque.
1994 2456 2277 2484 Vomitoriumlorum

87 2522 219 2557 Antiquae
230 2519 355 2546 mulieres
368 2517 483 2543 maiores
497 2520 559 2541 natu
579 2512 706 2540 bibebant
725 2511 827 2542 loram,
853 2514 897 2534 aut
915 2507 1018 2540 sapam,
1044 2509 1088 2529 aut
1108 2501 1149 2527 de·
1166 2503 1198 2533 65
1215 2500 1336 2541 Sei‘ibon.
1363 2506 1416 2529 180.
1495 2498 1545 2525 Per
1569 2497 1658 2524 lorum
1682 2495 1861 2523 vomitorium
1880 2494 1992 2522 reiicere
2011 2494 2045 2520 ib.
2099 2493 2155 2519 Vicl.
2183 2492 2219 2517 ibi
2243 2500 2278 2517 co-

86 2559 189 2586 frutuiii
199 2577 207 2589 ,
219 2562 263 2582 aut
275 2555 372 2590 passum
381 2570 389 2584 ‚
403 2560 481 2588 quam
495 2549 663 2577 niurrhinam
672 2546 777 2582 quidam
791 2545 910 2571 Plautum
922 2541 1054 2576 appellare
1068 2544 1149 2578 putat.
1212 2537 1279 2572 ptose
1300 2537 1416 2562 Rhodius.

127 2602 143 2621 L
154 2598 260 2620 OREA
280 2601 297 2616 a
318 2590 420 2617 Catone
434 2594 537 2613 vocatur
549 2585 580 2612 de
596 2586 627 2612 R.
643 2585 674 2610 R.
694 2593 715 2609 c.
728 2590 758 2616 25
785 2580 908 2608 Indidem
923 2578 940 2604 si
956 2577 1046 2608 voles,
1066 2575 1150 2600 lauito
1253 2578 1375 2598 LORvs
1390 2592 1398 2604 ,
1424 2570 1442 2597 i.
1467 2579 1504 2597 m.
1541 2571 1619 2596 Idem.
1656 2568 1733 2604 Apul.
1747 2568 1811 2594 Met.
1830 2575 1843 2600 3
1863 2576 1888 2602 p.
1902 2571 1936 2601 84
1968 2565 2000 2594 Et
2017 2573 2077 2592 cum
2098 2563 2171 2590 dieto
2188 2562 2278 2590 lorum

88 2629 250 2667 paullulum,
271 2632 297 2653 et
313 2626 387 2652 lorea
401 2624 452 2651 erit
465 2622 600 2654 familiae,
626 2619 697 2656 quod
710 2618 792 2645 bibat.
848 2616 918 2643 Adil.
929 2612 1038 2640 quenal.
1057 2619 1085 2644 5,
1100 2613 1152 2641 165.
1216 2608 1367 2643 quempiam
1389 2607 1444 2633 sinu
1458 2607 1505 2633 suo
1523 2605 1667 2640 depromit.

127 2667 422 2692 LORAMENTVM
433 2680 442 2693 ,
469 2663 689 2691 LonAnivs,
717 2659 884 2685 Lonizvs‚
920 2650 975 2676 vid.
1000 2653 1075 2675 Lot<
1086 2653 1105 2671 v
1116 2652 1151 2672 M.
1252 2649 1473 2675 LORAvas‚
1493 2642 1511 2668 i.
1533 2651 1568 2668 n».
1605 2641 1742 2670 dicebatur,
1755 2635 2166 2676 Qiinsceniciifiibulisparehat
2181 2634 2222 2666 iis,
2235 2632 2278 2668 qui

129 2708 148 2728 L
159 2707 206 2728 OR
216 2701 229 2726 1'
238 2705 257 2725 C
268 2705 306 2733 A,
325 2705 364 2724 ae.
382 2696 402 2723 f.
440 2693 560 2730 [θῶςαξ]
597 2704 612 2719 a
625 2694 702 2722 L07‘o;
729 2691 824 2717 dicitur
833 2687 1017 2715 Munimentum
1030 2682 1152 2722 emporis,
1166 2686 1202 2713 70
1216 2680 1284 2714 (udis
1297 2687 1370 2705 erant
1378 2678 1503 2714 praefefli'
1510 2698 1518 2711 ,
1538 2687 1562 2703 et
1578 2677 1622 2702 vel
1640 2675 1781 2708 vinciebat,
1807 2675 1849 2700 vel
1861 2674 1976 2699 caedebat
1988 2682 2045 2707 quos
2059 2671 2135 2706 iuffies
2154 2676 2208 2695 erat
2221 2670 2278 2694 vin-

90 2737 225 2765 coriai·eum
246 2735 319 2760 initio
340 2732 364 2767 s.
383 2742 395 2757 e
414 2731 484 2758 loris.
552 2729 613 2756 Liu.
634 2735 663 2762 ς,
683 2733 718 2761 38.
739 2733 804 2753 extr.
837 2724 991 2755 Multosque
1012 2720 1152 2753 imperitos
1217 2716 1268 2741 cire
1281 2716 1324 2741 vel
1336 2717 1445 2740 caedere.
1517 2713 1586 2740 Gell.
1601 2721 1649 2744 10,
1669 2721 1689 2743 3.
1703 2719 1769 2737 extr.
1807 2712 1898 2744 ltaque
1919 2708 1941 2735 ii
1959 2707 2133 2743 sequebantur
2147 2704 2277 2738 magistra-

84 2768 188 2806 ⁷nandi‚
207 2776 253 2797 aut
267 2768 400 2796 inualidos
411 2775 502 2802 graues
515 2765 623 2798 loricis,
642 2764 754 2799 aliisque
765 2760 928 2796 tegminibus
942 2756 1051 2784 hausere
1065 2753 1153 2789 gurgi·
1217 2756 1274 2784 tus,
1295 2756 1417 2786 tanquam
1431 2750 1458 2776 in
1473 2749 1578 2775 scenicis
1595 2747 1711 2780 fabulis,
1732 2746 1778 2781 qui
1793 2745 1948 2772 dicebantur
1962 2743 2066 2771 lorarii.
2139 2742 2179 2767 Sir
2197 2740 2277 2766 Plaut-

64 2805 67 2808 ’
90 2815 138 2837 tes.
194 2807 250 2834 Cic.
270 2814 320 2841 pro
334 2804 454 2830 Muraen.
468 2811 498 2833 52
523 2800 691 2829 Dcsceudiin
707 2806 827 2832 campum
842 2805 901 2822 cum
921 2791 1067 2820 firmissimo
1082 2798 1154 2825 prae·
1218 2788 1293 2822 Capt.
1306 2795 1327 2819 1,
1340 2795 1356 2813 2
1382 2785 1509 2813 Lorarius
1518 2784 1623 2820 persana
1638 2783 1685 2819 est,
1703 2783 1746 2816 qui
1760 2782 1857 2808 vincire
1870 2788 1893 2806 et
1906 2780 2032 2815 affiruare
2045 2778 2153 2812 captiuos
2174 2777 2277 2802 iubetur.

91 2845 158 2873 sidio
172 2842 376 2870 foniffimorum
388 2839 529 2870 virorum3
556 2843 582 2864 et
599 2846 659 2863 cum
677 2835 723 2862 illa
741 2834 790 2861 lata
810 2831 958 2866 insignique
977 2828 1078 2859 lorica,
1098 2834 1154 2852 non
1258 2828 1563 2853 LORAMENTVM,
1583 2820 1601 2847 i.
1622 2829 1647 2845 n.
1685 2818 1777 2853 [ἱμὰς]
1815 2817 1993 2851 Ligamentnm.
2030 2814 2120 2841 lustin.
2129 2820 2160 2845 ιι,
2173 2819 2199 2846 7.
2213 2818 2277 2836 extr.

92 2890 159 2916 quae
172 2888 214 2906 me
234 2884 347 2910 tegerem
386 2874 484 2901 etenim
504 2873 616 2900 sciebam
634 2872 777 2898 Catilinam
794 2877 849 2895 non
867 2869 933 2894 latus
953 2871 998 2891 aut
1018 2869 1154 2893 ventrem,
1172 2867 1204 2895 75
1219 2860 1310 2893 Qum
1329 2858 1413 2893 capita
1431 2858 1643 2884 loramentorum
1663 2855 1731 2880 intra
1744 2852 1830 2879 nodos
1848 2850 1999 2878 abscondita
2018 2849 2136 2884 reperire
2149 2856 2203 2874 non
2222 2845 2278 2881 pos-

92 2916 136 2945 sed
155 2920 231 2950 caput
249 2908 274 2940 et
296 2913 394 2939 collum
414 2911 498 2937 solere
516 2916 612 2944 petere.
692 2905 773 2933 Ouid.
794 2905 859 2931 Met.
877 2912 907 2936 3,
928 2904 959 2934 63
990 2899 1154 2932 Loricaeque
1219 2896 1272 2929 set,
1293 2894 1438 2921 violentius
1455 2892 1563 2920 oraculo
1578 2899 1625 2917 rex
1642 2889 1717 2922 vsus,
1743 2888 1832 2924 gladio
1847 2887 1992 2914 lot-amenta
2011 2885 2104 2912 caedit.
2160 2886 2198 2909 De
2217 2882 2276 2906 nodo

92 2951 176 2979 niodo
188 2950 300 2986 squamis
322 2947 460 2981 defensus,
486 2952 511 2972 et
529 2951 600 2971 atrae
621 2943 726 2972 Duritia
738 2941 829 2977 pellis,
849 2937 952 2965 validos
966 2943 1025 2963 cute
1040 2933 1155 2969 reppulit
1222 2931 1312 2957 Gordii
1331 2930 1451 2964 loquitur.
2218 2951 2224 2956 ·

93 2988 171 3016 ienis.
245 2986 347 3012 Aeneae
368 2982 465 3009 loricae
484 2986 510 3008 et
531 2981 618 3015 galeae
643 2980 700 3006 Cic.
714 2979 791 3005 Verr.
811 2985 846 3010 4,
862 2983 907 3010 97.
979 2972 1037 3000 Nec
1056 2968 1156 3004 duplici
1259 2967 1447 2994 LORATVS
1462 2986 1471 2998 ,
1497 2973 1528 2997 a,
1553 2972 1608 2989 uni.
1646 2960 1706 2988 Adi.
1742 2960 1838 2995 Virgil.
1858 2959 1886 2985 in
1904 2958 2012 2985 Moreto
2030 2965 2055 2983 v.
2075 2962 2118 2982 122
2144 2951 2195 2979 Sub
2216 2957 2277 2985 luga

96 3025 201 3059 squama
213 3022 296 3049 lorica
309 3018 406 3047 Fidelis
420 3025 446 3044 et
465 3026 531 3044 auro
545 3017 621 3052 Virg.
639 3016 704 3042 Aen.
724 3023 739 3047 9
749 3034 757 3047 ,
775 3020 839 3047 707.
895 3010 966 3037 Add.
985 3009 1018 3035 ib.
1033 3015 1062 3034 10
1072 3027 1079 3039 ,
1099 3012 1157 3039 435.
1221 3007 1340 3038 parentes
1354 3002 1425 3036 cogit
1440 3001 1523 3027 lorata
1536 2999 1672 3025 iuuencos.
1709 2997 1728 3023 i.
1748 2997 1817 3023 Loris
1831 2995 1926 3020 vint‘la.
2124 3023 2128 3027 .
2213 3021 2219 3025 .
2248 3021 2253 3025 -

96 3060 222 3087 Coiiserta
236 3057 321 3084 hamis
340 3055 417 3089 Virg.
432 3054 496 3080 Aen.
510 3062 534 3085 3,
546 3054 609 3087 467.
682 3051 792 3078 Linteae
804 3049 873 3076 Suet.
888 3046 963 3073 Galb.
976 3053 1020 3077 19,
1046 3043 1112 3082 vica,
1122 3040 1157 3066 ibi
1174 3045 1206 3071 80
1258 3046 1274 3065 L
1284 3045 1330 3064 01³
1340 3044 1385 3063 Ev
1396 3043 1425 3070 s,
1444 3045 1474 3069 a,
1494 3044 1549 3061 um.
1585 3034 1729 3069 [ῑμίιῆινος]
1766 3031 1832 3058 Plin.
1846 3035 1886 3064 18,
1900 3038 1924 3063 3¹
1951 3026 2060 3061 Antiqui
2071 3022 2180 3050 funibus
2194 3027 2277 3047 vittis-

99 3096 214 3122 Tbrrcnt.
233 3100 256 3120 et
277 3091 379 3128 Cnsauh.
423 3090 491 3116 Add.
512 3089 610 3123 Nepot.
630 3096 667 3121 ιι,
687 3096 713 3119 ι,
731 3095 757 3120 4.
832 3084 929 3118 Rigeiis
948 3090 981 3108 ex
995 3088 1056 3106 aere
1079 3079 1156 3111 Virg.
1222 3083 1273 3108 que
1285 3073 1365 3100 loreis
1386 3081 1417 3099 ea
1436 3070 1623 3103 detrahebant,
1647 3076 1675 3096 et
1693 3067 1823 3096 veelibus.
1896 3066 1965 3092 Cato
1985 3072 2006 3088 c.
2020 3070 2046 3094 33
2077 3060 2177 3086 Loreus
2197 3057 2277 3083 funis.

99 3130 162 3157 Aen.
175 3135 204 3163 8,
222 3131 276 3157 621.
348 3126 467 3161 Triplex
483 3133 551 3151 auro
576 3123 652 3158 Virg.
672 3124 736 3149 Aen.
756 3131 783 3154 5,
803 3129 860 3153 259.
934 3115 1079 3144 Ambulare
1097 3122 1157 3140 cuin
1222 3111 1341 3145 Loreuiu
1355 3108 1438 3141 latus,
1462 3107 1517 3134 vid.
1535 3107 1564 3133 in
1580 3111 1717 3133 LATVS.

102 3164 181 3192 lorica
203 3165 260 3192 Cic.
280 3172 329 3200 pro
350 3163 432 3189 Flacc.
450 3169 480 3194 41
505 3169 527 3187 c.
546 3168 584 3195 17.
655 3159 763 3185 Caelare
782 3158 877 3184 loricas
895 3162 976 3189 opere
994 3149 1158 3181 Corinthio,

101 3199 157 3225 vid.
175 3206 278 3228 OPVS.
351 3199 410 3226 Nec
429 3197 501 3224 enim
520 3196 630 3223 loricam
648 3194 732 3221 Poscit
754 3192 863 3219 Achillis
881 3188 1020 3217 Thersites
1039 3185 1158 3214 quenal.
1585 3212 1596 3218 -
1624 3168 1650 3200 L
1724 3167 1753 3198 O
1825 3163 1859 3195 T
1883 3208 1888 3213 ι
1986 3205 1991 3211 .
2064 3203 2069 3210 .
2089 3202 2094 3208 ι
2225 3200 2232 3206 .

102 3242 141 3268 tt,
160 3242 200 3266 30.
275 3236 360 3271 Virg.¹
373 3236 438 3261 Aen.
457 3241 500 3266 12,
519 3238 548 3263 88
580 3233 655 3259 Auro
673 3229 860 3266 squallentem,
884 3226 1000 3260 alboque
1023 3221 1157 3250 orichalco
1178 3226 1207 3254 ες
1259 3220 1419 3246 LO‘TIVM
1432 3238 1441 3251 ,
1460 3217 1478 3244 i.
1499 3225 1524 3244 n.
1561 3216 1653 3251 [figor]
1688 3223 1706 3239 a
1722 3211 1815 3237 nomine
1829 3210 1928 3241 Lotio,
1947 3214 2022 3240 onis,
2041 3204 2151 3229 [Μήνη
2184 3202 2277 3229 Vrina,

103 3270 256 3297 circumdat
272 3271 389 3298 humeris
409 3269 529 3297 loricam.
708 3264 729 3304 ff
755 3273 771 3291 2
807 3263 919 3295 Lorica,
946 3263 1011 3287 Pars
1030 3259 1062 3294 ist
1083 3265 1158 3282 muro-
1222 3264 1239 3282 a
1256 3254 1382 3281 diluendis
1395 3253 1535 3289 corporibus
1547 3252 1586 3284 sic
1601 3251 1676 3275 dieta.
1749 3247 1856 3273 Sueton.
1877 3245 1905 3270 in
1919 3241 2020 3275 Vespas.
2038 3249 2060 3266 c.
2072 3246 2102 3270 23
2129 3235 2277 3275 Reprehen-

104 3315 159 3332 rum
179 3311 204 3330 et
215 3305 409 3340 strut‘lurarum,
435 3315 484 3340 qua
501 3304 557 3330 illae
575 3303 720 3330 muniuntur
733 3311 748 3326 a
761 3299 889 3335 stillicidio
909 3297 1016 3324 Vitruu.
1032 3304 1065 3327 2,
1084 3298 1099 3321 8
1129 3293 1159 3317 de
1224 3291 1297 3317 denti
1310 3290 1368 3317 filio
1387 3289 1475 3322 Tito,
1500 3286 1571 3323 quod
1585 3292 1610 3312 et
1622 3285 1712 3311 vrinae
1731 3281 1842 3315 veCligal
1860 3284 2022 3306 commentus
2039 3275 2115 3306 esset,
2141 3278 2278 3307 pecuniam

104 3340 224 3368 lateritiis
236 3341 383 3375 parietibus,
411 3342 502 3375 Qium
522 3340 594 3367 enim
616 3340 644 3366 in
663 3337 734 3365 teeio
748 3335 850 3369 tegulae
864 3333 964 3361 fuerint
981 3330 1094 3360 fraelex,
1115 3332 1158 3353 aut
1224 3335 1257 3353 ex
1269 3327 1354 3361 prima
1368 3325 1490 3360 pensione
1501 3322 1619 3349 admouit
1633 3320 1664 3346 ad
1678 3327 1763 3351 nares,
1784 3316 1920 3346 sciscitans,
1929 3321 1994 3339 num
2001 3311 2084 3352 odore
2091 3308 2276 3335 offenderetur.

105 3376 190 3404 ventis
205 3374 334 3406 deiefi‘ffle,
356 3387 406 3412 qua
425 3376 499 3412 possit
517 3384 549 3402 ex
568 3374 702 3402 imbribus
716 3381 783 3407 aqua
797 3370 951 3406 perpluere,
977 3376 1031 3394 non
1047 3363 1160 3399 patietur
1225 3364 1258 3389 At
1275 3363 1324 3388 illo
1339 3366 1469 3396 negante,
1494 3357 1591 3392 Atqui,
1619 3355 1723 3390 inquit,
1753 3363 1768 3379 e
1787 3352 1854 3379 lotio
1873 3349 1916 3376 est.
1989 3348 2076 3373 Prima
2089 3344 2183 3379 syllaba
2202 3344 2275 3381 longa

105 3411 190 3441 lorica
210 3410 315 3437 testacea
333 3410 398 3438 laedi
415 3413 539 3445 laterem,
567 3411 610 3438 sed
626 3408 778 3446 proies-hira
797 3414 958 3433 coronarum
971 3402 1073 3430 reiiciet
1086 3405 1159 3425 extra
1176 3409 1210 3436 90
1224 3398 1395 3430 deriuatione,
1414 3404 1438 3422 et
1447 3394 1567 3430 produxit
1580 3392 1696 3419 Catullus
1710 3391 1737 3415 in
1749 3388 1921 3426 boc-Scazome
1934 3391 1982 3424 37,
1994 3391 2034 3422 ²¹.
2049 3381 2108 3421 ljloc
2125 3388 2148 3405 re
2166 3377 2277 3416 amplius

106 3445 325 3484 Perpendiffllum
344 3445 429 3474 stillas.
489 3448 604 3475 Loricam
623 3444 730 3482 appellat
750 3446 899 3470 Coronarum
916 3438 1162 3476 proiec‘luran1,quae
1224 3434 1317 3461 bibisse
1330 3432 1461 3468 praedicet
1475 3427 1534 3458 loti.
1591 3425 1654 3455 Loti
1670 3433 1715 3461 pro
1731 3423 1809 3450 Lorii.
1881 3421 1991 3447 Lotium
2010 3416 2142 3455 difficillus
2161 3411 2276 3439 transibit

101 3485 137 3520 fi'
157 3485 184 3509 ¹³²
199 3481 338 3518 parietibus
356 3480 502 3514 ‘fuscemodh
549 3485 620 3510 Add.
640 3481 678 3509 id.
696 3488 730 3515 7,
749 3489 768 3507 1.
843 3478 884 3504 Sic
905 3476 971 3504 Plin.
986 3483 1032 3507 30,
1047 3481 1076 3499 10
1094 3472 1113 3497 s.
1127 3479 1160 3505 27
1226 3470 1295 3496 Cato
1307 3477 1386 3496 c.122.
1458 3466 1572 3492 Sii'illum
1585 3464 1680 3491 lotium
1707 3461 1770 3487 Cato
1784 3467 1804 3484 c.
1817 3464 1844 3492 7.
1917 3456 1982 3483 Non
1999 3453 2067 3479 valet
2086 3452 2182 3477 lotium
2202 3449 2275 3474 suurn

107 3520 215 3547 Loricas
229 3517 358 3544 ostiorum
372 3521 398 3542 et
411 3515 579 3546 fenestrarum
592 3524 724 3552 memorat,
748 3516 774 3541 in
790 3514 876 3550 quibus
895 3512 986 3539 cubilia
997 3515 1089 3544 ponant
1100 3506 1162 3542 stel-
1227 3506 1332 3533 Petron.
1344 3510 1412 3538 257.
1432 3502 1564 3528 conuicium
1573 3500 1674 3536 seruile.
1934 3526 1939 3530 ”
1972 3525 1977 3530 ⁸
1993 3523 1999 3528 .

109 3556 194 3582 mn&-
268 3552 318 3578 Sed
470 3550 491 3587 Ἴ
512 3562 524 3585 3
561 3555 636 3581 Curt.
653 3563 669 3587 9
678 3573 686 3586 ‚
704 3562 728 3584 4·
748 3558 814 3577 extr.
845 3547 958 3584 Angusta
977 3546 1049 3571 miii-i
1062 3551 1161 3569 corona
1265 3547 1282 3567 L
1294 3548 1313 3567 o
1323 3547 1345 3568 T
1355 3548 1365 3566 1
1375 3546 1394 3566 ο
1403 3545 1444 3565 LE
1454 3544 1478 3564 N
1489 3544 1540 3563 Tv
1549 3543 1577 3569 s,
1586 3542 1670 3568 a,uni.
1691 3525 2024 3564 l‹lemquodC0mm1(hlis‚
2037 3520 2181 3560 apudNon.
2190 3527 2211 3552 2,
2223 3525 2275 3559 1⁰9·

110 3596 166 3617 erat
177 3598 232 3616 non
245 3589 355 3624 pinnae,
375 3585 436 3612 sicut
450 3586 524 3621 alibi,
540 3589 673 3624 fastigium
686 3589 743 3615 eius
757 3586 945 3613 distinxerant:
982 3579 1024 3608 sed
1038 3586 1163 3614 perpetua
1180 3586 1211 3614 95
1265 3583 1282 3603 L
1294 3580 1442 3603 0T10LE
1452 3579 1538 3600 ΝΤΞ,
1575 3570 1640 3597 Adu-
1675 3566 1766 3592 dic‘luin
1780 3565 1861 3590 veluti
1880 3561 2034 3591 Lutulente,
2061 3567 2074 3583 a
2092 3557 2181 3583 Lotio.
2193 3590 2197 3595 ι
2233 3553 2276 3578 Γι-

110 3626 193 3653 lorica
206 3623 321 3652 obdu&
335 3621 469 3649 transitum
483 3622 598 3656 sepserat.
652 3627 690 3652 lta
711 3632 744 3650 ue
758 3623 813 3649 Rex
825 3620 949 3647 haerebat
963 3616 1063 3651 magis,
1083 3623 1162 3650 quani
1227 3613 1343 3645 titinius,
1364 3610 1515 3638 Lotiolente
1528 3606 1601 3634 flocci
1615 3604 1675 3635 fiet,
1694 3607 1720 3628 et
1734 3599 1876 3628 circulator
1900 3598 1974 3624 Non.
1987 3603 2018 3627 α,
2036 3599 2092 3632 485.
2132 3594 2274 3623 Anuquvm·

109 3660 191 3688 stabat
208 3661 237 3687 in
252 3659 388 3693 margine,
421 3658 511 3692 clypeo
532 3658 645 3694 vndique
662 3659 806 3686 incldentia
824 3656 874 3684 tela
895 3653 1057 3690 propulsans.
1114 3650 1164 3676 flia
1266 3651 1485 3675 LOTOMETR
1496 3651 1517 3670 Α
1533 3663 1541 3676 ,
1560 3650 1597 3667 ac.
1622 3638 1641 3665 f.
1678 3635 1854 3671 [Αωτομῆγρη]
1892 3633 1982 3672 Herba.
2038 3630 2158 3668 ωηιξη
2173 3633 2202 3664 31.
2216 3624 2233 3662 s:
2247 3625 2274 3660 ξε

111 3696 194 3723 lorica
213 3697 313 3726 videtur
332 3693 411 3720 tenuis
431 3702 513 3719 murus
533 3693 569 3717 ad
581 3695 682 3727 peHoris
699 3694 859 3722 altitudinem
879 3692 906 3717 in
926 3689 983 3724 ipsis
1003 3687 1125 3714 moenibus
1140 3685 1164 3721 s.
1228 3684 1270 3711 Est
1284 3688 1309 3709 et
1325 3684 1476 3713 lotometra,
1496 3686 1561 3714 quae
1573 3675 1601 3701 fit
1619 3682 1651 3700 ex
1668 3674 1725 3700 loto
1742 3673 1809 3698 sata:
1846 3677 1877 3708 cic
1895 3676 1970 3694 cuius
1990 3665 2087 3692 semine
2106 3661 2180 3688 lunili
2199 3657 2273 3684 milio

113 3730 265 3765 crassioribus
277 3730 354 3756 muris
368 3729 488 3755 excitatus
498 3727 548 3763 pasl
563 3737 632 3762 quem
643 3723 720 3756 tinius
730 3729 1012 3765 stantpropugnatores.
1065 3725 1104 3748 De
1123 3722 1166 3747 hoc
1229 3719 1296 3745 fiunt
1309 3727 1386 3753 panes
1401 3718 1429 3743 in
1449 3718 1565 3749 Aegypto
1584 3719 1598 3736 a
1616 3708 1762 3745 pastoribus
1773 3727 1780 3740 ,
1804 3713 1918 3732 maxime
1934 3711 1999 3736 aqua
2020 3700 2061 3741 ivel
2079 3698 2144 3739 laeie
2162 3692 2273 3720 subafflo·

115 3767 186 3794 Caes.
202 3766 230 3792 B.
244 3766 311 3792 Gall.
323 3773 352 3798 5,
363 3774 394 3799 39
419 3759 528 3791 Turres
539 3762 752 3798 contabulantur,
771 3765 866 3800 pinnae
881 3756 1031 3794 loricaeque
1045 3766 1077 3785 ex
1091 3757 1165 3784 crati·
1174 3765 1221 3783 100
1231 3754 1270 3790 Lst
1281 3755 1361 3789 igitur
1374 3753 1456 3779 Lotos
1468 3750 1539 3775 herba
1547 3746 1607 3781 satu
1620 3744 1802 3780 manfiaeescens,
1822 3747 1905 3767 metra
1918 3750 1932 3764 a
1943 3736 2112 3772 magnitudine
2126 3740 2153 3756 vt
2164 3730 2274 3759 (im-go,-

115 3801 164 3829 b¹¹⁵
187 3807 354 3834 ”texuntur’
386 3801 441 3827 '⁰5⁶'-
464 3799 530 3834 Lips.
552 3799 691 3825 Poliorcet.
716 3808 747 3832 2,
772 3809 796 3827 2.
863 3796 984 3824 stewech.
1007 3796 1043 3820 ad
1066 3795 1158 3827 Veger.
1229 3796 1329 3822 metra,
1358 3788 1542 3815 Echinometra
1561 3782 1662 3807 maiores
1675 3780 1717 3815 sui
1731 3779 1830 3814 generis
1838 3796 1846 3809 ,
1876 3782 1899 3800 et
1916 3773 2064 3806 reliquorum
2082 3766 2157 3792 veluti
2175 3769 2272 3787 matres·

116 3846 142 3872 P·
157 3843 213 3870 273·
368 3833 389 3874 Ἴ
410 3844 429 3869 4
465 3838 496 3861 Jn
507 3834 655 3870 pauimentis
667 3833 740 3860 etium
752 3835 876 3861 rudentis
888 3841 912 3859 et
922 3831 1061 3867 parietibus
1069 3829 1165 3856 Lorica
1266 3833 1283 3852 L
1291 3832 1310 3852 0
1319 3832 1340 3851 T
1349 3832 1368 3850 v
1378 3831 1396 3850 R
1406 3830 1427 3849 Α
1436 3842 1445 3854 ,
1464 3826 1488 3845 et
1508 3825 1524 3845 L
1533 3825 1551 3845 O
1561 3822 1582 3843 T
1591 3824 1612 3843 V
1621 3823 1643 3843 S·
1675 3814 1733 3841 Adi}
1775 3814 1829 3852 vifis·
1850 3814 1896 3851 ΕΑ
1905 3814 1926 3834 V
1936 3815 1965 3851 0,-
2127 3834 2142 3848 ‚-

116 3872 251 3906 appellatur
262 3873 305 3899 vel
324 3879 340 3898 L
349 3878 396 3898 OR
406 3879 416 3897 1
427 3878 444 3898 c
455 3878 507 3897 AT
516 3879 525 3898 1
534 3877 553 3897 o
567 3870 662 3896 Corium
676 3877 687 3893 e
700 3877 817 3898 marmore
828 3869 879 3904 tuso
892 3878 944 3894 cum
957 3868 1020 3892 calce
1038 3873 1061 3891 et
1079 3871 1164 3890 arena.
1267 3869 1284 3888 L
1294 3868 1313 3887 ο
1322 3869 1340 3887 T
1350 3868 1367 3886 O
1376 3866 1404 3889 s,
1426 3863 1442 3882 L
1451 3862 1470 3881 O
1479 3860 1501 3881 T
1510 3861 1530 3880 V
1540 3860 1570 3887 8,
1590 3860 1614 3879 ct
1627 3860 1643 3879 L
1652 3857 1670 3877 0
1680 3857 1741 3876 TIS
1750 3869 1758 3883 ‚
1780 3848 1839 3874 idlss·
1859 3850 1879 3872 f·
1908 3842 2025 3878 [Amos]
2053 3839 2180 3881 P'‘⁶1⁶.'‘f‘'”
2190 3838 2272 3882 'mnis'

116 3909 224 3934 Vitruu.
237 3914 269 3941 7,
286 3917 294 3934 i
321 3909 411 3943 Itaque
425 3907 443 3933 fi
457 3906 584 3933 necessitas
604 3904 736 3939 coegerit,
754 3908 783 3929 vt
793 3905 903 3931 mininie
921 3902 1016 3930 vitiosa
1036 3901 1113 3933 fiant,
1132 3897 1165 3923 sic
1229 3897 1345 3932 nymphae
1352 3891 1462 3927 Neptuni
1471 3890 1560 3925 filiae,
1580 3897 1640 3924 quae
1649 3887 1776 3920 Priapum,
1790 3894 1804 3908 a
1818 3892 1863 3916 quo
1875 3884 2041 3921 aduniamur,
2052 3872 2173 3918 f,“.}⁷'‘'¹,³›‚
2187 3874 2211 3916 ‘f
2223 3869 2274 3917 il...-

117 3943 169 3972 erit
194 3942 350 3973 faciendum.
414 3943 506 3976 Qium
523 3946 661 3970 coaxatum
682 3937 763 3967 fuerit
771 3957 780 3973 ,
809 3939 914 3975 insuper
937 3939 1019 3966 altera
1044 3933 1164 3963 coaxatio
1174 3942 1216 3968 ως
1230 3942 1283 3960 rum
1296 3930 1417 3957 auxilium
1431 3927 1581 3961 implorans,
1602 3923 1696 3950 illorum
1708 3919 1864 3955 miseratione
1878 3925 1904 3942 m
1916 3916 2021 3942 arborem
2029 3908 2068 3942 sm
2082 3913 2183 3930 ‘mmm‘
2205 3901 2273 3970 ⁹⁶25?

1425 3964 1485 3995 (ὲκ,
