2517 4231
58 223 131 277 961
170 258 173 265 ,,
452 219 481 259 Ρ
576 218 613 258 Ο
700 217 733 257 R
1331 228 1333 230 ’
1600 220 1631 262 Ρ
1714 219 1751 260 O
1833 224 1866 263 R
2158 236 2236 285 962

58 313 160 350 portis,
195 309 363 340 concurritur
384 308 460 344 Virg.
480 308 580 343 Georg.
594 317 618 341 4,
637 312 679 342 78.
787 304 896 346 Exierat
916 306 1000 341 portis
1018 308 1119 349 equita·
1218 314 1235 335 r
1249 313 1268 334 o
1280 314 1392 338 RTEN
1404 316 1662 350 Tuoqvxvm,
1698 310 1716 339 i.
1753 319 1781 338 n.
1817 310 2013 354 [refanum]
2067 321 2160 351 Sermo
2191 332 2236 353 or.

59 357 100 378 tus
121 348 219 384 apertis
237 346 313 380 Virg.
322 346 386 371 Aen.
400 352 423 378 ις,
438 351 490 377 585·
598 341 755 378 Exspectare
769 339 926 369 comites‘ad
940 350 1045 378 portani
1060 345 1117 371 Cic.
1180 344 1295 371 tentosus
1310 346 1387 381 Vulg.
1401 348 1515 381 Interpr.
1530 347 1632 375 irenaei
1647 357 1670 381 3,
1683 357 1706 380 ⁴·
2173 333 2190 360 Ρ

59 386 132 413 Fam.
147 391 178 418 ις,
195 390 230 418 17.
337 380 483 415 Explorate
496 385 584 415 portas
600 380 674 413 Virg.
688 379 753 404 Aen.
775 386 800 410 9,
816 379 868 411 169.
881 406 885 411 ,
975 380 1117 415 Imponcre
1216 386 1231 405 p
1243 386 1264 405 0
1279 386 1297 406 R
1311 387 1361 408 ΤΗ
1371 389 1394 408 M
1405 388 1425 409 ο
1438 389 1451 410 ,3
1461 403 1470 416 ‚
1492 383 1510 409 j·
1529 392 1566 410 m-
1613 383 1756 418 [rutenae]
1793 383 1908 418 Fremm’
1944 389 2021 412 maris
2035 390 2101 416 [mer
2113 395 2170 421 dum
2183 405 2237 422 con.

57 425 164 456 pmum
193 418 223 444 in
253 416 370 451 ³liq¹¹³¹¹¹
390 416 544 450 regionem‘
580 415 636 440 vid·
655 416 805 453 ¹M¹³0P¹0⁹
913 414 1012 442 Instant
1026 415 1118 442 R¹¹¹¹¹ll
1179 416 1285 440 'imme‘
1301 418 1444 451 angustiae,
1465 420 1575 445 Budaeus
1587 419 1614 444 in
1631 415 1754 446 l.Lucitls
1763 419 1801 445 Dc
1814 419 2000 448 seruit.rustic.
2014 426 2101 456 praed.
2116 428 2144 454 in
2157 430 2226 458 pand

57 455 173 482 sternere
184 452 263 480 caede
276 453 353 479 viros
364 453 449 486 portis
463 452 563 478 circum
575 448 700 477 omnibus
716 449 792 483 Virg.
805 450 870 477 Aen.
886 459 923 484 ιο,
938 457 982 480 118.
1019 451 1116 478 lutroi-
1138 456 1152 483 ς
1178 450 1245 476 Plin.
1267 460 1287 483 3³
1305 459 1317 483 5
1337 452 1354 478 s.
1369 463 1395 479 ,Ο
1410 454 1468 486 Qu,
1485 454 1566 480 intrat
1580 454 1670 488 (mare
1685 454 1863 491 Atlanticum)
1883 456 2025 484 porthmos
2040 459 2169 489 aGraet-is
2220 451 2237 493 a·

57 499 89 518 re
108 496 184 525 porta
203 489 261 516 Cic.
276 489 304 515 in
324 488 410 515 Pison.
425 498 461 519 55-
566 487 719 524 irrumpere
733 492 821 519 portas
832 492 950 521 patentes
962 486 1038 521 Virg.
1051 488 1117 513 Aen.
1177 485 1256 512 nobis
1270 486 1367 513 fretum
1381 489 1541 516 Gaditanum
1553 497 1598 516 m,
1798 488 1820 528 q
1842 500 1855 518 2
1891 492 1934 529 Est
1947 501 1970 519 et
1982 494 2076 529 oppidi
2089 495 2117 521 3¹¹
2131 485 2236 529 Rufio„

59 534 90 560 n,
102 531 157 560 879.
265 524 362 553 Moliri
394 530 483 559 portas
499 521 590 549 Tacit.
606 519 676 546 Hist.
688 529 711 552 2,
724 529 761 548 22.
869 522 996 549 Obiicere
1026 530 1114 556 portas
1155 540 1162 548 .
1178 530 1261 547 nomen
1282 522 1349 549 Plin.
1364 534 1391 556 4,
1408 533 1441 551 12.

56 562 134 597 Virg.
155 562 221 588 Aen.
241 570 267 595 9,
279 570 317 594 45·
354 559 490 590 oblidere·
502 563 590 593 portas
599 556 671 585 ⁴astat.
689 556 778 583 Theb.
793 566 832 592 ιο,
846 560 901 590 264.
1010 557 1118 584 Obstre-
1214 563 1229 583 P
1239 562 1259 583 ο
1271 564 1289 583 R
1300 564 1322 584 ·r
1336 565 1356 584 H
1367 566 1391 585 M
1402 566 1418 586 E
1430 566 1450 586 v
1462 566 1491 594 s,
1528 560 1563 587 ei.
1598 569 1642 588 m.
1679 560 1830 597 [anemae]
1870 562 2113 598 Tramftmmstd
2126 569 2227 594 verbum

52 626 57 627 .
93 606 121 626 re
133 597 236 632 portis,
256 598 311 624 vid.
338 599 522 628 OBS'l·RE)²0.
632 591 890 632 Obstru-{las-portas
905 591 1031 628 praebere
1051 602 1079 619 re
1092 601 1117 619 a·
1175 594 1220 627 qui
1234 594 1337 628 nauigio
1349 597 1434 628 vehit,
1471 604 1495 622 er
1508 598 1551 630 qui
1563 597 1645 634 exigit
1656 599 1806 632 Portam-mm
1842 598 1943 631 πορθμὸς
1963 600 2044 633 mim,
2074 600 2174 635 fretum
2187 590 2236 638 est’

73 634 132 669 qua
163 633 209 660 sn,
245 642 274 666 η,
307 637 356 666 ¹98·
465 630 602 662 Occupare
632 634 721 662 portas
742 629 816 656 vrbis
835 629 892 655 Cic.
906 628 1021 663 Philipp.
1038 638 1072 661 ιη,
1086 637 1117 659 ις.
1132 635 1159 654 ιο
1178 635 1208 653 vt
1236 631 1303 654 modo
1326 631 1445 656 vidimus.
1484 632 1538 657 vid.
1565 638 1724 659 rnss'rvm.
1743 634 1834 661 quen.
1848 634 1899 661 Sat.
1912 644 1935 668 3,
1947 635 2065 662 26612111
2077 636 2148 664 sedet
2161 637 2190 664 in
2203 625 2240 665 rt?

56 668 211 696 tunduntur
247 675 339 704 portae
372 668 463 696 sacrae,
492 663 569 697 Virg·
606 664 671 690 Aen.
692 666 717 697 6,
736 672 776 698 27.
895 665 1011 691 Pandere
1023 671 1113 699 portas
1176 671 1225 699 pa,
1260 669 1412 699 tetrumque
1426 666 1546 692 nonnius
1563 666 1655 694 horret
1669 668 1819 696 Popthmea·

25 706 29 710 “
56 704 139 732 alicui
158 705 234 740 Vir'g.
253 705 319 732 Aen.
333 712 368 736 μ,
390 708 445 734 384·
517 699 589 726 Patet
601 706 676 734 porta
690 699 823 734 aliquibus
836 699 893 726 Cic.
908 701 935 727 in
951 701 1035 728 rison.
1047 710 1069 727 c.
1083 709 1119 731 23.
1216 705 1233 726 Ρ
1244 705 1291 726 OR
1304 707 1326 726 T
1337 699 1372 728 i'C
1384 707 1403 726 v
1417 707 1430 727 s
1443 722 1451 734 ,
1492 699 1531 728 sis.
1575 703 1594 729 f.
1639 705 1718 738 [ςοόι]
1746 701 1929 731 ‘Calmnnarum
1953 705 2035 742 series
2054 714 2158 744 aperta,
2198 709 2239 736 mg·

54 740 228 776 Perfringere
241 740 323 768 Ouid.
335 740 401 766 Met.
419 739 445 772 6,
458 744 512 769 597.
586 736 755 771 Pei-fringere
768 742 856 774 portas
869 737 896 775 vi
916 737 1013 775 Lucan.
1029 745 1051 769 3,
1066 745 1120 769 343.
1177 737 1264 762 teclam
1279 736 1413 771 impositum
1428 737 1475 772 cst,
1513 738 1645 773 Egregium
1656 739 1774 774 alfunsus
1791 740 1956 777 tempestates,
1991 752 2021 768 ac
2032 743 2161 777 feruorem
2175 745 2240 772 Soa-5

57 775 207 804 Recludere
227 775 309 804 Ouid.
322 774 392 801 Met.
410 777 433 806 8,
452 781 487 805 4¹·
560 771 685 798 Reserate
708 778 797 806 portas
812 770 891 797 alicui
908 771 989 798 Ouid.
1006 772 1039 798 de
1054 773 1116 798 Arte
1176 773 1372 806 receptaculum,
1409 782 1455 807 quo
1470 773 1567 798 includi
1580 783 1655 799 areae
1661 774 1758 809 solent.-
1794 785 1857 810 quan
1867 782 1970 810 propter
1988 779 2127 812 repemina
2140 781 2229 807 imbre,-

56 813 118 839 Am.
132 821 156 846 3,
169 819 227 848 577.
290 810 387 837 1Ruere
406 808 492 843 portis
513 808 589 843 Virg.
611 808 709 848 (ἕκτοι-ς,
723 816 747 841 a,
762 812 809 835 185.
882 807 1003 846 Subitare
1017 808 1045 833 in
1061 807 1117 849 ipso
1131 813 1155 841 ις
1174 815 1199 832 et
1206 808 1350 849 umbrarum
1357 817 1387 833 ac
1403 809 1609 835 deambulationis
1612 809 1703 844 gratia
1717 811 1871 845 aedificatur.
1896 812 1978 838 Ouid.
1991 813 2024 839 dc
2038 815 2102 841 Arte
2122 817 2240 851 Am.1,⁶7

53 847 152 879 umine
166 845 346 885 portaeyirg.
365 845 431 872 Aen.
445 854 467 877 2,
479 852 533 876 24²·
586 844 640 870 Esse
651 842 684 869 ad
697 848 803 876 portam
818 842 920 875 praesto
942 842 1050 868 mores
1060 843 1115 869 Cic.
1180 845 1211 868 de
1222 850 1319 877 porticu
1333 844 1498 879 Pompeiana,
1533 844 1581 871 Tu
1600 844 1683 871 modo
1702 845 1828 880 Pompeia
1849 847 1934 873 lentus
1951 849 2058 882 spatiare
2071 851 2117 878 sub
2130 851 2241 886 vmbra,

52 882 86 911 in
113 884 199 911 Pisou.
222 892 245 908 c.
267 889 301 914 23.
408 881 520 907 Tenere
538 879 632 906 limina
654 885 790 912 portarunt
811 877 909 904 obsessa
922 878 997 910 Virg.
1012 879 1079 906 Aen.
1092 887 1123 911 2,
1176 879 1268 911 Quum
1282 879 1324 906 Sol
1341 879 1468 906 Herculei
1483 886 1556 914 terga
1573 880 1671 907 Leonis
1687 879 1750 907 adit.
1821 881 1877 908 Cic.
1890 891 1939 916 pro
1954 884 2168 919 Domo,12(,Vix
2178 895 2239 923 pan

3 928 13 936 ’
56 925 112 952 ως.
150 918 206 952 Qi
229 923 319 952 portas
344 917 454 944 Tuetur
473 917 532 942 sen.
545 914 578 942 tle
596 915 703 948 Tranq.
723 923 766 942 an.
786 921 808 939 c.
831 922 860 940 ιι.
967 912 987 951 ff
1009 921 1025 939 2
1073 915 1120 939 uod
1175 914 1282 941 aedium
1297 923 1415 941 mearum
1429 915 1529 942 decima
1544 916 1576 942 ad
1595 916 1683 943 Catuli
1697 917 1832 950 porticum
1847 918 1959 951 acceffit,
1997 923 2069 947 causa
2081 922 2135 949 fuit
2147 923 2241 950 ambu.

54 955 130 980 initio
144 953 234 989 statim
246 953 392 985 monuimus,
408 958 484 987 porta
493 951 651 987 generaliter
669 951 746 975 locum
765 955 878 983 apertum
900 957 982 975 norat.
1076 950 1118 975 Sic
1181 950 1262 980 latio,
1300 959 1325 977 et
1338 950 1551 985 monimentum,
1588 959 1614 978 et
1629 951 1675 978 ista
1687 953 1830 986 Tanagra
1843 955 1962 988 oppreffi,
1974 954 2096 984 libcrmte
2111 959 2242 987 Libertas·

10 992 14 997 ,
53 988 572 1024 Portamcaelifinguntl’oe‘tue,perquam
579 986 684 1011 veniunt
691 984 974 1024 etiamfislm'ina.Virg.
989 985 1118 1019 Georg.3,
1131 995 1163 1012 20
1179 986 1209 1011 In
1230 985 1328 1019 palatio
1348 986 1530 1020 pulcherrimo
1549 987 1689 1023 prospectu
1705 989 1836 1024 porticum
1847 990 1911 1016 ‘etun
1923 991 2092 1020 conclauibus
2107 995 2242 1028 pauimen.

58 1029 102 1053 261
118 1025 291 1060 Qemsuper
299 1025 390 1059 ingens
399 1024 477 1050 Porta
489 1027 562 1050 tonat
577 1021 687 1054 caeli,et
701 1020 814 1055 scopulis
833 1020 901 1047 illisa
919 1021 1059 1047 reclamant
1074 1022 1122 1047 Ac·
1179 1027 1262 1047 tatum
1282 1020 1427 1049 trecentum
1447 1023 1544 1057 pedum
1565 1024 1745 1058 concupierat.
1855 1025 2009 1054 Porticuum
2028 1030 2242 1065 contignationes

29 1081 41 1090 c
54 1069 150 1096 quoru.
225 1059 418 1088 Grammaticus
432 1060 500 1094 apud
513 1058 574 1084 Sen.
590 1063 634 1086 108
647 1057 764 1083 Ennium
772 1055 831 1096 'hoc
845 1056 881 1082 ait
901 1057 1025 1083 Homero
1039 1056 1119 1082 stirri-
1178 1057 1248 1083 Vitr.
1262 1066 1284 1090 ς,
1298 1066 1317 1083 1.
1463 1059 1574 1093 Amplae
1593 1060 1710 1094 porticus
1725 1059 1799 1094 Virg.
1814 1062 1879 1087 Aen.
1894 1070 1914 1094 3,
1927 1071 1974 1094 353.
2069 1065 2240 1094 circumacta
2273 1074 2275 1076 '

74 1098 154 1130 uisse,
191 1097 279 1124 Ennio
296 1095 450 1130 Virgilium.
521 1092 563 1119 Est
574 1092 647 1119 enim
663 1091 731 1127 apud
746 1092 906 1119 Ciceronem
922 1093 949 1118 in
959 1092 1000 1120 his
1012 1092 1072 1127 ipsis
1085 1091 1118 1118 de
1177 1094 1295 1126 porticus
1309 1093 1338 1119 in
1365 1093 1389 1120 D
1411 1093 1503 1121 literae
1518 1094 1721 1122 similitudinem
1743 1096 1808 1124 Plin.
1818 1096 1897 1131 Epist.
1905 1107 1927 1130 ε,
1936 1105 2003 1133 17,4.
2031 1100 2054 1126 D
2067 1102 2168 1136 inquam
2192 1111 2240 1128 „m

80 1142 120 1168 ep.
137 1134 187 1160 hoc
203 1133 370 1168 Epigramma
377 1137 387 1164 ,“
423 1130 441 1157 si
455 1128 564 1156 fasendo
580 1128 666 1163 plagas
678 1127 817 1154 caelestum
835 1128 974 1155 ascendere
982 1128 1117 1168 cuiquam,
1180 1129 1215 1154 O.
1229 1130 1285 1155 Vid.
1311 1138 1373 1163 quae
1402 1129 1453 1165 post
1468 1132 1579 1156 Coretum
1611 1141 1638 1156 ea
1656 1133 1686 1156 de
1704 1141 1731 1158 re
1751 1142 1892 1158 monumms.
1966 1135 2089 1169 Duplices
2106 1124 2199 1171 Vitr.'5‚
2213 1147 2240 1172 9.

53 1169 96 1196 Mi
111 1169 161 1196 soli
169 1170 234 1196 caeli
248 1167 361 1195 maxima
377 1171 453 1201 porta
468 1170 546 1199 patet.
588 1175 594 1183 ¹
619 1164 677 1190 Cic.
691 1163 723 1190 de
739 1163 801 1191 Nat.
817 1164 898 1191 Deor.
919 1173 941 1198 2,
957 1173 994 1197 ¹37
1017 1165 1064 1191 Per
1077 1173 1117 1191 v1-
1129 1168 1159 1194 23
1177 1165 1234 1191 Cic.
1265 1165 1318 1191 Att.
1337 1175 1363 1198 a,
1383 1172 1407 1194 ις
1426 1167 1456 1193 In
1472 1175 1565 1201 campo
1595 1166 1695 1193 Martio
1729 1167 1798 1202 septa
1832 1167 1940 1195 tributis
1971 1172 2088 1198 comitiis
2121 1182 2240 1200 marmo-

55 1213 82 1232 as
95 1204 220 1239 quasdam
237 1214 252 1231 a
277 1203 367 1230 medio
387 1201 513 1228 intestino
527 1200 607 1234 Vsque
621 1199 748 1236 adportas
760 1200 866 1226 iecoris.
939 1201 1116 1235 Venampor-
1177 1209 1224 1227 rea
1237 1200 1324 1227 sumus
1338 1207 1363 1227 et
1380 1201 1447 1228 tecta
1461 1202 1575 1235 faeluri,
1613 1211 1696 1237 eaque
1710 1203 1844 1238 cingemus
1863 1205 1963 1232 excelsa
1982 1207 2099 1240 porticu.
2173 1212 2241 1236 Lon-

26 1256 28 1259 *
55 1247 96 1269 tae
103 1242 192 1278 vulgus
204 1247 292 1273 vocat,
327 1239 373 1265 vel
385 1239 470 1264 Venas
478 1242 624 1272 portarum.
696 1237 804 1262 Portam
822 1243 867 1271 pro
888 1236 1007 1262 Femineis
1016 1237 1117 1271 genita·
1177 1245 1224 1277 gae
1236 1237 1355 1271 porticus
1369 1237 1444 1272 Virg.
1459 1238 1524 1264 Aen.
1538 1246 1563 1270 2,
1578 1243 1631 1268 528.
1704 1240 1810 1265 Pert'usa
1823 1240 1879 1266 luto
1893 1242 1984 1268 quen.
2000 1243 2050 1270 Sat.
2064 1252 2099 1276 14,
2122 1246 2164 1270 66.
2179 1246 2241 1272 Poe-

25 1289 28 1292 *
54 1278 121 1303 libus
135 1277 188 1303 aiei
199 1276 285 1302 volunt
298 1275 376 1309 Prop.
391 1283 419 1307 4,
435 1280 459 1305 8,
472 1280 501 1307 48
514 1272 661 1299 Cantabant
675 1271 769 1305 surdo,
790 1271 924 1299 nudabant
938 1272 1048 1307 pedtora
1059 1281 1114 1299 cae·
1177 1272 1228 1299 cile
1242 1273 1313 1307 Nep.
1328 1281 1346 1305 ι,
1362 1275 1386 1307 6,
1401 1282 1420 1311 3.
1439 1276 1476 1300 De
1489 1275 1536 1301 hac
1549 1274 1618 1301 Pers.
1631 1284 1653 1308 3,
1668 1281 1693 1308 53
1707 1277 1835 1310 Qlaeque
1849 1276 1925 1303 docet
1950 1278 2050 1312 sapiens
2070 1280 2196 1308 braccatis
2211 1280 2242 1306 il-

53 1321 96 1340 co.
170 1311 286 1339 Lanuuii
300 1309 331 1337 ad
346 1318 453 1345 portas,
489 1309 534 1336 hei
547 1308 630 1341 mihi,
667 1308 737 1335 solus
753 1317 833 1335 eram.
908 1310 958 1334 Seel
970 1307 1116 1342 refellerant
1177 1308 1225 1335 lita
1239 1308 1326 1335 Medis
1347 1309 1479 1337 Porticus.
1576 1312 1669 1346 Nempe
1683 1318 1712 1336 vt
1724 1316 1793 1337 aocet
1809 1311 1901 1346 Nepos
1916 1313 1933 1339 l.
1948 1322 1968 1339 c.
1981 1316 2008 1339 in
2027 1315 2131 1341 Poecile
2145 1317 2242 1350 mpit‘ta

26 1354 34 1363 t
54 1348 111 1374 ,ιη-Π*
127 1347 192 1374 dom
202 1347 318 1382 spurcum
337 1354 502 1374 commentum.
536 1343 722 1371 vid-Brouckh.
750 1345 836 1378 Neque
853 1351 932 1370 tamen
946 1344 1032 1370 nonin
1044 1344 1118 1379 obsce·
1126 1351 1159 1376 30
1170 1352 1232 1371 erat
1242 1351 1328 1379 pugna
1341 1346 1516 1372 Marathonia.
1663 1348 1693 1372 In
1700 1349 1782 1373 eadem
1793 1348 1953 1383 disputabant
1970 1350 2127 1385 Philosophi,
2165 1350 2242 1377 Stoici

53 1384 95 1410 nis
107 1382 140 1419 est
153 1384 240 1411 Porta.
297 1382 394 1409 Catuli.
405 1391 427 1413 ις
448 1389 514 1408 extr.
553 1380 642 1413 Qiem
660 1379 904 1415 atti-actispedib11s
913 1386 1015 1415 patente
1039 1386 1117 1415 porta
1173 1380 1338 1415 praesertim,
1376 1380 1435 1406 inde
1449 1382 1516 1407 slit‘la
1530 1380 1646 1418 Sapiens.
1718 1383 1798 1418 Prop.
1813 1391 1885 1416 2533,
1901 1393 1929 1416 45
1939 1382 2243 1413 Scilicetvmbrbfissor.

53 1420 213 1447 Per-current
221 1417 387 1454 raphanique
408 1418 583 1452 mugilesque.
654 1418 686 1442 Et
698 1416 786 1451 Priap.
799 1425 826 1447 52
848 1417 925 1443 Porta
941 1422 966 1442 te
979 1416 1057 1443 faciet
1074 1424 1116 1451 pa·
1177 1415 1220 1442 det
1235 1416 1363 1451 Pompeia
1374 1416 1507 1443 columnis
1520 1418 1640 1444 Porticus
1653 1417 1738 1444 auleis
1754 1418 1853 1446 nobilis
1868 1419 1998 1447 Attalicis.
2123 1422 2242 1457 spatiosa

51 1455 212 1483 :entioreme
255 1463 401 1490 quamquam
426 1453 465 1480 hic
484 1463 541 1480 ¹cum
559 1457 636 1487 porta
665 1459 763 1478 tantum
796 1459 953 1487 comparatur
978 1451 990 1478 ὅ
1000 1452 1117 1486 πρωκτός.
1178 1451 1260 1478 Ouid.
1283 1452 1316 1478 de
1329 1455 1392 1479 Arte
1405 1454 1464 1480 Am.
1480 1463 1497 1487 ι,
1512 1463 1563 1488 ⁴9¹·
1673 1454 1813 1489 Triplices
1825 1455 1896 1482 Suet.
1909 1455 1974 1483 Ner.
1988 1465 2009 1483 c.
2027 1458 2060 1483 16.
2190 1459 2243 1484 Va-

50 1488 75 1530 ἢ
97 1500 110 1524 3
130 1490 408 1528 Geograpbisitotabiles
415 1490 510 1517 Portae
518 1488 630 1516 Ciliciae
640 1488 709 1522 Nep.
724 1495 787 1522 ι4,7,
795 1497 816 1515 2.
825 1489 854 1514 it.
868 1489 961 1514 Portae
969 1487 1118 1520 Caucasiae,
1177 1496 1240 1514 cuae
1257 1487 1332 1522 Virg.
1346 1489 1412 1514 Aen.
1425 1498 1448 1523 2,
1461 1492 1510 1522 761,
1621 1489 1704 1517 Coire
1717 1490 1744 1516 in
1761 1491 1896 1525 porticum
1907 1512 1915 1525 ,
1930 1494 1984 1519 via.
2000 1493 2102 1520 co1'3‘o.
2190 1494 2242 1521 De.

50 1528 118 1555 latus
137 1527 164 1553 in
183 1527 312 1560 Albania,
331 1534 378 1560 quo
390 1525 420 1560 se
439 1525 560 1560 Caucasus
585 1533 653 1550 mons
672 1525 789 1558 findens,
808 1526 844 1550 ad
860 1525 941 1550 amnis
960 1524 1015 1549 diri
1033 1524 1116 1550 odoris
1131 1529 1160 1556 33
1175 1522 1340 1551 ambulantes
1351 1524 1378 1550 in
1392 1525 1540 1559 porticibus
1561 1524 1726 1561 disputabant
1739 1526 1893 1562 philosophi
1906 1527 1963 1554 Cic.
1984 1528 2016 1554 de
2032 1530 2106 1556 Orat.
2121 1538 2197 1562 2020.
2216 1531 2257 1558 1-

51 1563 202 1596 eranſstum,
236 1569 366 1598 portarum
371 1560 478 1596 speciem
492 1560 584 1594 refert.
656 1559 762 1594 Caspias
774 1560 876 1595 quidam
889 1569 929 1586 eas
949 1565 1038 1595 portas
1055 1569 1118 1586 nun·
1179 1560 1239 1586 dem
1259 1560 1340 1587 Acad.
1353 1569 1378 1593 4,
1397 1570 1425 1592 7ς
1444 1561 1494 1588 Sed
1511 1561 1576 1596 quid
1592 1571 1638 1588 eos
1652 1561 1794 1597 colligam,
1831 1572 1912 1597 quum
1927 1563 2037 1591 habeam
2050 1565 2246 1602 Chryfippum,

51 1605 162 1635 cupam,
191 1597 241 1633 sed
252 1607 337 1624 errore
344 1597 451 1624 indum,
463 1599 516 1623 vid.
529 1595 658 1628 Plin.6,1t
672 1603 696 1622 et
708 1604 741 1622 12.
1175 1595 1222 1631 qui
1235 1596 1332 1623 fulcire
1339 1603 1447 1630 putatur
1454 1598 1588 1632 porticum
1604 1597 1772 1624 Stoicorum?
1810 1599 1922 1632 QiinEt.
1937 1608 1970 1633 ιε,
1994 1610 2018 1633 2,
2032 1607 2045 1631 8
2065 1601 2157 1630 Studia
2175 1602 2244 1636 sapi-

66 1656 69 1660 .
88 1641 105 1661 P
115 1640 136 1661 ο
148 1640 168 1660 R
183 1632 236 1661 Tv⁰
246 1641 261 1660 t.
271 1641 311 1666 A,
353 1641 394 1660 ae.
431 1632 451 1660 f.
489 1632 592 1659 Dimin.
638 1632 747 1666 [anate]
784 1631 844 1658 Liu.
862 1639 900 1664 25,
913 1639 930 1664 9
944 1632 1116 1659 Conuenerat
1177 1632 1264 1658 entiae
1272 1641 1327 1658 non
1341 1633 1395 1659 iam
1410 1635 1437 1659 in
1451 1634 1510 1660 achi
1525 1634 1574 1660 suo
1586 1641 1665 1667 atque
1679 1634 1707 1660 in
1721 1633 1770 1660 hac
1784 1634 1838 1662 fori
1852 1636 1910 1661 luce
1924 1637 2072 1669 versantur,
2080 1637 2123 1662 sed
2136 1638 2164 1664 in
2179 1646 2243 1672 por-

53 1675 191 1705 autemstt
210 1669 380 1697 Philomenes
398 1669 504 1703 portula
525 1668 621 1694 assueta
639 1667 811 1706 uenationem
826 1667 964 1700 inferens,
1000 1674 1116 1694 armatos
1176 1668 1244 1695 ticus
1257 1674 1284 1694 et
1298 1668 1439 1700 Gymnasia
1451 1670 1586 1704 primum,
1623 1677 1686 1696 mox
1701 1670 1730 1695 in
1743 1677 1891 1697 conuentus
1906 1671 2061 1698 Scholarum
2074 1674 2242 1700 recesserunt.

51 1704 207 1736 induceret,
243 1712 317 1740 parte
329 1705 380 1731 alia
394 1712 500 1738 portam
513 1702 688 1731 Temenitida
701 1702 787 1728 adiret
801 1702 919 1730 Annibal
935 1711 983 1731 etc.
998 1703 1059 1730 Liu.
1079 1712 1116 1733 25,
1126 1709 1164 1735 40
1178 1705 1354 1737 [nugabantur
1369 1705 1488 1738 porticus
1500 1706 1578 1737 lienis
1592 1705 1728 1730 coniunllis
1742 1708 1813 1736 inter
1822 1705 1868 1740 se,
1903 1707 2109 1734 vid.1NT1360.
2183 1709 2244 1744 Spa.

53 1749 93 1774 24-
163 1742 250 1776 Prope
263 1739 669 1776 hexapylonestportulamagna
681 1738 708 1765 vi
721 1738 835 1773 refringi
848 1737 950 1774 coepta.
1022 1738 1115 1772 Aperi·
1178 1738 1242 1765 tiari
1255 1739 1403 1772 porticibus
1418 1739 1498 1766 Ouid.
1512 1739 1593 1773 Epist.
1617 1747 1655 1771 ιι,
1675 1748 1717 1772 97.
1892 1740 2032 1777 Chrysippi
2051 1743 2188 1778 porticus,
2223 1745 2243 1771 i.

53 1782 99 1804 tur
111 1777 219 1812 portula
233 1776 294 1804 Liu.
314 1785 352 1810 25,
364 1785 392 1810 9.
1177 1774 1260 1798 Stoica
1272 1773 1374 1806 schola;
1410 1778 1452 1801 raa
1475 1776 1539 1799 eni».
1562 1775 1671 1808 porticus
1684 1773 1726 1809 est.
1762 1774 1831 1808 Hor.
1846 1775 1930 1802 Serm.
1947 1786 1970 1809 2,
1985 1787 2004 1810 3,
2021 1788 2059 1810 44·
2080 1779 2133 1814 lpse
2142 1777 2244 1807 Cicero

93 1820 109 1840 ι’
121 1821 140 1840 υ
152 1819 227 1840 RTE
239 1820 257 1840 1.
270 1818 337 1845 LA,
371 1820 410 1838 ae.
453 1809 474 1837 f.
517 1809 603 1836 Aliud
620 1807 725 1838 Dimin.
752 1808 834 1836 Gloss'.
854 1809 912 1835 Lat.
927 1808 974 1835 Gr.
987 1807 1118 1841 Portella‚
1176 1808 1206 1833 in
1213 1808 1378 1834 Academicis
1385 1812 1452 1843 apa-²
1466 1809 1606 1844 Augustin.
1621 1808 1688 1841 lib.3
1703 1815 1797 1836 contra
1805 1810 1901 1839 Acadd.
1909 1811 2011 1840 Clamat
2018 1814 2109 1848 Zeno,
2147 1820 2173 1842 et
2187 1822 2245 1844 tota

49 1849 195 1882 ῥυμοτύλων,
1008 1854 1010 1856 ’
1176 1844 1223 1870 illa
1241 1843 1359 1878 porticus
1378 1846 1572 1872 tumultuatur:
1609 1852 1633 1870 et
1653 1846 1745 1871 iterum
1767 1852 1850 1873 totam
1868 1847 1943 1874 illam
1956 1850 2089 1883 porticum
2112 1849 2242 1879 insanam.

89 1890 106 1910 1²
117 1890 137 1910 ο
149 1890 167 1910 ιι
177 1889 230 1911 TA
240 1889 260 1910 R
270 1887 348 1915 ivs,
382 1881 402 1908 i.
438 1889 474 1907 m.
509 1879 618 1906 Ianitor.
632 1879 712 1914 Vulg.
727 1879 845 1914 Interpr.
862 1888 875 1906 2
899 1879 964 1914 Reg.
973 1889 998 1913 7,
1014 1887 1043 1906 ιι.
1125 1886 1161 1913 43
1177 1879 1284 1906 octauii
1302 1880 1421 1914 porticus
1436 1882 1543 1908 Sueten.
1557 1880 1588 1907 de
1601 1880 1673 1908 Clar.
1688 1881 1836 1909 Grammat.
1850 1888 1979 1911 c.21.v1‘a.
1990 1886 2097 1912 Ordino
2110 1887 2135 1911 in
2145 1894 2242 1916 mmo.

85 1925 102 1946 P
112 1925 132 1946 Ο
143 1926 162 1945 R
172 1925 195 1946 Τ
205 1925 222 1945 E
233 1923 281 1944 ND
290 1924 310 1944 Ο
319 1937 328 1950 ,
365 1915 409 1950 di,
417 1921 486 1950 tum,
499 1917 553 1942 ete.
597 1916 775 1950 [neoc-quasve,
789 1917 932 1947 ἰκισημιίνω
941 1936 949 1949 ,
973 1917 1092 1948 προφαίνει
1102 1915 1114 1948 ]
1176 1915 1434 1956 Pompeii-porticus
1443 1937 1451 1950 ,
1489 1918 1696 1956 a1›1phit[⁷veatrun1
1709 1925 1765 1943 erat
1779 1919 1866 1944 Romae
1886 1919 2071 1956 ampltffimmn,
2110 1924 2178 1949 culus
2199 1934 2244 1951 nte.

49 1954 145 1990 Porro,
157 1955 200 1981 hoc
212 1953 247 1990 est
261 1964 272 1980 e
290 1953 441 1988 longinquo,
477 1959 543 1978 certe
554 1959 615 1977 ante
631 1951 756 1984 tendere,
790 1952 955 1987 praedicere,
987 1957 1117 1986 praemon.
1177 1952 1252 1977 minit
1271 1952 1340 1978 Plin.
1360 1954 1400 1985 36,
1424 1960 1448 1985 ις
1471 1954 1558 1980 Cauca
1583 1952 1638 1986 ipsa
1661 1953 1730 1987 cepit
1750 1953 1893 1980 hominum
1917 1958 2124 1984 Lxxx.1nillia:
2159 1968 2243 1993 quum

43 1990 138 2028 strare.
174 1990 231 2018 Cic.
237 1989 269 2016 de
276 1989 340 2016 Nat.
349 1989 431 2014 Deor.
439 1996 490 2023 2‚7
502 1987 702 2015 Praedictiones
711 1995 777 2014 vero
784 1993 810 2014 et
818 1986 1011 2022 praesensiones
1025 1994 1117 2012 rerum
1178 1988 1301 2020 Pompeii
1310 1987 1502 2022 amphitheatri
1511 1988 1591 2016 toties
1599 1988 1777 2022 multiplicata
1792 1989 1867 2023 vrbe,
1877 1997 2003 2026 tantoque
2018 1993 2122 2019 maiore
2138 1996 2241 2030 populo

46 2026 203 2054 triturarum
222 2024 287 2059 quid
307 2023 381 2050 aliud
400 2023 552 2055 declarant,
585 2022 633 2048 nifi
652 2022 810 2049 hominibus
824 2031 854 2048 ea
867 2030 933 2056 quae
948 2021 996 2047 fint
1009 2021 1115 2056 ostendi,
1176 2020 1286 2048 sufficiat
1300 2029 1348 2049 xL.
1365 2030 1403 2049 M.
1419 2024 1537 2049 Meminit
1550 2030 1574 2048 et
1588 2023 1659 2048 huius
1673 2025 1823 2050 Plutarchus
1835 2027 1863 2050 in
1875 2028 1933 2051 vita
1940 2028 2024 2054 Bruti.
2038 2029 2242 2057 minimatum

49 2061 201 2097 monstrari,
235 2059 368 2095 p0r32„d;‚
386 2058 522 2092 praedici,
559 2066 591 2083 ex
611 2066 665 2091 quo
684 2057 731 2089 illa
749 2057 857 2092 ostenta,
901 2056 1024 2090 monstra,
1059 2062 1116 2090 por·
1126 2064 1158 2090 50
1174 2057 1343 2091 Theatrum,
1364 2058 1491 2084 interdum
1499 2058 1600 2085 Aedem
1617 2059 1738 2093 Pompeii
1766 2062 1895 2086 nominat.-
1915 2062 1998 2098 ttempe
2017 2073 2091 2090 erant
2112 2068 2167 2091 haec
2188 2075 2243 2093 con.

51 2096 249 2136 tena,pr0digia
256 2094 398 2122 dicuntur?
413 2094 478 2128 conf.
486 2093 518 2119 de
526 2092 561 2120 N.
574 2093 607 2119 D.
624 2102 641 2126 ι,
655 2101 684 2125 93
698 2101 719 2118 c.
734 2102 772 2125 4²·
845 2091 955 2118 Cladem
973 2090 1114 2131 portende-
1175 2093 1259 2119 ium‘la
1279 2094 1369 2135 omnia.
1443 2129 1449 2134 ι
1589 2091 1611 2131 ᾖ
1650 2104 1662 2120 2
1700 2095 1820 2122 Porticus
1836 2114 1845 2126 ‚
1875 2097 2006 2133 fignificat
2029 2101 2243 2136 non-naculum,

49 2141 81 2161 re
93 2132 174 2159 alicui
185 2131 319 2164 Sil.4,133.
392 2129 641 2169 Commutatiouem
656 2137 746 2168 rerum
761 2127 861 2168 populo
881 2128 1040 2163 portendere
1058 2127 1117 2154 Cic.
1168 2129 1225 2162 ſsue
1252 2137 1385 2169 tentortafn
1418 2129 1475 2156 Cic.
1507 2128 1592 2170 ΤιιίεἸ
1627 2138 1652 2163 2,
1665 2135 1694 2163 38
1727 2140 1748 2158 c.
1772 2134 1799 2158 16
1836 2132 1962 2168 Namque
1994 2135 2144 2170 Aesculapii
2176 2136 2242 2165 libe,

52 2167 85 2195 de
101 2168 192 2196 Diuin.
208 2177 227 2201 1,
243 2176 280 2198 ας.
352 2165 443 2194 Gener
456 2165 536 2192 alicui
551 2163 721 2199 portenditur
741 2165 817 2199 Virg.
831 2165 897 2190 Aen.
916 2171 943 2198 7,
958 2167 1012 2194 256.
1050 2164 1115 2189 Lae·
1174 2173 1270 2191 rorum
1288 2166 1370 2192 saucii
1390 2166 1501 2200 opplent
1520 2173 1647 2200 porticuS.
1759 2168 1879 2202 Loquitur
1899 2172 1929 2194 de
1943 2172 2073 2197 Podalia-io
2086 2180 2109 2198 et
2124 2175 2242 2200 Machao-

49 2209 76 2230 ta
92 2204 183 2231 onmia
195 2195 549 2240 prosperaqueffld‘rtendere
562 2200 623 2227 Liu.
634 2210 652 2231 ι,
667 2220 673 2227 .
690 2221 696 2227 .
734 2200 820 2227 Metus
836 2208 889 2226 nox
902 2199 1040 2234 portendit
1055 2199 1117 2225 Stat.
1168 2209 1221 2235 me,
1259 2202 1302 2235 qui
1315 2204 1350 2227 ad
1366 2201 1467 2228 Troiam
1479 2201 1630 2234 tendebant,
1668 2208 1692 2228 et
1719 2203 1883 2230 tabernas-ula
1907 2205 2044 2232 habebant.-
2080 2218 2182 2242 qia-rum
2202 2215 2242 2235 ta.

49 2239 142 2267 Theb.
155 2248 184 2273 9,
197 2245 251 2272 583.
321 2237 410 2265 Metus
424 2245 456 2264 ex
469 2236 576 2264 ostentis
591 2235 939 2270 magnorumpericulorum
946 2234 1117 2270 portenditur
1129 2244 1159 2271 55
1176 2238 1306 2263 bernaculv
1322 2237 1405 2272 fingit
1420 2237 1547 2272 adstrut‘la
1566 2237 1612 2272 effi
1631 2239 1752 2272 quaedam
1765 2239 1909 2274 sauciorum
1930 2244 2085 2276 receptacula
2099 2244 2125 2269 in
2142 2246 2244 2280 longum

50 2276 108 2303 Cic.
121 2277 199 2304 Verr.
211 2285 236 2309 4,
250 2280 292 2305 108
306 2283 327 2302 c.
341 2283 384 2307 49.
458 2273 540 2300 Noua
557 2273 644 2307 nuperi
661 2272 826 2306 portendunt
839 2272 932 2298 Claud.
952 2272 980 2297 in
1005 2271 1116 2306 Eutrop.
1172 2272 1296 2307 produt‘la
1314 2272 1394 2308 itfiar
1408 2272 1529 2308 porticus.

48 2320 71 2347 1,
85 2321 120 2345 ιιι.
151 2331 166 2345 .,
192 2310 344 2344 Periculum
363 2308 533 2344 principibus
552 2308 593 2335 dii
613 2307 778 2343 portendunt
797 2307 854 2335 Cic.
875 2307 907 2334 de
928 2308 1021 2342 Arusp.
1038 2307 1115 2342 Resp.
1214 2315 1229 2334 Ρ
1239 2314 1258 2335 0
1269 2315 1288 2335 R
1301 2314 1323 2335 'r
1338 2315 1348 2334 1
1358 2315 1375 2336 c
1388 2315 1410 2335 A
1423 2315 1446 2335 Τ
1456 2314 1466 2333 1
1477 2315 1513 2338 o.
1551 2307 1622 2335 onis.
1659 2309 1680 2336 f.
1717 2309 1807 2337 Macer
1820 2310 1848 2337 in
1861 2312 1879 2339 l.
1895 2312 1999 2340 funeris
2007 2314 2104 2341 sumtus
2115 2315 2147 2343 D.
2162 2315 2194 2343 de
2201 2325 2243 2344 re-

50 2358 87 2381 53.
160 2348 282 2383 Regnum
294 2345 455 2382 portendere
469 2345 530 2372 Liu.
544 2353 564 2378 t,
577 2351 600 2374 8.
673 2343 883 2378 Significationes
905 2353 995 2370 rerum
1013 2343 1115 2369 futura·
1176 2343 1295 2378 ligiofis,
1332 2349 1359 2370 et
1381 2345 1458 2371 sumt.
1480 2344 1539 2372 sun.
1563 2345 1655 2378 Itaque
1668 2344 1686 2371 fi
1700 2346 1819 2381 amplum
1832 2348 1897 2382 quid
1904 2349 2040 2377 aedificari
2049 2351 2156 2378 testator
2169 2352 2246 2379 iusse-

49 2392 113 2411 rum
128 2383 301 2419 vigilantibus
314 2388 340 2409 et
354 2380 551 2408 dormientibus
568 2380 767 2416 portenduntur
785 2381 843 2406 Cic.
863 2379 895 2406 de
911 2379 973 2406 Nat.
994 2379 1076 2406 Deor.
1091 2388 1115 2412 2,
1175 2380 1212 2406 rit
1226 2379 1323 2412 (veluti
1337 2380 1368 2407 in
1381 2380 1495 2406 circuitu
1510 2380 1714 2415 perticationes)
1728 2391 1773 2408 eos
1790 2384 1890 2411 sumtus
1903 2385 2006 2412 funeris
2025 2387 2100 2412 causa
2114 2396 2169 2414 non
2181 2389 2242 2415 esse.

50 2422 106 2448 16⁶.
175 2420 254 2454 Sp‘em
272 2417 432 2454 portendere
452 2417 512 2445 Liu.
530 2425 571 2450 29,
593 2425 623 2442 ιι.
696 2416 883 2451 Significatione
901 2414 996 2450 paffiua
1013 2416 1071 2449 vsus
1084 2414 1115 2450 est
1126 2417 1162 2442 60
1212 2422 1362 2448 Pomm
1373 2415 1469 2449 VLA,
1492 2425 1531 2443 ae.
1555 2415 1576 2443 f.
1597 2417 1739 2453 [ηαςάεη]
1785 2419 1887 2447 nimiu,
1908 2429 1922 2447 a
1935 2421 2057 2456 Porticu,
2096 2423 2183 2451 Van-0
2202 2426 2242 2451 di-

18 2468 22 2470 >
42 2456 135 2485 Plaut.
147 2455 226 2482 Cure.
240 2464 263 2488 2,
279 2464 301 2488 2,
314 2464 340 2482 22
355 2455 449 2481 Pacem
462 2453 495 2480 ab
508 2452 664 2487 Aesculapio
677 2458 763 2486 petas:
800 2461 834 2478 ne
850 2451 921 2479 forte
935 2451 986 2478 tibi
1008 2451 1117 2477 eueniat
1175 2451 1231 2485 xit,
1267 2451 1324 2487 teste
1338 2453 1453 2485 Budaeo,
1490 2459 1514 2478 et
1526 2452 1585 2479 Cic.
1600 2452 1673 2479 Fam.
1688 2462 1711 2486 7,
1725 2463 1749 2486 23
1763 2455 1792 2481 In
1812 2457 1944 2490 porticula
1963 2457 2123 2485 Tusculani.

52 2500 177 2527 magnum
190 2490 374 2526 malum,quod
388 2489 418 2516 in
436 2489 526 2525 quiete
545 2489 598 2515 tibi
618 2493 774 2523 portentum
795 2487 840 2515 est.
894 2488 914 2514 i.
932 2487 1118 2523 Praemonstra-
1204 2493 1230 2528 *P
1242 2493 1262 2515 0
1275 2495 1294 2514 R
1305 2494 1327 2515 Τ
1340 2494 1399 2521 10,
1419 2488 1488 2514 onis.
1504 2488 1524 2514 f.
1561 2488 1718 2524 [συμμορία]
1754 2492 1827 2524 quast
1842 2492 1949 2526 Partio,
1981 2494 2111 2529 significat
2129 2496 2242 2523 Partem.

49 2531 101 2562 m„
120 2527 164 2564 est,
1102 2558 1108 2564 ·
1179 2523 1235 2549 Cic.
1253 2524 1332 2552 Verr.
1346 2534 1368 2557 5,
1383 2533 1410 2557 54
1424 2532 1446 2551 c.
1460 2532 1493 2550 21.
1585 2524 1733 2559 Nunquam
1754 2527 1784 2552 in
1799 2527 1889 2556 Sicilia
1902 2525 2071 2556 frumentum
2085 2529 2192 2565 publice
2205 2531 2243 2558 est

64 2587 67 2590 .
90 2570 134 2592 ΡΟ
147 2570 166 2591 R
179 2570 201 2591 'r
215 2568 232 2589 Β
243 2568 266 2588 N
276 2568 298 2589 Τ
311 2568 332 2588 V
343 2568 386 2596 Μ,
434 2560 454 2588 i.
491 2570 517 2588 n.
555 2561 566 2593 [
579 2564 666 2594 τέρας,
680 2560 859 2594 nemoralia]
901 2559 977 2595 Qod
989 2559 1119 2592 portendit
1179 2566 1296 2592 emtum,
1332 2560 1399 2595 quin
1412 2559 1582 2587 Mamertinis
1596 2569 1645 2595 pro
1658 2560 1786 2596 portione
1796 2563 1983 2598 imperaretur.
2091 2567 2244 2594 Breuiffifflss

48 2605 80 2627 st
92 2598 278 2636 praemonstrat
296 2598 398 2632 aliquid
409 2597 547 2630 futurum.
584 2597 716 2623 Laudatur
728 2605 741 2621 e
755 2596 879 2622 Varrone
893 2596 925 2622 In
940 2594 1028 2626 caelo,
1064 2603 1118 2620 me-
1129 2596 1161 2629 65
1177 2594 1249 2621 vitae
1261 2596 1353 2630 portio
1366 2597 1460 2623 quen.
1475 2596 1524 2622 Sat.
1538 2605 1564 2631 9,
1579 2602 1627 2626 128.
1700 2598 1855 2626 Portionem
1876 2601 1980 2627 seruare
1995 2601 2027 2628 ad
2049 2601 2140 2630 decem
2154 2602 2243 2629 homi-

54 2635 185 2662 motabile
192 2634 289 2661 exstitit
297 2639 461 2668 portentum.
534 2633 609 2659 Locus
622 2629 730 2664 claffiqus
743 2631 775 2667 est
789 2631 846 2658 Cic.
863 2630 895 2656 de
915 2630 978 2658 Nat.
999 2630 1081 2656 Deor.
1095 2639 1120 2663 2,
1179 2639 1225 2657 nes
1241 2631 1352 2658 eandem
1367 2632 1444 2659 Curt.
1460 2642 1482 2665 7,
1500 2641 1530 2664 ιι,
1545 2640 1578 2659 12.
1652 2632 1769 2660 Centena
1777 2635 1887 2670 vicena,
1922 2645 1951 2663 ac
1965 2637 2060 2664 deinde
2073 2638 2112 2664 Ad
2127 2638 2172 2664 has
2179 2647 2244 2673 por-

57 2678 72 2703 7
84 2676 109 2696 et
125 2678 160 2702 ¹4-
229 2670 305 2696 Non.
321 2677 344 2702 ς,
359 2678 379 2701 3¹
395 2669 554 2696 Portentum
573 2677 627 2694 non
641 2668 727 2694 solum
737 2666 809 2702 quod
817 2665 976 2702 portendat,
996 2665 1038 2692 scd
1046 2665 1120 2700 quod
1181 2667 1270 2694 tiones
1303 2668 1372 2694 Plin.
1408 2678 1441 2700 31,
1476 2669 1493 2693 6
1525 2668 1542 2694 s.
1577 2677 1610 2700 3¹.
1755 2671 1848 2698 Portio
1869 2680 1901 2698 ex
1919 2681 1949 2699 re
1961 2673 2049 2708 aliqua
2070 2674 2137 2700 Plin.
2157 2683 2187 2706 12,
2205 2680 2240 2705 ιε.

55 2705 137 2732 etiam
158 2707 279 2740 apportet
297 2711 323 2730 et
343 2704 420 2730 faciat
437 2712 469 2731 ex
489 2704 531 2730 his
550 2703 805 2738 significationibus,
843 2711 910 2737 quae
930 2702 958 2728 in
978 2701 1120 2737 auspiciis,
1183 2702 1224 2729 Id.
1244 2708 1267 2737 8,
1287 2710 1315 2733 28
1340 2703 1478 2738 Siquidem
1492 2709 1517 2730 et
1531 2704 1650 2738 pericula
1663 2714 1839 2740 praemonent
1852 2717 1907 2734 non
1919 2708 1995 2735 fibris
2003 2709 2085 2736 modo
2108 2710 2243 2744 extisque,

57 2741 195 2776 auguriis,
237 2739 379 2774 extispiciis
399 2739 581 2766 ostenduntur.
653 2740 794 2772 Portenta,
832 2738 947 2768 ostenta,
986 2738 1120 2771 monstra,
1180 2739 1250 2766 circa
1265 2738 1339 2774 quod
1350 2748 1444 2774 magna
1458 2740 1614 2766 mortalium
1634 2742 1725 2776 portio
1739 2741 1846 2777 haeret,
1882 2743 1942 2777 sed,
1979 2752 2023 2772 etc.
2183 2744 2205 2784 q
2227 2755 2242 2774 2

56 2777 185 2813 prodigia
199 2776 339 2806 dicuntur,
377 2775 440 2809 quia
452 2775 634 2809 portendunt,
670 2774 828 2808 ostendunt,
867 2774 1031 2808 monstrant,
1048 2782 1122 2808 prae·
1130 2782 1166 2809 70
1179 2776 1333 2810 Analogiam
1376 2782 1401 2802 et
1445 2778 1591 2802 relationem
1612 2778 1665 2803 ‘ad
1707 2785 1783 2805 totum
1828 2786 1852 2806 et
1893 2787 1982 2814 partes
2015 2787 2086 2808 notat
2106 2801 2116 2815 ‚
2188 2791 2242 2810 cum

56 2813 149 2840 dicunt
169 2813 227 2839 Cic.
247 2812 279 2837 de
299 2810 392 2837 Diuin.
412 2818 432 2843 ι,
445 2819 474 2844 ⁴13
494 2820 515 2837 c.
529 2818 566 2843 ηε.
675 2812 801 2838 Portenta
813 2810 996 2837 existimarunt
1011 2810 1120 2844 quidam
1179 2811 1396 2847 Propraemgffiem
1408 2812 1487 2838 habet.
1501 2812 1559 2839 Cic.
1575 2812 1607 2838 de
1627 2813 1702 2841 Orat.
1718 2822 1741 2848 2,
1757 2822 1803 2840 220
1817 2814 1866 2841 Sed
1882 2822 2005 2851 oportet,
2041 2823 2072 2844 vt
2085 2817 2114 2844 in
2128 2817 2240 2845 aedibus

52 2849 145 2885 grauia
167 2850 233 2881 eisc,
270 2847 379 2874 Ostenta
397 2845 483 2873 bona:
519 2846 567 2873 alii
585 2847 712 2874 Portenta
733 2846 862 2880 quaedam
883 2845 970 2879 bona,
1007 2846 1116 2873 Ostenta
1176 2855 1205 2873 ac
1233 2847 1340 2882 templis
1373 2847 1503 2874 vestibula
1537 2854 1562 2874 et
1575 2848 1678 2881 aditus,
1715 2849 1749 2875 sie
1781 2850 1861 2876 causis
1892 2851 2024 2887 principia
2055 2862 2105 2889 pro
2113 2854 2241 2889 portione

32 2887 34 2889 ’
57 2883 278 2920 quaedamtristia
291 2882 428 2918 appellari.
538 2882 680 2916 Portenta,
717 2891 783 2916 quae
798 2881 861 2916 quid
876 2891 961 2916 porro
975 2882 1116 2913 tendatur,
1175 2891 1269 2909 rerum
1312 2892 1473 2918 proponere.
1522 2884 1574 2910 Pro
1630 2884 1755 2917 portione
1797 2885 1878 2913 etiam
1920 2888 1972 2915 alia
2014 2897 2048 2915 ex
2090 2889 2241 2916 multitudi-

56 2921 191 2949 indicent:
230 2921 355 2952 Ostenta,
391 2927 459 2953 quae
472 2917 803 2947 tantummodoostendant
816 2918 947 2952 monstra,
985 2918 1113 2953 praecipi·
1174 2928 1209 2945 ne
1241 2919 1336 2945 funera
1369 2919 1452 2945 multa
1482 2918 1558 2945 fuere
1579 2918 1639 2945 Liu.
1658 2927 1685 2954 7,
1713 2930 1730 2947 1.
1766 2921 1819 2947 Pro
1842 2923 1968 2957 portione
1994 2930 2039 2951 aut
2073 2925 2167 2960 gradus
2195 2930 2240 2952 aut

52 2965 101 2985 ,ant
134 2964 244 2992 quoque
283 2953 412 2982 remedia.
639 2955 789 2981 Portenta‘
816 2963 898 2989 porro
958 2954 1019 2981 fieri
1074 2953 1160 2981 cli-75
1174 2962 1284 2980 nauatae
1308 2962 1404 2988 operae
1430 2955 1507 2981 Curt.
1542 2963 1568 2987 9,
1596 2963 1615 2988 1,
1648 2958 1671 2982 6.
1698 2956 1751 2983 Pro
1783 2964 1838 2985 rata
1861 2960 1988 2994 portione
2015 2960 2116 2995 aliquid
2148 2959 2240 2986 distin-

57 2999 169 3026 cuntur,
222 3000 284 3018 cum
315 2991 392 3018 solita
428 2999 542 3026 corpora
581 2999 644 3017 raro
675 2990 701 3016 se
729 2989 883 3021 ostendunt,
954 2996 1112 3022 vtcometae,
1175 2997 1258 3023 guere
1300 2990 1357 3016 Cic.
1412 2989 1441 3016 in
1484 2991 1572 3018 somn.
1610 2991 1678 3026 Scip.
1718 3002 1747 3020 ιι,
1893 2996 1946 3022 pro
1989 2996 2066 3023 vjrffi
2107 2995 2236 3030 portione

55 3029 192 3064 turbines,
230 3025 370 3060 barathra,
405 3027 499 3054 sereno
514 3026 586 3053 caelo
607 3025 677 3053 facia
696 3026 824 3053 tonitrua.
845 3025 948 3053 Paullus
968 3025 1046 3052 Festi.
1067 3025 1116 3065 Er-
1175 3024 1323 3065 Tacit3in¹
1338 3025 1393 3051 vita
1412 3026 1502 3065 lig-ric.
1528 3036 1565 3057 45.
1591 3027 1715 3054 Columel
1746 3037 1774 3064 7,
1799 3039 1808 3056 ι
1834 3032 1865 3057 de
1891 3032 1969 3064 asinis
1992 3033 2108 3065 loquens,
2149 3032 2239 3059 Huius

99 3065 219 3092 nationes
246 3070 451 3098 portentorum,
488 3062 678 3089 Hetruscoruiu
698 3061 836 3096 disciplina
860 3062 1033 3089 continentur
1058 3061 1129 3087 Cic?
1175 3059 1297 3087 animalis
1328 3067 1381 3088 tam
1414 3070 1524 3096 exlguae
1558 3063 1657 3089 tutelae
1682 3064 1798 3098 plurima
1825 3073 1851 3093 et
1883 3066 2020 3093 necessaria
2046 3075 2127 3101 opera
2150 3067 2229 3102 supra

55 3101 89 3129 de
101 3102 194 3136 Arusp.
207 3101 281 3134 Resp.
296 3105 328 3130 ιε.
426 3098 578 3126 Hominum
604 3097 790 3133 pecudumque
810 3105 930 3133 portenta
949 3103 1053 3132 praeter
1070 3105 1115 3122 na-
1174 3097 1328 3131 portionem
1358 3097 1528 3132 respondent.
1547 3098 1566 3125 i.
1587 3099 1712 3126 Maiorem
1734 3102 1875 3127 ‘utilitatem
1907 3103 2043 3137 praebent,
2085 3112 2158 3137 quam
2189 3110 2238 3138 pra

58 3135 142 3171 >meam
162 3137 218 3164 Cic.
239 3136 271 3163 de
292 3136 355 3163 Nat.
376 3136 458 3162 Deor.
473 3144 497 3168 2,
513 3142 549 3166 14.
645 3135 778 3169 Interpres
796 3141 984 3169 portentorum
1004 3133 1062 3159 Cic-
1081 3132 1114 3158 de
1125 3139 1158 3165 80
1180 3142 1241 3158 cura
1272 3141 1295 3159 et
1321 3135 1400 3159 tutela
1422 3133 1471 3168 sui.
1494 3133 1600 3168 Plin.u,
1615 3144 1642 3167 37
1650 3135 1798 3163 Cei-ebrum
1806 3137 1897 3163 onmia
1917 3136 2016 3164 habent
2029 3137 2156 3164 animalia
2170 3147 2238 3173 quae

52 3168 147 3201 ''Diu'm
167 3182 190 3204 2,
209 3175 247 3199 61.
303 3171 376 3199 Idem
386 3171 417 3198 de
430 3171 554 3198 Prouinc.
574 3170 652 3197 Cons.
660 3179 684 3200 2,
697 3180 719 3197 c.
737 3179 745 3197 ι
759 3170 839 3204 Quod
854 3172 872 3198 fi
886 3171 947 3204 ille,
984 3176 1010 3195 et
1024 3168 1113 3203 paullo
1174 3168 1339 3203 sanguinem.
1354 3168 1403 3197 Sed
1416 3169 1501 3196 homo
1514 3170 1641 3204 portione
1660 3173 1816 3198 maximum.

61 3210 132 3242 ante,
165 3215 192 3236 et
206 3208 418 3243 quotiescunqpe
437 3208 464 3234 ei
484 3207 557 3233 locus
577 3205 683 3233 dicendi
696 3215 724 3233 ac
738 3206 849 3241 potessas
863 3207 930 3239 fuit,
968 3205 1115 3232 Gabinium
1215 3211 1230 3230 P
1243 3210 1263 3230 0
1276 3211 1295 3231 R
1306 3211 1328 3232 T
1340 3212 1352 3232 Ι
1362 3212 1381 3231 v
1394 3212 1416 3231 N
1426 3211 1443 3232 C
1454 3204 1500 3233 831.
1509 3213 1531 3233 A
1540 3228 1549 3241 ,
1569 3214 1609 3234 ae.
1629 3208 1648 3234 f.
1670 3208 1772 3234 Dimin.
1781 3208 1965 3248 [συμμοςὶδιον]
1982 3208 2108 3243 Apuleius
2118 3229 2124 3237 .
2140 3229 2147 3236 .
2163 3230 2169 3236 .
2178 3209 2236 3243 Qui

41 3247 43 3250 “
60 3247 88 3269 et
98 3243 217 3279 Pisonem
230 3244 283 3271 duo
298 3243 410 3278 Reipub.
418 3250 558 3279 portenta,
594 3252 623 3269 ac
637 3251 719 3277 paene
732 3243 844 3275 funera,
879 3252 939 3269 cum
962 3248 1073 3276 propter
1090 3249 1117 3267 a·
1175 3250 1258 3276 quum
1276 3249 1291 3266 a
1311 3250 1354 3267 me
1361 3241 1558 3276 portiunculam
1572 3244 1699 3277 posceret.
1850 3243 1987 3270 Historiae
2001 3245 2239 3280 Suetoniicompe.

62 3277 117 3305 lias.
129 3280 230 3311 caus-w,
264 3286 322 3309 tum
340 3280 454 3310 maxime
473 3285 583 3315 propter
608 3278 677 3305 illud
696 3278 796 3314 insigne
817 3279 898 3306 scelus
919 3287 1031 3310 eorum,
1068 3284 1114 3303 etc.
1174 3282 1257 3303 tentes
1271 3278 1451 3311 portiunculas
1472 3277 1646 3314 decerpsimus
1670 3278 1746 3306 Oros.
1760 3280 1785 3309 6,
1797 3288 1819 3311 7.
1911 3280 2084 3307 Portiuncula
2096 3287 2237 3308 contentus

61 3313 149 3341 Fatale
162 3320 330 3349 portentum,
368 3315 572 3350 prodigiumque
587 3315 664 3350 Reip.
677 3315 704 3342 P.
719 3314 847 3342 Clodium
858 3323 930 3341 vocat
951 3313 1007 3341 Cic.
1026 3313 1055 3339 in
1075 3312 1115 3339 Pi·
1129 3320 1158 3351 85
1175 3313 1236 3347 le.
1251 3312 1268 3339 l.
1282 3324 1304 3345 4·
1341 3313 1369 3340 ff.
1382 3313 1414 3340 de
1434 3314 1480 3340 vsu
1493 3321 1520 3342 et
1540 3315 1599 3345 hah.
1619 3314 1687 3347 conf.
1726 3314 1766 3341 Id.
1785 3314 1815 3341 ff.
1830 3323 1858 3347 39
1872 3319 1890 3341 t.
1905 3324 1917 3341 2
1932 3316 1950 3342 Ι.
1965 3313 2028 3379 ιςΊρ.
2043 3326 2064 3349 ¹3
2078 3324 2102 3342 et
2116 3323 2135 3344 t.
2148 3316 2183 3349 31.
2194 3325 2233 3344 ιο.

61 3350 116 3377 son.
131 3358 146 3382 9
161 3358 183 3376 c.
194 3359 221 3383 4.
348 3351 433 3378 Multa
457 3350 580 3378 donanda
592 3351 707 3385 ingeniis
722 3358 789 3386 puto
797 3369 806 3382 ,
841 3351 884 3382 sed
898 3348 1019 3377 donanda
1031 3349 1114 3383 vitia,
1214 3355 1230 3375 P
1241 3356 1260 3377 ο
1270 3355 1291 3376 R
1302 3356 1324 3377 T
1335 3356 1345 3376 1
1356 3355 1377 3376 ο
1390 3356 1413 3375 Ν
1424 3356 1447 3376 Α
1456 3356 1473 3376 1.
1484 3358 1494 3378 1
1504 3357 1516 3378 S
1525 3371 1533 3384 ‚
1542 3359 1565 3377 e.
1582 3349 1641 3377 Adi.
1650 3351 1716 3375 Idem
1729 3352 1794 3384 quod
1801 3350 1982 3378 Parth-alaris.
2017 3351 2105 3379 ertull.
2115 3353 2147 3379 de
2154 3353 2233 3389 Virg.

59 3394 117 3414 non
132 3391 255 3420 portenta
267 3387 323 3414 sunit
329 3387 388 3414 Sen.
397 3386 639 3422 Contr011.5praef.
736 3386 839 3422 Magica
847 3386 1041 3422 portenta,vid.
1050 3392 1113 3412 MA-
1175 3385 1288 3412 veland.
1302 3395 1323 3412 e.
1337 3396 1351 3418 4
1366 3385 1519 3414 Subieenun
1532 3386 1567 3412 est
1581 3384 1733 3421 portionale
1750 3385 1904 3413 vniuersali.
1941 3389 2002 3415 add.
2015 3387 2054 3415 Id.
2068 3387 2102 3415 de
2123 3389 2234 3417 Resurr.

60 3428 132 3450 Gvs.
212 3421 308 3448 Ferunt
320 3423 405 3449 casum
420 3421 536 3456 aliquem
549 3428 673 3457 portenta
685 3423 761 3459 Virg.
783 3425 848 3452 Aen.
862 3429 886 3458 8,
900 3433 946 3455 533·
1061 3421 1115 3448 Lo·
1176 3422 1256 3448 Carn.
1269 3432 1334 3455 c.57.
1352 3429 1377 3448 et
1390 3422 1449 3450 adu.
1463 3424 1592 3456 Hermog.
1607 3430 1629 3448 c.
1643 3430 1674 3453 3¹-

59 3457 108 3494 qui
122 3456 240 3483 monstra
252 3465 280 3484 ac
293 3464 415 3492 portenta
435 3458 540 3485 Lucret.
557 3467 586 3493 4,
597 3452 656 3494 5945
781 3458 892 3487 Obstant
904 3458 946 3485 sed
959 3456 1040 3485 variis
1054 3466 1117 3492 por·
1212 3465 1255 3486 ΡΟ
1265 3465 1283 3484 R
1294 3465 1315 3485 T
1325 3465 1335 3485 1
1347 3465 1360 3485 s
1372 3463 1390 3489 c
1402 3456 1424 3486 ὕ
1434 3467 1450 3486 L
1459 3467 1480 3486 v
1490 3465 1503 3485 s
1514 3479 1521 3490 ‚
1541 3458 1559 3484 i.
1582 3467 1617 3484 m.
1654 3457 1759 3484 Festus:
1773 3457 1936 3485 Portisculus
1950 3458 2002 3496 est,
2038 3465 2067 3486 vt
2080 3459 2172 3487 scribit
2185 3461 2235 3488 Ae·

60 3499 131 3522 tenta
144 3491 223 3520 det'un
237 3493 382 3523 terroribus
397 3493 473 3528 Virg.
498 3494 562 3520 Aen.
582 3504 606 3528 7,
624 3501 662 3527 58.
769 3496 820 3522 Pro
834 3497 898 3522 Bono
909 3494 1001 3520 mine.—
1037 3493 1115 3528 Virg.
1124 3502 1161 3528 90
1175 3493 1227 3520 lius
1241 3494 1308 3521 Stilo
1317 3513 1326 3525 ‚
1364 3495 1410 3528 qui
1426 3495 1454 3521 in
1466 3502 1545 3529 portu
1561 3494 1614 3525 (vbi
1630 3494 1736 3519 maxime
1749 3501 1896 3520 exercentur
1910 3502 2001 3522 nautae
2014 3502 2038 3522 et
2058 3495 2235 3531 instituuntur)

60 3531 127 3558 Aen.
159 3535 182 3562 8,
218 3537 258 3560 553
295 3528 338 3555 Ne
361 3538 457 3564 quaere.
489 3529 613 3564 profecto
662 3532 751 3565 Quem
784 3532 870 3559 casum
883 3535 1005 3566 portenta
1017 3529 1126 3556 ferant.·
1175 3530 1288 3557 modum
1302 3531 1345 3557 dat
1358 3530 1434 3557 classi.
1541 3529 1571 3556 Id
1584 3534 1672 3556 autem
1685 3528 1721 3555 est
1735 3527 1857 3555 malleus:
1895 3531 1970 3558 cuius
1983 3531 2107 3558 meminit
2121 3532 2189 3559 Cato
2203 3533 2233 3559 in

38 3566 41 3569 '
62 3567 111 3592 sed
126 3566 202 3592 etiam
219 3565 395 3599 defitflt'onibus
408 3565 581 3592 undatim-ibus
593 3568 741 3594 Poetarum:
779 3568 836 3595 Cic.
857 3567 940 3595 Tusc.
959 3575 979 3599 1,
993 3575 1022 3592 ιι.
1060 3568 1114 3592 Aut
1174 3565 1329 3593 diss'uafione
1349 3567 1380 3593 de
1394 3574 1456 3600 rege
1476 3565 1564 3592 Attalo
1582 3570 1607 3591 et
1620 3564 1796 3599 veffigalibus
1818 3565 1906 3596 Aliae,
1943 3567 1972 3594 C.
1987 3567 2095 3594 Licinio
2109 3574 2233 3602 praetore

9 3605 13 3636 1
59 3601 124 3638 quid
137 3601 239 3636 negotii
255 3600 292 3627 est
305 3599 369 3626 haec
377 3601 517 3628 Poetarum
531 3606 558 3627 et
575 3600 709 3634 pictorum
720 3609 843 3639 portenta
862 3601 1041 3630 conuincerez
1172 3602 1286 3638 remiges
1306 3602 1397 3637 scripti
1417 3601 1488 3627 ciues
1501 3600 1616 3628 Romani
1630 3599 1677 3627 sub
1701 3601 1878 3634 portisculum
1896 3604 1943 3634 (ad
1952 3612 2044 3638 remos,
2081 3610 2111 3629 vt
2129 3604 2234 3639 remiger

10 3638 13 3650 ¹
83 3639 88 3644 ’
99 3643 116 3664 ι’
127 3644 146 3666 o
155 3644 205 3665 ΚΤ
217 3643 232 3663 Ε
245 3642 296 3663 ΝΤ
305 3637 325 3663 6
334 3642 377 3663 ὃν
388 3641 402 3662 s
412 3644 452 3669 ‚a‚
464 3645 519 3664 um.
534 3636 595 3663 Adi.
610 3636 777 3675 [τεμτώδης]
815 3640 891 3676 Qod
910 3644 1051 3674 portentum
1066 3638 1113 3673 fa·
1167 3639 1275 3674 fierent,
1284 3646 1308 3665 et
1316 3638 1363 3665 sub
1377 3636 1523 3671 portisculo
1539 3645 1567 3662 vt
1575 3637 1622 3672 sub
1634 3636 1731 3670 sceptro
1743 3636 1829 3672 effert)
1844 3637 1890 3663 sub
1904 3637 2015 3673 flagrum
2030 3638 2172 3673 conscripti
2190 3648 2234 3666 ve.

62 3672 108 3700 eit.
200 3674 257 3700 Cit-
270 3672 302 3699 de
316 3671 410 3698 Diuin·
423 3680 446 3708 ε,
459 3674 493 3698 60
505 3681 528 3699 c·
543 3677 581 3702 28-
651 3679 655 3682 “
676 3675 719 3701 An
728 3684 795 3702 vero
809 3675 855 3702 illa
881 3684 929 3701 nos
944 3678 1062 3707 terrent,
1099 3673 1157 3708 si95'
1173 3674 1250 3701 niere
1259 3674 1445 3709 pallim.Plaut.
1459 3671 1527 3698 Asin.
1541 3681 1563 3704 3,
1579 3682 1598 3706 ι,
1612 3680 1635 3701 ις
1646 3671 1678 3698 Et
1692 3680 1778 3699 meam
1792 3680 1894 3706 partem
1911 3674 2038 3708 loquendi
2053 3681 2079 3701 et
2097 3682 2169 3702 tuam
2181 3681 2232 3701 tra-

10 3738 13 3742 ·
61 3705 167 3744 quando
185 3709 274 3744 aliqua
299 3707 452 3744 portentosa
469 3713 514 3734 aut
532 3716 565 3734 ex
579 3706 694 3742 pecude,
729 3717 773 3738 aut
786 3720 819 3738 ex
833 3711 941 3738 homine
954 3716 1014 3737 nata
1022 3710 1114 3737 dicun-
1173 3710 1209 3744 do
1222 3710 1284 3738 tibi.
1399 3707 1439 3734 Ad
1453 3707 1615 3742 loquendum
1629 3713 1708 3741 atque
1723 3707 1754 3734 ad
1769 3708 1906 3735 tacendum
1920 3715 1976 3737 tute
1989 3710 2085 3738 habeas
2102 3710 2231 3746 portiscu-

60 3746 122 3771 tur?
224 3746 294 3773 Suet.
313 3743 414 3771 Domit.
428 3752 450 3770 c.
464 3753 478 3775 4
492 3744 560 3770 Ante
572 3742 650 3778 pedes
663 3744 718 3770 eius
730 3746 809 3776 stabat
822 3747 946 3783 puerulus
965 3747 1113 3773 coccinatus
1174 3747 1240 3774 lum,
1333 3745 1406 3770 Hunc
1423 3745 1500 3770 lomm
1521 3745 1628 3769 laudans
1647 3743 1706 3771 Ifid.
1722 3745 1799 3778 Orig.
1815 3753 1851 3777 ¹9,
1867 3752 1894 3772 ιι
1906 3746 1960 3777 ait,
1996 3747 2143 3773 Porticulus
2155 3746 2168 3778 <
2181 3746 2230 3778 leg.

3 3789 13 3808 ,ι
54 3781 213 3817 portentoso
227 3789 362 3816 paruoque
375 3779 467 3814 capite.
605 3779 742 3807 Mendacia
752 3783 876 3810 Graeciae
890 3782 1039 3817 portentosa
1047 3782 1115 3809 Plin.
1173 3781 1355 3812 Portisculus)
1375 3779 1485 3806 malleus
1503 3778 1533 3805 in
1552 3788 1631 3805 manu
1646 3786 1764 3814 portatus
1778 3780 1906 3812 (Gronau.
1920 3782 1993 3808 malit
2005 3781 2159 3810 hortatoris)
2173 3786 2229 3812 quo

61 3824 86 3851 ς,
104 3826 123 3843 ι.
229 3818 341 3851 Compar.
361 3824 414 3849 quo
433 3813 497 3850 quid
515 3812 576 3840 fieri
589 3816 766 3849 portentosius
779 3818 860 3852 potest
868 3820 926 3845 Seu.
939 3818 985 3852 Ep.
996 3824 1036 3852 87.
1045 3817 1114 3845 Plin.
1174 3819 1268 3846 modus
1278 3818 1432 3852 fignumque
1452 3815 1527 3841 datur
1546 3815 1746 3850 remigantibus.
1819 3815 1973 3844 Aldhelmut
1987 3817 2020 3844 de
2028 3816 2160 3844 Laudibus
2174 3813 2229 3839 vir-

61 3862 99 3888 ²4,
113 3861 136 3884 ¹7
150 3852 345 3880 Portentofiora
356 3850 448 3878 tradit.
558 3849 637 3885 Signa
649 3851 769 3879 Tertull.
784 3852 816 3880 de
831 3857 910 3882 An.c.
921 3861 960 3887 57.
974 3855 1034 3880 add.
1047 3862 1069 3879 c.
1077 3862 1166 3886 32·1oo
1173 3855 1278 3889 ginitat.
1351 3851 1437 3884 Agens
1459 3850 1634 3877 Liburnicum
1655 3858 1698 3878 aut
1720 3850 1844 3883 lintrem,
1879 3852 2006 3880 instanter
2032 3854 2153 3878 hortante
2167 3857 2229 3883 pro-

61 3888 160 3922 Superl.
181 3888 277 3914 Oratio
289 3886 507 3923 portentosissima
524 3885 584 3912 Sen.
603 3895 645 3921 ep.
662 3895 708 3919 ¹¹4·
781 3887 853 3924 Opus
867 3888 1113 3926 portentosiffimum
1173 3897 1246 3920 reta,
1283 3892 1309 3914 et
1322 3887 1466 3920 crepitante
1480 3887 1603 3913 nauclero
1615 3886 1771 3923 portisculo.
1881 3890 1933 3914 Hoc
1952 3890 2034 3923 igitur
2046 3894 2150 3925 certata,
2165 3885 2227 3910 Por-

61 3923 130 3952 Plin·
144 3925 228 3956 36³¹3·
342 3946 348 3948 .
1172 3925 1295 3953 tisculum
1316 3922 1364 3957 ff
1382 3921 1586 3956 instrumentum,
1621 3932 1667 3957 quo
1677 3922 1779 3957 figmtm
1796 3924 1870 3949 detur
1893 3925 1985 3950 nautir.
2055 3923 2097 3946 An
2112 3920 2160 3955 ‘pse‘
2172 3929 2229 3954 φυο-

87 3967 89 3969 *
101 3965 118 3986 r
130 3965 150 3986 o
159 3966 180 3986 R
189 3964 267 3985 TEN
277 3964 299 3986 Τ
309 3965 344 3986 11³
354 3958 367 3986 1²
378 3965 396 3987 c
408 3966 427 3986 v
436 3965 466 3992 s,
513 3967 538 3991 a,
587 3965 643 3984 um-
685 3956 745 3983 Adi.
779 3958 967 3995 [mannae]
1006 3961 1116 3988 Venena
1174 3971 1219 3997 que
1233 3961 1379 3988 Hortatur,
1415 3957 1563 3992 quiſsgnom
1576 3958 1638 3985 illud
1650 3959 1734 3984 tenet?
1771 3958 1863 3985 Suadet
1875 3960 1936 3986 Vct.
1951 3961 2047 3985 onom.
2068 3955 2229 3981 Portisculus

80 3991 250 4026 ortentifica,
282 3995 402 4021 Portenta
413 4006 443 4022 ac
455 3994 561 4027 monstra
567 3993 704 4027 facientia.
741 3993 902 4028 Ouia-Met.
917 4005 999 4030 ¹4,55-
1037 3997 1116 4024 Heia.
1175 3995 1293 4025 χελευςῆι.
1313 3994 1366 4019 vid.
1384 3998 1580 4021 CELEVSTES.
1708 3992 1817 4021 Nonius
1831 4003 1852 4026 2,
1865 3997 1908 4027 637
1922 3991 2080 4020 Portisculus
2095 3991 2150 4026 ait,
2165 3998 2229 4024 pro-

57 4035 108 4071 με
121 4033 185 4068 legit
197 4034 414 4058 PORTEN'HFE
421 4037 477 4060 ΒΑ.
485 4031 597 4066 Figurae
612 4027 796 4064 portentificae
808 4030 925 4062 Lasiam.
937 4041 960 4067 2,
974 4042 1004 4066 ¹3·
1120 4042 1162 4071 ¹05
1175 4033 1233 4069 prie
1247 4031 1282 4060 est
1294 4030 1417 4059 hortator
1432 4029 1580 4066 remigum,
1615 4027 1643 4056 id
1658 4027 1693 4058 est
1707 4029 1753 4065 qui
1775 4030 1885 4058 candem
1897 4028 2022 4065 perticam
2035 4031 2122 4060 tenet,
2159 4033 2229 4060 quae

216 4072 310 4093 vor..
346 4066 405 4094 111.
613 4096 615 4098 ,
1351 4066 1367 4091 6
1404 4064 1424 4092 F
2143 4061 2227 4097 porti-
