2517 4231
10 3850 12 3858 ι

10 3864 13 3878 l

36 1133 39 1139 “
59 1142 95 1160 113
126 1133 183 1160 Cic.
198 1132 277 1160 Acad.
291 1142 324 1167 4,
342 1142 372 1166 57
389 1141 411 1159 c.
425 1138 458 1161 18.

65 225 146 276 697
460 217 491 259 P
572 218 724 261 AR

104 316 254 344 ennio,
277 308 386 345 peperi,
415 313 520 344 partum
539 309 583 335 vel
601 308 733 344 paritum,
759 307 813 334 ὅτε.
849 306 963 341 [τίκτω
985 310 1060 340 «ήκω,
1082 316 1119 334 aa·

65 350 137 382 χέω,
154 347 296 380 ἄπα-τίκτω]
333 346 417 372 Fctum
437 344 555 371 emittere.
597 345 703 379 Proprie
714 342 868 376 adfeminas
879 342 997 378 partinet.
1054 344 1121 371 Plin.

67 393 105 416 1Q,
117 392 141 416 33
174 384 204 409 In
220 381 321 413 Scythis
340 381 398 408 auis
413 379 595 414 magnitudine
607 379 688 407 otidis
708 378 786 405 binos
805 379 884 413 parit.
959 378 1070 406 Liberos
1089 388 1121 406 cx

65 419 116 446 sese
128 417 197 454 parit
209 417 306 444 mulier
331 417 405 444 Seru.
419 415 516 451 Sulpic.
535 415 566 442 ad
580 416 636 443 Cic.
650 415 720 442 Fam.
732 425 755 446 o,
768 424 789 444 5.
862 414 969 441 Femina
983 425 1064 451 quum
1079 425 1121 451 pc-

65 454 149 491 perit.
165 453 284 487 repletur
296 453 362 479 laste
385 453 491 480 Lucret.
504 462 525 485 5,
541 458 590 482 812.
677 451 782 477 Marem
801 458 894 484 parere
919 451 1000 478 Ouid.
1016 453 1079 478 Met.
1096 461 1122 486 9,
1145 458 1159 485 5

66 493 123 524 675.
192 489 297 521 Decies,
316 490 372 515 vid.
397 494 533 516 DECEM.
606 487 714 517 Parere,
733 485 877 520 aliquando
892 486 923 513 de
939 487 1004 514 viris
1018 487 1123 522 legitur.

66 525 164 552 Caecil.
201 525 255 552 Hic
269 525 374 551 vicinus
387 524 476 551 noster
489 522 614 558 peperifl'e
631 522 656 548 se
672 521 759 548 filium
772 529 911 549 memorat.
972 524 1027 550 Vid.
1049 523 1124 550 Non.

66 565 93 592 6,
107 571 145 596 94.
182 560 253 594 Confi
269 560 345 596 Drus.
356 559 455 595 Qmst.
470 561 545 585 Hebr.
558 567 581 591 3,
594 565 628 590 31.
700 557 847 597 Parierint,
864 566 910 594 pro
924 559 1068 594 pepererim
1082 558 1123 583 di-

40 617 43 619 »
67 598 108 624 xit
126 597 200 624 'Cato
219 606 242 622 c.
258 602 289 630 89
320 595 438 623 Gallinas
453 601 574 628 teneras„
589 601 657 627 quae
675 601 792 628 primum
811 595 956 629 pariermt,
976 593 1123 621 concludat.

51 655 53 657 .
66 633 130 659 Alia
140 633 294 667 exemplaria
305 632 396 658 hahent
409 629 521 657 Parient.
620 628 716 656 Paribo
741 631 867 665 Pompon.
885 637 924 666 ap.
939 631 1013 657 Non.
1032 639 1070 662 10,
1085 632 1124 656 26.
1140 634 1169 652 ¹0

65 668 154 695 Parire
180 669 247 695 Enn.
260 674 300 704 ap.
315 669 392 694 Varr.
407 665 473 694 L.L.
487 675 510 697 4,
524 673 560 691 ιο.
634 664 725 692 Terra
740 666 809 700 parit
821 666 911 700 fruges
943 666 999 692 Cic.
1013 665 1046 692 de
1060 665 1123 693 Nat.

64 704 146 731 Deor.
163 713 182 738 1,
194 714 207 737 4
225 713 247 730 c.
261 713 283 731 2.
357 704 451 730 Parere
463 708 515 726 oua
529 700 649 727 dicuntur
660 709 736 734 aues,
756 703 823 736 quod
834 702 922 728 Varro
936 701 967 727 de
981 702 1013 728 R.
1027 702 1058 727 R.
1072 711 1092 734 3,
1107 709 1123 734 9

64 740 206 774 aliquoties,
218 739 267 773 fi‘d
283 740 300 766 ss
316 740 340 773 17
358 738 432 764 etiam
443 736 539 763 Facere
552 736 623 765 dicit.
699 737 767 764 Plin.
783 747 820 770 ιο,
833 745 860 771 5²
884 736 1003 763 Plurima
1016 746 1068 763 oua
1081 746 1124 771 pa.

65 775 139 802 riunt
153 773 370 802 struthiocameli.
441 771 575 799 Columel.
589 778 646 805 8,14
661 774 692 798 cle
706 773 842 808 anseribus,
858 774 953 800 Ineunt
965 779 1053 798 autem
1068 781 1123 798 non

66 817 95 838 vt
110 811 212 846 priores
223 819 293 843 aues,
313 809 346 836 de
358 808 455 843 quibus
468 807 600 841 diximus,
622 808 765 836 inflstentes
779 808 868 834 humi:
886 815 948 834 nam
965 807 1022 834 fere
1034 809 1062 834 in
1077 809 1159 842 liu-15

63 847 155 880 mine,
173 853 219 873 aut
230 845 336 880 piscinis
355 844 382 871 id
401 844 516 871 faciunt:
534 843 702 879 fingulaeque
717 850 758 871 ter
769 852 842 871 anno
858 843 982 878 pariunt,
999 842 1016 869 si
1032 843 1124 877 prohi-

63 881 177 910 beantur
191 881 260 908 fetus
272 882 332 907 suos
345 880 494 907 excludere.
600 880 708 907 Pariunt
720 885 808 906 autem
822 879 930 913 singulis
945 878 1045 905 fetibus
1060 888 1123 914 oua,

63 918 152 954 primo
166 917 265 952 quina,
284 917 402 951 sequenti
416 923 558 951 quaterna,
578 915 719 942 nouiffimo
733 915 828 950 quina:
849 923 928 949 quem
942 921 1045 950 partum
1058 924 1124 941 non.

63 953 129 982 nulli
149 953 306 987 permittunt
317 952 377 988 ipfis
389 952 519 980 matribus
531 952 657 984 educare,
677 951 738 985 quia
750 950 857 984 reliquo
871 957 991 985 tempore
1004 951 1066 977 anni
1080 960 1124 978 va-

65 995 166 1017 caturae
180 988 238 1015 su'nt
251 997 265 1016 a
278 989 343 1016 fetu.
436 988 550 1016 Minime
567 993 654 1014 autem
667 985 865 1013 concedendum
882 986 918 1013 est
929 987 1038 1013 feminis
1052 994 1124 1013 extra
1131 991 1165 1009 20

62 1026 161 1060 septum
174 1019 281 1060 parcre}
303 1024 345 1052 sed
357 1026 446 1060 ‘quum
465 1023 629 1050 videbuntur
645 1021 732 1049 sedem
744 1031 889 1056 quaerere,
908 1022 1124 1058 comprimendae

62 1061 121 1088 sunt
138 1067 218 1095 atque
237 1060 390 1088 tentandae:
415 1069 476 1087 nam
493 1058 512 1085 si
529 1058 725 1094 appropinquat
744 1064 848 1093 partus,
875 1058 961 1093 digito
979 1064 1124 1093 tanguntur

63 1105 124 1130 oua,
143 1106 210 1131 quae
223 1098 282 1124 sunt
295 1097 383 1132 prima
395 1102 467 1132 parte
481 1095 603 1122 locorum
614 1094 782 1129 genitalium.
856 1095 947 1122 Ouum
965 1095 1034 1130 parit
1048 1094 1122 1129 galli-

566 1130 734 1157 Vermiculos
753 1129 862 1165 pariunt
883 1130 956 1166 ligna
974 1130 1123 1166 putretaffl

60 1169 166 1196 Lucret.
181 1179 202 1202 2,
217 1175 274 1202 898.
470 1163 492 1203 ἦ
512 1175 525 1193 2
569 1167 678 1199 Parere,
689 1173 735 1200 per
748 1167 954 1199 translationem,
970 1173 1015 1201 pro
1028 1167 1160 1201 Aequi-25

59 1214 127 1238 rere,
140 1205 196 1238 fine
207 1211 364 1240 comparare:
401 1203 532 1230 Columel.
545 1211 571 1236 9,
586 1212 593 1228 1
613 1202 739 1237 Sequitur
753 1208 783 1229 vt
796 1203 919 1230 examina
933 1202 1123 1230 defideremus:

62 1249 94 1268 ea
108 1249 191 1275 porro
204 1241 247 1267 vel
259 1248 319 1266 aere
332 1245 416 1274 parta,
435 1239 478 1265 vel
493 1238 606 1273 gratuita
618 1238 790 1272 contingunt,
810 1240 840 1264 de
852 1239 946 1274 apibus.
1021 1238 1124 1265 Auctor

61 1277 94 1304 ad
108 1277 262 1309 Hereun.4,
274 1285 286 1308 7
308 1276 372 1303 Alio
383 1282 502 1310 tempore
515 1281 623 1301 vtentur
635 1283 664 1300 ea
677 1274 812 1306 facultate,
832 1284 887 1302 non
902 1281 969 1308 tum,
983 1283 1066 1310 quum
1081 1283 1123 1310 pa-

61 1321 122 1339 rere
136 1311 183 1347 ipsi
198 1319 225 1339 et
238 1312 356 1347 gignere,
374 1319 399 1338 et
412 1311 536 1346 proferre
550 1309 661 1343 debent,
681 1311 700 1336 ι’.
721 1311 864 1346 excogitare
876 1318 900 1336 ct
913 1311 997 1337 dicere
1009 1312 1051 1337 vel
1058 1310 1124 1346 scri.

58 1350 118 1374 bere
129 1349 235 1383 aliquid.
310 1347 367 1374 Cic.
386 1347 418 1373 de
430 1347 505 1374 Orat.
517 1356 546 1380 2,
559 1349 603 1379 356
634 1347 708 1373 Haec
722 1355 764 1373 ars
783 1351 838 1373 tota
850 1346 976 1378 dicendi,
996 1346 1048 1373 siue
1061 1347 1162 1378 artis30

59 1383 148 1418 imago
162 1383 290 1417 quaedam
302 1383 339 1410 est
350 1388 376 1410 et
387 1382 550 1416 fimilitudo,
570 1381 649 1409 habet
666 1381 732 1409 hanc
749 1383 822 1416 vim,
843 1392 898 1409 non
918 1389 947 1410 vt
965 1388 1053 1410 totum
1074 1382 1123 1409 ali-

59 1419 134 1454 quid,
154 1420 230 1445 cuius
242 1419 271 1446 in
283 1419 399 1454 ingeniis
413 1419 509 1445 nostris
524 1427 583 1453 pars
595 1418 667 1445 nulla
681 1418 720 1454 fit,
732 1419 817 1453 pariat
831 1424 856 1445 et
869 1426 1005 1453 procreet:
1026 1428 1122 1446 verum

58 1462 88 1482 vt
99 1463 144 1488 ea,
164 1464 232 1490 quae
250 1455 315 1482 sunt'
322 1461 382 1482 orta
398 1455 452 1481 iam
473 1455 501 1480 in
515 1454 594 1481 nobis
609 1460 636 1480 et
650 1460 804 1488 procreata,
824 1454 918 1481 educet
936 1461 1015 1490 atque
1027 1454 1123 1481 confir-

56 1497 121 1519 met.
211 1491 268 1519 Cic.
283 1491 315 1517 ad
327 1491 400 1518 Brut.
419 1500 442 1522 15
474 1491 571 1525 Magna
590 1490 668 1525 pestis
684 1497 739 1516 erat
752 1490 857 1525 depulsa
878 1500 926 1526 per
943 1501 1008 1524 vos,
1029 1500 1123 1526 magna

57 1528 122 1562 Pop.
137 1527 216 1554 Rom.
230 1527 331 1554 macula
344 1526 427 1554 deleta
436 1548 444 1560 ‚
465 1527 543 1554 vobis
557 1535 623 1553 vero
637 1532 711 1562 parta
724 1526 817 1553 diuina
831 1527 928 1561 gloria.
1000 1527 1122 1562 Aegritu-
1140 1536 1166 1560 35

56 1563 148 1591 dinem
159 1563 240 1591 alicui
267 1563 349 1590 Plaut.
363 1563 446 1591 Trin.
463 1572 487 1594 2,
501 1571 524 1595 2,
539 1571 574 1595 35.
677 1562 841 1589 Beneficium
855 1563 904 1589 fibi
933 1563 1003 1590 Ter.
1017 1563 1082 1589 Eun.
1098 1572 1122 1596 ς,

55 1607 83 1632 2,
98 1608 135 1632 32.
215 1600 300 1626 Curas
314 1598 391 1626 nobis
403 1599 507 1634 peperit
520 1598 622 1625 iniuria
649 1599 770 1632 Propert.
782 1607 802 1631 1,
818 1605 852 1634 18,
868 1608 901 1632 23.
1011 1599 1122 1625 Causam

56 1635 129 1662 vitae
160 1635 229 1662 Plin.
246 1644 282 1666 11,
297 1644 333 1668 37.
405 1635 569 1669 Dignitatem
582 1640 608 1660 et
625 1634 732 1661 salutem
747 1634 898 1670 aliquibus,
917 1634 969 1661 suis
985 1634 1122 1669 laboribus

56 1679 151 1706 parere
176 1671 232 1697 Cic.
246 1670 275 1697 in
291 1670 370 1698 Catil.
386 1680 410 1704 4,
425 1680 444 1697 1.
517 1670 656 1696 Diffidium
677 1671 780 1697 Lucret.
793 1679 812 1702 1,
827 1679 874 1697 221.
948 1670 1004 1697 Cic.
1017 1670 1049 1697 de
1065 1671 1122 1697 Fin.

59 1717 68 1734 1
83 1716 138 1737 c.15
158 1706 205 1733 Sed
219 1706 278 1733 illas
291 1706 379 1740 reiici,
398 1706 461 1741 quia
476 1705 600 1732 dolorem
614 1705 727 1740 pariant.
798 1705 945 1732 Fastidiurn
966 1706 1032 1732 Plin.
1044 1715 1078 1738 12,
1088 1715 1122 1738 17.
1129 1710 1167 1736 40

55 1743 115 1770 Cic.
129 1751 179 1776 pro
193 1743 268 1769 Rosc.
281 1743 371 1769 Amer.
391 1751 418 1774 35
452 1743 494 1768 An
508 1742 546 1776 is,
562 1740 609 1775 qui
627 1741 730 1774 semper
749 1740 786 1766 ita
798 1741 914 1773 vixerit,
939 1747 968 1767 vt
987 1741 1123 1775 quaestum

56 1778 139 1805 noss'et
159 1778 279 1812 nullum,
316 1778 445 1805 Fructum
458 1781 546 1804 autem
565 1784 627 1801 eum
644 1776 748 1808 solum,
767 1784 847 1808 quem
861 1775 953 1802 labore
967 1776 1124 1810 peperiffet3

57 1813 181 1841 Gloriam
208 1814 264 1840 Cic.
278 1813 311 1840 ad
324 1814 398 1840 Brut.
413 1821 445 1842 ¹5·
539 1811 661 1837 Gratiam
674 1810 744 1845 apud
757 1811 876 1845 aliquem
889 1811 938 1838 fibi
959 1812 1018 1838 Liu.
1033 1821 1069 1844 34,
1083 1822 1123 1844 44.

55 1850 183 1876 Honores
194 1854 314 1875 aeternos
329 1848 418 1874 laurus
431 1846 474 1873 illi
487 1846 589 1881 peperit
617 1846 688 1873 Hor.
701 1847 790 1874 Carm.
806 1856 828 1879 2,
844 1857 864 1880 1,
878 1849 913 1874 16.
986 1848 1122 1874 Lacrimas

53 1892 180 1920 peperere
194 1883 345 1910 minoribus
359 1882 456 1909 nostris
481 1882 588 1909 Lucret.
602 1889 626 1915 ς,
639 1883 704 1915 1196.
777 1882 834 1910 Cic.
848 1883 902 1910 Off.
917 1892 940 1916 2,
953 1893 982 1916 47
1004 1884 1076 1911 Nam
1091 1884 1121 1911 L.
1136 1892 1168 1918 45

53 1919 163 1956 quidem
175 1919 291 1952 Crassus,
307 1924 390 1953 quum
405 1918 464 1945 effet
477 1917 625 1945 admodum
640 1918 808 1952 adolescens,
826 1928 882 1946 non
896 1919 1005 1946 aliunde
1018 1926 1121 1947 mutua-

52 1962 95 1984 tus
107 1955 158 1988 est,
178 1954 221 1982 sed
241 1954 289 1982 fibi
302 1955 357 1990 ipse
368 1954 472 1990 peperit
487 1954 635 1981 maximam
647 1954 766 1981 Laudem
784 1964 817 1982 ex
832 1955 878 1982 illa
894 1956 1060 1984 accusatione
1074 1965 1121 1983 no-

52 1991 104 2020 bili
122 1997 149 2018 et
185 1990 294 2018 loriosa.
402 1991 498 2016 Letum
521 1989 570 2017 fibi
591 1999 720 2024 peperere
740 1999 821 2017 manu
854 1991 930 2026 Virg.
946 1993 1010 2018 Aen.
1024 1995 1049 2022 6,
1069 1999 1122 2024 435.

51 2027 155 2056 Malum
192 2036 225 2054 oe
237 2027 337 2054 misero
350 2026 442 2061 lingua
456 2026 560 2060 peperit
583 2026 693 2052 Tibull.
709 2036 733 2059 4,
748 2036 780 2059 13,
795 2036 837 2053 20.
909 2027 1018 2053 Moram
1036 2028 1120 2054 Plaut.

52 2063 141 2091 True.
153 2071 215 2097 2,.3‚
228 2072 261 2095 13.
346 2062 453 2088 Paritur
466 2062 517 2087 Pax
532 2061 606 2087 bello
628 2061 701 2096 Nep.
714 2070 749 2092 15,
761 2070 784 2093 5,
800 2071 824 2093 4.
902 2061 959 2088 Cic.
972 2062 1044 2088 Fam.
1059 2072 1096 2097 10,
1109 2071 1121 2092 5
1130 2067 1161 2093 50

52 2099 178 2126 Vic‘toria
191 2099 254 2131 Pax,
270 2106 327 2124 non
340 2096 464 2132 paetione
478 2095 605 2130 parienda
619 2096 664 2122 est.
738 2096 895 2130 Perfugium
908 2096 1020 2131 pedibus
1040 2098 1121 2124 Plaut.

53 2134 146 2163 Cistel.
161 2143 182 2164 1,
194 2143 216 2165 3,
229 2142 260 2164 ¹3·
297 2133 316 2160 ί.
336 2131 477 2167 Ausugerb.
596 2131 724 2158 Reditum
743 2131 775 2158 ad
790 2133 850 2158 suos
869 2132 944 2160 ferro
957 2132 1005 2159 sibi
1018 2142 1121 2168 parere,

53 2172 110 2197 vid.
127 2169 220 2204 Segnis
241 2167 410 2204 prouidentia
430 2167 458 2192 in
478 2172 493 2193 P
505 2172 523 2192 R
535 2172 556 2193 0
568 2173 590 2192 v
600 2174 611 2193 1
623 2173 643 2193 D
653 2174 671 2194 E
681 2174 711 2195 o.
821 2167 937 2195 Salutem
964 2169 1038 2196 Caes.
1056 2169 1120 2196 Bell.

55 2206 124 2234 Gall.
134 2214 154 2239 1,
165 2214 201 2237 53.
273 2205 403 2230 Somnum
414 2202 466 2229 tibi
478 2202 570 2237 peperi
585 2212 662 2230 rnero
684 2202 794 2230 Tibull.
809 2213 827 2236 1,
841 2205 910 2237 6‚27.
969 2204 1121 2240 Spinofiora

54 2242 139 2271 multa
148 2246 309 2276 pepererunt
322 2238 456 2265 dialectici
476 2238 533 2266 Cic.
543 2238 572 2264 in
586 2239 661 2266 Orat.
675 2248 720 2271 114.
794 2240 886 2273 Quum
899 2240 1001 2268 virtute
1013 2241 1121 2274 Tyran-
1134 2247 1163 2274 55

54 2277 148 2305 nidem
159 2275 208 2304 fibi
218 2275 359 2312 peperisset
385 2274 456 2309 Nep.
471 2283 506 2307 21,
520 2283 543 2306 2,
556 2283 576 2306 3.
685 2275 775 2302 Verba
790 2284 892 2309 parere,
912 2276 943 2313 est
956 2278 1029 2303 Noua
1042 2277 1119 2302 verba

50 2316 158 2355 ῥῆμα.
199 2347 205 2353 .
222 2311 288 2347 Cicz.
295 2310 326 2337 de
337 2310 397 2337 Fin.
411 2319 428 2350 3—
442 2319 464 2336 c.
479 2319 490 2337 1
525 2309 691 2352 quue-cum
708 2311 834 2343 Graecis,
854 2317 912 2339 tum
932 2313 1016 2353 magis
1030 2312 1119 2346 nobis,

55 2349 155 2386 quibus
171 2353 251 2376 etiam
270 2347 352 2374 verba
372 2345 497 2386 parienda
519 2347 594 2378 sunt,
613 2348 829 2382 1mponendaque
849 2356 920 2374 nona
939 2357 1018 2375 nouis
1039 2347 1119 2375 rebus

55 2385 178 2414 nomina.
246 2382 397 2410 victoriam
411 2381 460 2409 fibi
484 2382 546 2410 Liu.
559 2391 600 2416 30,
617 2393 650 2415 14.
723 2384 878 2419 Voluptates
895 2384 996 2411 iniuria
1011 2385 1119 2419 pariun-

55 2428 104 2450 mr
130 2419 186 2449 Cic.
198 2419 230 2446 de
240 2419 298 2447 Fin.
313 2429 322 2446 1
341 2428 363 2446 c.
378 2421 415 2446 16.
522 2418 608 2445 Vrbes
622 2418 726 2454 peperit
739 2419 924 2454 philosophia,
946 2425 972 2447 et
987 2419 1161 2456 diffipatos60

57 2457 181 2491 homine!
192 2455 220 2482 in
233 2456 384 2483 societatem
397 2454 468 2482 vitae
481 2455 656 2482 conuocauit:
674 2464 721 2482 eos
735 2455 806 2482 inter
820 2456 845 2483 se
858 2456 948 2491 primo
961 2456 1118 2489 domiciliis,

61 2491 154 2521 deinde
164 2491 312 2527 coniugiis,
331 2498 389 2518 tum
407 2491 546 2518 literarum
567 2497 593 2518 et
612 2500 711 2518 vocum
732 2492 924 2518 communione
943 2492 1033 2520 iunxit
1059 2492 1117 2520 Cic.

61 2529 139 2556 Tusc.
154 2535 178 2562 5,
189 2535 212 2561 5.
286 2527 326 2555 Ad
338 2527 406 2554 hanc
418 2533 444 2554 te
458 2527 602 2554 amentiam
614 2533 710 2555 natura
723 2528 835 2562 peperit,
850 2528 975 2555 voluntas
990 2529 1117 2563 exercuit,

55 2563 161 2592 fortuna
173 2563 289 2591 semauit
308 2563 382 2591 Idem
396 2563 425 2590 in
439 2563 519 2590 Catil.
534 2573 553 2599 1,
568 2571 604 2596 23.
678 2564 710 2590 In
722 2563 867 2598 pariundo,
886 2565 942 2592 vid,
962 2573 972 2592 1
983 2572 1006 2591 N
1027 2565 1117 2600 Praep.

54 2599 175 2628 Celerius
189 2599 324 2635 elephanti
336 2599 444 2635 pariunt
452 2620 461 2633 ,
481 2599 667 2625 Cunc‘lationem
679 2600 832 2626 immodicam
841 2620 849 2632 ‚
869 2608 892 2626 et
905 2602 1062 2635 quorundam
1079 2602 1117 2626 m*-
1125 2603 1157 2636 ⁶3

40 2635 100 2663 'mis
111 2637 180 2662 lenta
192 2637 328 2669 molimina,
345 2636 384 2662 his
396 2636 480 2662 verbis
493 2635 740 2671 licebitszgrnificare.
816 2636 943 2671 Siquidem
955 2637 1024 2663 Plin.
1035 2636 1118 2671 refert

53 2677 78 2704 8,
89 2679 118 2699 10
135 2677 178 2706 pr.
204 2671 380 2706 Elephantum
398 2671 490 2699 decem
513 2671 590 2698 annis
604 2671 705 2706 gestare
722 2672 752 2698 in
765 2677 851 2699 vtero.
924 2673 976 2698 Hoc
989 2673 1118 2707 prouerbio

53 2708 111 2743 vsus
121 2707 155 2743 est
167 2707 235 2735 Plin.
247 2708 278 2734 iu
290 2707 456 2743 praefatione
473 2707 601 2735 historiae
614 2707 718 2734 mundi.
790 2708 924 2742 Qinetil.
936 2714 960 2742 8,
973 2711 999 2742 6,
1012 2717 1044 2741 34
1068 2708 1120 2735 Ab.

52 2742 150 2771 usionis
163 2743 189 2779 s.
203 2743 379 2772 catachreseos
391 2745 528 2779 exemplum
538 2745 626 2779 ponit,
648 2744 681 2771 Et
693 2744 749 2771 iarn
765 2744 809 2771 leo
822 2745 919 2778 pariet:
957 2744 1118 2780 Subiicitque,

52 2780 87 2806 At
100 2785 175 2815 pater
188 2779 233 2807 est.
342 2781 392 2807 Sed
409 2780 482 2806 Non.
495 2782 523 2813 6,
534 2788 572 2813 94
591 2781 647 2812 ait,
673 2781 769 2808 Parere
786 2782 869 2808 etiam
881 2781 956 2808 viros
969 2780 1023 2807 dici
1038 2781 1157 2817 posse,70

53 2815 185 2843 Caecilius
197 2815 292 2843 auctor
305 2816 358 2851 est,
383 2816 523 2843 Calchiss‘at
537 2815 581 2842 hic
595 2816 716 2850 vicinus,
735 2817 761 2843 se
773 2817 903 2852 asperiss'e.
976 2817 1018 2843 Sic
1035 2818 1118 2844 Merc.

53 2860 86 2878 ex
97 2853 173 2878 MSS.
184 2853 287 2878 verbum
301 2852 428 2887 peperisse
446 2853 475 2878 cle
490 2861 558 2878 mare
572 2852 665 2878 diblum
677 2853 718 2879 hic
731 2860 797 2879 certe
817 2853 897 2880 latere
918 2853 997 2880 dehet.
1034 2853 1119 2880 Addit

53 2888 149 2914 Nonius
161 2887 334 2914 auctoritatem
349 2888 466 2921 Homeri,
487 2888 562 2922 Ἀνὴρ
574 2888 678 2919 Γλαῦκος
691 2885 784 2915 ’ἔτικτεν
801 2891 909 2922 ἂμύμονοι
922 2888 1117 2922 βελλεροφόντην.

57 2924 114 2951 Vt'd.
133 2930 149 2951 Ρ
158 2931 180 2951 Α
189 2930 209 2951 R
219 2930 271 2951 Tv
281 2930 295 2951 S
316 2933 343 2951 n.
358 2933 380 2951 2.
601 2921 622 2962 ff
653 2932 667 2956 3
722 2925 848 2950 Notabih's
862 2924 894 2961 est
908 2927 938 2951 de
951 2926 995 2951 hot.-
1006 2925 1080 2951 verbo
1093 2931 1118 2950 et

51 2959 105 2986 eius
116 2959 250 2994 compositis
262 2959 397 2996 obseruatio
422 2959 551 2986 Prisciani
569 2960 587 2986 l.
604 2969 631 2986 10
649 2968 674 2994 p.
688 2969 739 2995 905
757 2969 831 2995 quam
839 2961 945 2996 posuisti
956 2961 997 2986 hic
1015 2970 1063 2987 non
1076 2961 1119 2986 abs
1132 2972 1160 2996 75

53 3004 83 3022 re
93 2995 193 3030 fuerit:
229 2995 330 3031 Aperio
348 2995 464 3030 Aperui,
484 2995 556 3030 quod
577 2995 685 3023 videtur
703 3005 718 3022 a
738 2996 816 3023 Pario
833 2996 1023 3032 compositum,
1046 2996 1118 3031 quod

52 3030 214 3058 vetustissimi
227 3040 282 3058 non
298 3032 384 3059 solum
398 3031 540 3059 secundum
552 3032 668 3065 tertiam,
687 3032 731 3059 sed
745 3031 826 3059 etiam
841 3032 982 3060 secundum
996 3039 1117 3067 quartam

54 3066 280 3102 Coniugationem
293 3066 467 3095 declinabant.
576 3067 652 3094 Vnde
666 3068 782 3103 Ennius,
806 3070 860 3095 Oua
869 3069 959 3104 parire
967 3068 1033 3104 solet
1042 3071 1117 3104 genu’

50 3102 140 3137 pennis
154 3105 344 3131 condecoratam.
418 3104 505 3139 Igitur
517 3112 549 3130 ex
562 3113 596 3131 eo
609 3104 762 3139 compofita,
777 3104 794 3131 si
808 3104 981 3139 principalem
994 3104 1117 3136 syllabam

55 3143 164 3172 miram,
179 3147 228 3166 nec
240 3148 273 3166 ex
287 3139 389 3175 integra
401 3139 597 3175 Praepofitione
616 3139 776 3174 habuerint,
794 3141 817 3167 io
830 3141 860 3167 in
873 3142 899 3166 ui
912 3146 1076 3167 conuertunt
1089 3140 1118 3166 in
1133 3146 1166 3171 80

55 3172 216 3213 Praeterito,
234 3182 265 3202 vt
276 3177 361 3210 aperio
373 3177 475 3211 aperui,
495 3176 600 3212 cooperio
611 3177 732 3212 cooperui.
803 3177 905 3212 Reperio
919 3186 987 3203 vero
1000 3177 1116 3211 duplica-

56 3214 98 3234 vit
107 3214 128 3248 ’p
145 3217 174 3234 111
185 3210 346 3245 Praeterito,
366 3212 465 3247 quippe
478 3211 610 3239 diminuta
623 3221 676 3239 vna
690 3212 784 3244 syllaba
797 3212 879 3248 reperi
899 3217 908 3246 (
916 3213 990 3247 quasi
999 3222 1030 3238 ex
1042 3221 1117 3247 repe-

56 3245 134 3284 pert)
153 3244 245 3272 Simile
257 3247 293 3273 est
308 3248 481 3275 Praeteritum
495 3258 510 3275 a
522 3249 641 3284 comperio
653 3249 768 3284 comperi.
837 3248 902 3275 Sunt
916 3255 942 3275 et
954 3249 1006 3275 alia
1020 3257 1052 3274 ex
1065 3248 1117 3274 hoc

55 3280 115 3314 ipso
129 3280 270 3314 compotita
283 3283 448 3317 Deponentia
456 3305 466 3319 ‚
487 3286 626 3321 Experior,
645 3285 774 3321 opperior,
790 3293 908 3319 quorum
922 3284 1063 3319 Participia
1076 3293 1119 3309 ex-

53 3322 140 3351 pertus
157 3321 197 3377 etst
200 3322 310 3352 oppertus
326 3318 466 3347 ostendunt
484 3329 499 3348 a
516 3322 591 3357 pario
606 3321 656 3348 effe
675 3320 835 3356 composita,
853 3321 928 3347 cuius
945 3320 1118 3355 Participium
1138 3322 1166 3347 85

71 3359 142 3378 artus
160 3360 174 3378 e
198 3370 206 3378 .
343 3366 349 3369 -

51 3358 77 3429 p·
93 3393 138 3415 ΡΑ
148 3393 167 3427 1}
177 3393 187 3413 1
197 3391 219 3413 0
229 3392 267 3419 R,
286 3387 347 3428 314?-
382 3388 514 3423 Paffiuum.
548 3392 605 3420 Cic.
620 3393 675 3420 Off.
689 3401 714 3426 2,
727 3399 752 3426 51
783 3392 901 3419 Maxime
918 3398 1006 3419 autem
1021 3398 1047 3418 et
1061 3391 1116 3426 glo-

54 3431 94 3450 rta
109 3429 214 3458 paritur
225 3428 348 3462 etngratia
360 3422 562 3455 defensionibus.
656 3429 703 3457 Sil.
717 3439 741 3461 5,
755 3431 799 3462 169
835 3428 908 3456 Nam
925 3438 972 3455 cur
988 3429 1051 3455 haec
1065 3427 1116 3454 alia

47 3459 174 3494 Ῥΰῐὶὸῑῑῑῐ
193 3458 280 3493 {llorffl
297 3458 407 3500 dextffl}
477 3462 630 3499 Voluptates
644 3465 756 3501 pecunia
771 3464 912 3501 pariuntur
938 3465 995 3492 Cic.
1010 3464 1042 3490 de
1058 3464 1116 3490 Pin.

54 3504 79 3530 2,
92 3503 127 3527 55.
199 3495 251 3521 Pax
264 3493 337 3521 bello
351 3501 455 3530 paritur
474 3497 566 3533 Nepos
581 3508 613 3534 15,
625 3510 648 3536 5,
657 3510 686 3536 4.
757 3501 948 3529 Immortalitas
960 3500 1029 3528 mihi
1043 3505 1116 3534 parta
1132 3507 1165 3532 90

38 3564 42 3569 .
54 3531 92 3558 est
123 3530 194 3558 Ter.
206 3529 289 3558 Andr.
304 3538 328 3564 ς,
340 3537 363 3564 ς,
376 3539 404 3564 4.

92 3572 110 3594 t
122 3573 172 3594 AR
183 3572 219 3593 ιε
230 3573 291 3602 NS,
317 3566 396 3593 entis.
433 3567 526 3596 Partic.
563 3570 684 3608 [vtum]
720 3573 778 3600 Nec
793 3573 894 3600 Lucina
911 3573 997 3608 potest
1012 3571 1115 3606 parien-

54 3602 90 3629 tis
101 3611 167 3630 voce
181 3603 272 3630 vocari
298 3602 381 3643 Ouid.
393 3603 459 3630 Met.
474 3613 512 3638 10,
525 3614 581 3639 507.
650 3608 781 3637 Timidae
796 3610 929 3644 parientes
960 3608 1034 3636 Idem
1048 3607 1114 3634 ibid.

57 3646 84 3671 9,
97 3643 147 3671 283.
216 3638 292 3666 Idem
306 3638 374 3666 lbid.
386 3647 442 3671 322.
513 3641 630 3668 Gramen
645 3643 772 3680 Calpurn.
785 3646 838 3672 Ecl.
853 3655 874 3679 2,
888 3654 921 3677 32-
959 3647 977 3672 i.
993 3644 1095 3679 florens.

93 3675 140 3700 ΡἈ
149 3680 168 3700 R
178 3680 190 3700 1
202 3681 225 3701 'r
237 3680 258 3700 v
269 3682 290 3702 R
299 3681 322 3701 v
333 3681 362 3708 s,
387 3684 401 3702 a
410 3695 418 3708 ,
437 3684 493 3704 um.
527 3677 613 3703 Aliud
629 3677 723 3708 Partic.
758 3681 916 3715 [τεξὸμινος]
953 3678 1034 3708 Ouid.
1049 3679 1113 3706 Met.
1131 3690 1160 3712 ος

57 3717 80 3740 5,
92 3717 137 3742 304
159 3709 206 3737 Illa
220 3717 357 3745 potentem
393 3711 522 3738 Lucinam
535 3712 642 3747 nonies,
658 3716 752 3743 nonies
763 3718 882 3752 paritura
895 3716 1011 3744 vocauit.
1047 3715 1113 3749 conf

1175 344 1214 376 fit
1228 344 1301 370 Parta
1315 343 1434 377 Exparta.

1162 2908 1163 2914 1
1178 2889 1208 2916 in
1223 2888 1313 2915 frudiu
1328 2889 1471 2916 habendus.

1173 3176 1272 3213 gestare
1300 3176 1374 3203 Idem
1391 3183 1415 3209 8,
1432 3187 1465 3209 32.

1580 216 1845 258 PAR

1181 307 1248 334 ciata
1262 305 1350 333 minus
1364 306 1466 334 laboret
1480 306 1507 334 in
1520 307 1676 334 educatione
1691 306 1759 334 fetus
1773 306 1820 333 sui.
1886 308 1978 343 Nempe
1996 318 2024 335 vt
2036 311 2114 338 Foeta
2128 314 2240 348 Etl'oeta,

1634 341 1654 382 q
1682 352 1694 376 3
1751 344 1857 376 Partus,
1876 342 2067 380 [περιποιηθιὶς]
2089 350 2239 383 aquistris,

1182 386 1322 414 quocunque
1342 380 1424 413 modo,
1436 378 1535 414 studio,
1552 380 1649 414 pretio,
1664 378 1736 414 casu,
1753 387 1798 406 etr.
1871 377 1940 406 Ter.
1960 380 2041 407 Andr.
2054 392 2077 415 5,
2091 392 2111 414 ς,
2127 393 2138 413 ς
2171 386 2242 412 Nam

1184 413 1253 440 mihi
1267 413 1453 440 immortalitas
1470 421 1540 449 parta
1555 415 1606 448 est,
1629 415 1647 442 si
1668 415 1739 442 nulla
1756 414 1895 449 aegritudo
1909 414 1971 441 huic
1985 414 2082 450 gaudio
2098 418 2242 447 intel-celse-

1184 449 1230 476 rit.
1303 448 1409 475 Labore
1429 459 1543 484 magno,
1563 451 1717 485 magnisque
1739 451 1864 486 periculis
1883 457 1957 486 parta
1973 452 2101 486 quaedam
2133 454 2188 482 Cic,
2209 456 2242 483 de

1184 485 1259 511 Orat.
1274 493 1296 519 2,
1311 493 1368 517 2c9.
1487 487 1592 512 Partum
1616 496 1662 522 per
1678 496 1742 518 nos,
1761 496 1785 513 ct
1798 487 1919 514 Delatum
1939 486 2087 520 diuinitus,
2107 497 2242 517 conti-aria.

1183 520 1256 547 Idem
1271 519 1338 546 ibid.
1352 529 1374 552 2,
1388 529 1434 546 :02
1465 522 1499 547 Vt
1513 529 1538 548 et
1550 522 1644 556 ipsum,
1666 523 1738 557 quod
1751 530 1805 550 erat
1820 523 1938 550 hominis
1950 523 2100 558 proprium,
2121 533 2174 550 non
2189 535 2245 559 par.

1184 562 1241 582 tum
1256 564 1303 590 per
1316 564 1380 587 n05,
1402 555 1442 582 scd
1462 556 1591 584 diuinitus
1611 560 1642 584 ad
1657 568 1705 585 nos
1720 558 1834 586 delatum
1849 559 1995 585 videretur.
2068 559 2175 586 Virtute
2190 570 2245 587 non

1184 598 1273 654 parta,
1293 590 1334 617 sed
1349 591 1458 625 pcccatis
1471 599 1496 618 ct
1511 594 1584 618 vitiis
1599 594 1726 628 quaedam
1759 595 1814 621 Cic.
1832 595 1864 621 de
1880 595 1955 622 Orat.
1969 603 1992 629 2,
2005 603 2066 629 209.
2163 596 2245 622 Bonis

1193 627 1294 653 noneste
1308 627 1389 661 partis
1403 627 1519 667 ali-quem
1534 629 1639 663 priuare
1665 629 1737 657 Idem
1751 639 1801 665 pro
1814 631 1908 664 Quint.
1923 640 1959 663 7⁴-
2042 631 2142 658 Census
2157 639 2246 667 partus

1184 671 1232 698 per
1245 663 1357 689 vulnera
1391 661 1473 689 Ouid.
1490 663 1580 691 Amor.
1594 673 1616 696 3,
1629 670 1652 696 8,
1666 675 1688 698 9.
1786 666 1911 693 Coniunx
1924 672 1996 701 parta
2010 666 2060 694 tibi
2090 667 2164 703 Virg.
2179 669 2247 694 Aen.

1183 707 1211 731 2,
1224 703 1279 732 782.
1315 733 1320 738 Π
1352 699 1455 725 Decora
1473 699 1546 725 simul
1566 706 1639 733 parta
1658 709 1687 726 ac
1699 701 1798 734 sperata
1814 702 1892 728 vnius
1911 702 1992 729 horae
2005 703 2114 730 fortuna
2125 711 2247 730 euertere

1184 734 1268 769 potest
1289 734 1351 760 Liu.
1367 743 1409 766 30,
1424 743 1464 765 30.
1537 735 1623 761 Decus
1639 743 1743 770 partum
1757 737 1866 771 eloquio
1888 737 1933 764 Sil.
1949 748 1969 771 3,
1982 742 2035 773 619.
2109 739 2245 766 Existima-

1185 770 1224 797 tio
1239 776 1312 805 parta
1332 769 1388 796 Cic.
1404 779 1453 805 pro
1467 769 1537 797 Sulla
1554 778 1596 806 77.
1669 772 1747 798 Fama
1768 773 1855 800 Valer.
1871 774 1969 808 Argon.
1983 782 2009 808 7,
2024 784 2077 807 291.
2151 776 2248 802 Gloria

1183 805 1265 833 Ouid.
1280 806 1344 833 Met.
1360 816 1394 837 12,
1406 815 1460 839 293.
1533 807 1631 832 Honor
1657 807 1733 841 Virg.
1748 809 1812 835 Aen.
1827 818 1849 841 5,
1864 817 1916 841 229.
1990 811 2056 837 Laus
2070 818 2141 846 parta
2156 821 2249 852 peren-

1183 842 1226 868 nis
1255 841 1302 869 Sil.
1318 850 1352 874 ις,
1366 851 1419 874 391·
1529 841 1649 868 Libertas
1670 843 1788 877 plurimo
1809 844 1904 870 sudore
1920 850 1946 871 et
1967 845 2091 881 sanguine
2112 857 2249 876 malorum

1183 883 1258 913 parta
1270 877 1348 904 nobis
1359 884 1385 905 et
1399 876 1493 904 tradita
1525 878 1581 904 Cic.
1596 877 1627 904 de
1638 878 1708 913 Lege
1722 880 1813 914 Agrar.
1831 888 1852 915 2,
1868 882 1894 906 16
1915 889 1938 906 c.
1952 883 1976 906 6.
2048 884 2160 911 Munera
2174 892 2249 918 parta

1183 913 1243 941 sunt
1257 922 1332 940 meae
1346 913 1446 940 Veneri
1480 913 1554 947 Virg.
1568 913 1620 940 Ecl.
1636 924 1658 946 3,
1672 918 1712 943 68.
1809 915 1879 950 Opes
1892 922 1980 950 partae
2004 917 2113 945 Tibull.
2129 929 2153 950 2,
2167 930 2190 951 4,
2204 930 2247 952 40.

1185 950 1256 984 Opes
1272 956 1359 985 partae
1375 959 1429 976 11011
1443 949 1518 983 casu,
1538 949 1581 976 sed
1594 950 1706 984 ingenio
1734 950 1791 977 Cic.
1803 951 1887 978 Tusc.
1904 960 1925 984 3.
1997 953 2092 980 Pabula
2109 963 2179 990 parta
2195 956 2249 983 sine

1186 985 1278 1013 labore
1304 987 1409 1012 Lucrct.
1422 993 1444 1016 ς,
1454 987 1512 1019 867.
1604 986 1655 1012 Pax
1668 992 1740 1021 parta
1755 985 1815 1013 duci
1847 987 1944 1013 Lucan.
1957 997 1994 1018 10,
2009 997 2060 1024 107.
2150 992 2249 1020 Praeda

1184 1028 1257 1057 parta
1274 1021 1398 1057 improbe
1425 1021 1482 1048 Cic.
1498 1021 1529 1048 de
1544 1021 1602 1048 Fin.
1618 1031 1637 1055 1,
1649 1031 1683 1054 ςι.
1768 1022 1852 1056 Quies
1866 1030 1937 1058 parta
1953 1024 2029 1051 vobis
2057 1026 2131 1062 Virg.
2146 1029 2212 1054 Aen.
2227 1038 2250 1062 3,

1184 1065 1245 1091 495-
1338 1058 1427 1092 Regna
1440 1063 1512 1092 parta
1532 1067 1579 1092 per
1591 1057 1692 1092 gladios
1724 1058 1804 1085 Ouid.
1818 1059 1850 1084 de
1866 1062 1928 1085 Arte
1944 1062 2000 1086 Am.
2018 1071 2036 1093 1,
2050 1068 2107 1089 2¹50.
2197 1065 2249 1091 Res

1183 1101 1272 1128 partae
1288 1094 1413 1127 sanguine
1444 1093 1517 1121 Idem
1531 1093 1609 1129 Epist.
1628 1104 1646 1126 1,
1662 1103 1702 1126 9³-
1794 1095 1967 1129 Triumphus
1994 1097 2069 1131 Virg.
2082 1099 2147 1125 Aen.
2162 1109 2183 1132 2⁷,
2196 1107 2249 1132 578.

1185 1130 1309 1157 Victoria
1333 1129 1389 1156 Cic.
1402 1130 1453 1156 Att.
1470 1139 1505 1156 10.
1527 1150 1533 1156 .
1556 1150 1562 1156 .
1599 1130 1674 1156 Vltio
1689 1136 1763 1164 parta
1777 1130 1812 1157 est
1836 1131 2002 1160 Senec.Med.
2017 1142 2033 1166 1,
2042 1143 2062 1164 ς.
2136 1136 2192 1162 Mei
2207 1145 2250 1171 pa,

1184 1166 1232 1192 tris
1245 1166 1313 1194 bene
1328 1172 1400 1201 parta
1414 1165 1587 1200 indiligenter
1602 1172 1704 1192 tutatur
1724 1167 1794 1193 Ter.
1804 1165 1910 1194 Phorm.
1928 1177 1949 1200 ς,
1964 1177 2017 1200 3,5.
2090 1171 2160 1197 Male
2176 1178 2250 1206 parta

1183 1202 1252 1229 male
1265 1201 1420 1228 dilabuntur
1448 1201 1502 1228 Cic.
1517 1202 1634 1236 Philipp.
1648 1211 1661 1228 2
1685 1205 1717 1229 66
1737 1211 1759 1230 c.
1775 1212 1811 1233 27.
1893 1204 1934 1228 Sic
1954 1204 2035 1231 Plaut.
2053 1206 2131 1232 Poen.
2146 1217 2168 1238 4,
2182 1217 2204 1240 2,
2220 1217 2249 1235 22

1183 1239 1254 1266 Male
1267 1245 1372 1273 partum
1387 1237 1455 1264 111310
1470 1237 1588 1272 disperit.
1662 1225 1801 1272 iteponere
1813 1244 1887 1273 parta
1909 1238 2000 1267 Claud.
2014 1241 2045 1267 de
2059 1242 2251 1273 Bell.Get.502.

1225 1281 1241 1301 P
1254 1280 1404 1306 ARTvs,
1426 1272 1464 1300 ὓς.
1492 1283 1528 1300 m.
1567 1272 1696 1307 [rom-ttic,
1715 1273 1802 1307 τόκος,
1819 1273 1910 1306 κύημα,
1931 1278 2031 1311 λοχάκ]
2068 1278 2121 1313 Isse
2130 1279 2251 1313 pariendi

1184 1310 1252 1337 acius
1265 1317 1290 1335 et
1304 1310 1346 1343 id,
1364 1313 1428 1344 quod
1440 1317 1518 1344 partu
1532 1310 1625 1336 editur.
1697 1310 1818 1345 Affertur
1836 1320 1866 1335 ex
1886 1310 1942 1337 Cic.
1963 1312 1994 1337 de
2009 1313 2065 1339 Fin.
2080 1323 2102 1346 3,
2116 1323 2143 1348 39
2176 1313 2252 1341 Idem

1186 1346 1238 1373 hoc
1251 1347 1300 1373 else
1314 1346 1431 1378 dicturi,
1452 1345 1551 1372 bonam
1570 1351 1686 1372 mortem
1700 1353 1726 1372 et
1740 1345 1841 1372 bomun
1860 1355 1936 1381 partu
1949 1357 1963 1373 n
1980 1348 2119 1375 meliorem
2141 1350 2253 1384 longum

1184 1383 1243 1415 esse,
1260 1391 1340 1417 quam
1353 1382 1475 1409 breuem.
1550 1382 1668 1416 Propert.
1681 1389 1708 1415 2,
1721 1389 1746 1414 2,
1759 1389 1791 1416 37
1816 1383 1882 1409 Non
1896 1391 1950 1408 non
1966 1382 2075 1411 humani
2090 1386 2149 1412 sunt
2163 1392 2252 1421 partus

1183 1418 1246 1444 talia
1259 1418 1345 1452 dona,
1383 1418 1475 1444 Tanta
1488 1417 1578 1444 decem
1592 1418 1693 1444 menses
1709 1427 1763 1444 non
1782 1427 1908 1453 peperere
1923 1418 2001 1446 bona.
2074 1421 2130 1448 Cic.
2144 1420 2176 1448 de
2189 1422 2254 1449 Nat.

1185 1454 1267 1480 Deor.
1288 1463 1315 1487 2,
1335 1462 1373 1485 1¹9
1405 1454 1449 1480 Sol
1469 1453 1599 1479 mundum
1617 1462 1726 1480 omnem
1745 1454 1786 1479 sua
1804 1454 1861 1481 luce
1875 1455 2021 1490 compleat,
2040 1455 2073 1483 ab
2087 1466 2172 1492 eoque
2188 1458 2252 1485 luna

1183 1489 1335 1516 illuminata
1354 1488 1535 1516 Grauiditates
1566 1495 1592 1515 et
1603 1495 1700 1530 'partus
1733 1489 1839 1524 afferat,
1871 1491 2090 1527 maturitatesque
2117 1494 2254 1528 gignendi.

2160 228 2238 278 698

1184 1525 1274 1552 Mulae
1287 1531 1375 1560 partus
1388 1534 1472 1561 prope
1488 1526 1660 1558 necellhnus,
1680 1526 1820 1560 conceptio
1834 1533 1926 1553 contra
1941 1535 2061 1554 naturam
2090 1529 2146 1556 Cic.
2160 1530 2192 1557 de
2205 1530 2252 1557 Di-

1184 1561 1239 1589 vin.
1259 1570 1290 1595 2,
1308 1570 1354 1595 49.
1430 1561 1550 1588 Aestiuus
1572 1568 1678 1597 partus,
1697 1562 1752 1589 vid.
1775 1568 1798 1588 Α
1809 1568 1824 1588 E
1835 1569 1847 1589 S
1859 1569 1881 1589 T
1894 1569 1948 1590 AS.
2022 1564 2122 1591 Densus
2138 1575 2253 1593 vuarum

1184 1598 1251 1625 Plin.
1267 1607 1301 1629 14,
1314 1606 1338 1623 2.
1411 1597 1555 1624 Faciliorcs
1570 1603 1658 1632 partus
1672 1597 1736 1623 facit
1751 1597 1869 1625 senthus
1888 1600 2015 1634 anguium
2029 1601 2167 1635 adalligata
2183 1602 2252 1628 lum-

1183 1633 1225 1659 bis
1252 1633 1326 1660 Idem
1340 1643 1381 1666 30,
1396 1643 1427 1666 14.
1520 1635 1551 1659 Et
1570 1642 1612 1667 32,
1632 1641 1641 1659 1
1674 1634 1693 1659 E
1706 1633 1802 1660 nostris
1815 1634 1923 1667 quidam
1936 1636 2037 1662 Latinis
2052 1637 2194 1664 Remoram
2209 1647 2252 1672 ap-

1184 1669 1315 1704 pellauere
1329 1678 1391 1695 eum
1406 1669 1512 1704 piscem.
1604 1668 1776 1703 Mirumque,
1797 1678 1811 1696 e
1825 1670 1933 1696 Graecis
1951 1671 1998 1697 alii
2013 1671 2142 1699 Lubricos
2161 1680 2252 1708 partus

1183 1711 1263 1739 atque
1280 1705 1449 1739 procidentes
1469 1704 1602 1730 contineri
1623 1704 1655 1730 ad
1674 1705 1857 1732 maturitatem
1876 1705 1985 1740 alligato
2007 1716 2040 1733 eo
2061 1707 2252 1742 prodiderunt:

1184 1740 1231 1766 alii
1245 1740 1296 1765 sale
1310 1740 1476 1766 adseruatum
1491 1739 1715 1774 adalligatumque
1728 1740 1847 1774 grauidis
1862 1748 1950 1775 partus
1965 1742 2077 1769 soluere.
2165 1745 2255 1771 Matu-

1185 1784 1230 1802 rus
1256 1775 1324 1802 Cels.
1337 1785 1359 1807 ς’,
1377 1784 1415 1808 29.
1490 1775 1650 1802 Nocturnus
1663 1782 1752 1809 partus
1783 1776 1890 1803 Lucret.
1906 1785 1930 1809 1,
1947 1783 2002 1809 478.
2076 1779 2255 1816 Numerossns,

1184 1812 1240 1837 vid.
1260 1818 1283 1837 N
1293 1818 1313 1837 v
1322 1818 1348 1837 M
1357 1817 1374 1837 E
1384 1818 1403 1838 R
1412 1818 1433 1838 v
1444 1818 1470 1838 s.
1671 1808 1693 1848 fi
1719 1819 1736 1838 2
1793 1812 1893 1838 Formae
1912 1814 2059 1840 Verborum:
2098 1816 2255 1844 Accelerare

1184 1854 1274 1881 partus
1303 1847 1371 1874 Plin.
1385 1853 1424 1880 28,
1438 1856 1465 1880 4.
1531 1874 1535 1879 ,
1575 1846 1671 1873 Nutrit
1693 1847 1806 1881 axungia
1826 1853 1916 1882 partus
1929 1848 1958 1874 in
1975 1849 2099 1877 abortum
2115 1859 2256 1887 vergentes

1183 1883 1257 1910 Idem
1270 1889 1307 1918 28,
1321 1893 1346 1917 9.
1420 1883 1567 1910 Remorans
1598 1882 1680 1910 Ouid.
1698 1883 1776 1918 Epist.
1793 1885 1879 1919 16543.
1954 1885 2070 1920 Abigere
2086 1887 2133 1914 fibi
2148 1895 2254 1923 partum

1182 1918 1383 1946 medicamentis
1410 1919 1467 1946 Cic.
1484 1928 1534 1954 pro
1548 1919 1655 1947 Cluent.
1670 1929 1696 1951 32
1712 1928 1733 1945 c.
1748 1928 1777 1945 11.
1849 1920 1929 1947 Adest
1941 1921 2050 1949 mulieri
2069 1929 2175 1958 partus,
2194 1925 2218 1953 h.
2232 1935 2254 1952 e.

1183 1955 1310 1981 Pariendi
1324 1962 1415 1990 tempus
1441 1955 1508 1982 Cels.
1523 1964 1546 1987 2,
1560 1965 1578 1981 1.
1671 1954 1823 1982 Adhibetur
1835 1957 1904 1983 Iuno
1915 1957 2016 1984 Lucina
2031 1959 2061 1984 ad
2078 1966 2177 1994 partus,
2197 1962 2253 1988 vid.

1185 1998 1207 2018 Α
1218 1997 1236 2017 D
1247 1997 1268 2017 H
1282 1997 1293 2017 1
1305 1998 1321 2018 Β
1332 1998 1350 2018 Β
1364 1997 1395 2017 0.
1471 1991 1628 2018 Adolescere
1642 1991 1670 2016 in
1681 1997 1797 2025 partum,
1815 1992 1871 2018 vid.
1891 1998 1942 2018 AD
1952 1998 1973 2019 o
1986 2000 2003 2018 ι.
2014 2000 2030 2019 Ε
2040 2000 2053 2019 S
2066 2001 2083 2022 c
2097 2000 2128 2021 Ο.
2184 1997 2256 2031 Ape-

1181 2027 1236 2052 rire
1248 2032 1366 2053 maturos
1382 2031 1470 2060 partus
1495 2027 1566 2052 Hor.
1577 2027 1665 2052 Carm.
1683 2026 1776 2053 saecul.
1794 2035 1824 2057 13.
1900 2027 1956 2054 Cic.
1970 2037 2020 2062 pro
2035 2030 2140 2058 Cluent.
2154 2040 2181 2065 3¹
2197 2041 2219 2058 c.
2231 2042 2251 2059 11

1182 2063 1274 2094 Quun
1287 2062 1347 2087 esset
1360 2061 1470 2095 grauida
1485 2061 1568 2087 Auria
1588 2061 1680 2088 fratris
1700 2070 1784 2094 vxor,
1804 2067 1831 2088 et
1849 2061 1902 2088 iarn
1917 2063 2142 2100 Appropinquare
2160 2074 2250 2101 parnu

1181 2097 1329 2130 videretur,
1348 2097 1489 2123 mulierem
1504 2106 1611 2123 veneno
1625 2096 1762 2123 interficit.
1852 2098 1939 2124 Etiam
1954 2099 2024 2126 feras
2037 2101 2108 2129 inter
2121 2103 2145 2129 se
2159 2110 2250 2139 partus

1182 2139 1261 2168 atque
1272 2132 1394 2160 educatio
1409 2138 1435 2159 et
1448 2139 1541 2160 natura
1555 2133 1608 2168 ipsa
1622 2133 1756 2160 Conciliat
1778 2133 1831 2160 Cic.
1845 2143 1895 2169 pro
1908 2135 1932 2163 S.
1948 2136 2025 2163 Rosc.
2038 2146 2059 2164 c.
2071 2147 2106 2164 22.
2180 2140 2248 2168 Plin.

1182 2177 1222 2203 30,
1240 2177 1263 2202 ¹4
1283 2169 1464 2195 Inueniuntur
1477 2175 1502 2196 et
1516 2169 1543 2195 in
1558 2170 1680 2203 gramine
1696 2169 1847 2202 vermiculi,
1864 2171 1912 2204 qui
1926 2171 2061 2207 adalligati
2076 2174 2158 2208 collo,
2177 2177 2250 2204 Con.

1181 2204 1268 2230 tinent
1287 2211 1400 2239 partum.
1508 2204 1628 2232 Ibidem:
1646 2205 1736 2231 Partus
1751 2206 1902 2241 Conceptos
1923 2206 2068 2238 hystricum
2082 2210 2150 2237 cinis
2168 2218 2249 2247 potus

1181 2240 1325 2266 Continet:
1361 2247 1477 2267 maturat
1497 2241 1621 2267 caninum
1639 2240 1679 2266 lac
1700 2247 1808 2275 potum:
1847 2250 1942 2269 euocat
1955 2245 2109 2272 membrana
2122 2256 2137 2273 e
2153 2257 2250 2276 canum

1181 2276 1316 2309 secundis,
1336 2276 1355 2303 fi
1375 2283 1473 2303 terram
1491 2286 1546 2302 non
1560 2276 1688 2311 attigerit.
1762 2278 1812 2303 Sed
1829 2278 1887 2304 haec
1900 2279 1999 2313 pqffimt
2020 2281 2085 2310 forte
2105 2286 2249 2310 commodius

1181 2312 1279 2345 reftrri
1291 2313 1327 2338 ad
1337 2322 1363 2339 n.
1373 2322 1392 2344 ς.
1464 2312 1587 2339 Custodit
1601 2319 1689 2346 partus
1699 2319 1789 2340 contra
1803 2322 1896 2340 omnes
1910 2311 2053 2343 abortuum
2067 2317 2172 2346 infidias
2185 2320 2250 2346 a'e'ti-

1180 2353 1218 2374 tes
1234 2348 1300 2382 lapis
1325 2348 1393 2375 Plin.
1406 2358 1448 2382 30,
1462 2358 1496 2381 ¹4-
1569 2348 1704 2375 Ditescere
1718 2348 1788 2375 dulci
1802 2355 1878 2384 partu
1899 2351 2003 2378 Lucret.
2014 2363 2037 2385 4,
2052 2357 2120 2385 1246.
2179 2356 2250 2384 Dare

1179 2390 1267 2418 partu,
1287 2384 1306 2410 ι’.
1323 2385 1420 2410 Parere
1446 2384 1519 2411 Idem
1536 2392 1560 2418 2,
1575 2393 1636 2416 ¹¹50·
1712 2385 1781 2411 Dare
1800 2391 1876 2420 partu
1893 2387 2026 2421 geminam
2039 2391 2144 2424 prolem
2172 2392 2249 2428 Virg.

1180 2421 1246 2446 Aen.
1260 2428 1284 2453 1,
1305 2426 1361 2452 278.
1432 2420 1528 2447 Facere
1543 2421 1705 2447 celeritatem
1723 2428 1813 2456 partus
1839 2421 1908 2449 Plin.
1923 2429 1960 2456 28,
1975 2434 1996 2454 4.
2071 2426 2151 2454 Instat
2164 2436 2249 2463 prope

1179 2461 1285 2490 partus,
1304 2457 1360 2483 vid.
1383 2462 1474 2484 INST
1484 2462 1514 2483 o.
1585 2456 1701 2483 Leuabit
1718 2463 1743 2483 te
1757 2463 1832 2492 partu
1846 2458 1948 2485 Lucina
1974 2460 2056 2488 Ouid.
2070 2462 2136 2490 Met.
2148 2472 2176 2497 9,
2191 2467 2249 2498 697.

1179 2492 1285 2526 Peperit
1298 2500 1353 2518 vno
1367 2499 1442 2526 partu
1457 2492 1558 2519 liberos
1571 2492 1644 2524 viro,
1661 2499 1687 2519 at
1700 2492 1747 2519 fibi
1765 2500 1873 2528 nepotes
1893 2495 1952 2522 Seu.
1967 2496 2059 2525 Theb.
2075 2498 2094 2525 s.
2109 2508 2128 2525 1.
2203 2501 2251 2527 Pe.

1178 2528 1249 2563 perit
1263 2527 1372 2554 Hecuba
1387 2535 1461 2563 partu
1478 2528 1612 2562 postremo
1626 2529 1791 2561 Polydorum
1812 2529 1911 2557 Cic.de
1924 2531 1999 2559 Orat.
2008 2542 2089 2567 ;,219.
2117 2535 2156 2560 Ex
2163 2536 2250 2564 Poeta.

1179 2563 1311 2591 Praestare
1325 2570 1414 2598 partus
1428 2565 1520 2592 faciles
1552 2565 1619 2592 Plin.
1634 2573 1676 2597 30,
1694 2575 1727 2598 14.
1801 2565 1921 2593 Reddere
1935 2574 2040 2602 partum
2070 2570 2144 2597 Idem
2160 2581 2198 2604 10,
2214 2580 2251 2600 12.

1180 2600 1291 2628 Refidua
1305 2609 1337 2627 ex
1352 2607 1428 2635 partu
1450 2602 1545 2636 Purgat
1576 2600 1698 2628 Scribon.
1721 2603 1772 2629 126.
1884 2602 1995 2631 Soluere
2014 2612 2103 2640 partus
2122 2608 2240 2641 grauidis

1178 2637 1232 2662 vid.
1244 2635 1326 2670 paullo
1340 2643 1401 2662 ante
1422 2637 1533 2664 Lubrici
1549 2643 1648 2672 partus.
1739 2637 1917 2666 Substiterunt
1929 2649 1961 2666 ex
1975 2649 2051 2676 partu
2072 2642 2194 2671 Scribon.
2207 2630 2252 2677 89:

1179 2672 1313 2699 Sustinere
1328 2680 1433 2707 partum
1461 2674 1527 2700 Cels.
1545 2682 1574 2706 2,
1593 2683 1630 2700 10.
1738 2674 1851 2701 Tuetur
1863 2681 1953 2710 partus
1967 2683 2150 2705 matronarum
2165 2680 2252 2707 Natio

1180 2708 1227 2735 dea
1255 2709 1313 2735 Cic.
1329 2708 1361 2735 de
1375 2709 1438 2736 Nat.
1454 2709 1536 2736 Deor.
1550 2719 1572 2742 3,
1586 2719 1625 2743 47.
1828 2707 1849 2748 fl
1875 2721 1888 2743 3
1939 2714 2023 2738 Etiam
2035 2714 2090 2739 viri
2101 2721 2190 2749 partus
2206 2715 2250 2751 est.

1179 2745 1237 2772 Cic.
1250 2745 1334 2772 Tusc.
1349 2754 1371 2778 ε,
1386 2754 1417 2772 20
1438 2755 1459 2773 c.
1473 2750 1486 2776 Β
1508 2756 1539 2771 ex
1553 2746 1681 2781 Sophocle,
1706 2746 1766 2773 Vna
1787 2754 1881 2773 vecors
1897 2748 1984 2774 Oenei
2000 2756 2077 2783 partu
2089 2751 2175 2785 edita,
2195 2754 2250 2778 De-

1179 2781 1273 2807 ianira.
1315 2781 1370 2807 Vid.
1393 2788 1408 2807 P
1420 2788 1443 2808 A
1454 2789 1473 2809 R
1484 2789 1493 2808 1
1505 2788 1525 2808 0
1545 2791 1571 2809 n.
1585 2791 1597 2808 2
1617 2788 1683 2809 extr.
1755 2782 1847 2809 Partus
1861 2782 1965 2810 arboris
1978 2786 2051 2811 etiam
2063 2787 2161 2813 dicitur
2181 2788 2250 2816 Plin.

1180 2825 1214 2850 12,
1231 2826 1255 2849 14
1287 2817 1424 2844 Autumno
1443 2818 1541 2852 legitur
1556 2827 1588 2844 ex
1600 2817 1700 2844 aestiuo
1714 2824 1799 2852 partu.
1872 2821 1914 2845 De
1926 2827 1990 2847 ture.
2191 2822 2213 2862 fl
2233 2835 2249 2858 4

1179 2852 1221 2889 Est
1233 2853 1309 2879 etiam
1322 2854 1421 2888 Partus,
1442 2855 1527 2880 Proles
1540 2854 1602 2889 ipso.
1676 2853 1733 2880 Cic.
1747 2853 1779 2879 de
1794 2854 1852 2881 Fin.
1867 2863 1887 2886 1,
1900 2863 1925 2881 12
1954 2856 2073 2884 Ancillae
2087 2864 2192 2893 partus,
2213 2868 2249 2888 an

1545 2889 1662 2916 Martial.
1677 2898 1696 2924 1,
1711 2900 1734 2921 14
1762 2889 1818 2916 Nec
1832 2890 1913 2917 iacuit
1926 2898 2032 2926 partus,
2051 2894 2094 2921 sed
2109 2901 2192 2922 matre
2206 2905 2247 2922 ca-

1179 2925 1258 2952 dente
1271 2926 1397 2952 cucurrit.
1489 2926 1637 2960 Conceptos
1654 2931 1742 2960 partus
1762 2935 1774 2950 e
1788 2926 1873 2951 Plini-1
1893 2928 2005 2954 dedimus
2024 2938 2050 2956 n.
2064 2940 2077 2956 2
2097 2931 2139 2962 [ab
2154 2932 2248 2958 Conti-

1179 2968 1233 2988 net.
1305 2961 1448 2988 Monstrofi
1462 2961 1604 2988 hominum
1623 2967 1713 2996 partus
1744 2961 1842 2988 Lucan.
1859 2972 1885 2995 1,
1905 2965 1961 2993 562.
2053 2964 2247 3000 multiformes,

1178 2998 1233 3029 uid.
1254 3003 1280 3024 M
1291 3004 1336 3023 V1.
1346 3004 1427 3024 Tvs.
1502 2997 1612 3024 Nobilis
1642 2997 1732 3024 Senec.
1748 2997 1828 3024 Herc.
1843 2998 1897 3026 fur.
1916 2999 1934 3026 s.
1948 3001 1973 3026 6.
2047 3001 2170 3027 Semiferi
2186 3011 2247 3037 par-

1178 3039 1219 3060 tus
1246 3033 1339 3060 Claud.
1353 3033 1382 3059 in
1399 3034 1509 3068 Eutrop.
1526 3043 1544 3066 1,
1561 3043 1578 3059 1.
1650 3032 1802 3068 Suppositus
1823 3034 1868 3060 Sil.
1884 3042 1918 3067 ις,
1933 3037 1989 3068 463.
2061 3036 2174 3070 Abigere
2188 3047 2246 3071 par-

1177 3075 1246 3102 tum,
1266 3070 1321 3096 vid.
1342 3075 1465 3097 ABIGO.
1539 3068 1623 3096 Edere
1636 3076 1750 3103 partum,
1772 3070 1922 3105 perfeetum
1936 3072 1977 3097 vel
1992 3071 2147 3098 inchoatum
2177 3074 2245 3101 Plin.

1179 3115 1217 3136 10,
1232 3107 1268 3137 63.
1345 3105 1452 3132 Elidere
1467 3111 1573 3140 partum
1600 3104 1668 3132 Cels.
1681 3115 1704 3136 2,
1717 3115 1738 3138 7.
1828 3106 1912 3133 Enixa
1931 3107 2056 3140 gemellos
2083 3108 2165 3135 Ouid.
2178 3110 2246 3138 Met.

1178 3143 1203 3172 6,
1220 3150 1266 3173 712.
1340 3141 1498 3168 Excluditnr
1514 3147 1604 3176 partus
1631 3141 1698 3168 Plin.
1712 3150 1750 3174 10,
1767 3151 1804 3176 39.
1877 3142 1957 3168 Ferre
1994 3149 2097 3177 artum,
2127 3146 2158 3170 In
2172 3153 2244 3172 vtera

1540 3178 1620 3204 Ferre
1634 3183 1739 3213 partum
1757 3187 1788 3204 ex
1797 3177 1890 3211 'aliqua
1899 3197 1908 3209 ‚
1932 3151 2025 3203 Tollpere
2033 3185 2138 3213 puerum
2151 3190 2184 3207 ex
2196 3182 2245 3208 ali.

1177 3222 1227 3247 qua
1255 3213 1342 3239 Senec.
1355 3213 1434 3240 Herc.
1456 3211 1509 3239 fur.
1529 3214 1547 3240 s.
1562 3216 1587 3241 6.
1684 3213 1818 3240 Maculare
1836 3219 1924 3247 partus
1944 3213 2002 3239 suos
2022 3214 2170 3248 paricidio,
2189 3218 2245 3245 vid.

1179 3255 1206 3275 Μ
1219 3254 1240 3274 Α
1251 3254 1268 3274 C
1278 3254 1299 3274 V
1309 3255 1326 3275 1.
1337 3256 1371 3275 A.
1446 3249 1570 3284 Diligunt
1582 3250 1641 3276 suos
1653 3255 1740 3284 partus
1755 3249 1826 3275 ferae
1855 3247 1911 3275 Cic.
1927 3248 1958 3275 dc
1974 3250 2048 3276 Orat.
2062 3259 2084 3285 2,
2099 3254 2140 3282 158
2160 3262 2181 3279 c.
2193 3261 2242 3286 40,

1180 3285 1286 3317 Partus,
1302 3286 1334 3311 de
1344 3285 1403 3312 ouis.
1477 3286 1608 3312 Columel.
1629 3294 1652 3318 8,
1665 3295 1677 3315 ς
1707 3286 1771 3311 Fere
1785 3291 1888 3318 autem,
1908 3293 1990 3318 quum
2003 3286 2121 3320 primum
2136 3295 2244 3323 partum

1180 3320 1423 3348 consummauerint
1434 3321 1563 3356 gallinae,
1584 3322 1710 3348 incubare
1723 3320 1841 3354 cupiunt.
1916 3322 1947 3346 Et
1966 3330 1987 3348 e.
2003 3331 2021 3347 11
2047 3323 2078 3348 de
2094 3326 2244 3361 pauom'bus,

1179 3356 1282 3382 Primus
1295 3356 1332 3383 est
1346 3362 1436 3391 partus
1450 3358 1570 3392 quinque
1589 3359 1647 3384 fere
1666 3366 1799 3383 cuorum:
1837 3356 1961 3382 secundus
1981 3363 2110 3391 quatuor:
2146 3361 2243 3388 tertius

1176 3398 1221 3418 aut
1239 3392 1322 3419 trium
1336 3399 1381 3419 aut
1396 3393 1521 3420 ducrum.

1214 3452 1230 3470 r
1238 3451 1259 3471 Α
1268 3451 1287 3470 R
1297 3451 1306 3470 Ι
1317 3450 1338 3470 Τ
1347 3447 1369 3470 V
1381 3452 1398 3471 R
1413 3453 1430 3470 Α
1441 3466 1450 3478 ,
1476 3455 1515 3471 ar.
1553 3445 1573 3470 s.
1611 3442 1747 3477 [qm-mvl]
1786 3444 1853 3468 Mem
1871 3445 1937 3478 quod
1951 3445 2075 3470 *xenium
2093 3454 2117 3471 et
2124 3446 2241 3480 fliam-a,

1178 3481 1266 3506 Varro
1280 3480 1311 3506 de
1325 3481 1356 3507 R.
1367 3481 1396 3506 R.
1408 3490 1431 3513 a,
1447 3491 1455 3507 1
1472 3480 1613 3516 'veo-smfin.
1634 3480 1730 3506 Dentes
1744 3479 1761 3505 fi
1777 3479 1817 3505 vis·
1833 3477 1895 3505 duas
1908 3489 1948 3506 res
1960 3479 1992 3507 dc
2006 3481 2099 3515 mulis,
2119 3483 2243 3511 admissu..

1177 3524 1233 3543 ram
1247 3521 1273 3542 et
1286 3516 1442 3550 parituram.
1516 3517 1619 3552 Legitur
1631 3523 1653 3541 et
1670 3516 1813 3542 Parturavn.

1213 3573 1228 3593 P
1238 3574 1262 3594 A
1275 3574 1294 3594 R
1305 3574 1325 3594 T
1335 3575 1344 3593 l
1358 3574 1375 3595 ’.ἵ
1388 3569 1411 3594 ’17
1422 3575 1440 3594 1>
1450 3574 1484 3601 O,
1507 3567 1567 3593 l'nis.
1588 3567 1606 3592 f.
1632 3566 1734 3601 [τὲξις]
1752 3570 1903 3599 Aumatium.
1950 3568 2129 3596 want-Atilia.
2144 3579 2164 3603 1,
2179 3580 2197 3599 1,
2211 3571 2240 3602 36

1175 3604 1272 3637 Neque
1285 3603 1337 3630 iam
1352 3613 1406 3637 quo
1418 3604 1495 3639 padio
1510 3603 1590 3628 celem
1605 3602 1698 3629 herilis
1717 3602 1787 3627 tiliae
1802 3602 1946 3637 probrum,
1965 3613 2115 3639 prtipmqua
2128 3607 2240 3640 partitu-

1176 3639 1211 3666 do
1224 3640 1267 3673 cuj
1282 3640 1389 3674 appetit.
1447 3639 1518 3672 “lonf-
1540 3638 1612 3665 ldem
1625 3647 1648 3668 ²³
1663 3648 1683 3669 3»
1697 3646 1721 3670 9-

1213 3687 1227 3706 P
1240 3687 1287 3706 AR
1299 3687 1338 3707 11·
1349 3681 1438 3712 uror),
1461 3680 1520 3705 inis.
1554 3679 1574 3705 f.
1613 3679 1686 3704 Idem.
1723 3677 1805 3705 sollu.
1827 3688 1838 3704 t
1861 3689 1878 3711 4
1906 3679 1933 3705 Si
1947 3682 2131 3708 <rumusculum
2146 3682 2174 3710 in
2187 3692 2236 3710 ma.

1176 3726 1232 3744 rem
1248 3717 1386 3751 figuratur,
1408 3715 1503 3742 melior
1518 3721 1543 3740 et
1556 3714 1631 3740 color
1641 3714 1770 3748 grauidis,
1791 3723 1815 3742 tt
1829 3723 1944 3749 prenzer
1958 3712 2081 3749 parm-udo
2096 3726 2171 3745 vtem.

55 3743 123 3772 ibid.
136 3747 163 3778 6,
174 3751 223 3778 187.
259 3755 284 3773 ee
297 3754 322 3780 8,
335 3755 389 3781 593.
462 3749 502 3774 De
515 3748 641 3783 anseribus
665 3750 760 3779 Pallad.
775 3763 794 3786 1,
809 3763 848 3786 30,
1211 3759 1226 3777 P
1236 3759 1284 3778 AR
1294 3759 1332 3778 ‘ri
1347 3757 1383 3783 o,
1405 3752 1473 3783 onis.
1487 3765 1489 3767 -
1501 3750 1519 3776 f.
1558 3749 1710 3783 [ἁπότεξις]
1745 3751 1822 3782 Idem,
1840 3752 1953 3786 antique.
1992 3754 2061 3778 fest.
2078 3763 2114 3781 m.
2127 3763 2139 3779 ε
2161 3754 2237 3779 Fam-⁴

83 3785 216 3820 J’QRIE
226 3788 308 3809 Νῦν
319 3789 334 3810 S
345 3803 354 3816 ‚
372 3793 403 3818 a,
419 3793 474 3810 um.
500 3783 593 3812 Partic.
630 3786 766 3819 Augustin.
779 3789 863 3816 Serm.
878 3792 911 3823 67
931 3788 970 3815 De
983 3793 1113 3821 tempore,
1176 3797 1227 3823 que
1241 3789 1320 3815 finem
1334 3788 1382 3813 esse
1404 3786 1472 3813 dixit
1486 3785 1642 3819 multiiugae
1658 3784 1799 3813 hominum
1819 3787 1959 3821 partionis.
2033 3789 2106 3815 itit-m
2124 3799 2142 3820 ς,
2158 3791 2191 3813 115.
2210 3795 2234 3812 et

54 3815 222 3856 Virglnalem
241 3824 363 3854 vterum,
391 3819 443 3847 fine
463 3819 604 3856 dispendio
623 3821 801 3857 virginitatis,
823 3824 965 3860 pariendus
987 3822 1112 3849 introiui.
1176 3833 1211 3858 12,
1226 3833 1243 3849 1.
1319 3824 1405 3849 Varro
1419 3822 1451 3848 de
1465 3821 1534 3847 KR.
1548 3829 1568 3853 3,
1581 3829 1608 3853 9,
1622 3830 1635 3853 4
1650 3823 1680 3847 de
1689 3821 1804 3856 gallinis,
1825 3823 1883 3849 Hae
1897 3824 1968 3849 enim
1985 3823 2015 3850 313
2029 3832 2160 3858 pdfflmes
2176 3824 2234 3847 sunt

55 3850 211 3887 Chrfflussc·
774 3875 787 3878 -
1121 3861 1299 3895 rcoaptiores.
1379 3859 1414 3883 riae
1434 3856 1552 3884 Macrob.
1565 3856 1666 3883 Saturn.
1681 3867 1702 3888 «τ,
1720 3868 1736 3882 n
1804 3858 1883 3885 Plaut.
1899 3859 1987 3885 Trw.
2004 3869 2021 3889 1.
2039 3869 2061 3885 2.
2076 3868 2115 3884 «κ.

93 3892 110 3913 P
122 3893 269 3922 ARTVS,
285 3898 314 3923 a,
333 3900 387 3920 um.
418 3892 502 3918 Aliud
511 3891 570 3918 item
583 3891 677 3918 Partic.
711 3892 858 3929 [γεννη911ς,
876 3895 990 3929 τεχθεὶς]
1029 3896 1060 3920 In
1075 3895 1110 3920 lu·
1215 3902 1229 3922 Ρ
1242 3902 1262 3922 Α
1274 3901 1291 3922 R
1302 3900 1352 3921 TO
1366 3899 1384 3919 R
1399 3914 1405 3919 .
1435 3893 1499 3919 otia.
1537 3901 1574 3918 m.
1629 3891 1816 3926 [περπωητὲς]
1872 3895 1924 3920 sm
1943 3898 2034 3928 ,oeperu-
2061 3904 2075 3919 ‘t
2093 3892 2228 3926 auyutjs'im'e.

53 3930 103 3948 cem
116 3922 206 3949 editus.
250 3925 349 3966 ‘Genus
361 3933 467 3962 partum
481 3928 605 3955 veterino
617 3928 718 3955 semine
740 3928 844 3958 Lucret.
857 3940 880 3964 ς,
893 3933 946 3964 863.
1053 3926 1074 3968 ff
1098 3939 1114 3958 ι

55 3957 157 3999 Partam
175 3966 267 3999 ftcfeptt
279 3962 444 3996 Columella,
461 3970 509 3999 pro
522 3965 567 3997 Ea,
584 3973 646 3999 quae
656 3964 752 3999 peperit
765 3974 789 3997 7,
801 3973 830 3998 4,
843 3976 854 3999 3
880 3966 983 4001 Singuli
1000 3967 1061 4001 agni
1074 3965 1112 3992 bi.

55 4001 95 4019 ms
109 3993 258 4021 nutricibus
273 3997 471 4032 summittendi‚
487 4009 535 4026 nec
556 4000 702 4035 quidquam
718 3999 837 4027 subtrahi
849 4002 984 4028 summiffis
997 4001 1113 4037 expedit,

54 4036 108 4063 quo
119 4029 234 4092 saturius
241 4030 322 4095 ἑᾶἓὶίε
335 4042 422 4098 1algpus
436 4035 559 4063 celeriter
571 4035 761 4071 confirmetur,
780 4041 806 4063 et
824 4043 896 4071 parta
909 4038 1007 4068 nutrici
1021 4039 1164 4068 cons0=105

1176 3932 1258 3959 Plaut.
1272 3931 1356 3958 Truc.
1374 3939 1392 3961 1,
1408 3939 1425 3961 1,
1441 3937 1468 3960 42
1499 3927 1574 3954 Vnde
1589 3935 1647 3955 ante
1660 3935 1731 3963 parta
1745 3928 1836 3955 demus
1849 3921 1909 3957 11ιῖ
1919 3925 2075 3964 firmemus.

1210 3974 1225 3994 P
1236 3973 1258 3994 A
1270 3973 1287 3993 R
1299 3972 1320 3992 T
1331 3972 1348 3990 V
1359 3965 1375 3992 Ᾰ
1387 3970 1402 3990 L
1413 3970 1458 3997 13,
1480 3972 1500 3989 P.
1531 3963 1588 3991 Adi.
1628 3966 1671 3990 Ad
1680 3972 1779 3999 parium
1792 3965 1925 3997 pivimus.
1964 3964 2085 3991 eanum
2099 3962 2231 3996 satiguims

1174 4003 1259 4030 fluxus
1286 4000 1405 4028 Tertull.
1419 4002 1474 4026 adri.
1490 4000 1571 4028 Marc,
1585 4010 1608 4035 4,
1623 4009 1662 4026 ’.τ-0.

1211 4044 1288 4066 rar.
1306 4043 1326 4064 τ
1341 4043 1436 4067 vua,
1457 4035 1508 4062 vix.
1527 4041 1683 4063 91111111
1700 4041 1715 4061 r
1730 4042 1758 4060 a..

1335 4071 1386 4097 Τ(
1415 4077 1442 4093 i«
2083 4073 2228 4094 relatu-
