2517 4231
278 209 338 248 531
709 191 913 233 OBS
1786 182 1854 224 -O
1916 182 2027 224 BS
2385 197 2451 234 532

279 285 329 311 ess'e
343 283 494 310 thesaurum
507 282 600 316 domi,
623 281 651 309 id
667 281 771 315 inhiat,
797 290 826 308 ea
839 279 991 306 affinitatem
1005 277 1072 305 hanc
1083 276 1228 304 obffinauit
1240 275 1332 312 gratia.
1394 276 1468 310 Confi
1477 277 1519 311 ld·
1533 275 1642 305 aarum.
1651 285 1676 310 9,
1690 279 1714 306 ¹8
1729 275 1747 301 s.
1760 282 1793 307 33.
1829 274 1880 300 Sed
1890 272 1940 299 illis
1951 276 2027 300 etiam
2040 273 2110 299 lez-‘Iis
2122 280 2149 300 et
2157 257 2448 310 perpenfisspropendet

280 320 488 348 obstinauerant
499 318 595 346 animis
609 318 716 345 vincere
726 339 734 351 ‚
757 324 801 343 aut
815 314 887 342 mori
906 314 965 340 Liu.
978 323 1016 346 23,
1032 322 1069 346 29.
1392 313 1487 338 animus
1499 315 1535 339 ad
1547 313 1725 345 Salnmfianasn
1739 309 1899 336 cunisam-am
1913 308 2068 344 obstrigillis
2077 330 2085 342 ‚
2099 318 2126 336 v,
2142 318 2167 336 v,

318 363 337 382 0
349 362 365 383 13
375 363 387 382 s
397 363 419 383 ‘r
429 363 437 382 1
448 363 470 382 N
479 356 498 382 Ᾰ
510 351 531 382 ‘r
544 362 565 382 v
574 361 586 380 s
596 375 604 385 ‚
624 363 653 387 a,
671 363 725 380 um.
760 351 853 379 Partic.
890 349 990 377 dicitur
1010 349 1173 376 Obtinnatus
1182 369 1190 381 ,
1215 347 1334 382 perseue-
1432 354 1451 374 ο
1460 354 1476 373 Β
1485 354 1554 375 s‘rR
1565 355 1588 376 A
1598 356 1620 375 N
1629 355 1649 375 G
1661 355 1682 375 v
1691 354 1708 373 1.
1717 352 1770 374 ΛΤ
1783 353 1804 374 ν
1817 352 1831 373 s
1840 363 1849 377 ‚
1881 354 1895 372 a
1905 365 1916 379 ‚
1951 354 2007 372 unx.
2066 344 2267 380 Obstrangulata
2283 353 2358 371 mens
2385 344 2452 372 Pru·

282 400 358 425 ranS,
395 400 424 418 Vt
437 398 526 418 tenere
539 390 628 425 polilt,
664 388 746 423 inqm‘t
763 386 859 413 Festus.
965 385 1024 411 Liu.
1038 395 1059 419 3,
1074 395 1101 418 47
1121 384 1252 411 Aduersus
1266 390 1332 417 quae
1393 381 1463 409 dent.
1475 382 1592 411 Cathem.
1607 395 1629 418 7,
1641 393 1679 411 10.

282 427 516 454 omniaobstinato
529 427 618 453 animo
631 425 731 459 Appius
751 425 837 453 (tanta
851 421 892 448 vis
903 422 1033 448 amentiae
1046 421 1151 451 verius,
1170 429 1247 454 quam
1261 427 1332 445 amo-
1355 424 1370 446 5
1431 425 1450 445 o
1462 424 1498 444 Bs
1508 425 1529 444 Τ
1539 426 1557 445 R
1569 418 1586 447 ἑ
1595 427 1610 447 P
1619 427 1639 447 o
1650 441 1657 453 ‚
1675 419 1720 453 ui,
1741 420 1808 445 i‘tum
1817 437 1825 451 ,
1851 418 1916 444 ete.
1940 417 2121 453 [καταψοφέω]
2160 419 2253 443 Contra
2265 416 2374 450 aliquem
2384 414 2450 451 stre.

281 464 319 490 ris
331 472 448 490 mentem
462 462 633 495 turbauerat)
670 460 698 485 iu
711 457 828 484 tribunal
843 457 967 484 ascendit.
1064 457 1156 484 Animi
1168 452 1333 482 obstinatiad
1392 454 1471 490 pirum
1479 454 1574 487 facere.
1646 455 1746 483 Sallust.
1761 453 1840 481 Catil.
1855 463 1876 480 c.
1889 462 1908 484 3¹
1936 453 1976 479 Ad
1989 453 2051 479 haec
2064 453 2220 486 maledieta,
2247 451 2298 478 alia
2311 460 2393 486 quum
2407 450 2451 478 ad.

281 499 469 527 decertandum
489 498 548 524 Liu.
562 500 587 527 6,
603 505 623 527 3.
694 495 777 520 Aures
789 492 935 520 obstinatae
956 493 1024 520 Hor.
1037 493 1126 521 Carm.
1135 500 1195 525 3,11‚
1204 502 1225 524 7.
1262 491 1334 516 Con-
1395 490 1484 522 deret,
1502 488 1653 524 obstrepere
1665 500 1775 524 omnes,
1794 489 1895 517 hostem
1910 496 1988 523 atque
2001 488 2159 523 parricidam
2173 497 2278 516 vocare.
2353 487 2408 514 Cic.
2416 486 2451 514 de

281 535 367 562 filium
381 534 540 562 obstinatum
555 537 624 557 tenet
637 529 707 556 necis
745 530 834 556 Senec.
849 529 960 564 Hippol.
981 530 1000 556 s.
1015 539 1036 562 7.
1129 527 1207 555 Fides
1244 525 1334 554 Tacit.
1396 526 1470 552 Orat.
1479 535 1500 558 3:
1509 534 1537 557 47
1559 526 1676 559 Atquevt
1683 526 1881 561 quodammodo
1893 525 1940 560 ipsi
1955 524 2003 551 fibi
2015 524 2044 551 in
2058 524 2170 552 dicendo
2179 524 2330 559 obstrepere
2342 523 2450 550 videan-

282 571 350 598 Hist,
366 581 386 605 ς,
402 581 422 601 5·
494 569 583 595 Mente
596 565 727 592 obstinata
739 565 859 600 perferre
871 564 972 600 aliquid
992 565 1111 592 Catullus
1126 570 1150 597 8,
1166 573 1196 590 ιι.
1286 563 1334 588 Pu-
1396 567 1454 592 tur,
1491 561 1510 586 i.
1529 559 1638 596 efflsere,
1660 569 1689 587 vt
1702 562 1808 598 intelligi
1819 571 1866 588 non
1875 559 1974 598 poffint.
2062 560 2148 587 Portis
2161 560 2313 595 obstrepere
2341 559 2401 586 Liu.
2414 567 2452 591 22,

281 607 371 634 dicitia
409 605 467 631 tiu.
483 613 500 635 1,
515 607 551 631 58.
624 601 679 629 Cic.
693 602 746 628 Att.
761 611 781 634 1,
794 611 813 628 11
851 601 1013 629 Incredibile
1025 601 1078 634 est,
1098 604 1198 634 quanto
1212 597 1280 625 mihi
1294 597 1333 624 vi·
1348 603 1377 622 ιο
1395 607 1434 629 50.
1514 596 1665 623 Vociferari
1678 602 1704 623 et
1716 596 1865 633 obstrepere
1889 597 1962 625 Idem
1978 606 1996 628 1,
2011 605 2053 629 40.
2141 596 2239 624 Turba
2250 595 2380 631 obstrepit
2395 593 2451 621 Ti-

280 643 372 669 deatur
399 642 470 667 illius
490 637 617 663 Voluntas
636 637 796 664 obstinatior
807 658 816 670 ‚
852 644 879 664 et
898 637 927 664 in
946 637 994 665 hac
1012 635 1146 663 iracundia
1166 633 1331 661 affirmatior.
1394 632 1460 661 bull.
1471 641 1493 667 2,
1507 642 1525 667 r,
1538 635 1578 662 86.
1669 632 1801 660 Exercitus
1814 634 1941 669 obstrepit
1960 633 2036 669 pulfis
2049 632 2130 659 armis
2167 632 2228 659 Stat.
2242 630 2335 658 Theb.
2349 641 2377 666 u,
2392 636 2452 666 247.

280 677 445 705 Obssinatior
459 674 581 700 aduerfi1s
595 673 715 700 lacrimas
740 673 800 702 Liu.
813 682 836 707 ε,
849 682 896 707 40.
967 674 1023 699 Rex
1037 670 1250 698 obstinatiffimus
1271 670 1332 696 Am·
1395 669 1479 697 Laudi
1491 668 1601 695 alicuius
1612 667 1779 702 obstrepere,
1814 671 1832 696 i.
1862 670 2023 696 Contrarium
2036 669 2097 704 ff,
2117 669 2311 703 interrumpere,
2332 666 2450 702 impedire

280 715 360 741 mian.
375 722 406 743 17,
422 720 454 741 14.
564 708 656 735 Virtus
670 718 720 744 pro
735 718 818 744 regno
831 710 878 736 suo
892 708 1088 736 obstinatissima
1124 707 1183 734 Seu.
1198 706 1277 741 Epist.
1295 713 1332 739 7¹.
1395 705 1571 732 Senec-l-lerc.
1585 704 1637 730 fur.
1653 713 1714 736 ¹03¹·
1784 703 1921 733 Cic.Fam.
1936 715 1959 741 5,
1978 715 1991 737 4
2012 706 2089 738 Qtae
2099 713 2140 730 res
2154 703 2228 737 fecit,
2242 708 2271 729 vt
2284 702 2336 729 tibi
2350 700 2450 728 Literis

280 749 445 776 Obstinatus,
469 754 521 771 cum
541 745 668 780 Infinitiuo
706 745 765 772 Liu.
778 755 819 780 42,
834 749 865 779 56
877 747 913 772 ad
917 745 945 780 f.
982 746 1073 778 Quun
1086 752 1118 770 ex
1132 743 1265 778 insperato
1279 741 1333 768 iam
1394 741 1547 775 obstrepere
1559 749 1613 766 non
1627 739 1761 767 auderem.
1848 740 1944 768 Fontes
1963 741 2116 776 obstrepunt
2135 738 2264 774 Lymphis
2282 737 2452 772 manantibus

278 783 415 811 obstinatis
431 781 502 807 mori
516 781 570 815 spes
582 780 699 815 affulget.
1349 782 1374 809 15
1394 778 1460 804 Hor.
1477 776 1558 812 Epod.
1573 786 1594 810 2,
1610 785 1645 809 27.
1719 771 1824 808 Paffiue.
1861 776 1917 802 Cic.
1929 786 1979 812 pro
1992 777 2112 805 Marcell.
2126 785 2140 810 9
2155 784 2198 802 c.2
2218 774 2267 802 Sed
2280 781 2369 802 tamen
2383 773 2452 800 eius·
2472 800 2475 801 ⁷
2504 794 2517 804 v.

313 827 332 846 O
342 825 356 845 Β
366 825 378 845 S
387 825 409 844 T
419 823 428 844 1
440 825 462 844 N
472 817 494 844 Ᾱ
503 823 524 843 T
534 824 543 844 1
553 822 572 843 O
581 836 590 850 ‚
610 817 679 844 onis.
705 816 724 844 f.
748 817 896 850 [umidum
915 816 1052 850 μυνοτονία]
1089 814 1146 842 Cic.
1159 813 1192 841 de
1206 810 1331 841 Prouinc.
1393 812 1469 840 modi
1484 822 1524 840 res
1533 833 1541 846 ,
1563 812 1659 839 ¹nescio
1673 810 1829 847 quomodo,
1861 811 1941 838 etiam
1955 813 2018 840 dum
2031 813 2193 845 audiuntur,
2223 816 2267 837 aut
2283 809 2345 837 dum
2362 810 2452 844 legun-

275 854 384 882 Consul.
398 863 421 887 41
436 863 457 879 c.
472 860 499 888 17
519 853 595 887 Qtae
606 862 656 887 ego
670 853 762 879 omnia
777 861 832 879 non
844 852 948 885 ingrato
960 850 1066 883 auimo,
1093 851 1137 877 sed
1151 849 1331 876 obstinatione
1394 855 1454 883 tur,
1474 849 1591 883 obstrepi
1604 848 1721 875 clamore
1733 846 1851 873 militum
1863 846 1998 881 videntur,
2016 854 2042 876 et
2055 848 2178 876 tubarum
2192 847 2268 874 sono.
2306 846 2381 880 Conf.
2391 844 2452 872 Val.

274 890 386 926 quadam
401 889 544 916 sententiae
556 888 704 924 repudiaui.
778 888 934 915 Inflexibilis
949 886 1108 919 obstinatio,
1126 887 1181 912 vid.
1195 893 1205 912 1
1216 891 1288 912 NI—*L
1301 891 1332 911 Ε-
1393 885 1463 911 Max.
1478 891 1501 918 8,
1514 892 1547 917 ις,
1563 892 1585 914 8.
1658 884 1837 918 Obstrcpitur.
1860 882 1961 918 Impevs.
1988 884 2197 919 [καταψοφᾶται]
2234 883 2294 910 Liu.
2307 892 2327 914 3,
2340 890 2376 915 49
2399 881 2452 908 Eos
2488 900 2490 903 .

274 934 292 954 C
305 933 327 953 Τ
340 933 368 953 o.
440 925 589 952 Taciturna
614 925 723 952 Cornel.
738 924 832 959 Nepos
849 924 877 949 in
891 923 945 950 vita
957 923 1037 949 Attic.
1051 929 1088 955 ες,
1101 931 1123 955 2,
1138 930 1160 948 2.
1181 920 1330 955 Confil'lin.
1393 921 1490 947 concio
1502 920 1591 953 audit,
1610 920 1772 947 Decemuiro
1786 919 1956 954 obstrepitur.
2028 919 2109 947 Ouid.
2122 920 2188 947 Fast.
2203 932 2227 952 o,
2240 927 2267 945 10
2299 917 2340 944 Est
2357 924 2452 944 nemus

272 962 354 997 Epist.
369 971 386 996 1,
401 970 434 988 ¹2.
528 960 678 987 Obllinatio
698 960 780 993 viris,
806 959 969 994 seminisque
981 967 1028 993 par
1065 957 1157 985 Tacit.
1171 956 1239 984 Hist.
1254 966 1278 991 ς,
1298 965 1329 988 ¹3·
1341 966 1374 985 20
1392 956 1534 983 arboribus
1548 957 1674 990 densum,
1695 957 1808 982 secretus
1821 955 1853 981 ab
1867 954 1944 981 omni
1980 953 2055 982 voce
2066 955 2154 989 locus,
2188 955 2207 982 fi
2221 963 2276 982 non
2288 953 2455 988 obstrepere·
2492 957 2494 961 “

274 1001 312 1025 De
327 999 435 1024 Iudaeis.
541 996 692 1023 Obstinatio
705 995 784 1029 fidei,
809 997 838 1021 in
851 996 935 1020 bonam
949 1001 1062 1029 partem,
1091 1001 1137 1030 pro
1152 992 1330 1028 Ορῄνηιαιὶωιε
1390 998 1433 1019 tur
1445 993 1530 1027 aquis.

271 1033 438 1062 Tacit.l>list.
455 1041 479 1066 3,
490 1041 528 1066 39,
541 1041 560 1064 3.
633 1031 831 1058 Obstinationes
849 1030 969 1057 Tertull.
983 1030 1083 1057 aducrs.
1099 1030 1212 1058 Nation.
1228 1036 1294 1062 1,17.
1430 1035 1450 1056 0
1463 1035 1480 1055 Β
1492 1036 1504 1055 s
1514 1033 1563 1055 ΤΒ
1574 1025 1639 1054 {PE
1650 1033 1673 1054 Ν
1685 1033 1716 1060 s,
1735 1027 1814 1054 entis.
1848 1026 1944 1054 Partic.
1983 1026 2167 1061 [καταψοφὲἱν]
2205 1027 2280 1053 Mare
2300 1024 2455 1060 obstrepens

309 1077 328 1098 o
341 1075 357 1096 Β
370 1076 382 1096 S
392 1075 414 1095 Τ
424 1075 433 1095 1
442 1076 465 1096 Ν
475 1071 498 1097 Ᾱ
507 1075 529 1095 Τ
539 1075 566 1095 Ε.
607 1068 674 1095 Adu.
710 1068 856 1101 [αὕθιδᾶς]
893 1067 1030 1100 Firmiter,
1050 1066 1187 1103 Instanter.
1259 1065 1328 1091 Ter.
1390 1065 1461 1091 Baiis
1489 1065 1557 1091 Hor.
1572 1063 1662 1091 Cat-m.
1675 1072 1698 1097 2,
1714 1069 1748 1099 13,
1762 1072 1802 1090 20.
1875 1063 2052 1098 Obstrepente
2066 1062 2159 1098 pluuia
2171 1062 2241 1089 nihil
2255 1063 2355 1089 sensere
2368 1059 2455 1088 Poeni
2500 1086 2511 1092 .,

271 1105 354 1132 Andr.
371 1115 389 1139 1,
402 1114 424 1137 ς,
438 1111 452 1135 8
474 1106 547 1132 Itane
566 1103 696 1131 obstinate
710 1111 818 1137 operam
833 1102 893 1136 dat,
917 1108 946 1129 vt
966 1111 1008 1128 me
1026 1111 1040 1129 a
1055 1102 1181 1134 Glycerio
1200 1100 1327 1127 miserum
1389 1101 1450 1127 Liu.
1472 1109 1516 1133 ιι,
1534 1103 1574 1131 ς6.

269 1139 418 1169 abstrahat?
461 1143 505 1167 Vbi
517 1140 651 1174 Donatus,
673 1138 810 1166 Obstinate
823 1139 910 1166 facere
923 1137 1040 1173 aliquid,
1060 1138 1095 1165 est
1110 1139 1138 1165 in
1152 1138 1260 1164 alterius
1273 1145 1326 1162 ma-
1355 1146 1383 1169 ²5
1428 1144 1447 1164 o
1458 1143 1473 1163 Β
1483 1143 1496 1163 s
1506 1142 1554 1162 TR
1566 1142 1583 1163 Ε
1596 1141 1612 1162 r
1623 1133 1696 1162 i'To
1706 1155 1714 1169 ‚
1741 1139 1795 1163 ire.
1833 1136 1975 1171 Frequent.
2012 1134 2105 1163 Claud.
2122 1133 2154 1161 de
2175 1133 2252 1169 Rapt.
2270 1133 2392 1168 Proserp.
2412 1139 2455 1165 355
2493 1128 2495 1135 ’

270 1178 325 1206 lum
340 1186 399 1204 cum
413 1182 510 1203 conatu
529 1177 614 1203 facere
628 1176 842 1210 perseueranter,
859 1180 886 1201 et
901 1174 929 1200 in
948 1174 1056 1201 alterius
1075 1174 1225 1209 perniciem
1246 1171 1328 1198 nimis
1390 1172 1571 1207 Obstrepitant
1585 1172 1699 1199 lamenta
1715 1171 1814 1199 choris.

270 1214 331 1240 niti.
421 1212 493 1239 Caes.
507 1212 571 1239 Bell.
587 1212 655 1240 Gall.
670 1221 693 1243 5,
708 1213 722 1238 6
753 1210 924 1245 Posteaquam
938 1209 965 1237 id
980 1209 1111 1237 obstinate
1125 1210 1172 1237 fibi
1184 1209 1275 1243 negari
1289 1208 1328 1234 vi-
1428 1215 1447 1235 0
1457 1214 1474 1235 Β
1485 1215 1497 1234 8
1508 1215 1528 1235 Τ
1538 1215 1556 1235 R
1568 1215 1584 1235 E
1594 1215 1608 1234 P
1621 1215 1659 1235 1⁷1*
1669 1215 1691 1235 A
1702 1213 1719 1234 C
1732 1208 1751 1235 V
1764 1216 1782 1235 1.
1794 1215 1815 1234 v
1824 1215 1867 1243 M,
1905 1207 1924 1234 i.
1969 1217 1995 1234 n.
2045 1206 2182 1243 Qidqut‘cl
2194 1205 2328 1241 strepitum
2345 1203 2454 1239 opponit,
2494 1219 2507 1235 r,

270 1249 324 1283 dit,
345 1249 421 1276 omni
435 1249 477 1283 spe
490 1248 649 1282 impetrandi
664 1247 784 1279 ademta,
804 1254 848 1273 etr.
928 1247 988 1273 Liu.
1003 1253 1044 1279 28,
1060 1256 1083 1278 14
1119 1245 1209 1280 Scipio
1221 1244 1267 1271 vbi
1282 1244 1329 1271 ob·
1391 1244 1512 1272 Tertull.
1530 1244 1630 1272 aduers.
1647 1246 1729 1271 Marc.
1750 1255 1767 1279 1,
1787 1254 1819 1271 20
1847 1242 1971 1272 Defensio
1985 1242 2126 1271 necess'aria
2139 1242 2175 1269 est
2189 1241 2312 1268 aduersus
2325 1240 2454 1276 obstrepi.
2491 1238 2498 1270 ,’

269 1285 363 1313 stiuate
375 1284 473 1312 credita
486 1283 687 1317 animaduertit,
706 1283 798 1310 onmia
812 1283 844 1309 de
857 1281 986 1309 industria
998 1283 1027 1308 in
1041 1292 1102 1309 eum
1117 1282 1199 1314 diem,
1212 1290 1266 1315 quo
1282 1289 1328 1315 pu-
1391 1281 1478 1308 tacula
1492 1281 1612 1307 diuersae
1627 1281 1717 1315 partis.

269 1329 397 1356 gnatorus
411 1326 482 1353 crat,
505 1319 627 1346 mutauit.
717 1319 790 1346 Tam
804 1317 935 1344 obstinate
948 1319 1030 1351 magis
1044 1327 1073 1344 ac
1086 1318 1169 1353 magis
1182 1315 1330 1344 induruiss'e
1343 1325 1374 1349 30
1432 1323 1452 1344 o
1465 1323 1480 1343 Β
1491 1323 1503 1343 s
1512 1323 1534 1343 Τ
1543 1323 1562 1344 R
1574 1323 1590 1343 Ε
1601 1323 1616 1342 1>
1627 1315 1646 1343 12³
1655 1323 1672 1343 R
1685 1323 1705 1343 V
1715 1323 1745 1350 s,
1766 1325 1779 1342 a
1788 1335 1796 1347 ‚
1813 1325 1868 1343 um.
1901 1315 1962 1345 Adi,
1998 1315 2078 1350 Apul.
2088 1313 2160 1342 Flor.
2171 1322 2188 1341 ²
2202 1324 2228 1350 p.
2243 1322 2292 1348 349
2319 1312 2457 1340 Occinunt
2485 1332 2488 1334 —

268 1357 337 1384 Ptin.
359 1356 437 1392 Epist.
459 1366 477 1388 1,
496 1364 529 1383 12.
574 1357 611 1382 De
631 1354 730 1381 Corellio
748 1354 874 1389 loquitur,
900 1355 944 1387 qui
960 1354 1046 1380 inedia
1065 1361 1165 1380 mortem
1183 1353 1330 1386 accersebat.
1391 1352 1494 1379 cicadae
1510 1353 1627 1378 carmine
1641 1351 1805 1387 obstrepere.

269 1394 382 1428 Compar.
420 1391 582 1418 Obstinatius
597 1390 687 1417 omnia
703 1398 778 1424 agere
804 1390 873 1415 suet.
888 1389 960 1416 Caes.
975 1399 995 1414 c.
1007 1399 1045 1422 ²9-
1118 1390 1215 1424 Superl.
1243 1387 1330 1415 Obsti-
1429 1395 1449 1415 o
1460 1395 1476 1415 Β
1488 1395 1501 1414 s
1516 1395 1538 1415 Τ
1551 1394 1570 1414 R
1584 1395 1593 1414 1
1605 1393 1627 1414 G
1636 1395 1645 1414 1
1654 1393 1670 1413 L
1682 1394 1698 1413 1.
1709 1394 1731 1413 Α
1740 1395 1761 1414 Τ
1771 1395 1789 1414 Ο
1800 1395 1836 1420 R,
1856 1388 1915 1415 vid.
1928 1387 1980 1423 post
1993 1393 2012 1414 0
2021 1393 2037 1414 E
2047 1393 2059 1413 S
2071 1393 2093 1414 Τ
2104 1393 2125 1413 R
2134 1393 2144 1413 1
2153 1392 2175 1413 G
2186 1392 2197 1413 1
2209 1392 2227 1413 1.
2239 1392 2256 1412 L
2270 1392 2302 1413 Ο.

268 1428 396 1455 natiffime
410 1428 527 1454 recusare
548 1427 620 1454 Idem
637 1426 733 1453 Tiber.
746 1435 766 1451 c.
781 1427 820 1458 67.
906 1427 936 1450 In
953 1425 1076 1449 meliorem
1088 1432 1185 1459 partem
1193 1424 1301 1458 sumitur
1314 1432 1330 1448 a
1432 1431 1452 1451 o
1468 1431 1483 1451 B
1496 1431 1508 1452 s
1519 1431 1540 1451 'r
1549 1430 1567 1450 R
1579 1431 1588 1450 1
1598 1429 1618 1450 G
1629 1430 1637 1449 1
1648 1430 1664 1450 L
1673 1429 1690 1449 1.
1699 1429 1736 1456 o,
1772 1425 1815 1449 vel
1826 1431 1855 1448 vt
1869 1424 1964 1457 legitur
1977 1428 2042 1458 apud
2055 1423 2130 1450 Non.
2145 1432 2167 1457 2,
2180 1426 2228 1453 605
2266 1428 2287 1448 Ο
2297 1428 2313 1448 Β
2322 1427 2335 1448 S
2344 1427 2456 1448 TRIN-
2491 1451 2493 1454 Α

267 1465 338 1491 Suet.
347 1464 374 1490 in
388 1464 458 1490 Tito
472 1473 493 1490 c.
508 1469 520 1492 8
559 1463 589 1489 In
604 1462 713 1489 caeteris
726 1459 861 1487 desideriis
873 1460 995 1486 omnium
1008 1459 1153 1487 hominum
1166 1459 1330 1486 obstinatissi-
1393 1466 1415 1487 G
1424 1469 1434 1488 1
1445 1468 1461 1486 L
1472 1467 1489 1487 L
1501 1466 1535 1493 0,
1556 1463 1610 1492 ire,
1630 1461 1659 1485 ah
1673 1458 1714 1485 illo
1729 1462 1863 1493 exponitur
1877 1459 1989 1493 Obstare.
2018 1459 2114 1485 Laudat
2124 1460 2201 1484 Varr.
2210 1458 2241 1484 de
2249 1457 2456 1493 Popul.Rom.4

266 1509 310 1527 mc
324 1499 418 1531 tenuit,
433 1508 465 1525 ne
481 1507 560 1532 quem
573 1498 626 1525 fine
641 1498 682 1533 spe
696 1497 853 1524 dimitteret.
1348 1504 1374 1528 35
1393 1496 1476 1528 Quod
1491 1496 1592 1530 Curio,
1610 1504 1693 1530 quum
1707 1494 1734 1521 id
1748 1494 1863 1527 fecisset,
1882 1493 1986 1521 dicebat
2003 1494 2106 1528 amiciS,
2120 1501 2147 1522 vt
2162 1494 2205 1521 illi
2217 1493 2417 1523 renuntiaretur
2430 1494 2458 1520 se
2499 1515 2501 1517 .

304 1541 403 1563 OBST
415 1536 428 1561 1'
439 1540 499 1567 ΡΟ,
523 1539 577 1560 are.
614 1534 642 1559 Si
647 1535 685 1567 fit
698 1534 829 1565 Latinum,
842 1532 999 1567 figm'fimbit
1020 1530 1154 1566 obstipum
1166 1530 1271 1563 facere,
1290 1530 1329 1555 in·
1391 1531 1645 1566 obstrigillaturum,
1681 1540 1714 1558 ne
1734 1530 1886 1564 triumphus
1909 1530 2113 1564 decerneretur,
2150 1536 2193 1556 aut
2215 1539 2248 1556 ne
2268 1529 2367 1556 iterum
2379 1529 2458 1558 fieret

256 1572 363 1598 'clinare
377 1580 430 1596 cum
443 1571 527 1604 rigore
538 1571 651 1603 quodam.
698 1570 829 1595 Laudatur
842 1569 869 1593 in
881 1569 946 1594 hunc
957 1567 1110 1602 sententiam
1146 1567 1229 1593 Plaut.
1245 1567 1328 1593 Merc.
1392 1568 1500 1594 Consul.
1574 1568 1675 1593 Ennius
1689 1568 1740 1594 Sat.
1758 1576 1770 1593 2
1792 1566 1937 1600 Restitarm
1968 1572 2128 1600 occurrunt,
2156 1565 2273 1598 obstant,
2302 1564 2458 1600 obstringil-

265 1617 291 1641 4,
306 1617 326 1640 ς,
342 1610 367 1634 16
394 1605 496 1632 Gradus
511 1605 633 1639 grandst,
652 1604 752 1631 emittit
765 1604 874 1636 oculos,
891 1603 1045 1630 circumfert
1060 1602 1099 1636 se,
1119 1602 1233 1637 obstipat
1248 1602 1329 1628 verti-
1391 1604 1462 1637 lam,
1495 1602 1641 1638 obagitant.
1750 1603 1838 1629 Varro
1851 1602 1962 1635 Manio,
1983 1602 2038 1629 Lex
2052 1612 2138 1636 neque
2152 1601 2291 1628 innocenti
2304 1608 2414 1636 propter
2427 1600 2457 1628 fi-

266 1653 338 1676 cem,
375 1642 393 1669 ἰ.
421 1649 494 1677 caput
508 1642 534 1666 in
550 1642 615 1667 latus
628 1641 748 1667 demittit.
823 1642 873 1666 Sed
883 1649 930 1666 non
946 1639 1066 1665 videntur
1080 1638 1126 1675 {sia
1141 1639 1239 1666 Plauti.
1297 1640 1328 1664 In
1391 1640 1528 1666 multatem
1555 1638 1733 1674 obstringillat
1743 1659 1753 1672 ‚
1790 1647 1877 1673 neque
1899 1639 2009 1665 nocenti
2032 1645 2141 1673 propter
2162 1637 2309 1665 amicitiam
2332 1637 2457 1672 ignoscit-¹

265 1678 364 1706 Cistell.
379 1687 402 1710 ε,
415 1688 436 1710 3,
451 1685 480 1712 37
497 1676 672 1712 estObfipare.
685 1686 710 1703 v.
723 1686 749 1702 v.
1342 1686 1375 1710 40
1391 1677 1478 1702 Varro
1494 1675 1525 1702 de
1538 1676 1570 1702 R.
1585 1675 1616 1702 R.
1633 1685 1652 1706 1,
1689 1678 1726 1708 (2,
1743 1678 1783 1707 24)
1805 1674 1854 1701 Tu
1863 1675 1890 1707 ,ε’
1900 1674 2006 1708 inquit,
2044 1674 2149 1701 inuides
2163 1680 2237 1701 tanto
2251 1673 2393 1708 scriptori,
2429 1678 2458 1700 et
2487 1701 2491 1705 ,

303 1721 322 1742 0
334 1720 351 1740 B
363 1721 376 1740 s
389 1720 410 1739 T
421 1714 457 1739 1‘1‘
469 1720 487 1738 v
499 1719 528 1748 S,
547 1722 560 1739 a
570 1733 578 1745 ,
596 1721 650 1738 um.
687 1712 747 1739 Adi.
783 1710 944 1746 [gamm-oe,
971 1711 1142 1745 κατάτυπτοε]
1181 1710 1328 1739 inclinatus,
1390 1711 1586 1745 obstrigillandi
1603 1712 1677 1737 causa
1691 1711 1796 1745 figlinas
1808 1709 2000 1745 reprehendis,
2021 1719 2104 1745 quum
2118 1710 2250 1745 praeclara
2263 1709 2402 1744 quaedam,
2421 1716 2458 1736 ne

266 1751 308 1776 vel
321 1751 401 1784 flexus
420 1748 505 1782 vexsus
523 1749 666 1780 humerum,
696 1747 752 1780 stne
765 1746 992 1782 dextrorfim1‚fiue
1000 1745 1176 1781 sinistrorsum.
1259 1746 1326 1771 Hor.
1390 1747 1494 1779 laudes,
1515 1747 1718 1781 praetermittas.
1790 1748 1858 1772 Haec
1871 1747 1980 1773 Nonius
1990 1767 1998 1779 ,
2017 1746 2103 1773 Multa
2118 1746 2311 1782 obstrigillant‚
2332 1752 2357 1772 et
2371 1745 2458 1772 aciem
2504 1768 2508 1771 .

266 1787 347 1813 Serm.
361 1792 385 1816 2,
399 1790 421 1815 ς,
434 1791 463 1815 92
491 1783 544 1809 Stes
558 1783 642 1817 capite
657 1782 779 1816 obstipo,
804 1783 919 1808 multum
937 1781 1027 1807 similis
1041 1781 1179 1808 metuenti.
1268 1780 1325 1806 Cic.
1389 1782 1504 1809 nostram
1517 1787 1562 1808 aut
1582 1778 1720 1816 splendore
1740 1781 1829 1806 nimio
1847 1782 2048 1815 repercutiunt,
2084 1789 2128 1808 aut
2141 1782 2256 1808 obscuro
2269 1782 2398 1810 retinent:
2435 1783 2458 1807 i.
2494 1788 2500 1796 ⁸

266 1822 298 1849 de
313 1820 376 1849 Nat.
390 1819 473 1845 neor.
487 1827 507 1853 ε,
524 1826 569 1852 ¹07
625 1819 711 1851 Atque
723 1827 777 1843 vno
792 1824 911 1843 mentum
926 1816 1039 1843 radianti
1054 1816 1135 1843 fidere
1151 1816 1235 1846 lucet,
1273 1816 1327 1841 Ob·
1388 1821 1434 1850 (vt
1450 1817 1544 1852 Lipsius
1559 1817 1765 1851 interpretatura
1804 1815 1923 1850 Obstane,
1959 1815 2038 1851 mlse
2050 1823 2172 1850 opponunt
2206 1818 2296 1844 Senec.
2311 1818 2390 1852 Epist.
2411 1824 2458 1849 1¹5-
2505 1819 2507 1821 ’

265 1857 363 1891 ssipum
383 1860 475 1889 caput,
507 1859 532 1879 ct
551 1853 629 1879 tereti
649 1853 752 1879 ceruice
772 1853 908 1880 reflexum.
966 1853 1003 1878 Ex
1017 1853 1110 1879 Arato.
1203 1853 1271 1879 Suet.
1294 1850 1325 1877 de
1342 1861 1370 1887 45
1387 1855 1481 1888 Nempe
1496 1852 1605 1887 strigare
1621 1851 1686 1885 (lare
1698 1851 1739 1887 est.
1752 1843 1761 1851 ’
1782 1851 1851 1877 Hinc
1863 1850 2043 1885 obstrigillare
2062 1852 2135 1885 qusfi
2143 1851 2268 1878 diminuto
2283 1856 2358 1879 verbo
2368 1853 2458 1889 subin·
2482 1860 2488 1866 '

266 1892 365 1920 Tiber.
381 1900 402 1918 c.
415 1893 446 1920 68
485 1889 624 1916 Incedebat
637 1889 740 1916 ceruice
754 1888 841 1923 rigida
855 1894 880 1915 et
893 1888 994 1923 obstipa
1004 1908 1012 1920 ‚
1041 1887 1156 1915 addfflo
1170 1887 1226 1914 fere
1240 1886 1324 1913 vultu.
1386 1890 1433 1919 de,
1453 1896 1477 1914 et
1489 1889 1574 1914 multis
1587 1883 1700 1913 in'rebux
1713 1885 1816 1922 obstare.
1860 1888 1916 1913 Via.
1931 1887 2035 1922 Salmas.
2050 1889 2086 1912 ad
2099 1887 2181 1913 Solin.
2191 1897 2215 1922 p.
2224 1897 2257 1919 40
2270 1888 2307 1923 sq.
2329 1889 2392 1923 inp.
2402 1894 2456 1920 821.

266 1927 375 1962 obstipa
384 1947 392 1959 ‚
429 1926 537 1960 obliqua
546 1945 554 1958 ,
590 1933 712 1957 curuata,
731 1932 756 1950 et
768 1924 862 1959 inflexa
875 1932 947 1951 vot-at
991 1925 1096 1951 Lucret.
1109 1935 1133 1957 4,
1146 1932 1188 1958 519
1226 1923 1325 1950 Omnia
1386 1925 1474 1951 Aliam
1487 1923 1655 1959 etymologiam
1668 1923 1722 1950 vid.
1736 1923 1764 1948 in
1778 1920 1987 1958 Obstrigillator.
2007 1922 2080 1957 Confi
2098 1929 2117 1951 Ο
2126 1928 2292 1950 BSIGILLO.
2457 1946 2473 1956 Ι.

264 1963 390 1992 mendose
405 1961 463 1988 fieri
473 1982 480 1994 ,
500 1967 577 1995 atque
590 1959 691 1995 obstipa
706 1960 872 1986 neccffitm’st.
908 1961 952 1986 Al.
968 1959 1079 1986 Obstita.
1424 1965 1444 1987 0
1454 1966 1469 1987 Β
1482 1967 1494 1987 s
1505 1966 1526 1987 Τ
1539 1966 1556 1986 R
1567 1965 1604 1987 1G
1616 1966 1624 1986 1
1634 1966 1651 1986 L
1663 1965 1745 1986 LVM
1757 1979 1766 1992 ,
1787 1959 1804 1985 i.
1838 1968 1864 1985 n.
1899 1959 2016 1993 corrigia
2029 1958 2053 1994 s.
2075 1959 2154 1984 lorum
2167 1959 2288 1994 4-›1epidae
2307 1959 2351 1985 vol
2367 1959 2459 1996 calcet·‚'

303 2005 323 2025 ο
336 2005 351 2024 11
364 2005 376 2023 s
386 2003 408 2023 Τ
419 2004 428 2022 1
437 2003 459 2022 ‘r
468 2004 488 2020 v
498 2002 527 2034 s*⁷
551 2003 570 2022 0
580 2001 597 2020 B
608 2002 620 2020 s
630 2002 652 2020 ‘r
662 2003 669 2020 1
680 2002 730 2021 Tv
739 2001 760 2020 'r
770 2002 791 2020 v
803 2003 829 2022 M
839 2014 846 2025 ,
871 1997 926 2022 vid.
945 2002 964 2022 0
975 2002 990 2021 Β
1000 2002 1012 2020 s
1025 2003 1032 2021 1
1046 2002 1057 2021 s
1068 2002 1089 2021 T
1098 2002 1127 2022 o.
1388 2006 1434 2031 qua
1446 1998 1506 2031 pecli
1517 1995 1690 2029 nlgsh-ingitur.
1782 1995 1847 2022 Plin.
1867 2003 1891 2027 9,
1910 2002 1937 2027 35
1974 1994 2048 2028 Quin
2064 2001 2088 2021 et
2101 1994 2212 2030 pedibus
2226 2003 2273 2021 nec
2286 1994 2454 2029 crepidarum
2482 2022 2483 2025 ,

301 2041 320 2061 o
333 2039 349 2060 B
361 2039 373 2058 S
383 2038 404 2057 T
415 2038 451 2062 O»
471 2030 541 2068 stin.
561 2029 665 2060 sticum,
687 2034 740 2055 ’ἔτι
779 2029 919 2068 [mazeum.
940 2033 1108 2060 ἂντιπεάττω.
1127 2030 1225 2062 ἐπέχω]
1265 2030 1324 2053 Con.
1338 2039 1371 2060 50
1388 2037 1490 2056 tantum
1504 2030 1678 2061 obstriuillis,
1698 2030 1742 2056 sed
1754 2031 1818 2056 totis
1833 2030 1944 2057 socculis
1957 2030 2065 2058 addunt.
2111 2032 2152 2057 Sic
2165 2032 2281 2057 emendat
2294 2031 2398 2067 Salmas.
2404 2039 2450 2068 pre
2465 2055 2467 2058 ,

264 2078 305 2097 ινα
319 2068 390 2102 [lare.
463 2066 588 2098 Curtms,
609 2063 720 2090 Obstant
733 2063 833 2097 oppido
848 2064 949 2096 gemini
962 2063 1052 2089 colles.
1092 2065 1148 2088 Non
1162 2064 1233 2086 haber
1246 2064 1325 2086 ludex
1388 2063 1562 2093 Obitu-amuis.
1584 2072 1611 2087 v.
1624 2072 1650 2089 v.
1879 2065 1883 2067 '

263 2101 384 2133 Fre‘insh.
464 2103 524 2129 Pars
540 2099 654 2127 aetheris
669 2100 715 2126 illa
728 2099 814 2126 sereni
828 2099 904 2125 Tota
921 2104 1011 2130 vacet,
1034 2097 1174 2137 nullaeque
1188 2095 1291 2135 obtlent
1301 2105 1325 2135 *a
1426 2103 1446 2123 o
1456 2103 1472 2123 Β
1482 2092 1496 2123 s
1507 2103 1528 2124 'r
1540 2103 1557 2123 R
1569 2103 1607 2124 1G
1619 2105 1628 2124 1
1643 2104 1659 2123 1.
1671 2104 1687 2123 1.
1698 2104 1718 2124 v
1728 2103 1742 2125 S
1753 2119 1761 2132 ‚
1785 2106 1814 2132 a,
1838 2108 1894 2126 um.
1922 2099 1983 2126 Adi.
2020 2101 2110 2127 Calcei
2127 2101 2272 2136 obstrigilli
2303 2101 2361 2129 Ifid.
2377 2102 2450 2142 Orig-

263 2142 372 2169 caesare
391 2137 474 2165 nubes
512 2137 612 2164 Lucan.
634 2146 653 2170 1,
675 2141 712 2169 58.
821 2134 919 2161 Turba
931 2134 999 2160 mihi
1013 2133 1117 2160 obstitit
1130 2134 1157 2160 in
1173 2132 1259 2171 media
1281 2140 1325 2158 vm
1391 2142 1426 2167 19,
1442 2143 1471 2167 34
1494 2134 1568 2166 sunt,
1596 2133 1644 2167 qui
1657 2143 1704 2168 per
1721 2134 1821 2169 plantas
1835 2134 1938 2162 consuti
1953 2135 2028 2169 sunt,
2055 2142 2081 2162 et
2092 2144 2124 2164 ex
2139 2137 2272 2171 superiori
2286 2143 2361 2173 parte
2374 2145 2457 2165 com-

264 2177 345 2205 0ffld,
360 2175 424 2202 Fast,
439 2184 466 2207 4,
480 2176 541 2207 90⁶-
583 2174 601 2199 i.
639 2174 790 2203 occurrens,
809 2170 853 2206 seu
867 2171 938 2196 obuia
956 2170 1088 2204 mihifuit.
1187 2169 1326 2202 Leguimis
1384 2170 1427 2204 gia
1443 2169 1573 2202 trahitur,
1594 2177 1621 2196 vt
1635 2169 1859 2205 constringantur.

264 2213 368 2241 obstare
393 2209 505 2244 Quin&
519 2217 541 2243 2,
555 2219 579 2242 4,
595 2215 629 2241 33.
704 2208 805 2234 Contra
819 2215 934 2241 pugnare
949 2213 974 2233 et
989 2205 1092 2232 obstare
1115 2206 1220 2232 Lucret.
1235 2212 1259 2237 2,
1274 2213 1325 2236 793·
1342 2217 1370 2240 55
1425 2212 1444 2232 o
1454 2212 1469 2232 Β
1480 2213 1492 2232 s
1503 2213 1524 2232 T
1536 2212 1553 2231 R
1567 2212 1607 2232 1G
1618 2213 1625 2231 1
1638 2212 1654 2232 L
1666 2213 1682 2233 1.
1693 2207 1717 2233 Ᾰ
1729 2212 1750 2233 Τ
1762 2213 1809 2233 011
1820 2228 1828 2240 ,
1849 2206 1913 2234 oris.
1933 2216 1970 2234 m.
2009 2207 2181 2244 Reprehenfhr.
2219 2210 2329 2237 Dudum
2341 2219 2358 2238 a
2370 2208 2455 2244 strigi-

265 2250 386 2278 Inuicem
396 2267 405 2280 ,
443 2247 498 2279 vid.
519 2252 529 2271 1
541 2251 592 2271 NV
604 2252 612 2270 1
623 2249 640 2270 C
653 2249 670 2270 E
682 2250 720 2271 M.
799 2242 925 2274 Obstare,
952 2242 1066 2277 Rcfisiere
1077 2263 1084 2275 ‚
1110 2240 1255 2276 aduersari,
1281 2240 1325 2265 im-
1388 2241 1473 2274 libus,
1512 2242 1598 2275 quillus
1616 2252 1688 2275 quum
1707 2244 1875 2269 vehementius
1893 2240 2059 2276 stringimus,
2079 2246 2154 2270 etiam
2168 2246 2312 2280 plerumque
2324 2245 2457 2273 laedimur-

263 2286 358 2322 pedire.
416 2282 486 2308 Ter.
502 2281 566 2307 Hec.
580 2290 602 2313 4,
617 2287 641 2312 2,
656 2289 674 2305 11
715 2279 770 2313 Ego
789 2287 834 2304 rus
854 2277 987 2304 abituram
1006 2278 1068 2304 hinc
1084 2286 1143 2303 cum
1158 2283 1204 2303 tuo
1218 2285 1259 2302 me
1279 2276 1327 2301 effe
1389 2279 1477 2305 Varro
1491 2277 1558 2311 apud
1574 2277 1647 2304 Non.
1662 2283 1686 2312 8,
1701 2287 1726 2310 73
1745 2278 1887 2304 Aemulum
1901 2277 1973 2304 illius
1985 2278 2049 2305 artis
2063 2284 2143 2312 atque
2157 2279 2404 2314 obstrigillatorem.

265 2327 338 2348 certo
355 2318 460 2346 decreui
473 2323 563 2351 patre,
581 2325 613 2342 ne
628 2323 685 2342 mea
699 2314 843 2350 praesentia
857 2312 951 2340 obstet.
1039 2313 1111 2340 Idem
1127 2312 1209 2339 Andr.
1228 2321 1245 2342 1,
1262 2321 1280 2345 1,
1297 2313 1328 2342 76
1427 2319 1523 2340 OBS'J*
1534 2320 1550 2339 R
1562 2321 1570 2339 1
1583 2320 1604 2340 N
1616 2319 1683 2347 ΘΟ,
1714 2313 1789 2347 ituri,
1821 2313 1923 2346 icium,
1956 2315 2010 2340 ere.
2047 2314 2192 2349 [καταδὲω]
2230 2316 2384 2348 Deus'ncire,
2405 2319 2456 2342 cir.

265 2356 341 2391 Qud
355 2354 514 2386 obstat,Cur
525 2361 581 2379 non
597 2360 658 2378 vere
673 2351 754 2377 fiant?
827 2350 882 2376 Cic.
893 2351 970 2376 Vcrr.
984 2358 1005 2384 ς,
1017 2358 1030 2380 ς
1042 2359 1063 2376 c.
1078 2358 1090 2375 2
1110 2348 1241 2376 Obstitisti
1255 2347 1328 2374 vide·
1389 2351 1542 2383 cterrzz'iga2-l·,
1563 2358 1585 2374 et
1598 2350 1773 2384 constringere.
1863 2350 1944 2376 Plaut.
1957 2349 2037 2376 Curc-
2053 2359 2074 2381 τ,
2088 2359 2109 2383 3,
2123 2358 2153 2380 ει)
2171 2349 2252 2377 Nihil
2268 2351 2336 2385 agit,
2355 2351 2458 2379 collum

267 2392 391 2425 licet,Ne
407 2399 438 2416 ex
448 2389 524 2416 Italia
538 2387 646 2414 tranfire
661 2387 689 2412 in
698 2386 814 2413 Siciliam
828 2385 1007 2419 fugitiuorum
1022 2386 1113 2421 copiae
1128 2385 1237 2420 possent.
1274 2382 1327 2409 Ob·
1341 2388 1375 2413 60
1390 2385 1524 2419 obstringe
1538 2386 1652 2413 homini.
1694 2387 1826 2412 Laudatur
1841 2385 1901 2412 Liu.
1911 2391 1971 2417 ³¹.‚,8
1990 2385 2046 2412 Alii
2058 2385 2135 2419 super
2149 2385 2215 2411 alios
2228 2386 2348 2412 cadentes
2362 2386 2459 2414 obstri-

265 2429 313 2456 stat
326 2424 501 2459 verecundia,
529 2425 593 2456 Qro
608 2423 696 2449 minus
736 2422 804 2449 Plin.
819 2422 913 2456 Paneg.
927 2431 948 2448 c.
964 2431 1000 2455 9¹·
1093 2421 1148 2448 Cic.
1163 2420 1241 2447 Acad.
1256 2429 1283 2453 4,
1302 2427 1328 2451 19
1393 2421 1630 2448 &timoriebantmn
1669 2422 1718 2447 Sed
1729 2421 1793 2447 reela
1806 2423 1841 2448 al.
1855 2420 1998 2449 Obstinati,
2144 2418 2165 2458 ff
2180 2429 2191 2446 2
2213 2422 2361 2455 Plerumque
2373 2423 2458 2449 Meta-

267 2464 309 2492 Est
322 2462 434 2490 maxima
450 2461 477 2487 in
491 2460 604 2487 sensibus
619 2459 731 2491 veritas,
763 2458 780 2484 fi
795 2458 850 2484 sani
864 2458 923 2484 sunt
936 2466 965 2484 ac
979 2458 1095 2484 valentes
1104 2479 1113 2491 ‚
1139 2464 1165 2483 et
1178 2456 1268 2483 omnia
1289 2464 1328 2481 re·
1386 2458 1487 2493 photil-e
1496 2460 1530 2482 m!
1542 2459 1651 2483 animum
1659 2465 1682 2483 et
1695 2455 1855 2490 nez-effitmem
1869 2465 1943 2492 atquc
1950 2456 2053 2488 efficium
2060 2456 2182 2490 refertur.
2201 2456 2257 2484 Cic.
2265 2465 2315 2492 pro
2323 2457 2411 2485 Domo
2418 2463 2458 2490 118

267 2505 423 2528 mouentur,
437 2505 503 2531 quae
517 2495 619 2522 obstant
629 2502 659 2521 et
673 2494 836 2534 impediunt..
886 2494 959 2520 Idem
974 2503 1023 2528 pro
1032 2494 1106 2520 Rosc.
1123 2494 1210 2519 Amer.
1220 2496 1234 2518 6
1255 2493 1329 2524 on-
1390 2502 1447 2525 c.45
1465 2494 1520 2526 Qli
1536 2494 1616 2520 etiam
1630 2493 1681 2520 tibi
1695 2500 1750 2520 erat
1763 2493 1845 2526 magis
1858 2491 2002 2520 obstrietus
2011 2492 2147 2520 Beneficio
2159 2493 2276 2525 recenti,
2295 2491 2452 2530 quum,‘etc.

268 2537 394 2568 niatnque
409 2533 433 2559 ei
445 2532 573 2567 pecuniae
586 2532 640 2557 vita
655 2531 725 2557 Sext.
761 2529 850 2556 Roscii
862 2529 965 2557 obstare
980 2536 1057 2564 atque
1075 2528 1180 2556 officere
1194 2528 1329 2560 videatur,
1389 2532 1459 2556 ΑΗ.
1473 2531 1545 2555 Caes.
1560 2530 1587 2556 B.
1606 2530 1639 2555 G.
1659 2540 1676 2562 ι,
1688 2539 1712 2562 9.
1786 2529 1859 2556 Idem
1872 2530 1944 2556 Fam„
1961 2538 1993 2561 13,
2007 2538 2033 2563 ¹9
2054 2529 2154 2563 Teque
2168 2528 2203 2555 ita
2217 2528 2367 2557 existimare
2378 2528 2452 2563 volo,

268 2571 378 2598 deleatis
394 2577 425 2595 ex
438 2569 529 2595 animo
544 2569 590 2594 suo
604 2567 776 2601 suspicionem
789 2574 913 2602 omnem,
935 2572 1087 2601 metumque
1102 2565 1211 2593 tollatis.
1256 2563 1329 2590 Paul-
1345 2568 1376 2597 65
1391 2564 1592 2599 quibuscunque
1605 2564 1709 2592 officiis
1728 2565 1757 2591 in
1771 2565 1914 2599 Epiroticis
1935 2565 2101 2600 reliquisque
2119 2563 2197 2591 rebus
2212 2564 2330 2591 Atticum
2343 2563 2452 2592 obstrin-

269 2608 353 2634 lulum
369 2605 478 2637 Negotii
492 2603 560 2630 mihi
575 2603 658 2630 obstat
690 2603 758 2630 Ter.
775 2602 869 2628 l-Ieaut.
884 2611 904 2635 3,
919 2612 937 2635 1,
955 2612 993 2635 92·
1113 2602 1236 2628 Portenta
1251 2597 1330 2626 defun
1392 2601 1478 2634 xeris,
1504 2601 1598 2627 iisdem
1614 2610 1657 2627 me
1669 2601 1721 2628 tibi
1736 2600 1884 2637 obligatum
1897 2601 1966 2627 fore.
2064 2600 2094 2625 In
2107 2605 2265 2635 perpetuum
2278 2600 2327 2627 fibi
2340 2601 2455 2634 aliquem
2487 2610 2491 2613 ’

270 2643 372 2670 obstant
393 2641 466 2675 Virg.
483 2642 548 2667 Aen.
561 2650 583 2673 7,
598 2645 634 2672 58.
722 2638 810 2665 Dolor
823 2637 907 2664 obstat
920 2638 1021 2664 artibus
1042 2637 1124 2664 Ouid.
1138 2637 1217 2673 Epist.
1232 2646 1263 2671 15,-
1280 2643 1330 2669 195.
1390 2637 1463 2665 Idem
1479 2646 1528 2671 pro
1543 2637 1648 2664 Cluent.
1662 2647 1720 2665 202.
1817 2638 1886 2664 Aere
1901 2636 1991 2662 alieno
2004 2634 2105 2661 amicos
2120 2637 2180 2662 suos
2201 2635 2274 2663 Idem
2289 2637 2360 2664 Fam.
2374 2645 2407 2670 11,
2419 2645 2458 2664 ιο.

271 2679 381 2706 Obstant
407 2676 541 2704 Exercitus
567 2674 682 2702 hostium
712 2673 766 2701 duo
785 2683 789 2690 ¹
809 2673 910 2700 Sallust.
936 2674 1015 2701 Catil.
1043 2684 1064 2700 c.
1090 2680 1126 2707 53.
1246 2672 1330 2699 Pietas
1391 2673 1544 2705 Beneficiis,
1567 2673 1660 2707 donis,
1681 2674 1724 2707 spe
1742 2672 1798 2699 Cic.
1813 2673 1867 2699 Off.
1882 2680 1907 2703 2,
1922 2673 1956 2697 66
1975 2672 2005 2696 Er
2020 2680 2070 2705 pro
2081 2671 2185 2698 Cluent.
2194 2681 2228 2705 90
2250 2672 2325 2705 Qae
2339 2672 2457 2707 primum

270 2714 372 2741 obstitit
384 2712 535 2739 crudelibus
554 2711 619 2738 aulis
657 2710 739 2737 Ouid.
760 2709 839 2745 Epist.
856 2719 889 2742 14,
903 2719 942 2743 49.
1039 2709 1198 2737 Commodis
1219 2708 1330 2735 alicuius
1391 2715 1420 2734 vt
1436 2708 1511 2734 illum
1531 2709 1702 2734 confirmaret
1717 2707 1894 2741 Oppianicum
1909 2707 2088 2733 accusatorem
2104 2707 2161 2734 filio
2181 2708 2244 2741 suo,
2271 2708 2349 2735 donis
2363 2708 2459 2736 mulie-

270 2749 360 2778 officio
374 2749 493 2775 fimulato
508 2747 613 2774 officere
627 2753 652 2773 et
666 2745 769 2772 obstare
789 2745 845 2772 Cic.
862 2754 911 2780 pro
925 2747 999 2773 Rosc.
1012 2746 1100 2772 Amer.
1116 2754 1150 2772 112
1163 2755 1184 2771 c.
1201 2750 1234 2777 38.
1279 2744 1330 2770 Co·
1346 2754 1378 2779 70
1392 2743 1485 2771 bribus
1495 2763 1503 2775 ,
1523 2743 1700 2769 collocatione
1713 2742 1799 2772 filiae,
1817 2743 1859 2776 spe
1873 2742 2042 2769 haereditatis
2056 2742 2206 2770 obstrinxit.
2297 2743 2459 2779 PlinAEpist.

272 2786 375 2813 natibus
393 2784 504 2811 alicuius
530 2783 610 2810 Ouid.
623 2782 655 2809 de
671 2783 745 2808 Rem.
757 2782 849 2808 Amor.
863 2785 915 2814 683.
999 2781 1100 2808 Ictibus
1120 2782 1181 2807 Stat.
1195 2777 1287 2807 Theb.
1303 2781 1329 2811 6,
1393 2790 1417 2812 4,
1433 2787 1455 2809 13
1476 2779 1510 2805 ml
1522 2780 1614 2813 finem,
1638 2777 1690 2804 Sub
1704 2786 1732 2803 ea
1747 2784 1835 2804 tamen
1851 2778 2016 2811 conditione,
2029 2787 2061 2805 ne
2075 2779 2118 2806 cui
2133 2779 2225 2807 Fidem
2240 2789 2327 2807 meam
2344 2779 2457 2807 obstrin-

272 2832 326 2856 792.
399 2820 531 2855 Incocptis
546 2817 710 2846 iuuenilibus
726 2817 831 2845 obstitit
842 2825 943 2852 aequor
970 2816 1051 2843 Ouid.
1066 2817 1111 2851 Ep.
1127 2823 1157 2849 18,
1167 2825 1200 2848 35.
1272 2815 1331 2841 Mo·
1392 2823 1462 2849 gam.
1546 2813 1761 2840 Fideicommissb
1777 2813 1907 2848 obstringi
1929 2814 2048 2841 African.
2062 2815 2089 2841 in
2103 2815 2120 2842 l.
2141 2815 2167 2842 Si
2183 2817 2272 2843 seruus
2286 2816 2395 2852 legatus.
2431 2813 2458 2854 §-

272 2868 299 2885 ra
315 2857 396 2884 obstat
411 2856 492 2883 tardis
507 2855 632 2882 noctibus
653 2854 837 2889 Virg.Georg.
847 2858 933 2886 ²⁹482'·
997 2852 1118 2879 Precibus
1132 2860 1269 2884 nunquam
1283 2851 1331 2876 im·
1394 2850 1448 2883 Qu
1463 2849 1612 2884 margarita.
1633 2849 1664 2875 D.
1681 2849 1711 2875 de
1725 2849 1803 2884 legat.
1818 2850 1916 2884 primo.
1931 2862 1934 2863 ⁷
2020 2851 2090 2879 Gell.
2113 2861 2131 2878 11
2147 2861 2168 2879 c.
2181 2852 2229 2878 vlt.
2268 2853 2325 2886 Qu
2339 2852 2459 2880 alienum

272 2893 407 2930 placabilis
422 2892 506 2918 obstas
527 2891 620 2918 Claud.
634 2891 661 2917 111
676 2891 755 2925 prim.
769 2890 848 2917 Cons.
861 2890 917 2916 Stil.
932 2899 954 2922 2,
967 2898 1002 2922 ¹9·
1075 2889 1115 2914 Sic
1123 2889 1185 2914 Stat.
1194 2886 1286 2914 Theb.
1300 2895 1333 2919 12,
1394 2885 1458 2920 quid
1472 2885 1557 2911 iacens
1572 2885 1638 2911 lucri
1655 2885 1772 2912 faciundi
1786 2887 1857 2912 causa
1873 2886 1989 2919 sustulit,
2026 2887 2102 2914 Furti
2116 2887 2310 2923 obstringitur,
2342 2888 2395 2915 fine
2410 2887 2459 2916 scIt

274 2940 314 2964 139
336 2930 477 2962 Putrcsque
491 2927 592 2953 arcanis
606 2925 712 2953 roribus
725 2932 796 2953 artus
813 2925 1021 2958 Ambrofiaeque
1034 2924 1102 2959 rigat
1115 2924 1210 2958 succis,
1235 2929 1263 2949 vt
1277 2922 1334 2948 lou-
1349 2934 1377 2959 75
1395 2922 1468 2949 cuius
1483 2920 1527 2954 fit,
1548 2921 1600 2948 flue
1614 2922 1704 2948 nescit.
1740 2923 1812 2958 Qut*
1826 2924 1904 2948 verba
1918 2925 1993 2948 etiam
2004 2923 2043 2949 ita
2056 2925 2174 2958 leguntur
2191 2927 2258 2959 apud
2270 2924 2426 2960 leianum‚
2437 2924 2459 2952 1.
2487 2933 2493 2941 ⁸

292 2967 331 2992 ius
345 2965 467 2996 obstent,
487 2963 695 2996 Exspessentque
709 2971 798 2996 rogos.
836 2964 866 2987 In
881 2961 919 2987 his
931 2960 1034 2987 obstare
1047 2961 1079 2996 ess
1093 2959 1196 2986 durare.
1235 2958 1290 2985 Cic.
1300 2958 1331 2985 de
1393 2957 1487 2985 Falsus.
1526 2958 1557 2984 D.
1572 2957 1603 2984 de
1618 2958 1714 2984 Furtis.
1811 2958 1987 2985 Iureiurando
2004 2959 2121 2995 aliquem
2142 2960 2213 2986 Caes.
2230 2960 2294 2988 Bell.
2308 2961 2377 2987 Gall.
2394 2971 2412 2994 1,
2425 2970 2461 2994 3¹·

304 3023 310 3028 .
325 3002 393 3033 D.-1,
409 3008 440 3033 99
456 3008 476 3026 c.
491 3006 516 3031 35
537 2997 595 3024 Nifi
610 2996 679 3024 forte
692 3007 724 3024 ne
737 2997 788 3025 hoc
802 2997 909 3033 quidem
923 2997 1036 3024 attendis
1046 3017 1054 3030 ‚
1073 3005 1127 3023 11011
1146 2995 1227 3022 111οά0
1242 2994 1269 3020 111
1284 2995 1331 3021 ho·
1394 2993 1508 3029 Legibus
1522 2994 1653 3028 obstringi
1675 2994 1731 3021 Cic.
1746 2994 1778 3021 de
1793 2995 1896 3021 Inuent.
1911 3003 1936 3026 2,
1952 3003 1997 3026 ¹32-
2075 2996 2212 3023 Memoria
2225 2996 2349 3023 beneficii
2362 2997 2463 3032 tempi:
2477 2996 2479 2998 '

272 3038 361 3069 mine,
394 3035 435 3062 sed
449 3034 528 3061 etiam
545 3033 572 3059 in
586 3032 683 3059 arbore
694 3053 701 3065 ‚
742 3033 875 3068 quidquid
889 3033 1110 3068 superuacaneum
1126 3033 1169 3065 fit,
1197 3037 1241 3058 aut
1257 3031 1332 3057 vsum
1394 3035 1467 3057 terna
1480 3029 1608 3064 obstringi
1623 3030 1704 3056 alicui
1735 3030 1808 3058 Idem
1824 3040 1872 3065 pro
1889 3030 1973 3057 Plane.
1986 3040 2008 3058 2.
2080 3031 2221 3064 Religione
2240 3032 2297 3059 voti
2313 3031 2459 3061 obstritffhu
2489 3048 2499 3057 x

273 3077 328 3101 non
342 3071 452 3104 habeat,
473 3069 585 3097 obstare.
622 3069 708 3101 Quam
721 3069 860 3095 molestum
876 3069 911 3095 est
924 3079 979 3096 vno
994 3070 1078 3104 digito
1092 3068 1149 3104 plus
1163 3067 1276 3094 habere?
1287 3074 1332 3093 etc.
1394 3065 1466 3093 Idem
1482 3067 1533 3092 Att.
1551 3075 1580 3099 nc,
1597 3076 1624 3097 42
1640 3068 1699 3098 (=!2.)·
1774 3067 1914 3102 Religione
1929 3067 2095 3102 obstringere
2114 3061 2185 3095 Idem
2201 3068 2315 3103 Philipp.
2325 3078 2348 3102 2,
2356 3076 2384 3103 83
2393 3077 2458 3102 033.

273 3109 403 3137 Transitu
418 3106 522 3134 obstant
530 3103 651 3132 Scribon.
666 3125 671 3130 .
686 3124 692 3131 .
731 3105 907 3131 Venientibus
921 3105 1024 3132 obstitit
1039 3112 1109 3132 totus
1123 3104 1214 3131 aether
1235 3104 1333 3129 Lucan.
1348 3111 1381 3136 80
1395 3102 1535 3129 Praedibt1<
1551 3103 1573 3128 se
1593 3102 1648 3129 Cic.
1663 3103 1715 3130 Att.
1729 3112 1752 3137 7,
1768 3113 1785 3131 1.
1857 3103 2047 3138 Voluptatibus
2068 3103 2142 3131 Idem
2155 3113 2206 3139 pro
2221 3105 2292 3130 Cael.
2306 3113 2344 3136 47.
2398 3106 2460 3132 Par·
2485 3100 2489 3104 ⁴

274 3156 298 3179 7,
313 3154 358 3178 ¹53·
447 3142 537 3169 Senec.
553 3142 584 3168 de
599 3139 712 3167 Benefic.
732 3159 739 3166 .
756 3159 762 3166 .
784 3159 791 3166 .
830 3140 900 3173 Qtia
915 3141 944 3168 in
960 3141 1064 3168 laudem
1082 3140 1247 3167 vetustorum
1264 3139 1333 3166 iuui-
1394 3138 1492 3165 ricidio
1506 3139 1530 3164 se
1544 3138 1725 3173 obstringere,
1743 3146 1790 3174 pra
1806 3141 1962 3165 Committere
1971 3141 2150 3174 parricidium.
2229 3140 2284 3166 Cic.
2300 3139 2378 3167 Offic.
2392 3150 2414 3175 3,
2429 3147 2459 3174 83
2487 3145 2504 3156 ·‘

275 3182 318 3208 dia
331 3190 386 3207 non
401 3178 495 3206 obstat.
575 3176 709 3204 Obstatur.
737 3176 898 3210 [ἂνθίςαται]
924 3177 1024 3214 Impers.
1061 3177 1118 3205 Cic.
1132 3176 1246 3211 Philipp.
1261 3185 1293 3209 ¹3,
1310 3185 1334 3208 14
1395 3174 1479 3201 Potest
1522 3174 1582 3208 (dii
1603 3174 1789 3209 immortales)
1826 3175 1949 3210 cuiquam
1968 3175 2016 3201 etse
2037 3175 2101 3201 vtile
2121 3174 2299 3202 foediffimmn
2314 3182 2340 3202 et
2352 3177 2461 3204 teterri-
2479 3174 2483 3178 “

275 3218 372 3252 Neque
386 3216 462 3254 enim
472 3213 544 3248 quod
559 3213 673 3248 quisque
686 3211 786 3247 potest,
816 3211 845 3238 id
859 3211 884 3237 ei
898 3211 973 3239 licet:
1011 3222 1058 3240 nec
1068 3234 1077 3247 ‚
1109 3212 1127 3240 fi
1141 3222 1196 3239 non
1208 3211 1336 3243 obstatur,
1394 3219 1466 3237 mum
1481 3210 1656 3236 Parricidium
1671 3211 1788 3245 patriae,
1819 3212 1940 3245 quamuis
1959 3211 1991 3243 is,
2004 3209 2050 3244 qui
2065 3211 2089 3237 se
2103 3219 2135 3237 eo
2154 3210 2344 3244 obstrinxerit,
2364 3212 2397 3239 ab
2410 3222 2460 3249 op-

275 3260 416 3289 propterea
429 3257 509 3277 enam
523 3249 695 3284 permittitur.
1395 3245 1478 3281 preffis
1493 3244 1597 3272 ciuibus
1612 3256 1704 3281 parens
1718 3248 1889 3273 nominetur?
1925 3248 1995 3272 Add.
2009 3245 2082 3272 Idem
2096 3246 2162 3273 Phil.
2179 3257 2183 3273 1
2199 3256 2220 3273 c.
2237 3256 2268 3274 12.
2340 3248 2402 3276 Liu.
2415 3251 2461 3283 26,
2494 3245 2498 3250 ’

313 3296 331 3315 O
344 3294 360 3315 Β
372 3295 384 3314 S
397 3294 419 3314 T
433 3294 453 3313 Λ
465 3292 526 3319 NS,
556 3285 632 3312 antis.
670 3284 763 3311 Partic.
799 3283 932 3317 [atenac]
969 3283 1087 3310 Claustra
1100 3284 1231 3311 obstantia
1265 3283 1334 3310 Hor.
1352 3293 1382 3321 35
1398 3288 1426 3316 48
1447 3282 1477 3309 Et
1488 3281 1652 3316 obstringere
1669 3283 1808 3315 Periuri0‚
1834 3291 1887 3308 non
1908 3284 1933 3309 se
1952 3281 2035 3308 solum
2056 3282 2184 3317 suumque
2204 3288 2296 3318 caput,
2324 3284 2368 3312 sed
2386 3284 2460 3320 figna
2502 3308 2505 3313 ,

275 3325 353 3358 Epist⁴
369 3335 388 3358 1,
402 3334 433 3355 14,
447 3331 473 3355 9.
545 3321 595 3348 Per
610 3325 649 3347 tot
665 3327 773 3347 naturae
787 3319 917 3347 obstantes
930 3318 1104 3346 Difficultates
1131 3322 1207 3347 Curt.
1221 3329 1246 3355 9,
1261 3329 1282 3352 2,
1298 3329 1335 3346 m.
1398 3317 1538 3350 militaria,
1560 3325 1584 3344 et
1601 3318 1717 3352 aquilas,
1738 3318 1944 3352 sacramentique
1958 3317 2128 3352 religionem.
2218 3320 2275 3347 Cic.
2293 3319 2369 3348 offic.
2387 3331 2409 3354 3,
2430 3330 2458 3355 19

278 3360 413 3387 Obstantia
428 3359 552 3385 siluarum
565 3355 672 3383 amoliri
710 3356 779 3383 Tac.
797 3365 814 3389 ι,
829 3363 872 3389 50,
886 3365 909 3387 4.
982 3355 1078 3382 Remos
1093 3354 1224 3381 obstantes
1239 3355 1335 3381 obuer-
1397 3355 1471 3382 Num
1488 3353 1570 3388 igitur
1589 3355 1613 3381 se
1634 3354 1774 3381 obstrinxit
1795 3354 1913 3387 Scelere,
1937 3354 1954 3380 st
1970 3353 2029 3387 quis
2044 3360 2186 3385 tyrannum
2201 3355 2314 3389 occidit,
2334 3356 2459 3391 quamuis
2482 3356 2488 3387 .’

277 3402 333 3423 tere
356 3395 436 3421 Ouid.
450 3395 515 3421 Met.
531 3403 552 3426 3,
566 3395 626 3427 676.
699 3391 789 3418 Mor-as
803 3390 933 3419 obstantes
946 3390 1045 3427 pellere
1068 3390 1139 3418 Idem
1149 3392 1337 3424 Amor.¹‚u,8.
1397 3390 1573 3418 familiarem?
1677 3390 1849 3424 Obstringere
1868 3390 1892 3416 se
1917 3388 2075 3425 hereditati,
2106 3391 2142 3428 est
2160 3401 2213 3418 eam
2233 3399 2348 3427 ocrupm-e’
2368 3399 2392 3418 et
2404 3392 2459 3426 sthi

316 3438 335 3458 0
347 3437 361 3457 B
372 3437 414 3456 ST
425 3437 442 3455 Λ
454 3437 476 3456 N
487 3436 508 3455 T
518 3437 526 3456 1
537 3437 558 3457 Α
568 3450 576 3461 ,
607 3436 645 3455 ae.
673 3427 692 3453 f.
730 3428 938 3462 Impedimntum,
958 3428 1048 3453 Rerum
1069 3425 1214 3461 obstantium
1237 3428 1337 3461 comple·
1396 3427 1541 3455 vindicare,
1566 3435 1640 3460 eaque
1659 3436 1686 3452 re
1704 3426 1776 3452 etium
1791 3434 1866 3451 onera
1881 3426 1976 3452 heredis
1987 3426 2120 3462 suscipere.
2194 3427 2298 3454 Paullus
2312 3427 2340 3453 in
2355 3428 2370 3456 l.
2392 3428 2419 3455 Si
2432 3428 2457 3455 is
2496 3444 2500 3447 ·

280 3477 340 3497 xus,
360 3474 389 3491 ve
405 3464 629 3499 cirrunstamimn,
648 3462 850 3490 circumstantia.
923 3462 1031 3490 Vitruu.
1045 3463 1071 3495 6,
1085 3472 1092 3488 1
1115 3463 1225 3496 Propter
1237 3462 1338 3488 obstan.
1353 3474 1388 3499 90
1398 3461 1437 3489 ad.
1475 3462 1506 3488 D.
1518 3461 1549 3488 de
1562 3461 1720 3495 acquirenda
1735 3460 1775 3487 vel
1790 3461 1866 3487 omit.
1882 3461 1972 3489 hercd.
2040 3463 2110 3490 Nam
2124 3469 2152 3489 vt
2166 3464 2224 3498 quis
2239 3471 2288 3498 pro
2303 3458 2402 3490 herede
2413 3472 2458 3499 ge-

281 3504 343 3530 tiam
359 3502 436 3528 aeris.
456 3499 697 3534 V1nbrarum1d.8‚
711 3508 728 3526 1.
799 3498 922 3526 Calculus
937 3498 1065 3526 liberatus
1077 3497 1110 3525 ab
1124 3497 1253 3525 obstantia
1266 3498 1339 3525 Idem
1399 3497 1484 3525 rendo
1498 3497 1641 3531 obstringat
1655 3499 1679 3524 se
1700 3496 1859 3528 hereditati,
1895 3498 1959 3524 scire
1980 3497 2074 3531 debet,
2112 3507 2163 3533 qua
2183 3508 2215 3526 ex
2233 3498 2307 3525 causa
2324 3499 2459 3528 hereditas

281 3549 325 3571 10,
353 3548 375 3568 ¹⁴
393 3537 438 3571 sub
454 3538 502 3571 fin.
1399 3534 1431 3562 ad
1444 3543 1503 3561 eum
1515 3533 1652 3568 pertineat.
1725 3532 1897 3567 Obstringere
1911 3534 2026 3570 aliquem
2040 3533 2141 3570 debito,
2161 3536 2300 3561 Debitorem
2313 3534 2458 3570 constituere
2491 3554 2495 3556 ἡ

318 3582 337 3601 O
351 3580 366 3600 Β
378 3578 390 3598 s
401 3578 423 3600 Τ
436 3578 457 3598 Λ
467 3578 488 3598 Τ
498 3573 520 3599 x*
530 3577 549 3598 R
559 3578 580 3598 v
590 3579 619 3603 s,
639 3581 653 3598 a
663 3592 671 3605 ,
689 3580 744 3598 um.
765 3569 858 3597 Partic.
881 3568 1045 3605 [ἂνθιςιίσων]
1083 3568 1260 3602 Qunftilian.
1276 3579 1297 3603 ε,
1319 3580 1337 3597 11
1400 3571 1489 3597 Senec.
1503 3570 1532 3596 de
1547 3569 1637 3595 Benef.
1653 3572 1678 3601 ὅ,
1694 3577 1728 3597 ¹2.
2475 3595 2478 3598 .

280 3617 319 3646 pr.
339 3608 426 3635 Video
441 3607 569 3641 quosdam
585 3607 612 3633 in
627 3607 683 3642 ipso
692 3607 778 3634 statim
792 3605 885 3633 limine
899 3604 1048 3633 obstaturos
1062 3605 1139 3632 mihi.
1175 3607 1338 3633 Addh'urm.
1437 3613 1456 3633 ο
1469 3612 1485 3633 Β
1497 3611 1565 3632 STR
1577 3612 1584 3630 1
1595 3611 1611 3630 C
1624 3610 1645 3630 Τ
1657 3611 1678 3629 ν
1691 3610 1704 3630 s
1716 3625 1724 3635 ,
1743 3613 1774 3638 a,
1795 3614 1849 3632 11111.
1887 3605 1981 3633 Partic.
2019 3606 2232 3640 [καταδεδεμίνος]
2270 3606 2377 3634 Limine
2390 3606 2457 3636 teeti

282 3648 317 3671 ad
333 3646 356 3670 h.
371 3646 388 3671 Ι.
401 3652 423 3669 et
436 3645 496 3670 Stat.
512 3643 604 3670 Theb.
618 3651 643 3678 7,
657 3652 708 3677 247.
1355 3652 1385 3678 95
1400 3641 1542 3669 obstrietus
1567 3640 1647 3666 Ouid.
1662 3640 1689 3666 in
1706 3640 1764 3667 Ibin
1779 3642 1828 3671 6¹5.
1862 3643 1905 3670 ΑΙ.
1919 3641 2078 3672 0111111ιᾶ10,
2098 3643 2164 3676 quod
2172 3643 2261 3675 probat
2276 3644 2360 3670 Burm.
2398 3645 2457 3672 Cic.

319 3688 339 3708 o
350 3686 366 3706 Β
377 3686 418 3706 ST
428 3686 447 3705 Α
457 3686 474 3706 C
488 3677 507 3706 ὖ
520 3686 535 3706 L
549 3686 569 3705 V
581 3685 605 3706 M
617 3700 625 3712 ,
663 3679 683 3706 i.
718 3688 744 3704 11.
794 3678 928 3713 [κωλύμη]
966 3677 1176 3712 Impedimentum.
1235 3677 1338 3704 Plautus
1398 3688 1448 3713 pro
1461 3678 1544 3704 Plane.
1559 3685 1581 3709 7¹
1608 3676 1761 3710 Excogitaui
1780 3677 1954 3711 quamobrem
1970 3677 2077 3704 viderer
2088 3676 2211 3703 maximis
2225 3677 2349 3705 beneficii
2365 3680 2456 3707 vincu-

283 3716 372 3744 Pseud.
386 3725 405 3745 1,
421 3725 441 3743 5.
457 3724 485 3740 10
522 3716 612 3748 Quom
626 3720 802 3741 commeatum
818 3714 893 3741 volui
913 3712 1093 3748 argentarium
1113 3712 1261 3748 proficisci,
1298 3713 1337 3740 ibi
1399 3715 1431 3741 lis
1445 3712 1599 3744 obstriftus,
1619 3722 1700 3746 quum
1719 3711 1788 3738 liber
1802 3714 1877 3740 essem
1891 3720 1916 3739 ct
1930 3713 2038 3740 solutus.
2146 3711 2306 3744 Addiffirru,
2325 3714 2456 3750 deditum,

284 3761 353 3779 nunc
367 3750 468 3784 oppido
482 3750 600 3785 opposita
614 3749 753 3777 obstacula.
775 3751 819 3776 Al.
835 3749 950 3785 Obsepta
963 3748 999 3775 est
1012 3748 1063 3776 via.
1131 3749 1197 3782 Quis
1212 3749 1338 3783 crederet,
1399 3749 1555 3777 obstrielum
1569 3747 1614 3774 fibi
1630 3757 1657 3773 ac
1671 3748 1762 3774 liberis
1777 3749 1828 3775 suis
1846 3750 1963 3783 aliquem
1977 3748 2074 3775 habere
2102 3747 2160 3773 Cic.
2175 3757 2223 3782 pro
2236 3750 2308 3777 Cael.
2324 3757 2356 3781 80
2372 3761 2394 3778 c.
2409 3752 2455 3780 vlt.

285 3787 363 3815 tantis
378 3784 526 3812 successibus
540 3785 591 3812 tuis
605 3786 687 3813 vllum
702 3785 864 3812 obstaculum
880 3785 949 3821 fore,
961 3793 1015 3818 quo
1029 3784 1117 3810 minus
1139 3785 1235 3812 Nazar.
1245 3786 1337 3820 l'aneg.
1401 3785 1549 3813 Obstriaems
1563 3783 1667 3810 aclionc
1681 3784 1814 3817 mandati,
1843 3785 1885 3811 vel
1899 3784 2070 3819 negotiorum
2082 3783 2214 3816 gestorum
2253 3786 2369 3814 African.
2388 3788 2417 3814 in
2437 3787 2455 3816 l.

285 3822 461 3852 Constantino
474 3821 539 3846 111611
554 3831 574 3846 c.
584 3831 605 3853 7.
671 3821 805 3856 Rumpere
818 3820 949 3848 obstacula
970 3819 1092 3847 Prudent.
1108 3821 1227 3847 Hamart.
1243 3830 1268 3847 ν.
1284 3822 1492 3855 599.100Quun
1505 3820 1674 3854 mancipium.
1699 3820 1730 3846 D.
1747 3820 1779 3846 de
1793 3821 1900 3847 Aedilit.
1915 3820 2014 3846 edufto.
2087 3819 2206 3846 Foedere
2219 3821 2260 3847 vel
2273 3822 2397 3855 paff'tione
2409 3823 2456 3851 ob,
2471 3838 2473 3843 ,

325 3865 345 3887 0
359 3865 374 3886 B
385 3865 397 3884 S
407 3864 455 3884 ΤΒ
464 3862 513 3883 AG
525 3855 546 3883 v*
557 3863 573 3882 ι.
584 3863 640 3896 vat
649 3877 657 3889 ‚
689 3857 707 3883 i.
742 3866 769 3883 n.
812 3857 1000 3891 [ἐπικάλυμμα]
1048 3857 1244 3891 operimentum,
1272 3856 1339 3892 stra·
1401 3857 1520 3885 strifmm
1534 3855 1616 3882 teneri
1651 3857 1704 3883 Cic.
1723 3857 1751 3882 in
1766 3857 1849 3883 Pison.
1861 3860 1905 3888 29.
1996 3852 2145 3881 Obstrifftus
2158 3856 2338 3891 voluptatibus
2352 3865 2456 3888 tenetur

284 3897 370 3935 gulurn
380 3893 502 3929 supa-ius.
574 3892 640 3919 Ρ1111.
654 3901 678 3924 c),
692 3892 745 3932 3;·s.
761 3894 792 3925 56
813 3894 843 3918 de
855 3892 1093 3932 vrgi12nibus‚·Qtin
1107 3898 1132 3918 et
1148 3891 1273 3927 pedibus,
1293 3901 1339 3919 nec
1400 3893 1474 3920 Idem
1489 3900 1537 3928 pro
1551 3891 1621 3918 Cael.
1643 3902 1670 3925 47
1691 3902 1712 3919 c.
1735 3901 1770 3924 1⁴).
1868 3890 2010 3925 Religione
2021 3896 2090 3916 tanta
2104 3890 2230 3918 obstncffa
2247 3899 2299 3918 tota
2315 3896 2455 3928 prouincia

287 3930 454 3966 crepidarum
470 3933 570 3953 tantum
585 3926 757 3960 obstragulrs,
782 3927 824 3955 sed
840 3933 902 3954 totis
917 3927 1027 3954 soccuhs
1041 3928 1146 3955 addunt.
1188 3928 1207 3954 i.
1235 3929 1290 3953 Nan
1300 3928 1338 3963 so·
1400 3929 1451 3962 est,
1471 3933 1540 3955 tanta
1554 3927 1703 3961 superstitio
1716 3937 1747 3954 ex
1762 3927 1834 3954 istius
1847 3927 1919 3954 faeie
1937 3931 2034 3952 mentes
2047 3926 2168 3953 onmium
2183 3928 2332 3956 Siculorum
2347 3936 2471 3967 occupa-¹

287 3969 337 3993 lum
350 3964 508 4002 operimentis
519 3970 542 3988 et
550 3962 718 3997 superioribus
727 3964 843 3998 partibus
850 3963 1011 3998 sacculorum,
1024 3973 1084 4000 quas
1098 3963 1216 3990 l’lanulas
1225 3963 1287 3989 Itali
1300 3973 1340 3990 vo-
1399 3964 1452 3992 vit:
1489 3970 1532 3996 vt,
1551 3971 1594 3989 etc.
1615 3964 1671 3991 Cic.
1686 3965 1763 3991 Verr.
1778 3974 1802 3997 4,
1819 3972 1861 3990 112.
1951 3961 2022 3993 Qfia
2037 3969 2116 3989 nemo
2130 3962 2288 3993 Obstriffior
2302 3965 2338 3993 est
2352 3976 2394 3994 me
2411 3967 2452 3994 de-

287 4010 362 4038 cam,
381 4002 477 4028 addunt
488 4000 659 4036 margaritas,
675 3998 722 4034 sed
734 3999 808 4027 etiam
820 3997 996 4035 totissocculis.
1046 4000 1088 4027 Sic
1101 4000 1229 4028 tim-dui».
1241 4000 1278 4027 ad
1293 4000 1338 4027 loc.
1351 4008 1393 4034 105
1401 3999 1474 4030 bitot
1486 3999 1549 4029 huie
1568 3999 1678 4029 Paullin.
1693 3999 1792 4029 Nolan.
1805 3997 1893 4028 Natal.
1907 3996 1987 4028 Felic-
2000 4004 2028 4031 9,
2048 4005 2096 4032 ¹45·

2325 4045 2452 4068 ons'rRt-
