2517 4231
63 228 145 268 1129
458 213 490 256 P
569 215 602 255 R
683 213 721 256 O
1591 215 1621 258 P
1700 215 1734 256 R
1816 219 1853 259 O
2156 192 2250 280 ‘1133

102 310 204 334 PRO?
216 309 314 333 0N‘r1
325 302 431 338 Ᾰρνς,
451 313 477 337 a,
497 313 552 332 um,
580 304 641 331 Adi.
678 302 862 343 [maximoe]
906 302 987 330 Ouid.
1001 303 1088 332 Trist.
1104 313 1124 336 1,
1187 310 1324 340 praeterea
1337 305 1430 341 possit?
1467 305 1594 333 Animum
1610 305 1706 333 indicis
1721 306 1859 341 impellere
1879 317 2036 347 quocunque
2056 324 2098 342 res
2123 317 2251 352 postulat.

67 349 95 376 9,
111 350 142 374 29
167 341 292 376 Hincque
307 341 492 375 Propontiacis
505 340 659 368 haerentem
670 339 789 372 Cyzicon
805 346 871 366 oris.
976 341 1052 376 Aqua
1064 342 1127 368 Pro·
1190 341 1241 368 hoc
1255 341 1289 367 est
1304 351 1386 368 vuum
1401 342 1527 369 Oratoris
1543 342 1658 369 maxime
1672 344 1812 378 proprium
1833 341 1890 368 Cic.
1903 343 1934 369 de
1947 347 2015 374 Clar.
2030 353 2103 378 Orat.
2118 362 2166 384 322-
2203 358 2252 383 Ar,

65 377 190 414 pontiaca
211 377 331 411 Propert.
345 386 367 409 3,
380 385 413 403 22
427 383 470 412 pr.
1189 376 1224 402 tis
1245 377 1359 403 maxime
1373 378 1513 412 proprium
1526 378 1562 404 esi
1575 387 1664 404 creare
1677 386 1702 405 et
1719 379 1828 413 gignere
1843 377 1916 404 Idem
1930 379 1961 404 dt:
1974 381 2033 408 Nat.
2058 387 2138 415 Dcor.
2161 398 2176 416 2
2215 400 2251 424 57·

104 418 178 439 rRo
190 419 263 439 POR
274 418 334 440 Ro.
367 412 483 449 [πόρρω]
525 412 646 443 Vsu-rius,
659 415 798 446 praeterea.
862 410 967 437 Lucret.
980 419 1011 442 2,
1026 416 1076 446 978
1094 412 1126 438 Et
1194 411 1329 439 Postremo
1357 422 1438 446 quum
1458 412 1508 439 hoc
1536 414 1675 448 proprium
1692 414 1722 440 sit
1745 413 1940 446 animantium,
1961 421 1987 440 vt
2011 418 2108 451 aliqum
2129 412 2251 459 appetant

67 447 118 477 subi
130 455 263 483 proporro
282 457 351 483 quae
369 448 418 475 sint
436 447 586 483 primordia
603 451 742 482 quaerunt.
846 445 920 472 Idem
940 455 974 479 4,
988 451 1032 477 888
1062 448 1128 482 lpsa-
1154 456 1168 482 5
1195 447 1267 481 quod
1290 447 1318 474 sit
1333 456 1440 475 naturae
1454 449 1681 476 accommodatum
1702 450 1774 476 Idem
1788 449 1853 476 ibid.
1870 459 1887 485 r,
1903 456 1947 480 105
1967 459 1989 475 c.
2003 459 2039 484 37.
2112 459 2251 495 proprium

67 492 121 520 que
133 491 268 519 proporro
281 484 373 519 paullo
386 485 492 511 maiora
505 484 635 511 lacessunt.
683 480 823 514 Turnebus,
847 482 982 516 Proporro
996 483 1132 519 usurpatur
1194 482 1341 517 Stultitiae,
1361 484 1476 511 aliorum
1492 485 1557 511 vitia
1571 494 1693 517 eernere,
1714 485 1837 513 obliuisci
1849 486 1958 512 sitorum
1979 485 2051 512 Idem
2065 489 2144 518 'susc-
2160 504 2200 525 32·-
2211 506 2250 529 30.

68 529 85 546 ι
97 520 215 551 Latinis,
229 527 259 547 vt
272 522 362 548 Graeci
374 520 458 557 fhlent
475 529 519 547 con
539 521 646 546 eminere
661 515 923 553 προπροκυλινδόμενος.
1195 519 1254 543 Cum
1270 520 1381 545 Datiuo:
1417 519 1549 552 Qrine’m.
1567 531 1584 553 1,
1598 529 1606 549 t
1629 521 1739 555 Propria
1753 521 1788 548 est
1804 521 1882 548 nobis
1902 521 2000 548 mentis
2020 522 2145 558 agitatio,
2175 539 2250 565 mque

108 561 125 581 Ρ
135 562 154 582 R
163 561 206 582 01>
215 562 234 583 o
244 562 264 583 R
274 562 296 583 'r
307 563 317 583 1
328 561 361 589 0,
380 557 448 583 onis.
467 556 487 582 f.
536 553 673 586 οἶναλογιά]
709 552 750 586 qli,
762 555 875 580 Duarum
884 554 1028 589 pluriumue
1041 562 1133 586 rerum,
1194 553 1315 587 solertia,
1336 554 1404 581 vnde
1418 555 1499 590 origo
1515 556 1599 583 animi
1613 556 1728 583 caelestis
1740 557 1867 584 creditur.
2104 557 2124 594 ἢ
2146 571 2154 591 3
2191 567 2250 592 pm,

87 597 190 618 ualemus
201 592 236 619 ad
252 595 418 628 quantitatem
427 593 556 628 pertinet,
577 591 683 615 inuitem
696 588 778 625 fabia
797 592 958 624 compar-aem.
1013 589 1068 616 Cic.
1083 598 1134 624 pro
1195 589 1300 624 prium,
1320 592 1482 625 Perprmum:
1515 592 1583 618 Ter.
1598 592 1680 618 Andr.
1695 605 1716 623 4.
1733 601 1754 627 3,
1770 601 1779 619 1
1801 592 1916 620 Nihilne
1947 593 1996 620 esse
2029 602 2169 629 proprium
2200 603 2250 627 cui,

66 598 155 656 flacc.
170 635 197 660 32
233 628 290 662 Qui
303 636 386 663 quum
399 636 492 658 omnen
503 624 578 653 Asiae
597 625 718 651 ciuitates
737 626 913 659 proportione
927 624 956 651 iu
978 625 1132 660 prouincias
1150 633 1178 651 10
1196 626 1293 659 quam?
1330 625 1368 651 dii
1382 626 1492 652 vestram
1509 626 1604 653 sidem!
1647 628 1692 654 Vbi
1706 628 1803 654 Donat.
1877 630 1964 655 Omne
1978 629 2049 663 quod
2064 629 2251 665 habe-inus‚aut

69 662 247 698 descripsisset.
305 663 380 691 Idem
394 664 472 691 Verr.
491 670 524 694 4,
545 663 582 695 46
607 662 641 687 Vt
663 660 713 687 hoc
727 661 820 688 liceret
834 660 976 696 suspicari,
994 660 1071 687 suisli·
1084 661 1132 688 ali-
1193 667 1317 687 mutuum
1330 662 1383 695 est,
1401 669 1445 688 aut
1459 662 1608 695 proprium.
1681 663 1750 699 Ergo
1766 664 1923 699 proprium,
1942 672 2108 699 perpetuum.
2181 670 2253 705 Virg,

69 699 179 734 quando
194 699 263 735 apud
275 699 378 727 Siculos
391 705 522 735 peraequa
536 697 711 731 proportione
732 697 843 723 caetera.
899 697 940 724 Sic
961 696 993 723 de
1007 697 1132 724 Vniuers.
1194 697 1259 724 Aen.
1277 699 1303 729 6,
1319 704 1372 731 87¹.
1446 698 1556 731 Propria
1572 698 1633 725 haec
1646 698 1665 725 si
1679 698 1748 725 dona
1765 699 1876 726 fuissent.
1968 701 2036 728 Ter.
2061 703 2142 729 Andr.
2163 713 2186 737 ς,
2206 713 2228 738 5,
2244 716 2253 737 3

69 742 99 762 12
114 744 134 761 c.
149 744 168 769 4
181 742 246 763 exer,
267 742 291 763 et
311 745 334 762 ς,
346 743 369 769 ς.
472 733 678 768 Proportioncnt
691 731 803 759 reddere
826 732 904 759 Varr.
919 732 952 758 de
966 733 996 759 L.
1012 732 1043 760 L.
1060 740 1087 768 7,
1101 741 1132 765 32
1195 733 1251 767 Ego
1264 732 1347 758 vitam
1361 731 1471 758 deorum
1488 739 1627 767 propterea
1641 735 1827 768 sempiternam
1836 736 1884 762 esse
1897 735 2030 770 arbitror,
2050 738 2122 772 quod
2136 740 2254 775 volupta.

16 779 22 786 ⁴
67 778 97 806 P·
110 778 153 804 93,
168 780 209 805 ²4-
245 774 263 798 τ’.
289 771 433 807 obseruare.-
460 769 489 796 de
504 768 633 804 Analogia
650 775 674 795 et
693 766 870 795 similitudine
882 768 1063 801 &ammam-a,
1079 772 1133 804 qui-
1196 775 1235 795 tes
1254 776 1348 797 eorum
1359 768 1486 802 propriae
1502 769 1568 795 sunt.
1643 771 1887 803 Prnpriamdicarc,
1909 772 1959 799 i.c.
1981 773 2152 807 Perpetuam:
2175 777 2251 812 Virg.

67 808 115 834 bus
128 807 267 834 nominibus
279 807 325 834 hoc
337 806 391 842 ipso
403 806 454 832 loco
467 808 561 833 utitur.
615 805 657 833 Sic
670 804 759 832 Festus
774 805 806 831 V.
825 804 939 835 Penatis,
967 804 1036 831 Cum
1051 805 1132 840 patia-
1144 813 1172 841 15
1196 804 1262 831 Aen.
1274 812 1293 840 1,
1306 811 1337 838 77
1359 804 1507 831 Connubio
1523 805 1629 839 iungam
1652 806 1735 845 stabili
1746 827 1754 839 ‚
1781 807 1970 842 propriamque
1993 808 2100 836 dicabo:
2138 811 2253 840 Seruius.

67 848 114 870 tur
127 843 271 878 Proportio
285 842 366 869 etiam
380 842 461 869 Penas
473 841 537 869 dici.
1195 840 1277 867 Plaut.
1293 840 1375 867 Merc.
1389 848 1412 872 2,
1427 849 1437 872 3
1455 846 1495 874 pr.
1518 840 1609 866 Homo
1624 849 1666 866 me
1680 842 1803 868 miserior
1815 842 1903 868 nullus
1922 843 1958 869 est
1972 851 2069 877 aeque,
2089 847 2197 881 opinor,
2211 858 2255 875 ης,

106 884 149 905 PR
159 886 178 906 o
189 883 338 906 ronTto
349 879 404 905 ΝᾸ
414 884 449 904 1.1
460 884 485 911 s,
504 886 529 905 e.
549 875 612 904 Adi.
631 875 762 904 Termini
775 875 992 911 proportionales
1012 876 1135 904 Frontin.
1195 884 1246 912 que
1259 875 1366 902 aduersa
1380 875 1423 902 cui
1438 877 1512 910 plura
1526 875 1573 902 siut
1590 876 1764 910 sempiterna3
1802 878 1876 904 satin'
1889 878 1924 904 est
1936 886 1966 905 vt
1981 880 2110 913 quidquid
2126 892 2202 917 agere
2209 893 2254 911 oc.

68 912 103 942 'dc
111 915 206 942 colon.
218 923 244 949 p,
256 922 303 946 330
315 920 362 941 etc,
1194 911 1288 946 coepi,
1309 911 1450 946 proprium
1465 912 1557 946 nequit
1571 911 1638 938 mihi
1652 912 1761 938 euenire
1795 913 1848 939 nod
1869 915 1967 948 cupio?
2040 916 2097 943 Cic.
2119 918 2175 952 post
2197 920 2252 948 red,

110 956 126 976 1²
138 955 240 978 noro
252 950 512 982 terminata-vs,
536 957 568 982 a,
593 956 648 976 um.
673 947 735 975 Adi.
791 946 903 975 Firmic.
918 946 1033 975 Matern.
1051 957 1087 982 4,
1106 957 1132 982 ¹3
1194 948 1222 975 in
1235 949 1320 975 Senat.
1332 953 1347 979 8
1367 947 1394 974 Si
1408 946 1476 974 illud
1494 947 1526 973 de
1546 946 1649 974 duobus
1670 922 1848 981 Consulibus,
1874 949 1946 983 quod
1967 956 2026 977 ante
2054 952 2083 978 in
2102 954 2253 989 Republica

71 985 177 1020 corpus
193 986 254 1013 satis
267 986 511 1021 proportionatum.
1138 995 1175 1014 20
1195 993 1251 1010 non
1266 983 1369 1015 fuerat,
1393 991 1509 1018 perenne
1528 991 1556 1009 ac
1577 984 1717 1018 proprium
1738 993 1845 1011 manere
1864 986 1992 1019 potuisset.
2065 989 2144 1021 Qiod
2166 998 2194 1017 vt
2213 992 2256 1019 illi

107 1028 124 1048 Ρ
136 1028 156 1048 R
165 1028 185 1049 o
194 1028 209 1048 P
220 1027 240 1048 0
251 1028 264 1048 s
274 1029 282 1048 1
294 1028 316 1048 T
329 1028 337 1047 1
350 1029 383 1055 ο,
415 1021 469 1048 uid.
493 1027 535 1047 PR
544 1025 647 1048 OPON
659 1024 691 1046 O.
1194 1019 1334 1054 proprium
1349 1018 1378 1045 sit
1391 1025 1470 1054 atque
1488 1027 1645 1054 perpetuum
1654 1040 1662 1052 ‚
1680 1019 1802 1052 Qiirites
1811 1041 1819 1053 ,
1839 1021 1909 1047 velle
1923 1027 1948 1047 ct
1961 1028 2053 1056 optare
2066 1023 2167 1052 debetis
2180 1027 2255 1055 Idem

103 1063 151 1085 PR
164 1063 183 1084 ο
195 1063 211 1084 Ρ
226 1063 245 1084 R
259 1064 282 1084 A
292 1064 361 1085 EFE
371 1063 482 1089 CTvs,
505 1056 523 1082 i.
550 1065 586 1082 m.
635 1055 723 1082 Asiam
734 1054 824 1090 paullo
847 1060 907 1082 ante
928 1055 1132 1091 Propraefe&us
1195 1064 1246 1090 pro
1259 1056 1289 1082 L.
1302 1055 1375 1081 Man.
1390 1064 1410 1081 e.
1426 1056 1461 1095 1(3.
1534 1056 1604 1095 l-lor.
1618 1055 1700 1095 Scrm.
1714 1064 1735 1090 2,
1751 1057 1777 1088 6,
1790 1067 1803 1088 4
1814 1092 1818 1096 ι
1830 1055 1908 1083 Nihil
1922 1059 2035 1092 amplius
2050 1068 2101 1086 oro
2121 1062 2195 1088 Maia
2209 1072 2254 1091 na-

67 1098 176 1122 rexerat
196 1094 331 1122 Ammian.
340 1102 383 1127 29,
398 1102 416 1120 1.
452 1091 500 1121 Sed
511 1092 621 1120 Gronou.
634 1101 659 1127 p.
674 1099 725 1126 597
743 1100 793 1126 pro
808 1091 962 1119 Praefeetis.
1193 1097 1235 1124 te,
1255 1089 1304 1117 nisi
1316 1097 1343 1117 vt
1361 1099 1469 1131 propria
1481 1090 1544 1117 haee
1558 1090 1626 1117 1111111
1644 1099 1753 1117 munera
1768 1091 1843 1119 faxis.
1918 1093 2008 1127 Nepos
2036 1101 2063 1124 8,
2084 1104 2118 1129 4,
2137 1106 2149 1123 2
2171 1099 2254 1127 pal-„2

106 1137 121 1157 1²
130 1136 150 1156 R
159 1136 178 1157 ο
188 1135 203 1156 Ρ
215 1135 235 1156 R
245 1137 266 1157 A
276 1136 293 1157 Ε
302 1137 351 1157 To
362 1137 380 1156 R
389 1149 398 1162 ‚
424 1128 490 1156 oris.
512 1137 548 1154 m.
585 1127 797 1163 [α’νι-ιςρατηγδς]
834 1128 887 1163 Qci
906 1138 961 1155 cum
977 1127 1132 1156 auffornaee
1193 1135 1303 1153 munera
1318 1126 1435 1153 diutina:
1474 1126 1618 1167 locupletia
1631 1135 1687 1153 non
1698 1127 1808 1167 propria
1824 1128 1874 1169 esl'e
1891 1129 2092 1169 eonfiieuerunt.
2163 1134 2255 1162 Muni-

68 1166 203 1195 Praetoria
213 1167 296 1201 aliquo
308 1168 438 1193 mittitur:
457 1167 503 1200 qui
518 1171 567 1200 pro
578 1165 696 1191 Praetore
704 1166 864 1199 prouinciam
875 1171 959 1194 unet,-
989 1163 1167 1203 dtſjbluitur23
1192 1162 1280 1189 tiones
1294 1163 1431 1197 propriam
1446 1167 1471 1189 et
1486 1162 1634 1202 expeditam
1646 1163 1763 1189 Caesaris
1777 1163 1920 1190 vietoriam
1933 1166 2172 1200 interpellauernnt
2180 1170 2253 1198 Caes,

68 1204 144 1230 teiam
156 1204 184 1228 in
196 1201 242 1228 duo
255 1202 389 1233 vocabula,
407 1209 457 1236 pro
469 1202 602 1227 Praetore.
674 1199 731 1226 Cic.
746 1198 779 1225 de
792 1199 916 1227 Prouine.
932 1200 1011 1227 Cons.
1032 1208 1057 1234 ¹5
1077 1210 1099 1227 c.
1113 1209 1131 1236 7
1194 1198 1223 1225 B.
1238 1199 1269 1225 C.
1284 1207 1305 1230 3,
1318 1205 1364 1232 70.
1439 1198 1513 1232 Conf.
1534 1198 1642 1225 Nonius
1663 1208 1687 1231 4,
1706 1201 1765 1231 346.

68 1238 121 1266 Res
135 1237 164 1264 in
176 1236 302 1264 sardini&
314 1246 376 1265 cum
389 1236 551 1264 mastrucatis
569 1235 723 1262 latrunculis
736 1244 750 1262 a
764 1236 942 1269 Propraetore
955 1245 1006 1263 vna
1020 1237 1133 1264 cohorte
1232 1246 1249 1267 1>
1258 1246 1279 1266 R
1289 1245 1334 1266 01>
1346 1245 1367 1265 R
1381 1245 1391 1264 1
1405 1244 1425 1265 v
1437 1245 1480 1271 M,
1499 1238 1519 1265 i.
1539 1248 1565 1265 11,
1603 1237 1686 1265 Subst.
1706 1240 1773 1273 apud
1785 1240 1891 1275 Legit-os.
1964 1243 2095 1276 Quinftil.
2113 1253 2136 1279 ς,
2151 1255 2178 1274 10
2191 1247 2256 1274 Sunt

67 1273 213 1301 auxiliaria
234 1273 312 1308 gesta.
426 1272 529 1300 Sallust.
552 1271 632 1299 Catil.
651 1279 689 1304 19,
710 1280 720 1298 1
749 1271 809 1298 Piso
823 1271 853 1297 in
872 1272 1027 1299 citeriorem
1040 1273 1133 1307 Hispa·
1192 1275 1312 1303 eiusdem
1326 1275 1366 1301 rei
1380 1274 1455 1310 plura
1468 1274 1594 1310 propria,
1610 1280 1638 1301 vt
1651 1273 1730 1309 ipsius
1746 1274 1815 1309 ignis
1846 1275 1949 1312 lucere,
1979 1279 2079 1313 calere,
2099 1288 2145 1309 etc.
2183 1284 2256 1317 Confi

67 1309 144 1337 niani
163 1309 295 1343 Quaestor
319 1317 369 1344 pro
388 1309 514 1336 Praetore
531 1307 620 1334 minus
638 1308 683 1334 est.
791 1307 853 1334 Liu.
875 1317 913 1338 10,
932 1311 965 1335 26
978 1315 1044 1335 extr.
1081 1309 1131 1336 Cn.
1194 1321 1218 1346 7,
1232 1321 1253 1346 3,
1270 1320 1307 1341 25·

68 1345 182 1374 Fuluius
196 1351 222 1372 et
241 1345 270 1372 L.
285 1345 433 1372 Postumius
451 1343 578 1379 Megellus
592 1344 779 1379 Propraetores
793 1344 872 1371 ambo
886 1344 980 1371 statiua
994 1345 1022 1371 ln
1038 1344 1077 1371 eis
1093 1345 1170 1380 lo-30
1231 1355 1246 1374 Ρ
1258 1353 1277 1374 R
1287 1354 1307 1374 Ο
1317 1353 1332 1373 Ρ
1342 1353 1363 1374 R
1373 1353 1383 1372 1
1396 1352 1418 1373 A
1428 1352 1440 1371 S
1451 1352 1463 1372 s
1474 1353 1484 1373 1
1493 1352 1531 1381 T,
1552 1346 1695 1382 Proprium
1704 1346 1800 1374 fecerit
1817 1347 1916 1374 Festus.
1989 1350 2047 1377 Iiu'r
2061 1351 2143 1386 f’gz'tur
2155 1354 2257 1380 Verbum

67 1382 106 1410 eis
121 1381 219 1408 habere
233 1380 298 1408 iuni.
407 1380 509 1408 Sallust.
523 1381 580 1415 lug.
594 1387 636 1414 37,
651 1388 663 1413 3
683 1380 782 1412 Aulus,
796 1389 876 1415 quem
899 1389 949 1416 pro
962 1381 1088 1408 Praetore
1102 1382 1133 1408 in
1192 1383 1324 1417 antiquum
1344 1388 1500 1415 PRormo,
1520 1384 1537 1409 i.
1556 1384 1685 1418 proprium
1693 1383 1782 1417 facio:
1820 1392 1865 1418 qno
1879 1384 1963 1411 vritur
1979 1386 2053 1411 ctiam
2077 1388 2151 1421 quali
2171 1389 2258 1423 postli-

68 1417 158 1445 eastris
178 1417 320 1450 relietum,
337 1417 414 1452 supra
426 1416 550 1443 diximus.
588 1418 632 1442 ΑΙ.
651 1417 865 1451 Propraetorem.
971 1417 1033 1444 Liu.
1051 1419 1101 1450 26,
1116 1426 1132 1445 2.
1195 1420 1272 1446 minio
1288 1419 1360 1446 Cael.
1374 1418 1464 1445 Aurel.
1481 1419 1554 1445 Acut.
1572 1429 1589 1451 1,
1603 1426 1626 1452 ς,
1643 1427 1684 1451 ¹30
1704 1419 1815 1453 Accepta
1828 1428 1876 1454 per
1892 1420 1966 1447 cibos
1989 1421 2126 1456 impartiri
2147 1420 2257 1459 corpori

66 1453 207 1488 Principio
225 1453 281 1480 eius
299 1454 378 1486 anni,
397 1461 480 1487 quum
500 1453 532 1478 de
552 1452 638 1479 literis
657 1449 804 1478 L.'Marcii
818 1452 981 1486 referretur,
993 1462 1035 1480 res
1047 1454 1134 1488 gestae
1194 1469 1240 1475 ——
1260 1454 1411 1490 propriari;
1432 1461 1510 1494 atque
1523 1454 1556 1481 ad
1569 1455 1612 1481 sua
1627 1454 1754 1482 destinata
1767 1455 1918 1489 peruenire.
1991 1456 2064 1484 Idem
2074 1458 2177 1488 Chron.
2199 1469 2221 1496 5,
2234 1471 2260 1495 q,

68 1489 227 1522 magnificae
244 1490 348 1516 senatui
362 1488 452 1515 visae:
485 1488 578 1515 titulus
591 1488 721 1520 honoris,
741 1488 813 1523 quod
831 1488 949 1524 imperio
966 1498 1021 1516 non
1039 1491 1133 1525 populi
1195 1494 1235 1524 136
1256 1491 1404 1526 digestione
1422 1490 1499 1516 facile
1513 1490 1641 1518 solidiora
1655 1491 1835 1526 propriantur.

67 1518 151 1556 iussu,
173 1534 228 1552 non
250 1534 282 1552 ex
298 1524 459 1552 a11&oritate
474 1530 579 1560 patrum
595 1525 674 1557 dato,
693 1525 846 1559 Propraetor
868 1526 969 1552 Senatui
987 1525 1134 1561 scripserat,
1151 1538 1177 1562 35
1231 1533 1247 1553 P
1258 1533 1278 1553 R
1290 1524 1408 1554 OPRII}
1419 1532 1440 1553 T
1453 1532 1473 1551 Λ
1485 1533 1498 1553 s
1509 1547 1516 1559 ‚
1537 1527 1595 1553 atis.
1616 1526 1637 1553 f.
1675 1527 1686 1561 [
1707 1527 1808 1568 nativae,
1840 1531 1924 1560 ἰδίωμα
1940 1531 1951 1562 ]
1988 1530 2065 1565 Quod
2089 1530 2194 1558 ''lis“t'us
2219 1532 2259 1559 ret.

66 1569 190 1595 magnam
205 1564 308 1597 partem
318 1561 461 1588 hominum
474 1560 634 1588 offendebat.
675 1575 721 1580 ———
744 1560 865 1588 Res-:ribi
891 1576 938 1581 -—
960 1561 1060 1596 placuit
1086 1576 1132 1583 —--
1192 1563 1323 1598 proprium
1337 1561 1376 1597 2st.
1450 1562 1518 1588 Plin.
1532 1572 1564 1596 13,
1577 1571 1586 1589 1
1605 1562 1694 1588 Huius
1709 1569 1870 1598 proprietas,
1892 1570 1921 1590 vt
1936 1566 2078 1592 ventiletur
2092 1566 2121 1592 in
2142 1576 2259 1602 eoquen-

67 1597 184 1625 adscribi
202 1604 291 1624 autem
317 1598 481 1633 Propracmrt
498 1598 527 1624 L.
548 1597 666 1628 Marcio,
685 1605 741 1623 non
754 1597 854 1632 placuit
868 1606 914 1624 etc.
958 1599 1069 1635 Vtroque
1081 1599 1132 1625 Ioco
1195 1599 1230 1626 do
1244 1598 1329 1625 donec
1343 1598 1440 1625 desinat
1455 1596 1537 1626 olere.
1597 1599 1654 1625 Cic.
1669 1599 1748 1626 Acad.
1763 1611 1786 1632 4,
1801 1602 1829 1630 56
1849 1609 1871 1627 c.
1887 1605 1910 1630 ¹8
1926 1600 2092 1635 Singularum
2107 1612 2196 1630 rerum
2209 1603 2259 1630 {in-

61 1633 128 1671 sunt
140 1633 209 1666 libri,
226 1636 270 1669 qui
284 1628 374 1661 habent
395 1642 444 1668 pro
458 1633 591 1660 Praetore.
641 1631 752 1668 chivm
763 1633 828 1668 qued
839 1633 867 1659 dc
879 1634 1040 1661 Proconsule
1053 1635 1132 1672 obscr-
1195 1635 1268 1669 gulas
1282 1634 1456 1669 proprietates
1470 1635 1526 1662 esse.
1598 1635 1749 1669 Proprietas
1763 1640 1850 1662 terrae
1863 1641 1889 1662 et
1903 1636 1984 1670 caeli,
2001 1645 2047 1673 pm
2066 1639 2168 1673 Ingenio
2196 1639 2259 1667 Liu.

51 1680 53 1682 ·
67 1662 195 1702 vauinfus,
207 1673 328 1697 incertum
342 1668 385 1702 eff?
393 1669 454 1706 scre
466 1669 569 1704 ubique,
588 1668 775 1695 proconsulem
788 1679 818 1696 ne
831 1679 881 1696 una
894 1679 952 1696 uoce
964 1670 1088 1703 dederint,
1100 1681 1134 1697 an
1195 1677 1232 1703 38,
1245 1677 1281 1705 17.
1353 1670 1519 1706 Proprietate
1534 1670 1645 1704 quadam
1661 1671 1779 1705 prodesse
1800 1671 1921 1699 Scribon.
1941 1681 1974 1699 21.
2046 1673 2159 1700 Ferrum
2184 1675 2260 1701 resti-

68 1713 121 1740 pro
135 1705 250 1732 Consule
266 1716 274 1737 ;
310 1705 374 1732 illud
385 1709 458 1731 etiam
471 1705 500 1731 de
512 1706 557 1732 hoc
575 1707 672 1730 nomine
686 1713 771 1731 uerum
785 1703 828 1738 est.
884 1705 946 1732 Liu.
967 1715 1004 1737 10,
1020 1710 1054 1733 26
1074 1707 1178 1734 Cir-40
1196 1707 1280 1734 tuitur
1294 1706 1323 1733 iu
1336 1707 1472 1741 antiquam
1489 1706 1681 1741 proprietatem
1694 1707 1764 1734 Vitr.
1779 1716 1798 1741 1,
1811 1717 1834 1738 4.
1907 1708 2071 1735 Morborum
2082 1710 2260 1743 proprietate!

68 1742 218 1769 eumuentie
245 1740 448 1776 pabulatoribus
473 1756 519 1761 —-
546 1741 698 1775 Scipionem
719 1741 922 1776 Propraetorem
948 1743 1065 1777 (quidam
1086 1751 1136 1776 pro
1195 1743 1263 1769 Cels.
1278 1752 1300 1777 ς,
1315 1749 1350 1772 28.
1430 1742 1547 1773 Plin.=13‚
1561 1750 1588 1768 22
1607 1742 1797 1775 Proprietatem
1818 1740 2043 1769 Habet‘frue'tum
2066 1745 2206 1771 emittendi
2225 1746 2261 1772 la-

69 1778 214 1810 Praetore)
230 1777 374 1804 subsidium
389 1786 405 1803 e
418 1777 506 1804 castris
521 1776 615 1803 tulisse.
652 1777 683 1803 Et
697 1785 719 1803 c.
732 1785 766 1810 29
786 1777 909 1803 Pontifex
923 1778 962 1803 M.
980 1778 1083 1808 Liuius,
1091 1778 1135 1804 cui
1197 1778 1297 1810 nugine
1317 1779 1453 1811 (pappum
1473 1778 1592 1815 vocant)
1610 1776 1682 1810 quod
1698 1777 1766 1802 nulli
1780 1776 1827 1803 alii
1848 1776 1941 1803 arbori
1959 1779 2057 1805 euenit.
2111 1780 2261 1814 Proprietas

68 1812 181 1840 HEtores
196 1814 292 1840 Decius
308 1813 469 1846 tradiderat,
482 1812 641 1846 iusseratque
655 1812 859 1844 Propraetorem
875 1812 932 1837 esse.
977 1813 1053 1837 MSS.
1073 1821 1134 1846 quos
1196 1811 1350 1837 definitioni
1370 1812 1496 1837 attributa
1515 1812 1571 1838 Cic.
1585 1820 1614 1837 111
1630 1811 1733 1846 Topic.
1751 1816 1777 1845 83
1797 1821 1818 1839 c.
1836 1821 1863 1838 22
1886 1813 2025 1847 quaeritur
2045 1813 2092 1848 sic,
2118 1817 2149 1842 In
2175 1815 2262 1844 homi-

61 1849 158 1885 probat
172 1850 279 1875 Gronou.
301 1856 325 1875 et
337 1849 380 1875 hic
401 1857 450 1882 pro
462 1844 594 1874 Praetore.
702 1846 763 1871 Liu.
785 1853 836 1879 27,
856 1853 890 1871 :zz
916 1846 1092 1881 Prorogatum
1107 1853 1134 1874 et
1196 1855 1259 1873 nem
1272 1856 1306 1872 ne
1320 1847 1406 1873 solum
1420 1847 1509 1881 cadat,
1528 1856 1561 1874 an
1574 1847 1655 1874 etiam
1669 1847 1696 1873 in
1718 1847 1806 1874 beluas
1819 1848 1970 1883 aegritudo.
2045 1851 2196 1885 Proprietas
2204 1861 2263 1879 ver-

65 1885 98 1911 C.
113 1884 231 1911 Hostilio
245 1884 362 1910 Tubulo
375 1883 426 1916 est,
445 1888 473 1909 vt
485 1890 535 1916 pro
548 1882 673 1907 Praetore
685 1879 715 1906 in
728 1880 862 1907 Etruriam
883 1881 915 1908 ad
929 1881 995 1908 duas
1014 1883 1135 1918 legiones
1147 1881 1180 1908 45
1195 1882 1294 1909 borum
1308 1883 1435 1909 traz‘Jatur
1448 1884 1586 1917 diligenter
1605 1883 1738 1916 Quinffl’il.
1761 1890 1792 1916 8,
1809 1893 1822 1910 2
1836 1891 1877 1918 pr.
1915 1885 2089 1919 Perspicuitas
2115 1887 2143 1913 in
2171 1888 2262 1916 verbis

63 1919 217 1947 succederet
237 1920 267 1945 C.
280 1918 428 1952 Calpurni0
443 1924 488 1944 etc.
520 1916 564 1944 vbi
576 1917 615 1942 bis
629 1915 838 1944 eademssvarietas
851 1916 894 1950 qli.
941 1919 982 1946 Sic
996 1926 1019 1945 et
1041 1927 1086 1954 27,
1105 1927 1134 1953 35
1195 1919 1364 1953 praecipuam
1379 1918 1457 1944 habet
1472 1918 1672 1952 proprietatem.
1745 1919 1793 1945 Sed
1809 1920 1958 1954 proprietas
1970 1921 2023 1955 ipsa
2038 1931 2092 1948 non
2107 1923 2263 1958 simpliciter

67 1956 158 1982 Varro
172 1955 200 1982 in
215 1954 350 1981 Etruriam
364 1954 525 1988 Propraetor
537 1953 636 1979 missus.
692 1953 854 1988 Propraetor
868 1956 942 1979 etlam
955 1954 996 1980 ille
1007 1955 1135 1982 interdum
1194 1954 1332 1988 accipitur.
1403 1954 1507 1981 Primus
1521 1954 1592 1980 enim
1615 1953 1766 1981 intellefius
1784 1955 1822 1981 est
1840 1955 1885 1981 sua
1903 1956 2031 1991 cuiusque
2057 1959 2096 1984 rei
2117 1960 2261 1994 appellatio

63 1997 180 2023 vocatur,
194 1993 236 2026 qui
249 1989 315 2026 gesto
328 1989 454 2025 consulatu
464 1992 491 2015 in
499 1992 661 2025 prouinciam
671 1989 734 2015 abit.
770 1988 823 2015 vid.
837 1989 982 2016 Mamaeae}
995 1990 1134 2018 Cic.Fan·..
1194 2004 1240 2010 —
1255 1989 1279 2016 ei
1294 1990 1458 2016 contrarium
1472 1989 1508 2015 est
1522 1989 1621 2016 vitium
1636 1989 1679 2022 id,
1704 1989 1776 2024 quod
1796 1990 1865 2025 apud
1888 2000 1936 2018 nos
1960 1992 2150 2032 improprium,
2177 1995 2262 2029 ἐέκυρον

65 2034 94 2061 p.
117 2027 135 2052 6
153 2027 243 2052 Graan.
304 2038 307 2041 *
774 2036 778 2039 ·
1194 2025 1263 2060 apud
1280 2026 1395 2052 Graecos
1408 2031 1526 2052 vocatur.
1564 2040 1609 2045 —-·
1646 2026 1663 2051 s.
1679 2035 1692 2058 7
1713 2026 1833 2053 Secundo
1845 2027 1928 2053 modo
1942 2027 2042 2055 dieitur
2077 2032 2199 2064 roprium
2218 2032 2260 2059 iu-

104 2066 319 2092 PROPRtVS,
339 2068 368 2090 a,
386 2068 441 2086 um.
479 2058 540 2085 Adi.
577 2056 658 2091 [idion
680 2059 775 2094 κύριος]
813 2060 1021 2096 andpcculiare
1032 2059 1065 2094 5st
1080 2064 1176 2090 vni-50
1196 2067 1236 2088 ter
1253 2061 1344 2095 plura,
1365 2069 1432 2095 quae
1448 2061 1506 2088 sunt
1520 2061 1640 2088 eiusdem
1652 2062 1785 2095 nominis,
1806 2062 1833 2088 id
1849 2062 1918 2089 vnde
1938 2070 2038 2091 caetera
2070 2065 2123 2092 ieia
2138 2068 2260 2094 stine——

66 2098 223 2165 uscuiu'yiue'
238 2098 278 2121 cui
290 2098 445 2122 contrarium
459 2092 493 2127 est
507 2094 635 2122 alienum.
685 2098 713 2122 A
725 2096 811 2130 Prope
818 2096 873 2132 fit:
892 2098 938 2124 hoc
952 2101 1018 2124 enim
1030 2107 1135 2124 maxime
1197 2097 1313 2123 Tertius
1333 2112 1369 2118 -·
1390 2096 1500 2130 modus,
1521 2106 1581 2123 cum
1594 2106 1635 2124 res
1649 2098 1799 2124 eommunis
1817 2097 1939 2133 pluribus
1954 2099 1982 2125 in
1999 2109 2054 2127 vno
2074 2101 2166 2136 aliquo
2178 2102 2260 2131 habet

61 2137 144 2168 prope
156 2141 167 2158 e
191 2151 198 2163 ,
212 2130 277 2167 quod
289 2132 418 2167 proprium
432 2128 474 2163 est.
512 2130 586 2166 Conf.
607 2137 791 2158 PRoriTivs.
808 2166 811 2167 .
896 2132 1082 2168 Virg.Aen.7‚
1094 2143 1135 2166 331
1196 2142 1295 2159 nomen
1309 2133 1440 2160 eximium
1460 2147 1505 2153 —-
1526 2134 1592 2160 Item
1607 2133 1678 2168 quod
1693 2142 1835 2160 commune
1849 2140 1874 2161 et
1897 2135 1956 2162 aliis
1983 2144 2081 2163 nomen
2091 2157 2098 2170 ‚
2120 2138 2259 2166 intelleEtu

67 2169 150 2195 Hune
166 2167 235 2194 mihi
249 2166 280 2193 da
295 2167 434 2202 proprium
448 2166 527 2201 virgo
542 2167 594 2193 sata
608 2167 688 2193 noete
701 2167 832 2195 laborem.
941 2169 1010 2196 Ter.
1026 2169 1134 2197 Phorm.
1195 2169 1277 2196 alicui
1292 2169 1332 2195 rei
1347 2169 1518 2204 peculiariter
1535 2169 1682 2202 tribuitur,
1706 2176 1734 2195 vt
1755 2171 1838 2196 vrbem
1859 2170 1973 2198 Romam
1992 2173 2151 2208 accipimus,
2174 2182 2199 2201 et
2218 2184 2261 2201 'm’-

67 2211 94 2237 5,
105 2211 128 2236 ς,
141 2212 156 2230 z
182 2203 284 2231 Curaui
297 2204 405 2238 propria
420 2212 450 2230 ca
463 2208 492 2229 vt
511 2202 657 2237 potiretur.
753 2204 791 2230 Vt
805 2213 888 2240 quum
901 2204 1032 2232 ademerit
1054 2206 1134 2233 nobis
1195 2206 1279 2237 noles,
1297 2205 1435 2237 nouicios‚
1458 2210 1483 2231 et
1505 2205 1654 2238 Corinthia,
1672 2213 1739 2231 aera.
1777 2221 1823 2226 —-
1860 2206 1972 2241 Proprie
1987 2208 2099 2242 dietum,
2120 2219 2174 2243 quo
2188 2210 2259 2238 nihil

68 2240 173 2272 omnia,
186 2248 253 2274 quae
266 2239 355 2266 nostra
370 2244 445 2266 erant
458 2239 583 2273 propria,
601 2248 634 2265 ne
646 2239 734 2266 lucem
748 2248 857 2275 quoque
872 2241 954 2274 hanc,
974 2251 1040 2276 quae
1061 2251 1133 2269 com·
1147 2248 1176 2275 53
1195 2241 1314 2267 inueniri
1324 2241 1397 2275 poslit
1409 2240 1600 2275 significantius
1619 2255 1665 2260 —
1684 2240 1753 2267 Illud
1767 2249 1872 2276 quoque
1887 2242 1922 2269 est
1932 2252 1946 2270 a
1957 2244 2117 2278 quibusdam
2129 2246 2259 2273 tradittnu

66 2276 157 2302 munis
176 2275 227 2308 est,
245 2275 349 2310 eripere
362 2275 451 2310 cupiat
477 2274 534 2301 Cic.
549 2284 597 2309 pro
613 2275 690 2302 Rosc.
706 2277 796 2302 Amer.
816 2286 859 2309 130
881 2286 902 2303 c.
916 2285 954 2311 52.
1065 2279 1131 2305 Rei-n
1195 2276 1300 2311 proprii
1315 2286 1396 2311 genus
1410 2286 1441 2303 ex
1453 2276 1592 2312 appositis,
1613 2285 1681 2311 quae
1700 2276 1815 2311 epitheta
1836 2278 1976 2310 dicuntur,
2004 2289 2032 2306 vt
2054 2283 2132 2307 Dulce
2157 2282 2259 2318 mustum

66 2311 188 2346 aliquam
201 2313 248 2338 suo
263 2318 336 2338 certo
349 2320 379 2338 ac
392 2310 503 2346 proprio
517 2311 650 2337 vocabulo
663 2312 805 2339 nominare
831 2313 905 2340 Idem
918 2323 968 2348 pro
984 2315 1091 2341 Caecin.
1107 2323 1133 2348 51
1195 2328 1242 2333 -—
1260 2312 1348 2339 Etiam
1363 2321 1430 2347 quae
1445 2313 1512 2339 bene
1527 2312 1651 2338 translata
1665 2313 1739 2343 sunt,
1757 2314 1865 2348 propria
1879 2314 1933 2341 dici
1953 2316 2049 2342 solent:
2087 2317 2198 2344 interim
2213 2327 2263 2349 am

66 2357 90 2374 c.
105 2354 138 2378 18.
156 2354 185 2374 ,et
204 2348 238 2374 de
251 2348 324 2375 Orat.
339 2356 361 2381 3,
377 2356 420 2381 147
441 2347 510 2381 Ergo
523 2352 630 2375 vtemur
643 2347 744 2381 verbis,
759 2357 826 2383 quae
842 2351 952 2384 propria
965 2351 1023 2377 sunt
1038 2356 1064 2377 et
1078 2360 1133 2378 cer.
1196 2353 1249 2375 tem
1264 2357 1331 2381 quae
1344 2349 1401 2375 sunt
1415 2348 1444 2374 in
1459 2357 1567 2383 quoque
1581 2357 1678 2383 genere
1691 2349 1846 2388 praecipua,
1879 2352 1983 2385 proprii
2005 2353 2093 2379 locum
2113 2354 2259 2389 accipiunt,

65 2389 94 2410 ta
107 2383 178 2418 quasi
193 2382 323 2411 vocabula
337 2392 446 2416 rerum,
462 2391 542 2417 paene
562 2392 614 2410 vna
635 2388 696 2410 nata
713 2393 774 2410 cum
792 2385 873 2412 rebus
893 2386 963 2420 ipsiS.
1074 2388 1131 2414 Cic.
1194 2390 1224 2411 Vt
1238 2383 1335 2416 Essbius
1350 2384 1421 2411 inter
1437 2384 1525 2419 plures
1540 2384 1726 2419 imperatorias
1741 2385 1852 2412 virtutes
1867 2388 2001 2414 Cum‘ffator
2015 2389 2050 2414 esi
2064 2389 2220 2424 appellatus.

64 2419 152 2447 Tusc.
167 2427 191 2453 ς,
211 2428 238 2453 19
265 2419 384 2455 Propriis
404 2425 430 2446 et
449 2418 502 2445 suis
517 2420 678 2454 argumentis
698 2426 724 2446 et
742 2419 975 2449 admonitionibus
997 2422 1132 2450 trac'ianda
1140 2417 1176 2441 ⁶0
1230 2426 1275 2447 PR
1288 2426 1307 2446 O
1321 2426 1336 2446 P
1351 2427 1369 2447 R
1382 2428 1389 2446 Ι
1403 2426 1420 2446 E
1435 2427 1458 2448 Τ
1471 2427 1519 2446 AR
1531 2428 1540 2446 1
1550 2427 1608 2460 νβ,
1629 2420 1647 2446 1.
1668 2430 1703 2446 m.
1742 2421 1818 2447 Cuius
1830 2423 1932 2462 aliquid
1942 2423 1974 2459 est
1986 2427 2124 2458 proprium.
2180 2426 2259 2453 Porn-

65 2464 190 2491 quaeque
211 2454 252 2483 res
273 2455 318 2482 est.
408 2456 553 2482 Contraria.
591 2455 666 2482 Idem
681 2456 712 2482 de
727 2456 829 2484 Seneer.
845 2465 874 2491 35
899 2468 921 2484 c.
939 2467 961 2484 11
981 2459 1015 2484 At
1029 2456 1132 2494 idqui-
1195 2455 1292 2490 ponius
1307 2456 1335 2482 in
1350 2456 1367 2483 l.
1388 2456 1473 2482 Diuus
1488 2455 1639 2482 Hadrianus
1654 2457 1686 2482 D.
1701 2456 1733 2483 de
1747 2457 1794 2482 vsu
1808 2463 1835 2484 et
1848 2457 1957 2485 habitat.
1982 2459 2059 2485 'Licet
2071 2466 2124 2487 tam
2135 2462 2260 2495 angustus

38 2488 41 2492 ’
64 2492 129 2519 dem
149 2500 204 2518 11011
221 2492 361 2527 proprium
381 2491 522 2518 senectutis
541 2491 578 2517 est
594 2491 711 2524 vitium,
731 2492 773 2518 sed
794 2502 936 2521 commune
957 2494 1130 2522 valetudinis.
1193 2492 1231 2518 est
1245 2492 1466 2526 legatarinsseui
1481 2491 1576 2518 domus
1588 2493 1647 2532 ysus
1660 2492 1759 2526 legatus
1772 2492 1825 2525 est,
1852 2499 1881 2520 vt
1899 2502 1955 2520 11011
1975 2495 2048 2528 possit
2070 2505 2198 2532 occupare
2216 2504 2260 2524 ‘to-

61 2527 207 2563 Proprium
227 2533 252 2554 et
269 2527 404 2562 peculiare
433 2527 499 2554 Plin.
514 2534 539 2562 7,
553 2532 589 2560 23.
698 2528 780 2561 Qiod
792 2536 882 2556 autem
895 2539 984 2557 meum
999 2537 1055 2557 emt
1070 2540 1130 2565 pso.
1192 2527 1245 2554 tius
1258 2528 1353 2554 domus
1366 2529 1455 2554 vsurn:
1475 2534 1562 2554 tamen
1580 2536 1618 2554 eis
1631 2536 1697 2561 qnae
1711 2527 1861 2564 vacabunt,
1880 2530 2078 2564 proprietarius
2093 2541 2146 2559 non
2159 2539 2260 2567 vtetur,

63 2563 165 2599 prium,
182 2568 212 2590 vt
226 2564 317 2590 alariis
331 2562 532 2598 Transpadanis
545 2563 586 2590 vti
599 2572 737 2598 negarem,
756 2564 784 2591 id
799 2565 880 2592 etiam
894 2566 996 2601 populo
1010 2567 1036 2592 sc
1049 2567 1130 2593 remi·
1192 2563 1255 2596 quia
1272 2563 1362 2592 licebit
1375 2564 1483 2592 vsuario
1498 2569 1524 2591 et
1539 2563 1598 2590 aliis
1613 2563 1780 2599 temporibus
1795 2570 1850 2592 tota
1863 2564 1945 2593 domo
1959 2566 2007 2593 vti.
2079 2570 2149 2597 Add.
2162 2569 2209 2602 1.13
2221 2570 2257 2599 D.

63 2599 120 2627 fisse
132 2599 224 2628 scribit
258 2599 313 2627 Cic.
334 2600 406 2626 Fam.
425 2608 452 2631 2,
472 2601 510 2626 16.
618 2599 792 2634 Praecipuum
807 2607 833 2627 et
845 2602 988 2636 proprium
1009 2602 1082 2629 Idem
1097 2598 1168 2630 de65
1193 2599 1226 2626 de
1245 2599 1330 2636 pecul.

16 2638 20 2641 '
67 2636 192 2662 Prouinc.
211 2636 291 2662 Cons.
310 2643 335 2662 2.
347 2670 354 2675 .
440 2636 670 2675 Amortproprius
701 2637 806 2664 Lucret.
827 2648 861 2671 4,
882 2647 943 2672 1¹35-
1053 2640 1130 2666 Bono
1231 2648 1246 2669 1³
1258 2649 1277 2669 R
1288 2648 1420 2671 OPRIE.
1441 2643 1510 2672 Adu.
1550 2646 1635 2680 [lata.
1655 2647 1730 2679 ἰδίως,
1749 2646 1853 2680 κυρίως]
1891 2646 1999 2674 Plancus
2013 2646 2044 2673 ad
2061 2646 2117 2673 Cic.
2127 2645 2202 2674 Fam.
2216 2656 2255 2682 ro,

65 2670 176 2710 ἓῐὶμῐὶᾶἐ
190 2671 301 2710 assumto
315 2677 366 2702 νῦ,
378 2679 434 2697 ΠΟΠ
447 2679 571 2711 ΡΈΟΡΓΙΟ,
589 2680 636 2698 Πθΰ
651 2672 697 2698 sUO
715 2673 771 2700 Cic·
785 2673 818 2699 de
828 2674 903 2701 Orat.
918 2684 939 2708 2,
954 2683 993 2707 39·
1059 2676 1130 2703 Con·
1190 2687 1223 2712 24
1243 2686 1308 2706 extr,
1382 2678 1446 2713 Tu,
1466 2686 1496 2707 vt
1518 2680 1673 2714 instituisti,
1693 2691 1736 2708 me
1758 2682 1867 2717 diligas,
1896 2691 1978 2717 rogo,
1996 2683 2157 2718 proprieque
2179 2689 2256 2710 tuum

61 2704 157 2744 ={ilium
171 2714 311 2745 proprium
324 2706 430 2745 auferre
443 2706 522 2738 alicui
547 2707 616 2734 Hor.
630 2707 712 2747 Serni-
729 2718 748 2739 1,
760 2718 789 2742 4,
802 2718 849 2743 133.
957 2711 1130 2739 Consuetudo
1192 2715 1240 2741 esse
1256 2714 1305 2741 tibi
1319 2715 1481 2750 persuadeas.
1553 2714 1627 2744 Idem
1642 2717 1708 2744 ibid.
1727 2726 1753 2751 9,
1777 2726 1800 2751 15
1823 2717 1903 2750 Quod
1923 2726 1965 2743 me
1984 2727 2068 2749 anias,
2088 2726 2133 2745 etc.
2170 2719 2206 2746 est
2227 2720 2256 2746 id

66 2749 218 2768 communis
238 2741 280 2767 vel
301 2746 346 2767 tua
367 2741 449 2768 soltus
467 2747 494 2770 et
514 2743 622 2778 propria
654 2744 710 2770 Cic.
726 2745 796 2771 Fam.
817 2753 848 2778 5,
871 2754 910 2779 14.
1020 2749 1132 2775 Crimen
1193 2750 1302 2785 quidem
1315 2760 1457 2786 magnum,
1478 2758 1556 2787 atque
1570 2753 1639 2779 haud
1654 2754 1707 2780 scio
1720 2762 1752 2780 an
1766 2753 1926 2779 maximum:
1965 2754 2015 2780 tibi
2030 2763 2172 2781 commune
2193 2764 2255 2782 eum

65 2778 209 2812 proprium
233 2776 307 2818 Idssm
321 2777 399 2817 Verr.
415 2785 435 2809 ¹,
448 2786 490 2810 43·
585 2779 670 2813 Culpa
683 2788 742 2806 mea
756 2781 866 2816 propria
883 2782 956 2808 Idem
970 2783 1044 2811 Fam.
1060 2790 1168 2818 14‚3.70
1192 2787 1297 2813 multis:
1319 2788 1391 2822 quod
1405 2795 1433 2815 tu
1448 2788 1501 2824 ipse
1516 2795 1570 2815 tam
1583 2789 1708 2816 amandus
1722 2798 1758 2821 es,
1771 2795 1815 2814 etr.
1835 2787 1864 2814 id
1877 2788 1928 2821 est,
1946 2789 2055 2824 proprie
2068 2796 2153 2818 tuum.
2187 2789 2255 2818 ‘Pro-

64 2812 154 2840 Marte
174 2821 285 2848 proprio
317 2812 401 2853 Ouid.
415 2821 446 2839 ex
456 2814 529 2853 Pont.
544 2821 654 2854 4,7,14.
759 2817 865 2844 Natura
877 2824 956 2853 atque
971 2820 1011 2845 vis
1026 2820 1131 2848 animae
1191 2823 1290 2849 misc-ue
1303 2830 1326 2849 et
1341 2824 1468 2858 Proprie,
1490 2825 1621 2850 contraria
1639 2824 1694 2850 Cic.
1710 2823 1742 2849 de
1755 2825 1825 2858 Lege
1839 2824 1931 2858 Agr-ar.
1951 2835 1973 2858 2,
1996 2831 2025 2858 3⁴
2046 2835 2068 2852 c.
2090 2835 2124 2861 3¹·
2181 2827 2255 2855 Idem

62 2849 177 2884 propria
190 2848 240 2879 est,
260 2857 366 2875 monem
386 2854 462 2876 motu
475 2854 604 2890 mterfpre
617 2856 643 2876 et
655 2851 704 2877 suo
736 2852 794 2878 Cic.
809 2852 842 2879 de
857 2853 947 2881 Soron.
964 2856 1030 2891 scip.
1048 2865 1085 2884 21.
1106 2867 1129 2884 c.
1191 2867 1241 2893 pro
1255 2860 1322 2886 Sext.
1337 2867 1366 2894 37
1384 2860 1481 2894 Neque
1495 2861 1601 2885 Senatus
1614 2858 1735 2893 publice,
1755 2868 1843 2894 neque
1857 2860 1926 2887 vllus
1939 2861 2007 2887 ordo
2019 2862 2139 2897 proprie,
2166 2867 2254 2898 neque

64 2885 115 2912 vlt.
210 2884 444 2925 Negotiisexcuti
461 2893 579 2920 proprus
616 2887 685 2913 Hor.
704 2886 788 2914 Serm.
809 2897 840 2921 2,
863 2899 883 2922 3,
906 2898 944 2923 ¹9-
1055 2893 1129 2920 Nota
1191 2895 1243 2921 suis
1258 2895 1370 2921 decretis
1383 2895 1457 2921 Italia
1473 2900 1528 2920 tota
1542 2894 1695 2928 susceperat.
1770 2896 1880 2930 Proprie
1899 2904 1924 2932 rt
1948 2897 2095 2930 Vniuerse,
2122 2900 2253 2925 contraria

64 2927 138 2949 certa
151 2926 176 2948 et
188 2921 300 2957 propria
320 2921 465 2948 Cic.Acad.
480 2930 509 2955 4,
521 2929 559 2955 33.
641 2923 783 2957 Proprium
797 2924 894 2952 habere
922 2928 998 2954 Varr.
1012 2927 1044 2954 de
1057 2929 1127 2956 L.L.
1190 2931 1246 2956 Cic.
1278 2930 1330 2954 Att.
1347 2937 1369 2961 ς,
1384 2937 1407 2954 2.
1480 2930 1639 2956 Communis
1661 2929 1787 2965 persona,
1812 2938 1838 2956 et
1857 2932 1970 2967 Proprie
1989 2932 2096 2967 singulis
2115 2934 2252 2968 attributa,

63 2966 99 2991 9,
119 2966 136 2985 2
155 2958 176 2984 f.
285 2957 356 2984 Pelle
376 2958 405 2984 in
423 2958 531 2993 propria
551 2966 607 2984 11011
626 2959 761 2994 quiescere
785 2959 856 2988 Hor.
871 2962 955 2989 Set-m.
977 2972 1004 2995 1,
1026 2966 1057 2996 6,
1086 2973 1128 2990 22.
1141 2968 1169 2991 75
1188 2965 1317 2990 contraria
1335 2964 1408 2991 Idem
1425 2964 1478 2991 Off.
1494 2973 1514 2998 1,
1536 2974 1578 2998 ¹07
1598 2975 1620 2993 c.
1635 2975 1674 2998 3c.
1712 2967 1823 3001 Proprie
1836 2973 1862 2994 ct
1875 2976 1939 2995 vere
1952 2968 2094 2996 honestum
2121 2969 2195 2996 Idem
2213 2970 2251 2997 ib.

63 2993 217 3022 Periculum
232 2993 375 3029 proprium
397 2994 454 3021 Cic.
468 2995 539 3021 Fam-
556 2996 582 3028 6,
603 3003 623 3021 1.
718 2996 826 3024 Praedia
838 2998 948 3033 propria
962 2998 1067 3025 tradere
1080 2999 1128 3025 ali·
1191 3008 1215 3032 3,
1230 3008 1261 3031 ¹3·
1335 3000 1407 3027 Idem
1421 3000 1452 3026 de
1468 3001 1542 3028 Orat.
1557 3010 1579 3035 2,
1595 3009 1625 3034 59
1647 3002 1735 3034 Qiam
1748 3003 1857 3037 proprie
1873 3004 1905 3031 de
1920 3013 2082 3039 vnoquoque
2097 3004 2174 3032 dixit.
2211 3005 2251 3033 Id.

39 3043 46 3046 ν
63 3029 110 3056 eui
134 3029 209 3056 Idem
223 3038 273 3065 pro
286 3030 362 3056 Rosc.
379 3030 470 3057 Amer.
485 3039 543 3063 t50.
647 3031 774 3059 Remedia
787 3034 895 3070 propria
930 3034 1051 3061 scribon.
1074 3040 1126 3070 178.
1187 3033 1303 3070 Philipp.
1317 3045 1340 3069 ε,
1357 3043 1393 3071 77
1413 3045 1433 3062 c.
1450 3046 1470 3067 3¹
1493 3038 1518 3063 O
1537 3036 1675 3063 homiuem
1696 3038 1824 3072 nequam!
1862 3040 1926 3074 quid
1950 3040 2021 3066 enim
2049 3040 2120 3066 aliud
2145 3039 2251 3068 dicam?

32 3075 38 3102 g
63 3064 199 3093 Remedia
209 3066 318 3102 propria
331 3065 363 3092 ad
375 3066 475 3101 singula
497 3066 537 3093 Id.
550 3074 617 3093 2001
723 3069 799 3097 Ritus
812 3069 938 3106 proprius
955 3070 1022 3096 Plin.
1039 3080 1077 3104 10,
1086 3077 1123 3104 58.
1187 3072 1269 3106 magis
1280 3072 1390 3106 proprie
1404 3072 1472 3098 nihil
1487 3073 1588 3107 possum
1602 3073 1697 3100 dicere.
1769 3074 1843 3102 Idem
1858 3075 1911 3102 Off.
1928 3085 1944 3106 1,
1958 3082 1987 3109 37
2008 3075 2037 3101 <Ie
2050 3075 2130 3102 hostis
2144 3079 2250 3109 nemine,

28 3109 51 3127 .’
62 3100 188 3138 Tempus
207 3102 302 3137 agendi
320 3102 373 3128 fuit
393 3102 463 3129 mihi
476 3102 559 3137 magis
574 3103 732 3138 proprium,
755 3114 832 3140 quam
857 3105 965 3132 caeteris
996 3107 1053 3133 Cic.
1075 3116 1124 3143 pro
1186 3107 1207 3133 A
1223 3108 1363 3142 peregrino
1379 3109 1450 3134 enim
1466 3108 1580 3142 recellit,
1598 3115 1624 3135 et
1639 3109 1748 3144 proprie
1762 3110 1789 3136 in
1803 3119 1845 3144 eo,
1859 3111 1904 3145 qtui
1917 3119 1989 3137 arma
2002 3117 2093 3138 contra
2103 3111 2196 3147 ferret,
2208 3121 2249 3140 re-

50 3136 127 3170 jsull.
143 3147 169 3171 9.
277 3137 367 3166 Verba
386 3139 511 3166 translata
527 3145 553 3165 et
567 3139 669 3173 aliena,
695 3141 782 3177 quibus
794 3148 951 3178 opponuntur
970 3143 1080 3178 Propria
1098 3149 1125 3171 et
1141 3149 1173 3173 80
1186 3143 1288 3170 mansit.
1361 3145 1434 3178 Conf-
1450 3145 1534 3170 Hurm.
1551 3147 1584 3170 m!
1603 3145 1713 3178 Qiinet.
1730 3148 1837 3172 Det-lam.
1852 3154 1885 3177 12,
1905 3155 1913 3176 3
1933 3155 1956 3180 p.
1979 3155 2033 3178 2⁴3-
2072 3147 2248 3174 Excellentf‘am

62 3174 109 3200 sua
136 3173 210 3201 Idem
222 3174 255 3201 de
267 3175 342 3202 Orat.
363 3183 387 3210 3,
407 3183 465 3211 147.
503 3174 636 3209 Quintffil.
651 3182 675 3210 8,
692 3185 721 3210 4,
742 3186 773 3212 29
785 3185 829 3205 etc.
865 3181 985 3213 inprimis
1004 3185 1026 3211 8,
1045 3187 1057 3205 2
1075 3182 1124 3207 int,
1185 3187 1270 3204 notat:
1290 3180 1400 3214 Proprie
1414 3180 1562 3207 cicatricem
1576 3180 1868 3214 ducuntSct·ibon.240.
1882 3181 1955 3207 Facit
1967 3182 2077 3216 proprie
2091 3185 2189 3215 3610st
2200 3193 2248 3218 ¹57.

69 3209 141 3235 Vnde
154 3209 240 3237 damus
253 3211 371 3247 quaedam
383 3221 440 3238 mox
454 3214 482 3238 in
502 3218 723 3239 PROPRIETAS.
829 3215 866 3241 Vi
879 3214 988 3250 propria
1001 3215 1126 3244 nituntur
1184 3214 1257 3242 Facit
1277 3215 1387 3250 proprie
1411 3216 1479 3242 bene
1504 3224 1533 3249 93
1554 3217 1581 3243 in
1607 3218 1695 3252 quibus
1713 3216 1869 3251 fingularis,
1892 3224 1916 3243 et
1929 3227 2001 3252 qnam
2018 3218 2086 3244 hodie
2099 3218 2247 3253 specificam

61 3245 247 3281 Virg.Georg.
262 3251 361 3281 2,.428.
465 3247 580 3274 Viribus
601 3249 719 3284 propriis
738 3248 807 3277 bella
825 3259 918 3280 gerere
951 3250 1012 3278 Liu.
1032 3260 1065 3284 2,
1086 3259 1122 3285 53.
1185 3251 1237 3275 vim
1246 3252 1347 3287 dicunt,
1374 3252 1512 3279 indicatur.

61 3280 172 3315 Vngues
184 3282 290 3318 proprii
319 3283 388 3309 Hor.
404 3282 485 3319 Epist.
507 3292 527 3314 1,
547 3291 574 3318 7,
595 3293 628 3317 5¹-
826 3280 848 3324 ”q
873 3296 889 3313 2
927 3287 1126 3322 Obseruationes.
1220 3293 1263 3313 PR
1275 3292 1294 3313 o
1309 3294 1324 3314 P
1337 3294 1356 3314 R
1367 3289 1410 3314 ΓᾸ
1420 3293 1443 3314 Τ
1456 3295 1465 3314 1
1476 3294 1515 3315 Μ.
1540 3287 1608 3314 Adu.
1646 3287 1696 3313 Res
1709 3286 1791 3322 exigit
1809 3287 1969 3322 propriatim
1984 3287 2055 3316 Deos
2063 3289 2128 3317 scire
2143 3291 2246 3320 Arnob.

63 3316 190 3351 Proprius
204 3318 274 3351 suus,
295 3324 366 3349 tuus,
386 3327 468 3346 meus.
512 3320 595 3347 Paull.
610 3320 639 3347 in
655 3320 672 3347 l.
691 3321 718 3348 Si
733 3321 810 3349 seruo
822 3324 855 3350 D.
876 3323 907 3349 de
921 3322 1067 3350 heredibus
1081 3324 1122 3351 in-
1142 3332 1170 3358 85
1184 3331 1195 3355 3
1216 3332 1240 3357 Ρ-
1256 3330 1301 3354 1²5-

63 3351 218 3384 stituendis,
249 3354 324 3380 Idem
345 3359 372 3380 et
387 3354 416 3380 in
429 3363 478 3388 eo,
496 3356 544 3391 qui
557 3357 668 3393 propria
687 3357 732 3384 sua
745 3358 803 3386 data
815 3359 925 3395 pecunia
938 3365 1023 3386 emtus
1037 3360 1073 3387 est
1088 3360 1121 3387 ab
1220 3365 1236 3384 P
1247 3365 1267 3385 R
1279 3365 1322 3386 ΟΡ
1331 3366 1350 3385 R
1361 3367 1371 3386 1
1382 3365 1404 3387 'r
1417 3366 1428 3387 1
1441 3366 1480 3387 M.
1501 3359 1568 3386 Adu.
1605 3358 1691 3393 [ἰδία]
1725 3358 1830 3386 Lucret.
1845 3369 1868 3391 2,
1881 3367 1928 3394 973
1941 3359 2039 3399 Quid?
2059 3369 2141 3394 genus
2154 3361 2246 3390 hnma-

62 3387 157 3423 aliquo
192 3388 266 3416 Idem
279 3390 350 3416 Paul.
365 3390 395 3416 in
410 3390 427 3416 l.
442 3392 479 3417 Vt
492 3397 594 3419 tantum
614 3391 638 3430 §.
651 3395 668 3428 J‘.
682 3393 715 3420 D.
732 3393 765 3421 de
779 3396 855 3423 seruo
869 3401 1007 3430 corrupto,
1028 3396 1055 3422 Si
1070 3396 1121 3423 ser·
1183 3403 1249 3421 num
1274 3395 1418 3430 propritim
1442 3395 1474 3422 de
1501 3393 1597 3429 quibus
1618 3393 1760 3434 ‚fsssshmsst-
1796 3395 1814 3421 ἱ-
1852 3396 1972 3430 Ptoprte-
2042 3397 2151 3424 Nonius
2167 3408 2197 3432 n,
2209 3404 2245 3431 18.

61 3432 112 3450 ὀυς
126 3425 274 3451 communis
287 3434 361 3452 meus
380 3431 406 3452 et
425 3431 486 3453 tuus
505 3430 645 3468 proprium
660 3439 750 3456 meum
764 3431 866 3458 seruum
888 3431 1052 3467 corruperit:
1077 3433 1121 3459 Sa·
1183 3430 1301 3467 Restituit
1316 3432 1427 3458 Lumbin.
1467 3432 1508 3458 Al.
1529 3431 1699 3464 Propriatim.

19 3463 21 3465 “
59 3459 142 3488 binus
155 3460 203 3492 ait,
215 3469 270 3486 non
283 3463 353 3496 posse
365 3462 409 3497 agi
424 3471 485 3489 cum
499 3464 588 3491 foelo:
620 3465 730 3500 perinde
743 3467 791 3494 acsi
805 3467 927 3504 proprius
941 3476 1015 3494 meus
1029 3469 1119 3495 seruus
1219 3479 1262 3500 PR
1272 3480 1290 3499 o
1299 3480 1314 3500 Ρ
1326 3479 1348 3501 Τ
1362 3480 1416 3501 ER.
1462 3474 1533 3508 Une,
1562 3470 1636 3499 ἕνεκεν
1645 3492 1652 3506 ,
1677 3467 1746 3499 ’ἕνεκα
1758 3472 1774 3508 J
1810 3473 1975 3508 Praepcsttio„
2000 3473 2151 3510 Accusatiuo
2177 3476 2246 3511 casui

59 3496 219 3531 corrupisset
233 3498 400 3525 conseruum.
493 3533 499 3539 ⁸
509 3498 587 3526 Suam
600 3502 738 3537 propriam
752 3503 934 3531 Calamitatem
961 3504 1034 3530 Caes.
1054 3505 1118 3531 Bell.
1134 3509 1169 3535 90
1176 3509 1278 3544 seruit,
1297 3517 1322 3536 et
1327 3510 1456 3545 fignificat
1470 3510 1565 3544 causam
1577 3517 1752 3542 quamcunque.
1832 3509 1900 3536 Ter.
1917 3506 2024 3537 Phorm.
2037 3519 2066 3542 2,
2087 3520 2114 3545 1,
2133 3515 2165 3544 46
2187 3511 2243 3545 Qii

12 3536 20 3540 .
59 3533 123 3560 Ciu.
138 3541 159 3565 3,
172 3540 213 3558 20.
241 3548 246 3552 -
318 3533 545 3575 Suam'qnanuam
560 3537 697 3571 pro'priam
714 3539 875 3568 Facultatem
900 3539 957 3567 Cic.
971 3539 1004 3566 de
1016 3541 1092 3568 Orat.
1108 3550 1119 3568 1
1180 3544 1256 3579 saepe
1268 3553 1380 3581 propter
1393 3541 1523 3570 ¹inuidiam
1536 3543 1658 3570 adimunt
1678 3543 1767 3570 diuiti.
1806 3544 1889 3571 Plaut.
1904 3545 2022 3580 Amphit.
2041 3557 2064 3579 4‚
2082 3557 2099 3580 1,
2115 3555 2132 3582 7
2154 3548 2243 3580 Qiem

36 3569 39 3574 ’
52 3577 85 3609 st,-
100 3577 138 3595 10·
246 3567 299 3595 3¹¹0
311 3577 424 3605 P¹'0P¹‘·²⁰
437 3570 593 3610 Maglstfaffl
611 3572 672 3599 Liu·
687 3583 716 3607 42
731 3580 753 3605 8·
848 3577 899 3602 Suo
917 3576 1029 3612 proprio
1043 3577 1118 3604 Prae·
1181 3586 1291 3615 propter
1303 3590 1396 3615 eorpus
1410 3580 1484 3605 sumn
1506 3579 1588 3614 stupri
1611 3579 1794 3614 compleuerit.
1867 3580 1959 3615 Nempe
1984 3581 2096 3616 Propter
2112 3583 2242 3618 fiffntjfimt

59 3603 101 3631 lto
121 3603 196 3645 Idem
210 3612 234 3636 3,
244 3611 288 3638 70.
378 3640 384 3645 ¹
399 3606 541 3639 Proprius,
553 3616 613 3647 ‘cum
627 3608 757 3637 Genieiua:
776 3612 832 3639 Cic.
847 3611 963 3647 Philipp.
978 3622 999 3645 3,
1015 3621 1045 3646 29
1059 3621 1080 3639 c.
1094 3621 1117 3639 11
1181 3617 1255 3642 etiam
1266 3617 1404 3648 effisiemem
1419 3616 1530 3649 causam,
1551 3622 1597 3647 vt,
1614 3615 1723 3649 Propter
1736 3624 1803 3649 quos
1819 3617 1966 3650 (parentes)
1985 3617 2050 3644 hanc
2070 3618 2243 3645 suauislimain

58 3639 116 3667 Aut
126 3640 278 3667 libertatem
293 3648 431 3674 propriam
446 3641 560 3668 Romani
573 3643 687 3677 generis,
701 3652 726 3672 et
737 3649 854 3675 nominis
867 3657 1062 3683 recuperemus,
1071 3654 1117 3675 aut
1137 3673 1141 3680 ,
1181 3652 1266 3680 lucem
1279 3650 1423 3686 adspexerit
1443 3651 1547 3685 (silius)
1565 3650 1621 3677 Cic.
1637 3659 1687 3684 pro
1701 3651 1724 3677 S.
1742 3651 1816 3678 Rosc.
1832 3652 1891 3677 Am.
1903 3660 1924 3677 c.
1939 3660 1977 3679 22.
2049 3654 2154 3688 Seruis,
2179 3661 2240 3687 pro-

59 3682 175 3703 mor-tem
189 3675 312 3703 seruituti
323 3682 521 3712 anteponamus.
559 3677 634 3704 Idem
646 3680 719 3707 Fam.
735 3689 770 3717 7,
787 3692 828 3716 30.
919 3685 1063 3719 Proprium
1078 3684 1115 3712 est
1133 3696 1162 3721 95
1179 3694 1238 3722 pter
1250 3697 1317 3723 quos
1327 3687 1395 3712 viuit
1409 3685 1481 3712 Idem
1496 3695 1546 3720 pro
1560 3686 1618 3712 Mil.
1644 3695 1665 3712 c.
1686 3695 1722 3713 22.
1743 3688 1761 3713 i.
1783 3695 1884 3720 quorum
1906 3694 1988 3722 opera.
2061 3690 2107 3716 Me
2132 3694 2240 3723 propter

59 3711 190 3748 Eifflapffl'
202 3713 411 3752 lra’lsldtl'fflst'mq
429 3712 454 3740 h·
473 3721 493 3739 θ·
516 3712 561 3753 1311·
573 3713 726 3749 adscribitur
749 3718 822 3746 Idem
836 3729 884 3756 pro
895 3720 1067 3747 Rene-Amet.
1080 3730 1118 3748 21.
1180 3732 1258 3758 quem
1273 3722 1368 3750 caeteri
1382 3721 1460 3748 liberi
1482 3721 1541 3748 sunt
1562 3722 1599 3748 Id.
1616 3721 1686 3748 Fam.
1699 3729 1726 3756 7,
1739 3731 1765 3754 27
1785 3729 1851 3748 extr.
1924 3723 1992 3750 Plin.
2005 3730 2042 3757 35,
2061 3737 2073 3757 4
2095 3726 2112 3751 s.
2126 3734 2151 3751 ro
2178 3723 2239 3748 Pro-

58 3747 142 3782 Aper,
154 3753 199 3775 aut
211 3756 304 3774 ceruus
319 3755 445 3782 proprius
464 3748 569 3776 dommi
601 3750 793 3786 Triphoninus
806 3757 835 3782 in
853 3756 869 3782 l.
886 3755 1118 3783 vfizfruetuarium
1180 3767 1240 3793 pter
1260 3757 1444 3786 Philocharem
1465 3758 1625 3792 (piem-em)
1646 3757 1849 3791 ignobilissimos
1869 3757 1994 3793 alioqui,
2023 3761 2194 3787 Glaucionem
2209 3757 2238 3783 fi-

59 3782 157 3822 venari
170 3783 202 3810 D.
215 3783 248 3810 de
260 3783 388 3811 vsufruet.
430 3784 558 3824 Pompon.
571 3784 601 3811 in
615 3785 631 3812 l.
652 3787 701 3813 Vel
719 3787 856 3819 inutilium
877 3790 1013 3818 D.e0dem
1026 3791 1117 3819 titulo.
1182 3795 1301 3829 liumque
1314 3794 1370 3819 eius
1384 3793 1544 3828 Aristippum
1564 3795 1638 3827 (quos
1653 3792 1692 3818 ille
1702 3793 1818 3828 pinxin.)
1856 3793 1962 3821 Senatus
1977 3796 2142 3830 Populus-que
2160 3794 2237 3819 Rom.

59 3818 171 3853 proptu
185 3819 220 3845 est
245 3828 276 3847 ΕΒ
298 3819 450 3856 praeceptio
469 3819 621 3859 Stffl‘f’nm'
650 3822 708 3850 Cic·
720 3824 773 3851 Off·
785 3834 804 3858 Ι,
820 3837 843 3854 2-
950 3828 1068 3854 varietas
1082 3827 1119 3855 est
1181 3837 1220 3857 tot
1235 3829 1340 3856 saeculis
1360 3829 1465 3863 speetat.
1538 3829 1592 3862 Qu
1609 3835 1718 3863 propter
1738 3835 1848 3854 acumen
1862 3830 2029 3857 occultissima
2042 3828 2167 3864 perspicis
2180 3828 2237 3855 Cic.

58 3854 170 3889 propria
182 3853 313 3882 Fortunae
341 3855 417 3882 Idem
432 3854 465 3882 de
478 3855 572 3883 Dium·
591 3865 615 3889 ²³
640 3865 694 3891 ¹09·
801 3862 944 3898 Proprium
958 3864 1173 3896 Oratorum‚100
1181 3867 1253 3893 Fam.
1269 3875 1291 3898 5,
1305 3873 1343 3897 14.
1416 3865 1526 3898 Propter
1541 3870 1616 3891 titum
1633 3864 1661 3890 in
1683 3873 1724 3890 me
1745 3872 1863 3890 amorem
1885 3864 1958 3892 Idem
1978 3865 2041 3892 ibid·
2063 3873 2081 3897 1,
2102 3873 2122 3892 a.
2195 3865 2238 3891 In-

9 3897 10 3901 ’
55 3889 201 3925 Proprium
213 3885 353 3925 epistolae,
386 3891 411 3918 h.
434 3900 454 3917 e.
475 3891 550 3926 ,Quod
562 3895 668 3920 maxime
686 3899 814 3930 conuenit,
832 3906 856 3925 et
868 3898 993 3934 obseruari
1005 3899 1074 3925 debet
1087 3900 1118 3926 ab
1181 3901 1270 3928 dicere
1281 3898 1369 3926 ventri
1383 3898 1482 3925 bellum
1496 3906 1605 3934 propter
1619 3907 1712 3933 aquam
1734 3899 1803 3927 Hor.
1819 3899 1901 3927 Serm.
1924 3912 1941 3934 1,
1961 3911 1983 3933 ς,
1998 3909 2018 3931 7.
2090 3900 2178 3933 anue
2198 3900 2237 3925 su-

57 3925 177 3954 Oratore,
189 3930 214 3951 et
226 3927 254 3950 in
266 3926 373 3961 epistola.
428 3926 484 3954 Cic.
500 3927 552 3961 Ql-
568 3927 637 3954 Frat.
654 3937 674 3958 t,
687 3937 720 3962 29
733 3939 755 3956 c.
769 3939 794 3963 13
819 3933 889 3961 Illud
904 3933 976 3967 quod
990 3934 1117 3970 epistolae
1181 3937 1265 3971 spicio
1280 3944 1329 3970 pro
1350 3941 1388 3960 ter
1401 3943 1459 3961 eam
1472 3936 1574 3962 causam
1589 3934 1655 3967 fuit,
1674 3934 1746 3968 quod
1756 3955 1763 3965 ‚
1783 3943 1828 3963 etc.
1898 3934 1955 3963 Cic.
1968 3935 1999 3960 de
2010 3934 2079 3960 Clar.
2095 3936 2170 3961 Orat.
2180 3943 2236 3961 teo.

76 3960 210 3995 topi-ium,
223 3965 252 3986 vt
266 3959 298 3993 is,
310 3963 343 3989 ad
355 3972 435 3999 quem
449 3962 584 3994 scribitur,
599 3962 631 3990 de
644 3963 685 3991 his
699 3964 787 3997 rebus,
800 3977 864 4003 quas
881 3970 1003 4004 ignorat,
1017 3970 1117 3997 certior
1181 3972 1316 3999 Habemus
1332 3945 1395 3997 liae<-
1409 3971 1515 4001 omnia:
1554 3970 1687 3997 bonoram
1703 3969 1817 3997 studium
1827 3993 1835 4007 ‚
1855 3978 1963 4006 propter
1981 3969 2094 3995 nostram
2121 3970 2235 3996 causam:

77 4001 111 4024 at.
166 3995 240 4022 Idem
256 3995 287 4021 de
299 3997 373 4025 Orat.
386 4008 409 4032 3,
424 4008 463 4026 112
479 4008 500 4025 c.
510 4007 540 4030 29
559 3999 629 4024 Cum
643 4000 708 4034 quid
723 4001 850 4038 cuiusque
862 4005 892 4032 sit
905 4007 1057 4041 proprium,
1071 4015 1115 4032 ex·
1178 4007 1253 4042 vulgi
1266 4015 1295 4034 ac
1308 4005 1507 4039 multitudinis,
1536 4010 1646 4040 propter
1664 4005 1888 4040 magnificentiam
1910 4013 2049 4037 munerum
2071 4005 2143 4031 Idem
2164 4006 2235 4032 Fam.

54 4031 187 4070 quiritur:
203 4035 238 4093 νε
246 4033 437 4099 grpateldIicIere
448 4034 623 4073 propriumne
637 4034 669 4062 tit
681 4036 814 4073 oratoris,
832 4048 867 4068 an
878 4041 908 4069 id
920 4047 1002 4071 ettam
1016 4041 1115 4078 aliquis
1122 4048 1166 4072 105
1179 4052 1201 4074 2,
1217 4053 1238 4073 ς.
1311 4042 1451 4104 Τίῑοιὸςηι
1475 4048 1586 4078 propter
1603 4040 1797 4070 humanitatem
1814 4049 1841 4070 et
1860 4039 2012 4070 modestiam
2030 4040 2103 4068 malo
2123 4041 2235 4109 sagium,

299 4085 307 4094 ι
396 4088 406 4098 .
1334 4084 1353 4112 2
2172 4084 2234 4103 nam

1025 4120 1034 4130 f
