2517 4231
122 255 205 294 ¹193
517 242 548 288 Ρ
632 242 670 281 Y
752 241 784 281 R
1661 248 1690 287 Ρ
1726 289 1735 315 5
1771 249 1807 289 Y
1890 255 1932 295 T
2219 277 2305 316 ¹¹94

161 337 179 359 r
192 335 338 373 ιῑιῖῦῐε,Α
352 330 384 359 iu.
403 331 424 358 f.
460 331 562 364 Herba,
581 340 642 375 quae
654 338 678 358 ει
693 325 863 373 Cyntigloffa-¹
884 329 1005 365 Apul.de
1013 330 1097 359 Herb.
1105 340 1127 359 c.
1136 333 1180 365 96.
1247 340 1307 359 ron.
1323 341 1345 359 c.
1365 341 1392 374 ιι.
1425 333 1556 362 Exhibuit
1578 340 1605 363 et
1625 336 1780 371 pyrrhichiis
1811 340 1934 375 quasdam
1954 356 1968 372 e
1994 356 2108 377 „umero
2133 351 2307 386 epheborum·

129 394 131 397 ,
159 371 306 398 Ργιζῦο,
324 375 365 394 us.
396 366 414 395 f.
454 367 674 403 Nutrixfiltorum
688 368 794 394 Priatm·
831 366 906 400 Virg.
920 367 985 392 Aen.
1001 377 1024 400 5,
1037 369 1097 401 643.
1246 368 1315 395 Add.
1331 369 1414 396 Solin.
1431 379 1450 397 c.
1467 373 1503 397 16.
1578 373 1657 406 Apul.
1672 374 1737 400 Met.
1753 383 1766 407 ,-
1781 384 1804 410 p.
1821 378 1872 408 163.

158 410 175 431 r
184 409 203 430 γ
212 409 231 430 ιι
240 407 261 429 G
270 408 289 429 0
298 409 312 428 r
322 409 341 430 o
352 408 388 429 Li
399 410 422 430 N
432 410 440 429 1
451 408 469 430 c
480 410 528 431 us.
565 403 700 431 Plautinus
713 399 802 428 Sidon.
817 401 863 436 ΕΡ.
880 411 901 434 ι,
913 410 929 435 9
949 402 1047 440 Militis
1061 403 1179 431 Gloriofi
1283 410 1297 429 v
1310 410 1327 430 γ
1339 412 1356 431 κ
1366 411 1384 432 ιι
1396 412 1416 432 ιι
1429 413 1435 431 ι
1446 411 1464 434 c
1476 412 1495 432 u
1509 414 1531 434 A
1540 413 1558 433 a
1570 414 1577 432 1
1590 415 1608 434 v
1618 415 1647 440 s,
1676 409 1695 435 i.
1727 418 1764 436 m.
1799 411 1979 448 [affluxuris]
2015 418 2125 447 gamm,
2143 423 2307 457 pyrrhichac.

122 437 303 474 Nommtqfflfi
314 445 342 465 ¹¹¹
354 442 464 466 turrium
477 439 621 477 urbiumque
635 436 755 466 vitiorem
767 436 846 464 dicas.
884 439 982 465 Etenim
1247 440 1353 475 Legitur
1382 448 1406 466 ct
1437 450 1503 469 more
1534 446 1638 480 antiquo
1669 445 1861 474 Purrhicharii.
1905 449 1965 476 Via.
1997 451 2100 485 leian.
2131 453 2162 485 l.'
2182 464 2195 489 8
2228 459 2251 497 §.
2285 468 2307 487 u

156 480 172 500 P
182 482 201 501 Υ
211 480 231 504 R
246 479 268 502 G
279 480 298 501 Ο
308 481 331 502 Τ
342 474 384 502 m.
393 482 410 502 Ε
420 482 448 507 s,
468 476 500 503 is.
519 485 554 502 m.
592 473 784 508 [Πυῃστέληι]
822 473 994 501 Gemmarum
1008 473 1125 509 sculptor
1138 483 1179 501 ai·-
1203 477 1218 505 ς
1248 475 1281 501 D.
1302 475 1334 501 de
1347 478 1450 511 poeuis.

121 509 332 542 tificiofiffimus,
351 520 367 538 a
387 520 442 546 quo
461 517 563 538 tantuin
584 507 732 537 Alexander
754 510 910 549 Magnus.se
925 510 954 536 in
967 511 1080 545 gemmis
1093 509 1179 544 sculpi
1284 517 1329 551 ιζΥ
1344 518 1363 538 R
1377 519 1395 539 R
1406 520 1425 540 Η
1437 521 1446 540 ι
1457 510 1504 540 A'c
1515 520 1535 540 Η
1547 519 1590 542 vs
1600 535 1609 548 ,
1631 524 1663 548 a,
1685 525 1739 543 um.
1778 517 1839 544 Adi.
1876 519 2007 555 Adsertor
2043 521 2104 548 Liu.
2118 533 2153 557 3¹,
2167 536 2195 554 η,
2216 531 2307 564 Qum,

120 547 203 582 pamm
215 545 266 578 pst,
287 545 432 583 edie‘koque
444 547 512 575 alios
526 546 620 575 vetuit.
662 544 721 571 Vui.
736 545 803 572 le.
819 554 860 580 37,
874 554 893 572 1.
963 545 1072 608 liar-[tom
1086 552 1112 580 7,
1122 553 1160 581 37.
1246 545 1349 588 legibus
1381 555 1487 576 cautum
1514 550 1592 583 esset,
1608 560 1641 577 nc
1662 550 1695 578 dre
1716 562 1794 587 pace,
1816 553 1939 589 bellone,
1960 556 2008 583 nili
2032 557 2059 583 in
2084 551 2247 592 Panae-{olim
2282 573 2308 593 et

160 588 175 608 i’
185 589 229 609 YR
239 589 260 610 G
270 588 331 616 vs,
357 583 375 610 j,
421 593 457 610 m,
494 583 619 619 [aedpyot]
660 581 755 608 Turris
770 582 862 608 Latin.-
875 581 980 609 dicitur.
1040 589 1077 608 ιιι.
1092 589 1136 617 27,
1150 590 1180 614 32
1246 581 1411 614 Pyrrhiacho
1429 585 1547 612 concilio
1559 594 1690 621 ageretur.
1738 590 1785 615 Sed
1797 589 1863 616 rech·
1878 592 1962 618 editur
1976 592 2049 620 hodtc
2063 594 2176 626 Pylaico.
2255 586 2262 598 '

123 618 232 646 Postero
247 618 278 645 ad
293 618 446 652 castellum,
466 620 580 652 Pyt-gum
593 622 689 643 vocant
702 637 711 650 ,
731 617 821 652 copias
839 616 942 644 eduxit.
1033 617 1117 645 Rutil.
1134 618 1181 644 Iti·
1285 624 1300 644 r
1313 627 1330 645 γ
1341 626 1359 646 R
1370 626 1388 647 R
1399 628 1419 647 Η
1431 628 1440 648 ι
1450 626 1467 648 c
1479 628 1498 647 ιι
1511 628 1590 656 ivs,
1610 622 1628 649 i.
1648 632 1683 650 m.
1722 624 1880 662 [πυρρίχιος]
1919 628 2001 655 Gemit
2012 629 2086 665 pedis
2097 630 2212 663 constans
2228 643 2239 658 e
2251 636 2309 664 dua-

122 663 180 681 ner,
197 662 243 687 223
267 655 399 691 Pyrgique
431 654 565 683 recedunt.
765 650 787 691 fl
809 661 822 679 2
859 654 974 688 Pyrgus,
991 653 1028 680 est
1049 653 1181 690 Vasculum
1206 659 1237 679 ιο
1245 651 1290 680 bus
1304 654 1433 689 breuibus,
1452 663 1481 683 vt
1495 658 1571 684 Deus.
1626 659 1668 686 Sic
1680 659 1763 691 dicius
1777 660 1825 687 α’πδ
1838 663 1881 691 τῆς
1900 665 2016 700 πυρρίχης
2027 686 2035 698 ,
2048 669 2196 701 saltationis
2209 678 2310 704 geum,-

119 692 149 716 in
163 691 307 717 turriculae
314 691 429 728 figuram
441 688 640 724 conformatum,
656 698 686 716 cx
699 697 746 725 quo
759 690 807 716 talu·
819 693 847 715 in
860 691 956 716 alueum
970 691 1178 721 conficiebantur,
1246 691 1287 716 vel
1295 689 1347 730 find
1360 692 1394 717 τῑὶ
1406 693 1530 729 ηυρῤἴχκ,
1549 693 1664 721 Curetum
1679 696 1738 727 deo,
1758 696 1788 723 de
1801 707 1847 733 quo
1861 704 1971 726 memmii
1987 701 2126 738 Paulinum
2136 712 2161 735 3,
2224 705 2310 733 Vtitur

119 735 150 753 ne
156 726 180 760 Ji
193 736 267 753 manu
281 729 437 759 iam-emur,
446 724 528 760 fraus
542 734 558 752 a
570 724 696 762 lusoribus
715 724 901 752 admitteretur.
973 727 1061 762 Itaque
1077 726 1179 753 Turri-
1245 725 1380 758 Qiinoiil.
1396 736 1422 760 9,
1437 738 1465 761 4.
1561 730 1591 755 Et
1605 729 1696 758 Sidon.
1713 732 1792 766 Epist.
1806 743 1834 766 4,
1846 742 1865 765 3.

119 762 206 793 culam
219 764 328 798 appellat
341 759 456 790 Mai-rial.
471 763 499 787 in
514 762 626 788 lemmate
640 771 680 796 14,
694 765 732 788 16.
767 762 860 788 Latino
873 764 987 794 nomine,
1005 761 1072 798 quod
1086 762 1181 789 Graeco
1283 769 1298 789 P
1312 768 1330 788 Υ
1341 768 1360 788 R
1372 768 1389 788 R
1399 770 1419 789 Η
1429 770 1464 796 o,
1482 763 1551 791 onis.
1572 773 1607 790 m.
1644 766 1780 804 [Πύρρων]
1819 771 1913 795 Nomen
1931 771 2090 808 Philosophi,
2110 784 2126 800 a
2139 783 2186 810 qm,
2201 774 2311 812 Philoffi,

119 798 207 839 πύργος
221 799 283 835 fere
301 798 436 833 acqualiter
454 796 602 833 respondet,
637 796 752 830 Qiaerit
765 796 924 831 compositos
947 807 1040 825 manus
1054 797 1179 833 improba
1239 797 1290 833 phi
1309 803 1324 823 Ρ
1336 803 1354 824 Υ
1367 804 1445 825 RRH
1457 806 1542 826 ΟΝΙΙ
1571 799 1654 833 disti,
1673 812 1733 837 quos
1759 806 1852 831 Graeco
1877 815 2036 842 cognomento
2059 809 2202 842 onim-mis,
2225 811 2254 838 id
2277 810 2312 846 est

120 840 228 862 mittere
245 834 309 863 talos
323 844 330 860 :
364 832 392 859 Si
408 841 455 868 per
469 842 512 860 me
526 832 612 864 misit,
632 832 671 859 nil
686 832 735 859 nili
749 839 813 860 vota
827 833 902 860 facit.
1010 834 1079 861 Hor.
1094 834 1178 861 Serui.
1198 841 1225 869 ις
1244 832 1437 873 cmzsideratores
1452 835 1587 876 appellant.
1627 838 1704 865 Nihil
1716 843 1780 865 enim
1793 840 1927 868 decernunt
1937 863 1945 875 ‚
1960 843 2009 880 sed
2025 848 2051 870 i'n
2067 847 2205 881 quaere-udo
2213 847 2312 884 semper

119 879 147 903 2,
159 877 185 906 7,
200 878 229 904 17
261 883 307 890 —-
344 869 400 902 Qi
413 877 464 904 pro
478 869 504 896 se
518 868 642 902 tolleret,
662 874 744 904 atque
786 869 908 896 Mitteret
923 868 953 896 in
965 878 1077 905 pyrgum
1100 870 1177 897 talos.
1243 869 1464 906 considerandoque
1471 876 1500 908 Je
1517 870 1560 905 iffi
1571 872 1670 901 dicunt.
1743 877 1822 902 Locus
1835 877 1949 913 clafficus
1962 880 2031 906 Gell.
2049 889 2082 914 ii,
2095 889 2118 915 ς.
2159 883 2228 910 Ada.
2250 883 2311 912 Cic.

117 906 168 935 Sed
179 905 300 941 phimum
313 904 349 930 ibi
362 905 483 932 meliores.
592 903 675 932 Vetus
689 905 857 940 Epigramma
870 904 963 932 editum
979 915 996 932 a
1008 905 1124 940 Salmafio
1143 905 1179 933 ad
1245 905 1278 933 dc
1292 906 1368 932 Orat.
1383 915 1413 939 3,
1427 914 1465 943 17.

117 941 224 976 Vopisci
248 940 352 967 Procul.
365 950 390 976 p.
406 949 463 976 744
481 940 563 969 Hack.
609 941 640 967 In
654 947 728 976 parte
741 940 840 968 alueoli
855 949 952 976 pyrgus
966 941 1042 968 velut
1057 950 1123 969 vrna
1137 951 1177 969 re·
1282 949 1297 968 Ρ
1308 948 1353 968 YR
1367 948 1385 968 R
1399 948 1420 968 Η
1431 949 1477 970 OC
1489 947 1509 969 Ο
1520 949 1538 970 R
1550 950 1572 970 A
1582 950 1600 970 x
1610 964 1619 978 ‚
1639 944 1704 972 Auis
1741 947 1856 974 rostrum
1885 948 1985 977 habens
2007 950 2108 979 luteum
2118 973 2126 987 ,
2148 953 2176 980 in
2196 954 2310 991 Alpibus

114 977 199 1009 sedit,
235 977 290 1010 Qu
304 978 391 1004 vomit
406 977 519 1004 internis
538 976 669 1006 tefferinlas
683 975 808 1012 gradibus
822 983 869 1003 etc.
975 978 1096 1005 Imitatus
1108 978 1177 1005 vide.
1243 977 1378 1013 frequens.
1417 979 1484 1005 Plin.
1501 988 1538 1011 10,
1553 985 1595 1012 48.
1633 982 1666 1007 al.
1688 983 1847 1014 Pyrocorax.

115 1020 159 1040 tur
171 1013 237 1040 illud
255 1013 352 1041 Aulon.
366 1013 510 1040 Professor.
528 1022 549 1046 1,
564 1022 576 1040 2
625 1013 741 1040 Alternis
761 1012 868 1040 vicibus
893 1021 962 1048 quae
985 1013 1177 1050 praecipitante
1190 1020 1226 1040 20
1280 1020 1296 1041 P
1306 1021 1324 1041 Y
1333 1021 1352 1041 R
1363 1020 1382 1040 R
1396 1020 1416 1040 Η
1427 1020 1446 1041 ο
1459 1021 1474 1041 ι’
1485 1022 1504 1042 0
1513 1022 1530 1042 Ε
1541 1022 1558 1043 c
1571 1022 1579 1041 1
1591 1023 1606 1042 L
1616 1023 1636 1042 v
1649 1023 1662 1042 s
1673 1037 1681 1050 ‚
1704 1018 1723 1044 i.
1744 1027 1779 1045 m.
1817 1020 2032 1056 [πυῤῥοποίκιλοι]
2071 1025 2210 1052 Marmoris
2223 1035 2311 1063 genus,

114 1054 204 1078 rotatu
219 1048 344 1076 Fundunt
357 1048 434 1076 excisi
448 1058 496 1084 per
510 1021 657 1076 caua-buxa
670 1048 776 1084 gradus.
822 1049 881 1076 Vici.
895 1051 991 1086 reliqua
999 1050 1048 1086 suh
1061 1050 1176 1086 Scripto-
1242 1049 1309 1085 quod
1319 1057 1343 1077 et
1356 1060 1371 1077 a
1393 1051 1469 1088 Syene
1487 1051 1625 1078 Thebaidis
1638 1054 1713 1086 vrbe,
1740 1057 1810 1082 circa
1823 1065 1895 1091 quam
1908 1057 2075 1091 ‹ffodi'ebatnr
2083 1060 2234 1095 Syenmwm
2246 1062 2311 1090 dicc-

114 1094 175 1113 rmu
189 1083 242 1111 XII
256 1085 337 1112 lusus.
455 1085 547 1112 Sidon.
563 1085 651 1120 Apoll.
665 1085 746 1120 Epist.
759 1093 783 1119 ς,
799 1093 828 1120 ι7
854 1085 946 1112 Altera
961 1095 993 1112 ex
1008 1091 1082 1121 parte
1094 1086 1178 1114 frater
1241 1088 1316 1113 batur
1327 1096 1335 1111 .·
1366 1085 1422 1121 siue
1435 1088 1499 1122 lapis
1517 1089 1637 1122 syenites.
1675 1089 1742 1117 Plin.
1758 1093 1799 1124 36,
1813 1097 1826 1121 Β
1843 1099 1867 1118 et
1880 1100 1922 1118 22.
1960 1096 1994 1120 al.
2010 1095 2206 1131 Pyropoecilus.

113 1129 188 1149 meus
216 1120 375 1148 Domnicius
411 1135 464 1143 -.
492 1122 596 1148 teiseras
621 1127 740 1157 ceperat,
755 1120 947 1156 quatiebatque
966 1121 1039 1157 (stne
1058 1122 1130 1152 dubio
1147 1125 1176 1150 in
1278 1129 1294 1149 P
1304 1129 1408 1149 YRRH
1418 1129 1440 1149 V
1451 1130 1463 1150 s
1474 1143 1483 1156 ‚
1507 1124 1526 1150 i.
1545 1132 1580 1150 m.
1617 1125 1749 1161 [Πυρρᾰς]
1787 1137 1802 1152 α
1820 1127 1880 1164 rufo
1888 1129 1915 1164 J}
1930 1133 2002 1165 igneo
2010 1134 2120 1166 pilorum
2134 1136 2213 1161 colore
2226 1132 2310 1161 diHus

105 1157 234 1195 fritillo)
248 1166 303 1192 quo
316 1156 390 1184 velut
402 1156 503 1184 classico
518 1156 549 1184 ad
564 1166 678 1192 pyrgum
691 1157 806 1184 vocabat
819 1157 957 1185 aleatores.
1236 1161 1349 1193 primum
1355 1157 1431 1194 filius
1443 1159 1569 1200 Achillis,
1589 1163 1633 1196 qui
1644 1162 1711 1188 alias
1726 1164 1900 1198 Neoptolemus
1914 1167 2051 1194 vocabatur
2064 1178 2074 1197 ,·
2109 1169 2224 1196 conditor
2238 1179 2264 1196 re
2282 1175 2310 1197 ni

148 1199 164 1219 Ρ
173 1201 192 1220 γ
201 1199 220 1220 R
229 1200 250 1220 ι-ι
262 1198 282 1219 ο
293 1199 307 1218 P
318 1199 338 1219 o
347 1200 364 1220 ιε
375 1198 393 1220 c
406 1199 415 1218 1
427 1198 445 1219 ι.
459 1198 479 1219 o
491 1195 523 1226 ε’,
542 1193 597 1220 vid.
619 1200 635 1220 P
647 1200 666 1220 Y
679 1199 699 1220 R
711 1199 731 1220 R
742 1199 765 1219 Η
777 1199 797 1220 0
813 1200 828 1220 P
840 1200 911 1222 ore
920 1201 929 1220 1
939 1201 956 1221 L
965 1200 1019 1222 vs.
1184 1200 1216 1228 ις
1243 1195 1378 1230 Epirotici.
1420 1194 1479 1222 Vici.
1494 1195 1587 1222 lustin.
1603 1203 1641 1231 17,
1656 1205 1679 1230 3-
1753 1198 1836 1226 Ouid.
1851 1200 1930 1234 Epist.
1945 1207 1967 1233 8,
1980 1210 1992 1234 3
2024 1203 2139 1237 Pyrrhus
2156 1180 2311 1238 Achillitfes,

148 1234 192 1255 ΡΥ
204 1234 222 1255 R
235 1226 317 1256 1581
328 1236 359 1262 s,
389 1230 421 1256 is.
450 1228 474 1255 f.
510 1230 657 1266 [nvfn'uoas]
692 1230 773 1266 Lapis
781 1229 918 1266 pretiosus.
955 1229 1023 1258 Plin.
1037 1237 1088 1266 37,
1108 1239 1140 1261 li.
1152 1230 1178 1268 s
1243 1230 1378 1257 animosus
1394 1231 1511 1265 imagine
1527 1231 1619 1271 patrie.
1818 1232 1840 1273 ᾖ
1871 1244 1888 1262 2
1925 1238 1963 1263 Ex
1976 1239 2049 1265 huius
2058 1238 2206 1275 posteritate
2226 1246 2310 1269 oriun-

102 1267 195 1302 potius
212 1265 318 1298 Pyritis.
1243 1266 1291 1293 dus
1314 1266 1355 1293 ille
1379 1267 1472 1295 nobilis
1493 1268 1584 1301 hostis
1594 1268 1777 1301 Romanorum,
1806 1273 1876 1298 cuius
1901 1280 1942 1298 res
1964 1275 2051 1301 itidem
2075 1277 2183 1304 breuiter
2206 1286 2311 1305 enarrat

145 1306 284 1332 PYR10‚
322 1303 375 1328 arc.
413 1301 528 1337 ακυριᾷν
540 1320 549 1334 ,
572 1299 726 1337 Calefacert.
762 1301 869 1329 Petron.
891 1302 996 1337 Fragin.
1008 1311 1030 1330 c.
1043 1309 1084 1338 73.
1120 1301 1177 1331 vid.
1243 1302 1334 1330 lustin.
1349 1310 1388 1338 17,
1402 1312 1426 1336 3·
1488 1310 1512 1330 et
1533 1308 1570 1337 18,
1589 1312 1600 1330 1
1608 1303 1652 1340 sq.
1769 1306 1855 1334 Ferox
1883 1307 1984 1336 Lucan.
2001 1319 2021 1343 1,
2034 1320 2073 1343 30·
2181 1314 2311 1342 Immanis

107 1336 206 1373 Rcines.
220 1336 247 1364 h.
260 1338 279 1364 1.
1242 1339 1338 1366 quen.
1352 1339 1403 1368 Sat.
1418 1348 1462 1373 14,
1476 1342 1531 1366 162.

145 1379 161 1400 P
170 1379 189 1398 Υ
200 1379 218 1399 R
230 1380 241 1400 1
250 1379 264 1399 P
274 1379 296 1400 H
306 1378 322 1399 L
332 1369 350 1399 ἑ
358 1379 380 1401 G
389 1369 438 1400 ἕΤ
448 1379 469 1399 Η
479 1379 499 1400 0
507 1380 531 1399 N
539 1392 548 1405 ,
566 1372 647 1400 ontis.
675 1381 711 1400 m.
746 1373 963 1411 [Πυριφλεγέθον]
1002 1375 1107 1402 Flauius
1119 1377 1177 1413 igne
1186 1381 1217 1405 30
1278 1381 1293 1401 Ρ
1303 1374 1328 1402 Υ“
1339 1381 1359 1402 R
1372 1381 1392 1402 V
1404 1383 1417 1403 s
1426 1395 1433 1406 ,
1454 1376 1473 1402 i.
1513 1375 1534 1402 f.
1571 1374 1680 1410 [ἄπιος]
1716 1374 1813 1404 reHiut
1833 1385 1849 1405 Ρ
1859 1385 1869 1405 1
1877 1385 1895 1406 R
1906 1385 1926 1405 v
1936 1386 1949 1406 s
1957 1398 1967 1412 ‚
1991 1391 2035 1408 nec
2056 1386 2120 1409 enim
2135 1384 2254 1412 Graecum
2267 1395 2310 1413 no-

110 1407 204 1436 ardens
216 1409 284 1444 apud
293 1408 405 1446 histros.
441 1410 522 1436 Mart.
533 1408 636 1443 Capell.
650 1417 679 1442 2,
693 1418 740 1443 40.
812 1424 815 1427 -
1241 1420 1294 1438 men
1314 1409 1348 1444 esl
1359 1422 1367 1437 :
1408 1411 1467 1439 Vid.
1491 1410 1556 1446 Voffi
1572 1413 1652 1447 Etym.
1663 1420 1694 1448 p.
1703 1421 1758 1454 393.
1795 1415 1880 1442 Arbor
1894 1423 1963 1443 nota.
2037 1419 2219 1455 Virg.Gcoi·g.
2228 1430 2310 1456 4,143

150 1451 166 1472 Ρ
178 1451 225 1472 YR
237 1444 343 1477 i'TES,
381 1454 421 1473 ae.
464 1454 500 1472 iu.
538 1446 673 1481 [πυρίτης]
710 1446 803 1482 Lapis,
814 1445 855 1481 fic
874 1443 959 1473 difius
977 1446 1045 1483 quod
1048 1447 1177 1483 plurimus
1241 1447 1414 1482 Eduramque
1429 1448 1537 1483 pirum,
1552 1454 1579 1476 et
1599 1448 1692 1482 Spinos
1707 1457 1759 1476 iam
1776 1459 1859 1483 pruna
1875 1451 1999 1480 ferentes.
2103 1456 2223 1484 inserere
2234 1459 2308 1493 piros

107 1480 149 1507 illi
161 1483 232 1517 ignis
236 1479 276 1515 stt
289 1493 297 1507 :
333 1481 399 1509 unde
411 1481 479 1509 hunc
493 1489 539 1508 nos
555 1484 694 1518 igniarium
707 1491 834 1509 vocamus.
872 1482 982 1518 Quidam
995 1486 1071 1510 etiam
1084 1484 1176 1510 viuum
1243 1484 1317 1512 Idem
1332 1484 1422 1519 Eclog.
1439 1494 1460 1518 1,
1473 1492 1519 1520 74.
1615 1484 1677 1511 Flos
1691 1485 1745 1520 piri
1767 1487 1842 1522 Vix-g.
1858 1487 1957 1523 Georg.
1971 1498 1998 1523 2,
2013 1497 2056 1525 72.

106 1523 199 1543 vocant
208 1537 214 1548 ,
231 1520 277 1553 qui
291 1518 377 1551 clauo,
398 1519 439 1544 vel
452 1519 531 1545 altero
539 1516 667 1553 percuffias
680 1517 778 1554 lapide,
796 1518 930 1555 scintillas
945 1519 1007 1546 edit.
1052 1519 1120 1546 Plin.
1134 1521 1176 1553 36,
1277 1526 1292 1546 P
1302 1527 1320 1546 Y
1334 1526 1354 1547 R
1365 1527 1385 1547 V
1395 1527 1438 1554 M,
1457 1523 1544 1558 melius
1565 1526 1580 1547 P
1589 1527 1599 1547 1
1609 1528 1628 1548 R
1638 1527 1693 1549 VM
1703 1541 1712 1554 ,
1729 1521 1749 1548 i.
1774 1531 1800 1548 ιι.
1838 1523 1925 1558 [δίκην
1932 1534 1945 1559 j
1984 1526 2092 1553 FruHus
2101 1546 2109 1559 ,
2129 1527 2159 1555 de
2171 1538 2219 1565 quo
2231 1531 2310 1557 mulia

107 1559 189 1588 19pr.
211 1553 346 1581 Molarem
367 1553 477 1590 quidam
495 1553 604 1586 Pyriten
625 1560 740 1587 vocant,
759 1555 890 1590 quoniam
914 1554 945 1582 fit
958 1555 1090 1590 plurimus
1106 1556 1213 1591 igni535
1241 1557 1310 1592 apud
1322 1556 1389 1583 Plin.
1405 1565 1441 1590 13,
1456 1565 1489 1590 ις.
1597 1558 1770 1585 Autumnalia
1785 1559 1860 1594 pira,
1881 1563 1934 1587 uia.
1957 1568 2158 1591 AVTVMNVS.
2257 1566 2309 1593 Cu-

106 1588 159 1615 illi.
198 1589 247 1616 Sed
262 1589 298 1616 est
311 1589 378 1616 alius
393 1590 540 1617 etiamnum
561 1590 680 1623 pyrites,
700 1590 877 1618 similitudine
898 1592 974 1620 aeris.
1037 1593 1068 1619 In
1084 1593 1175 1627 Cypro
1242 1592 1396 1626 curbitina,
1413 1593 1470 1620 vid.
1491 1599 1655 1621 CVCVRBIT
1663 1601 1696 1621 A.
1803 1595 1973 1631 Decumana,
1994 1598 2046 1625 vid.
2076 1600 2259 1635 Dec-uniamus,
2279 1605 2307 1629 in

107 1633 169 1652 eum
202 1626 319 1661 reperiri
345 1626 458 1659 volunt,
479 1632 505 1653 et
528 1626 556 1653 in
577 1626 694 1653 metallis
860 1628 1012 1661 Pyritarum
1026 1629 1175 1656 etiamnum
1241 1636 1358 1657 DECEM.
1469 1628 1591 1656 Librali'a
1628 1629 1697 1656 Plin.
1718 1638 1760 1664 ις,
1781 1639 1804 1658 ιι
1824 1631 1954 1668 adfinem.
2064 1636 2227 1669 Mammnffi‚
2258 1637 2308 1665 Md,

105 1660 193 1696 aliqui
207 1671 288 1697 genus
301 1671 384 1689 vnum
398 1662 519 1695 faciunt,
539 1662 686 1697 plurimum
700 1662 800 1690 habens
811 1664 893 1698 ignis,
913 1673 980 1699 quos
993 1665 1073 1692 viuos
1087 1665 1175 1700 appel·
1240 1672 1381 1692 ΜΑΜΜΑ.
1491 1664 1650 1698 Onychina,
1669 1666 1723 1692 vid.
1745 1667 1918 1702 Onychinus,
1937 1673 1965 1696 in
1982 1675 2082 1698 ONYx.
2162 1674 2310 1708 Ordeacca,

107 1696 208 1730 lamus,
227 1703 253 1725 et
267 1698 476 1733 ponderolifl'imi
490 1699 558 1726 sunt.
613 1699 651 1726 Hi
664 1699 882 1734 exploratoribus
897 1700 1043 1728 castrorum
1056 1702 1174 1729 maxime
1239 1700 1296 1728 vid.
1318 1708 1360 1729 oR
1368 1707 1469 1728 DEVM.
1583 1701 1694 1729 Infitiua
1725 1702 1867 1738 decerpens
1899 1705 1956 1739 pira
1991 1706 2061 1733 Hor.
2098 1708 2181 1742 Epod.
2215 1718 2241 1741 2,
2271 1720 2308 1743 19.

106 1734 256 1768 necessarii,
276 1735 324 1770 qui
337 1735 414 1762 clauo
429 1736 473 1762 vel
489 1735 575 1762 altero
589 1734 677 1769 lapide
694 1736 820 1771 pereuni,
836 1736 962 1763 scintillas
975 1737 1070 1764 edunt:
1107 1747 1221 1773 quae40
1241 1738 1355 1772 Segnina
1369 1739 1426 1771 pira
1443 1736 1566 1763 Scribon.
1577 1745 1636 1770 104.
1709 1738 1893 1773 Ollarepolita
1909 1741 1968 1773 pira
1989 1749 2046 1773 104.
2152 1745 2227 1770 Vesci
2243 1746 2310 1779 piris

106 1776 233 1804 exceptae
248 1771 409 1806 sulphuratis
422 1778 467 1799 aut
480 1770 570 1806 fungis
586 1771 670 1798 aridis
684 1771 726 1799 vel
740 1771 833 1804 foliis,
851 1772 927 1798 dioto
949 1773 1063 1798 celerius
1084 1773 1174 1806 ignem
1240 1775 1313 1799 Hor.
1327 1773 1443 1810 Epist-,h
1455 1779 1482 1804 7,
1498 1779 1537 1811 {4-
1739 1771 1760 1808 ἦ
1782 1781 1799 1798 2
1835 1774 1931 1805 Pyrum
1948 1777 2024 1811 vulgo
2037 1777 2207 1813 appellabatur
2220 1782 2311 1816 Locus,

104 1806 244 1841 praebent.
288 1807 346 1834 Vid.
365 1808 475 1839 Turneb.
489 1808 596 1843 Aducrs
608 1811 633 1839 6,
647 1817 673 1842 9.
708 1814 734 1834 et
752 1809 812 1832 Viri
824 1806 896 1832 άοέἶι·
907 1807 943 1831 ad
959 1807 1034 1832 Grat.
1051 1815 1118 1839 404.
1239 1807 1283 1833 vbi
1297 1807 1434 1834 Martialis
1448 1805 1597 1839 habitabat,
1618 1811 1648 1832 vt
1661 1806 1714 1842 ''Pfi’
1731 1807 1846 1841 indicat,
1863 1820 1884 1842 1,
1897 1818 1974 1844 118‚5

145 1848 162 1868 p
173 1841 248 1871 YRd
257 1849 273 1870 Β
282 1842 328 1871 0⁹L
339 1849 361 1868 v
370 1851 394 1876 ς,
405 1844 424 1871 i,
442 1853 479 1871 m,
515 1842 682 1877 [πρόβολος]
724 1841 811 1867 Telum
825 1839 936 1874 ardens,
954 1840 1021 1876 quod
1032 1850 1087 1868 cum
1095 1841 1175 1878 flam·
1439 1841 1505 1868 Non
1521 1841 1558 1867 est
1571 1841 1644 1876 quod
1658 1850 1770 1882 puerum
1779 1863 1788 1876 ,
1810 1844 1933 1879 luperce,
1952 1855 2045 1873 vexes:

104 1886 146 1904 ma
157 1882 292 1905 emittitur.
330 1879 460 1905 Plutarch.
474 1882 502 1904 in
515 1880 606 1903 Dione.
1439 1877 1563 1916 Longum
1574 1877 1610 1902 est
1619 1877 1666 1916 ’.fi
1682 1877 1749 1917 velit
1764 1879 1796 1905 ad
1812 1881 1908 1912 Pyrum
1923 1883 2031 1910 venire:

142 1918 159 1938 Ρ
173 1919 193 1938 Υ
203 1919 223 1938 R
234 1919 254 1939 ο
265 1920 282 1940 Β
291 1919 367 1940 OLA
377 1919 397 1939 R
407 1920 417 1938 1
427 1919 450 1938 v
459 1919 473 1939 S
484 1932 493 1944 ‚
515 1911 534 1938 i.
555 1920 591 1937 ιιι.
631 1911 761 1938 Iaculator
773 1911 961 1946 pyrobolorum.
998 1913 1042 1938 Ita
1055 1913 1216 1943 Boron-11:143
1441 1912 1472 1938 Et
1489 1911 1563 1938 scalis
1578 1912 1674 1939 habito
1687 1914 1774 1940 tribus
1794 1915 1842 1942 sub
1855 1917 1925 1943 altis.

101 1946 139 1975 ad
158 1947 236 1983 Apul.
259 1949 325 1975 Met.
343 1956 374 1981 4,
386 1957 438 1981 459
462 1947 591 1984 legandum
604 1947 685 1983 censet
700 1947 768 1982 apud
782 1946 930 1973 Fit-micum
944 1947 1056 1973 Mathes.
1069 1953 1083 1987 g
1106 1948 1173 1975 Nati
1277 1952 1296 1973 r
1307 1952 1326 1973 Y
1335 1953 1355 1973 R
1364 1954 1387 1975 A
1399 1953 1420 1974 Τ
1432 1954 1443 1974 ι
1454 1953 1471 1975 c
1484 1954 1504 1974 v
1513 1954 1538 1975 Μ
1548 1967 1557 1981 ,
1568 1948 1594 1985 s.
1614 1954 1630 1974 1³
1642 1955 1661 1975 Y
1672 1956 1752 1977 RAT
1760 1958 1782 1978 v
1791 1957 1815 1978 Μ
1826 1971 1835 1985 ,
1870 1953 1925 1980 vid.
1937 1954 2020 1991 supra
2032 1955 2146 1993 Iocofim.

104 1983 154 2010 sub
183 1983 267 2010 fidere
299 1983 459 2016 Caniculae,
482 1989 562 2010 erunt
582 1989 725 2010 venatores
737 2003 745 2015 ,
764 1983 882 2010 arenarii
891 2002 900 2015 ‚
921 1982 1101 2018 pyrobolarii.
1137 1985 1172 2011 al.

104 2018 278 2051 Parabolarii.
1630 2023 1653 2054 P
1759 2024 1787 2057 Y
1891 2027 1912 2060 S

141 2060 158 2080 Ρ
169 2061 188 2080 Υ
200 2061 219 2081 R
229 2061 249 2081 0
258 2059 275 2081 c
285 2051 304 2080 (3
314 2060 363 2081 RA
374 2061 393 2081 x
402 2074 413 2087 ‚
428 2053 489 2081 ficis.
518 2054 538 2080 f.
577 2053 750 2089 [πυροκόραξ]
787 2053 853 2080 Auis
866 2053 940 2081 luteo
960 2054 1065 2089 rostro,
1085 2056 1172 2092 nigra.

104 2090 208 2125 Alpium
221 2091 303 2117 incola
319 2090 386 2117 Plin.
402 2099 441 2123 10,
456 2096 485 2122 48
499 2090 518 2117 s.
534 2095 574 2120 58.
612 2090 661 2116 Sed
668 2091 748 2116 Hard.
764 2090 867 2122 Pyrrho
881 2099 971 2118 corax.
1180 2101 1214 2127 50
1273 2097 1290 2118 P
1302 2097 1322 2117 Y
1332 2098 1345 2118 s
1355 2098 1380 2118 M
1390 2098 1412 2119 A
1422 2109 1430 2122 ‚
1450 2092 1508 2124 atis.
1536 2102 1563 2120 n.
1601 2093 1729 2130 [πύσμα]
1767 2097 1939 2134 Interrogatio
1958 2099 1993 2129 ad
2008 2108 2084 2137 quam
2105 2103 2183 2129 vnica
2204 2108 2303 2132 tantum

87 2134 94 2139 ·
142 2132 212 2152 PYR
222 2127 242 2153 6
252 2133 270 2152 n
280 2132 319 2153 Es
329 2145 336 2156 ,
371 2135 410 2153 ae.
448 2135 484 2153 m.
522 2123 666 2166 [melheim]
704 2127 799 2166 Lapis,
814 2129 858 2161 qui
870 2132 894 2152 et
927 2127 1029 2159 Pyrites
1065 2127 1172 2155 dicitur.
1235 2136 1294 2154 voce
1306 2127 1499 2165 respondendum
1512 2128 1555 2163 <st-
1592 2130 1719 2158 Martian.
1733 2127 1797 2167 Cap.
1810 2143 1824 2164 5
1836 2143 1861 2168 p.
1876 2143 1925 2170 ¹7¹·

103 2158 126 2198 ff
145 2170 158 2188 2
197 2162 255 2189 Fuit
269 2169 292 2188 et
307 2163 401 2189 Cilicis
415 2161 487 2189 filius
503 2164 553 2188 hoc
567 2171 692 2195 nomine,
713 2171 760 2196 qui
775 2163 878 2203 primus
898 2171 931 2189 ex
944 2162 1017 2190 silice
1036 2164 1165 2193 excuffiss'e
1254 2191 1258 2201 ,

101 2206 201 2260 {gpneni'
227 2198 341 2261 ‘ibfflur’
367 2198 597 2235 quemadmodum
631 2199 764 2256 aiseruall}
797 2207 827 2225 in
840 2199 957 2253 ‚tlvfeffula
978 2200 1172 2229 Prometheus.
1383 2245 1387 2251 ἱ
1414 2241 1418 2247 ¹
1434 2224 1438 2230 .
1457 2243 1461 2248 .
1620 2204 1643 2236 P
1754 2205 1782 2238 Y
1889 2208 1924 2241 T

138 2252 211 2296 ryiz'
216 2251 295 2303 o³1⁰s‚
306 2269 333 2307 s.
355 2277 371 2297 ι»
383 2276 459 2297 vno
469 2277 545 2303 ms,
566 2269 644 2297 entis.
674 2279 711 2297 m.
748 2269 864 2304 Trisyll.
898 2271 1036 2308 [nuptus]
1074 2275 1208 2312 Nomeng
1272 2278 1288 2298 r
1299 2278 1320 2299 Y
1330 2272 1475 2302 ‘ri—{AGO'
1486 2281 1504 2301 R
1515 2263 1560 2302 A's
1575 2294 1583 2305 ‚
1622 2283 1662 2302 ae.
1701 2285 1736 2303 m.
1772 2277 1960 2314 [Πυθαγόρας]
1995 2280 2096 2308 Samius
2116 2281 2301 2319 Philosophus,

99 2308 176 2332 vitius
187 2316 216 2334 ex
231 2310 300 2342 equis
312 2307 388 2339 Solis,
404 2306 472 2342 quast
487 2306 592 2339 ardens,
612 2306 793 2369 nam-giithuor
806 2306 850 2340 iste
857 2308 1040 2344 perhibentur:
1076 2311 1172 2343 Pyrois
1235 2317 1310 2343 patre
1332 2309 1478 2338 Demarato
1492 2310 1628 2346 locuplete
1647 2321 1677 2339 ac
1695 2314 1882 2348 negotiatore,
1900 2317 1926 2342 in
1941 2318 2089 2351 Aegyptum
2104 2319 2194 2352 primo
2205 2340 2213 2352 ‚
2234 2330 2298 2348 mox

93 2341 213 2378 scilicet,
227 2342 349 2375 Aethon,
369 2342 504 2377 Phlegon,
524 2343 603 2369 Eous.
705 2342 761 2370 uid.
778 2344 844 2370 Met.
859 2353 882 2376 2,
898 2353 937 2378 153
973 2346 1079 2374 Interea
1092 2347 1170 2374 volu.
1234 2344 1430 2379 Babyloniam,
1450 2347 1569 2374 discendi
1585 2349 1674 2375 cursus
1687 2348 1801 2376 siderum
1815 2352 1899 2385 gratia
1913 2353 2048 2386 profeeius
2063 2354 2108 2380 est.
2181 2355 2246 2382 Inde
2260 2366 2301 2383 re-

99 2387 156 2404 cres
189 2379 297 2411 Pyrois,
317 2385 344 2405 et
367 2379 451 2411 Eous,
471 2386 497 2405 et
519 2379 653 2412 Aethon,
665 2378 734 2405 Solis
755 2380 835 2414 equi,
856 2387 1020 2417 quartusque
1039 2383 1168 2418 Phlegon.
1234 2382 1346 2415 grefl'us,
1368 2381 1397 2408 in
1412 2383 1521 2411 Cretam
1534 2393 1563 2410 ac
1577 2384 1804 2412 Lacedaemonem
1820 2390 1960 2422 peruenit,
1981 2396 2009 2416 vt
2025 2390 2141 2424 Lycurgi
2155 2398 2181 2418 ct
2196 2393 2299 2420 Minoia

97 2414 159 2440 Val.
172 2414 257 2441 Flacc.
272 2423 295 2448 ς,
304 2423 353 2449 432
373 2416 403 2442 Et
418 2414 621 2445 formidantem.
627 2414 728 2450 patrios
744 2415 876 2448 Pyroenta
888 2416 1006 2445 dolores.
1115 2417 1137 2456 fl
1153 2429 1169 2446 2
1233 2417 1346 2450 inclytas
1359 2427 1388 2445 ea
1402 2419 1556 2455 tempestate
1569 2420 1640 2455 leges
1654 2422 1815 2455 agnosceret.
1888 2424 1992 2451 Deinde
2006 2425 2034 2452 in
2048 2427 2153 2453 ltaliam
2166 2429 2300 2456 transmit-

96 2450 276 2485 Martisfidm·
293 2450 329 2485 fic
342 2452 497 2487 appellatur,
523 2451 553 2478 ab
568 2454 640 2488 igneo
650 2452 742 2481 colore.
813 2451 952 2484 Columel.
967 2462 1006 2486 10,
1021 2462 1071 2487 ²90
1109 2456 1168 2483 Nec
1176 2461 1212 2487 60
1233 2461 1308 2486 tem,
1331 2454 1450 2481 Crotone
1464 2456 1600 2490 consedit,
1620 2456 1668 2484 vbi
1681 2458 1797 2493 Populos
1812 2460 1922 2487 assuetos
1937 2461 2071 2494 luxuriae,
2092 2462 2252 2491 auctoritate
2266 2474 2297 2493 ae

95 2486 183 2513 Sirius
213 2487 292 2514 ardor
326 2487 369 2514 Sic
394 2487 491 2521 micat,
513 2493 559 2514 aut
585 2487 685 2514 rutilus
711 2486 820 2520 Pyrois,-
839 2494 885 2516 aut
906 2498 956 2516 ore
976 2491 1103 2523 corusco,
1121 2498 1168 2518 etc.
1235 2488 1376 2523 doctrina,
1394 2490 1426 2517 ad
1447 2492 1579 2527 frugalem
1599 2493 1702 2521 cultum
1714 2496 1862 2522 reuocauit.
1935 2497 2096 2531 Pythagoras
2110 2498 2200 2534 itaque
2214 2509 2298 2535 quum

95 2522 153 2550 Cic.
168 2522 200 2549 de
215 2523 279 2550 Nat.
294 2523 375 2550 Deor.
388 2532 414 2556 2,
429 2531 462 2557 54
500 2523 692 2563 Stellae310uis
714 2523 880 2562 proximuin'
893 2524 1054 2553 inferiorem
1072 2527 1168 2554 orbem
1234 2526 1334 2563 inultos
1353 2535 1437 2554 annos
1459 2529 1578 2555 Crotone
1590 2529 1695 2563 egisset,
1713 2531 1898 2571 Metapontum
1911 2533 2055 2567 migrauit,
2076 2534 2169 2568 ibique
2185 2537 2296 2564 deceffit.

95 2565 168 2586 tenet
181 2558 292 2595 nufias,
312 2568 380 2594 quae
393 2560 474 2586 Stella
487 2560 583 2587 Martis
598 2559 755 2597 appellatur.
830 2562 910 2587 Porro
924 2563 1023 2598 igneum
1036 2561 1080 2596 effi
1093 2565 1168 2590 Mar·
1233 2561 1319 2588 Cuius
1334 2567 1404 2594 tanta
1420 2564 1473 2591 fuit
1487 2563 1649 2598 admiratio,
1667 2573 1697 2593 vt
1711 2566 1769 2593 eius
1783 2577 1816 2594 ex
1833 2568 1916 2595 domo
1929 2570 2058 2603 templum
2071 2570 2202 2602 facerent,
2223 2581 2296 2599 cuni-

93 2602 143 2621 tem
159 2594 265 2624 tollatur
277 2595 318 2621 his
338 2595 422 2621 verbis
441 2596 508 2622 Plin.
523 2606 546 2629 2,
562 2602 576 2627 8
603 2596 634 2624 T
646 2595 735 2623 'rtimn
749 2595 819 2625 fidus
831 2597 946 2631 Martis,
966 2598 1040 2633 quod
1055 2599 1166 2634 quidam
1231 2606 1286 2632 que
1301 2607 1351 2633 pro
1363 2598 1415 2626 deo
1429 2601 1557 2636 colerent.
1612 2603 1682 2633 Haec
1703 2611 1821 2639 excerpta
1840 2614 1869 2631 ex
1882 2604 1983 2632 Iustino
1996 2614 2039 2638 20,
2054 2615 2080 2638 4,
2154 2607 2222 2634 Adii,
2237 2609 2294 2636 Cic,

94 2631 222 2657 Herculis
235 2635 348 2664 vocant,
367 2631 457 2665 ignei,
476 2632 595 2659 ardentis
610 2642 627 2662 a
664 2633 718 2660 olis
733 2632 883 2661 vicinitate.
992 2635 1025 2661 Et
1040 2640 1066 2666 18
1099 2636 1166 2663 Suus
1181 2632 1213 2664 6,-
1231 2634 1316 2661 Tusc.
1329 2643 1401 2671 4pr.
1476 2636 1516 2663 ld.
1533 2637 1565 2664 de
1578 2636 1642 2664 Nat.
1655 2638 1739 2666 DCOI'·
1754 2648 1774 2671 1,
1787 2648 1809 2674 5'·
1846 2647 1869 2666 ⁶³²
1884 2649 1905 2673 3,
1920 2646 1933 2670 8
1946 2647 1991 2667 ⁶⁷10-
2088 2642 2183 2669 Rfflflfl
2203 2644 2296 2676 Pytha-

97 2665 208 2700 quidem
239 2665 336 2700 cuique
365 2667 441 2694 color
472 2667 526 2701 est,
547 2669 662 2696 Saturno
697 2668 843 2707 candidus,
863 2669 930 2697 Ioui
962 2669 1066 2704 clarus,
1092 2673 1164 2700 Mar·
1229 2679 1312 2705 gorae
1325 2679 1420 2699 arcana
1439 2672 1509 2700 Hor.
1525 2670 1609 2709 Epod.
1624 2682 1658 2707 15,
1672 2683 1710 2701 2¹·
1817 2676 1973 2709 PythagOras
1987 2676 2058 2703 enim
2073 2677 2176 2705 <istebat
2190 2681 2291 2708 animas

96 2701 118 2729 ti
131 2701 232 2736 igneus.
943 2726 945 2728 .
1229 2706 1289 2741 post
1307 2713 1424 2734 mortem
1441 2709 1553 2736 transire
1573 2710 1601 2736 in
1622 2711 1708 2737 aliena
1723 2715 1835 2746 corpora
1850 2722 1856 2737 :
1891 2713 1970 2745 seque
1984 2712 2011 2738 in
2026 2712 2096 2739 bello
2111 2714 2239 2743 Troiano
2252 2717 2294 2743 fu-

130 2744 146 2763 Ρ
156 2744 174 2763 ἰ’
186 2744 203 2764 R
213 2744 232 2764 0
241 2744 256 2764 Ρ
266 2743 286 2764 O
297 2742 314 2763 Ε
324 2743 359 2764 Cl
370 2743 453 2770 LOS,
473 2737 527 2765 vid.
541 2745 556 2764 P
566 2745 586 2765 Y
596 2740 646 2766 RR
657 2746 679 2766 H
689 2745 710 2766 0
723 2746 751 2768 Ρ.
869 2750 872 2754 ·
1229 2743 1275 2770 iffe
1288 2743 1465 2779 Euphorbum
1486 2746 1602 2773 Panthoi
1621 2746 1725 2779 filium,
1745 2748 1792 2781 qui
1819 2747 1975 2774 interfectus
2001 2757 2014 2775 a
2034 2750 2176 2783 Menelao,
2193 2752 2292 2780 iterum

129 2780 146 2800 P
156 2781 173 2800 y
182 2780 200 2799 R
211 2775 230 2799 6
239 2779 254 2798 P
264 2780 283 2799 v
294 2780 324 2806 s,
345 2774 363 2799 i.
393 2782 429 2800 m.
468 2773 614 2808 [πέρωπυς]
651 2777 734 2806 Genus
746 2775 913 2813 carbunculi,
929 2784 961 2806 vt
973 2779 1100 2807 nonnullis
1109 2781 1165 2816 pla-
1226 2780 1332 2807 reuixit
1344 2780 1430 2808 faetus
1445 2781 1615 2817 Pythagoras.
1673 2783 1724 2807 Hic
1736 2789 1798 2808 ante
1813 2790 1838 2809 et
1851 2783 1880 2809 in
1894 2784 2046 2811 Homerum
2061 2785 2162 2813 dicitur
2175 2795 2293 2823 renatus,

94 2815 141 2836 cet.
178 2808 260 2837 Ouid.
275 2809 340 2835 Met.
357 2818 380 2842 2,
396 2818 409 2835 2
431 2808 508 2836 Clara
521 2809 637 2836 micante
650 2813 741 2844 auro>
756 2811 930 2850 flammasque
943 2815 1068 2843 imitante
1085 2825 1163 2851 pyro·
1177 2827 1213 2856 70
1227 2816 1317 2850 postea
1348 2817 1380 2844 in
1409 2827 1559 2853 pauonem,
1578 2816 1711 2850 postremo
1737 2817 1770 2843 in*
1790 2819 1906 2846 Ennium
1927 2820 2043 2847 Poetam.
2079 2823 2168 2850 Acron
2181 2825 2209 2850 in
2224 2827 2292 2852 Hor.

93 2853 140 2881 po.
232 2845 346 2872 inducto
359 2854 462 2880 pyropo
478 2845 598 2880 fulgebat
614 2855 706 2882 ppt-ma
724 2846 844 2882 Propert.
856 2858 881 2881 4,
895 2854 918 2883 ιι
937 2859 978 2886 ‘².1·
1070 2853 1162 2883 Pluma
1227 2853 1318 2881 Carm.
1333 2862 1354 2885 1,
1367 2858 1409 2882 28,
1423 2861 1461 2878 ιο.
1572 2851 1643 2879 Faba
1659 2852 1822 2888 Pythagorae
1836 2861 1946 2890 cognata
1966 2858 2034 2884 Hor.
2048 2856 2130 2885 serm.
2150 2868 2181 2892 z,
2199 2864 2229 2891 6,
2251 2865 2291 2894 63.

96 2881 183 2908 rubro
195 2881 266 2908 clara
281 2890 384 2916 pyropo
403 2882 509 2908 Lucret.
525 2891 546 2913 2,
561 2886 623 2917 8022⁴
692 2881 775 2921 ,Gonni
788 2887 870 2917 aer-is,
906 2869 973 2914 iflin.
985 2897 1025 2922 34,
1038 2894 1052 2918 8
1072 2888 1161 2916 Idem-
1227 2887 1388 2921 Pythagoras
1403 2887 1476 2919 enim
1491 2896 1547 2915 non
1563 2888 1648 2915 solum
1661 2889 1695 2918 ab
1709 2890 1835 2922 omnibus
1849 2892 2025 2926 animalibus,
2050 2894 2092 2920 scd
2108 2896 2185 2922 ctiam
2200 2905 2214 2922 a
2228 2897 2288 2925 faba

95 2926 149 2952 que
164 2918 220 2954 (sc
235 2922 294 2949 aes)
308 2917 337 2944 in
351 2918 440 2944 vncias
455 2916 553 2944 additis
572 2917 783 2954 aurfscruflulis
799 2919 885 2954 senis,
901 2925 1042 2956 praetenui
1061 2925 1160 2959 pyropi
1225 2922 1371 2956 abstinuit,
1392 2923 1465 2958 quod
1479 2924 1578 2952 viridis
1592 2925 1620 2951 in
1635 2924 1733 2960 pyxide
1747 2935 1822 2953 aerea
1836 2928 1938 2955 seruata
1950 2931 2066 2957 vertitur
2078 2931 2105 2956 in
2127 2932 2289 2966 sanguinem.

93 2952 203 2980 bractea
221 2954 339 2987 ignescit.
411 2954 435 2981 b.
450 2963 470 2979 e.
509 2961 539 2981 vt
555 2954 671 2981 Isidorus
685 2958 722 2986 16,
736 2964 765 2988 19
792 2955 927 2994 ‚lippum-at,
946 2959 1088 2986 Praetenui
1101 2959 1162 2987 bra-
1225 2958 1303 2985 Vnde
1322 2959 1410 2986 fertur
1427 2960 1545 2991 maluisse
1566 2962 1593 2988 in
1614 2959 1892 2997 latnonesffncidere,
1912 2974 1993 3000 quam
2014 2975 2061 3000 per
2079 2965 2155 2993 fabae
2174 2969 2288 3003 segetem

94 2989 153 3018 &ea
166 2990 285 3025 ignescit,
304 2996 330 3017 et
343 2989 466 3016 imitatur
479 2990 605 3023 flammas,
624 2990 695 3018 vnde
708 2997 734 3018 et
747 2991 880 3028 pyropum
892 2992 1001 3021 dicitur.
1174 3001 1208 3030 75
1225 2994 1353 3028 transire,
1371 2996 1463 3031 quum'
1470 2996 1579 3024 aliunde
1590 2994 1726 3032 refugium
1740 3008 1795 3026 non
1810 3000 1929 3028 haberet.
2000 3001 2098 3028 Fabam
2112 3012 2220 3038 quoque
2232 3006 2289 3032 ani-

128 3032 145 3052 Ρ
156 3032 175 3052 Y
187 3032 207 3052 R
218 3033 238 3054 o
247 3034 259 3054 s
269 3033 291 3053 A
300 3033 317 3053 c
327 3032 348 3052 H
360 3033 382 3052 N
394 3033 410 3052 Ε
420 3046 429 3059 ,
448 3035 483 3053 εε.
504 3026 524 3053 f.
561 3026 653 3062 [πυρὸς
664 3026 752 3063 ἄχνη]
793 3029 1098 3066 Π]ιηε1ειεα]νηιεκ,·ᾱε
1109 3040 1160 3068 qua
1224 3031 1278 3058 mal
1308 3032 1357 3058 eise
1387 3030 1508 3065 dicebat,
1527 3033 1600 3069 quod
1623 3034 1698 3061 coc-'ta
1721 3036 1855 3071 sanguinis
1879 3036 2021 3063 humorem
2045 3047 2077 3064 ex
2104 3039 2128 3065 se
2142 3040 2285 3068 emitteret.

92 3060 187 3088 abunde
259 3062 327 3089 Plin.
341 3071 375 3096 13,
391 3071 417 3089 21
454 3063 485 3089 Et
498 3062 526 3089 in
544 3072 600 3098 quo
619 3064 748 3100 (inquit)
761 3065 877 3126 nfcitiu·
890 3074 1002 3100 granum
1017 3067 1158 3102 Cnidium,
1222 3068 1293 3094 Haec
1304 3069 1394 3094 Acron
1409 3079 1415 3094 :
1451 3078 1513 3105 quae
1537 3079 1559 3105 a,
1574 3071 1680 3097 Graccis
1698 3072 1774 3098 multo
1792 3072 1954 3109 disputantur
1961 3074 2101 3110 subtilius,
2120 3083 2185 3102 certe
2205 3082 2286 3113 copio-

92 3098 166 3132 quod
180 3098 266 3133 aliqui
281 3099 365 3126 linum
379 3104 483 3125 vocant.
521 3099 656 3126 Fruticem
670 3109 736 3127 vero
749 3100 779 3126 T
800 3101 960 3136 heluam,
980 3102 1028 3130 alii
1043 3103 1158 3131 Chame-
1213 3102 1270 3138 stus
1282 3114 1291 3129 :
1321 3103 1372 3140 scd
1383 3103 1457 3136 buius
1471 3106 1521 3131 loci
1524 3106 1585 3141 pon
1591 3106 1664 3142 [αυτ.

90 3132 194 3167 laeam,
211 3135 260 3162 alii
274 3135 355 3168 Pyros
370 3134 478 3161 Achnen
487 3155 495 3167 ‚
514 3134 561 3162 alii
575 3135 721 3169 Cnestron‚
738 3136 787 3163 alii
810 3137 947 3165 Cneoron.
1021 3139 1064 3167 Est
1085 3139 1156 3168 fimi-
1259 3146 1302 3166 ΡΥ
1312 3146 1334 3165 Τ
1345 3146 1366 3166 Η
1377 3148 1399 3167 Α
1409 3140 1458 3167 G'b
1467 3148 1484 3168 R
1494 3148 1510 3168 Ε
1522 3148 1541 3168 V
1550 3149 1562 3168 S
1572 3163 1581 3175 ,
1602 3151 1633 3176 a,
1651 3151 1707 3169 um.
1728 3142 1788 3169 Adi.
1826 3142 2032 3179 [Πυθαγόρειος]
2069 3145 2223 3181 Qist’tslam
2236 3149 2285 3184 Py-

75 3178 82 3181 *
93 3169 126 3196 lis
145 3170 277 3204 oleastro,
295 3171 370 3197 foliis
389 3171 605 3206 angustioribus,
624 3172 785 3207 gummofis,
806 3173 824 3200 fi
848 3174 1040 3209 mordeantur,
1073 3177 1155 3210 myrti
1173 3181 1207 3207 80
1221 3175 1474 3238 thagoraestguitum
1492 3178 1617 3205 hominum
1631 3186 1654 3206 et
1667 3179 1809 3215 dogmatum
1823 3180 1957 3214 epitheton.
1995 3181 2157 3215 Qiino'iiM,
2172 3192 2196 3209 12
2218 3184 2283 3212 Non

91 3208 293 3240 magnitudine,
320 3206 435 3239 semine,
459 3207 566 3240 colore,
586 3215 612 3236 et
624 3209 711 3244 specie
724 3209 818 3243 farris,
835 3210 868 3237 ad
890 3211 1039 3239 medicinae
1052 3215 1155 3240 tantum
1221 3219 1361 3248 contentus
1393 3213 1540 3248 isciplinis,
1560 3224 1624 3250 quas
1639 3215 1769 3250 praestare
1790 3222 1910 3249 poterant
1927 3215 2063 3249 Athenae,
2083 3227 2136 3244 non
2154 3219 2282 3255 Pythago.

92 3242 177 3268 vsum.
249 3243 324 3280 Conf.
350 3244 435 3279 Diosc.
450 3255 477 3277 a,
490 3248 546 3271 166.
1221 3257 1349 3282 reorum,
1367 3249 1398 3275 ad
1412 3258 1478 3285 quos
1495 3250 1524 3277 in
1538 3252 1643 3278 Italiam
1658 3251 1829 3284 nauigauerat
1839 3271 1847 3283 ‚
1876 3253 1988 3286 Aegypti
2009 3262 2117 3288 quoque
2136 3255 2282 3284 sacerdotes

131 3285 147 3304 Ρ
157 3285 312 3306 YROSAG
322 3285 340 3304 R
351 3287 360 3305 1
370 3285 389 3306 O
399 3287 430 3313 S,
451 3280 470 3307 i.
490 3290 526 3306 m.
563 3279 652 3316 [πυρὸς
664 3278 762 3316 ἄγριος]
799 3281 876 3318 ,Quasi
891 3289 919 3310 tu
932 3286 1048 3312 triticum
1061 3285 1156 3323 agrosie
1221 3284 1296 3312 adiit.
1335 3285 1363 3311 de
1383 3287 1495 3313 Platone.
1602 3287 1709 3313 Referta
1729 3285 1864 3321 quondam
1886 3288 1963 3314 Italia
1983 3289 2210 3324 Pythagoreorum
2229 3292 2282 3320 fuit

94 3312 183 3346 dicas,
204 3315 236 3340 al.
251 3314 406 3342 Chelidonia.
444 3316 522 3350 Apul.
537 3316 569 3343 de
584 3317 668 3344 Herb.
685 3327 706 3344 c.
721 3325 762 3352 73.
1222 3322 1280 3348 Cic.
1296 3321 1329 3348 de
1341 3322 1416 3349 Orat.
1434 3331 1460 3355 2,
1475 3331 1528 3357 154.
1647 3324 1715 3349 Hor.
1737 3322 1815 3357 Epist·
1834 3331 1858 3354 2,
1871 3331 1889 3354 1,
1906 3332 1936 3357 52
1974 3324 2135 3359 Pythagorea
2167 3328 2280 3357 somnia.

130 3348 252 3377 PYRP&
264 3357 280 3376 L
292 3358 327 3384 ε,
348 3360 383 3377 es.
405 3351 426 3377 f.
463 3352 633 3389 [Πύρπιλη]
658 3355 729 3381 Inter
745 3354 804 3380 Deli
816 3354 912 3390 insulae
930 3358 1036 3392 antiqua
1054 3361 1155 3385 »zonis'na
1173 3360 1202 3389 85
1220 3358 1278 3384 Cic.
1292 3358 1324 3384 de
1339 3358 1440 3385 Sene&
1455 3364 1483 3392 58
1523 3357 1672 3385 Audiebam
1703 3358 1895 3392 Pythagoram,
1916 3360 2145 3396 Pythagoreosque
2179 3363 2280 3392 incolas

92 3384 206 3420 refertur
220 3396 234 3412 α
247 3386 314 3413 Plin.
328 3397 352 3419 4,
367 3395 394 3413 iz
406 3387 425 3413 s.
443 3395 476 3413 22
497 3387 574 3422 igne,
593 3396 624 3416 vt
638 3393 692 3421 ait,
707 3389 747 3416 ibi
761 3389 878 3424 primum
903 3398 1020 3426 reperto.
1095 3395 1156 3427 Pyr·
1219 3403 1302 3429 paene
1316 3394 1434 3426 nostros,
1454 3395 1501 3430 qui
1515 3395 1592 3421 essent
1607 3394 1669 3420 Itali
1683 3394 1839 3428 Philosophi
1854 3396 1990 3430 quondam
2009 3399 2156 3430 nominati,
2177 3407 2222 3426 etc.

91 3421 155 3454 pole
167 3420 278 3453 restitas,
296 3429 326 3450 ut
338 3421 446 3455 ostendit
459 3424 562 3458 Salmafi
575 3425 610 3451 ad
623 3426 701 3453 Solin.
712 3433 741 3462 p.
756 3430 818 3457 126,
837 3436 860 3453 a.
877 3427 908 3453 G.
1257 3437 1272 3457 i>
1282 3437 1301 3456 Y
1311 3437 1332 3457 T
1342 3437 1362 3457 Η
1377 3437 1398 3457 Α
1410 3437 1430 3457 G
1441 3438 1460 3457 o
1471 3438 1488 3456 R
1500 3430 1510 3456 i
1520 3435 1537 3456 c
1549 3437 1569 3455 v
1581 3437 1610 3460 s,
1630 3439 1659 3460 a,
1675 3439 1730 3456 um.
1769 3430 1829 3457 Adi.
1867 3432 2068 3468 [Πυὰαγορικὸς]
2108 3434 2182 3461 Idem.
2219 3436 2277 3464 Cic.

130 3463 228 3484 PYRR
239 3464 312 3491 HA,
353 3467 393 3485 ae.
433 3458 454 3485 f.
491 3459 616 3500 [Πύρρα]
653 3463 725 3498 Quae
736 3472 790 3488 cum
801 3463 952 3489 Deucalione
964 3467 1057 3491 marito
1070 3466 1155 3492 Ponti
1218 3465 1251 3492 de
1266 3466 1360 3492 Diuin.
1376 3475 1397 3499 ι,
1411 3469 1442 3492 62
1469 3467 1506 3492 Ex
1535 3474 1590 3501 quo
1612 3466 1693 3492 etiam
1712 3466 1893 3500 Pythagoricis
1914 3467 2086 3495 interdiGtum
2103 3476 2225 3504 putatur,
2243 3482 2277 3498 ne

89 3492 187 3519 dicitur
203 3493 335 3520 humanum
347 3503 424 3530 genus
437 3494 575 3529 repar-affe,
594 3503 623 3522 vt
643 3498 757 3532 latissime
772 3499 867 3535 scribit
887 3499 968 3525 Ouid.
983 3501 1046 3527 Met.
1062 3510 1071 3527 1
1081 3523 1088 3535 ‚
1107 3511 1154 3535 330
1219 3501 1281 3528 faba
1296 3504 1474 3528 vescerentur.
1584 3501 1759 3537 Pythagorica
1774 3501 1915 3537 prudentia
1934 3504 2020 3530 Valer.
2035 3506 2147 3532 Maxim.
2160 3516 2189 3540 4,
2205 3515 2278 3542 7,10.

91 3535 139 3555 etc.
209 3530 303 3558 quen.
329 3530 381 3556 Sat.
404 3538 439 3563 ις,
456 3539 497 3563 30.
535 3531 590 3558 vid.
616 3539 813 3562 THESSALiA.
920 3534 1057 3565 Saeculum
1071 3547 1152 3572 graue
1165 3545 1202 3571 90
1217 3537 1389 3573 Philosophia
1410 3537 1475 3563 Plin.
1491 3545 1522 3568 13,
1540 3546 1574 3569 ¹3·

92 3564 208 3597 Pyrrhae
237 3566 306 3592 Hor.
321 3567 409 3593 Carm.
423 3575 444 3598 1,
461 3575 487 3600 z,
500 3568 523 3592 6.
1252 3579 1268 3599 Ρ
1281 3580 1300 3600 Υ·
1311 3581 1361 3600 ΤΗ
1371 3580 1392 3599 Α
1403 3578 1423 3597 G
1436 3578 1455 3599 Ο
1465 3579 1482 3599 R
1497 3580 1527 3599 is
1539 3580 1560 3599 Τ
1571 3580 1593 3600 Α
1603 3579 1636 3605 E,
1663 3576 1749 3601 fisum.
1773 3583 1809 3600 ιιι.
1837 3575 1876 3600 ΡΙ.
1913 3575 2037 3612 Quomodo
2057 3586 2072 3602 a
2092 3577 2275 3612 Pythagoricis

129 3608 144 3626 P
155 3608 171 3626 r
182 3606 259 3627 RRH
270 3600 282 3627 f
290 3608 386 3634 cuA,
420 3611 459 3628 ae.
493 3602 549 3635 Jiue
588 3609 605 3630 P
617 3609 693 3630 YRR
704 3610 724 3630 Η
735 3602 848 3638 ici-1123,
866 3613 901 3632 es.
940 3606 961 3632 f.
996 3608 1152 3644 [Hugbp'lxn]
1214 3608 1355 3643 differant,
1375 3608 1488 3643 dapum
1499 3608 1647 3644 scholiastes
1673 3611 1804 3636 Theocriti
1823 3613 1850 3635 ιή
1868 3610 1958 3644 Eidyli.
1978 3622 2017 3645 14,
2033 3622 2057 3646 5·
2103 3614 2160 3639 1'1d,
2185 3615 2273 3647 wolff.

89 3636 196 3664 Saltatio
211 3637 363 3664 Graecanica
374 3637 545 3673 antiqmffima
556 3657 565 3671 ‚
586 3639 718 3665 Mineruae
730 3642 856 3668 inuentum
869 3642 910 3667 vel
924 3642 1046 3674 Curetum,
1069 3651 1098 3670 vt
1113 3648 1152 3671 ait
1214 3645 1248 3671 ad
1262 3646 1365 3681 Origen.
1381 3645 1599 3680 Phdofhphumena
1616 3652 1645 3680 p.
1659 3655 1698 3679 45.
1736 3647 1866 3677 Bremter,
1886 3649 1930 3681 qui
1949 3648 2027 3681 ipsum
2043 3649 2125 3683 Py'vs
2145 3660 2211 3676 orat*-
2231 3660 2273 3675 au-

85 3670 167 3698 Dion.
180 3673 264 3699 Halic.
279 3680 330 3708 γρ.
347 3676 410 3708 476,
427 3683 467 3708 40.
509 3674 569 3700 Vid.
607 3683 649 3700 uos
662 3674 751 3701 laudat
769 3677 885 3704 Perizon.
899 3677 935 3703 ad
946 3679 1047 3706 Aelian.
1069 3681 1099 3707 V.
1116 3681 1151 3706 H.
1216 3681 1317 3707 dierunt
1333 3679 1520 3714 Pythagorici,
1540 3680 1626 3707 horum
1646 3681 1765 3717 discipuli
1784 3687 1864 3708 autom
1884 3681 2057 3715 Pythagorei;
2079 3673 2272 3719 Pythagoristae

91 3716 117 3740 3,
130 3714 153 3737 8.
227 3710 297 3735 Plato
312 3708 340 3735 de
353 3710 413 3745 Leg.
432 3719 447 3743 7
455 3708 506 3744 fin.
526 3684 671 3742 Pyrrhicha
683 3709 732 3743 est,
763 3721 806 3738 uae
818 3716 938 3739 motiones
958 3718 1071 3749 corporis
1095 3719 1151 3742 imi·
1168 3722 1201 3749 95
1218 3717 1321 3752 denique
1332 3719 1431 3742 externi
1444 3717 1530 3742 horum
1543 3718 1641 3743 aemuli.
1684 3717 1741 3742 lszd.
1754 3718 1857 3753 Menag.
1873 3718 1907 3743 ad
1918 3719 2005 3745 Lacr-t.
2019 3726 2043 3750 8,
2059 3727 2098 3751 38·

93 3749 183 3775 tatur,
201 3743 270 3771 istus
281 3743 410 3784 iaflusque
423 3744 575 3771 declinantis
589 3752 613 3772 et
631 3719 779 3778 vitabundi,
799 3748 1010 3785 omnifariamque
1030 3751 1151 3784 cedentis,
1252 3759 1267 3778 Ρ
1276 3760 1295 3778 Υ
1306 3757 1328 3778 Τ
1340 3758 1360 3778 Η
1373 3758 1392 3777 Α
1404 3758 1425 3778 G
1434 3759 1454 3778 o
1464 3759 1502 3779 ιιι
1511 3759 1524 3779 s
1534 3759 1546 3778 s
1556 3758 1575 3779 ω
1585 3772 1592 3783 ,
1612 3757 1664 3779 sire.
1693 3753 1779 3790 gipul.
1796 3752 1896 3779 Florid.
1910 3761 1925 3780 2
1938 3761 2002 3781 extr.
2021 3764 2045 3789 p.
2063 3764 2113 3787 3:¹2·

90 3782 120 3805 in
131 3778 209 3805 altum
226 3784 301 3807 etiam
308 3780 478 3817 fiikszlievziis,
497 3787 521 3807 et
528 3781 582 3817 sese
588 3781 709 3817 succiduo
719 3783 815 3818 poplite
837 3784 994 3811 demittentis
1008 3796 1016 3811 .·
1052 3796 1099 3812 rur
1113 3797 1151 3813 us-
1254 3794 1269 3813 Ρ
1278 3794 1296 3813 Y
1306 3793 1326 3812 T
1337 3793 1358 3813 Η
1367 3793 1414 3813 Αν
1426 3794 1441 3812 L
1454 3794 1475 3814 A
1487 3808 1495 3820 ‚
1523 3794 1545 3814 et
1570 3794 1585 3813 P
1598 3794 1616 3813 γ
1627 3795 1649 3815 Τ
1658 3795 1679 3815 H
1691 3795 1737 3815 av
1748 3795 1764 3814 L
1773 3795 1791 3814 r
1801 3796 1813 3815 s
1823 3808 1831 3820 ‚
1857 3797 1897 3815 ae.
1923 3798 1959 3816 m.
1998 3789 2159 3825 [πυραυλὴς]
2198 3790 2270 3816 Tibi-

93 3822 139 3850 que
161 3820 303 3844 contrarios
324 3817 366 3844 his
393 3823 472 3842 motus
489 3817 615 3851 pyrrhica
636 3820 767 3851 imitatur,
787 3827 826 3845 eos
833 3820 943 3856 scilicet,
955 3824 999 3856 qui
1011 3824 1037 3847 in
1051 3822 1153 3849 babitus
1215 3832 1273 3853 cen,
1295 3826 1340 3858 qui
1361 3826 1388 3848 in
1416 3824 1475 3850 urbe
1489 3822 1573 3855 Pytho
1594 3831 1700 3858 paeanes
1723 3828 1750 3850 in
1772 3824 1886 3850 honorem
1905 3825 2033 3860 Apollinis
2051 3825 2139 3859 Pythii
2158 3827 2268 3852 canebat.

94 3853 209 3885 corporis
222 3850 466 3889 astutistisferiiiztur
480 3862 488 3876 :
522 3853 608 3888 quales
627 3855 680 3879 eius
692 3853 771 3888 sunt,
787 3858 830 3888 qui
840 3856 998 3891 sagittarum
1015 3857 1153 3892 miffilium-
1216 3860 1286 3885 Hinc
1298 3860 1427 3884 translata
1440 3869 1488 3885 uox
1502 3859 1536 3884 ad
1549 3861 1606 3885 illos
1621 3860 1747 3891 tibicines,
1763 3864 1805 3895 lui
1822 3869 1849 3885 in
1864 3861 1996 3887 comoediis
2006 3861 2187 3895 tragoediisque
2198 3871 2270 3888 canc-

91 3894 136 3921 que
149 3886 313 3914 iaculationes
324 3886 439 3924 effingere
452 3894 518 3914 motu
530 3891 654 3924 emporis,
671 3892 848 3924 plagarumque
862 3899 884 3917 et
893 3893 1045 3925 petitionum
1065 3895 1205 3921 multi.100
1215 3895 1283 3920 bant.
1323 3895 1410 3920 Varro
1424 3895 1494 3929 apud
1506 3895 1579 3921 Non.
1594 3904 1614 3925 2,
1630 3903 1679 3929 743
1708 3896 1861 3929 Priusquam
1883 3897 1912 3922 in
1927 3895 2064 3923 Orchestra
2079 3896 2209 3922 Pithaulcs
2230 3898 2270 3923 in.

88 3923 193 3957 plicium
207 3923 361 3951 imitamenta
373 3923 464 3959 aſjfequi
474 3924 620 3959 implereque
631 3924 766 3950 contendit.
810 3926 877 3953 Plin.
890 3933 971 3952 tamen
985 3938 1018 3961 7,
1030 3932 1065 3962 56
1081 3929 1150 3955 vide·
1215 3930 1261 3955 flet
1276 3929 1372 3962 tibias,
1385 3929 1460 3956 domi
1476 3932 1536 3956 suae
1549 3932 1659 3956 ramices
1671 3932 1781 3965 rumpit.
1837 3932 1936 3967 Hygin.
1953 3930 2012 3956 Fab.
2028 3940 2053 3962 2,
2067 3939 2114 3965 273
2139 3932 2188 3957 His
2202 3942 2267 3966 quo-

93 3964 138 3983 tur
150 3955 320 3991 pyrrhichem
332 3960 362 3986 ab
374 3959 482 3995 enoplia
494 3958 661 3995 distinguere,
679 3960 720 3985 his
734 3959 818 3988 verbis
830 3972 838 3987 :
875 3961 1045 3989 Saltationem
1066 3973 1149 3991 arma·
1216 3974 1269 3999 que
1287 3965 1357 3991 ludis
1371 3965 1526 3998 pythaulae,
1548 3967 1593 3999 qui
1608 3966 1700 3998 Pythia
1716 3973 1896 3994 cantauerunt.
1933 3966 2006 4000 Conf.
2022 3966 2146 3992 Diomed.
2169 3977 2192 4000 ρ.
2206 3973 2266 4000 489.

92 4000 148 4020 tam
162 3993 272 4019 Curetes
286 3991 414 4022 docuere:
449 3994 610 4030 pyrrhichen
618 3995 743 4027 Pyrrhus.
851 3997 921 4023 Suet.
931 3998 1003 4026 Caes.
1011 4008 1070 4031 c.59
1086 4001 1148 4031 Pyr·
1213 4001 1301 4027 Senec.
1316 4000 1396 4035 Epist.
1411 4004 1455 4035 76.
1494 4002 1599 4034 vopisc.
1615 4002 1705 4028 Carin.
1721 4011 1749 4035 19
1763 4012 1784 4028 c.
1800 4010 1851 4029 not.
1867 4003 1940 4029 Salm.
1981 4005 2006 4026 ui
2020 4003 2106 4036 ubique
2120 4002 2266 4034 Pythaulen

94 4027 217 4056 rhieham
231 4027 389 4055 saltauerunt
400 4030 474 4059 Aliae
489 4030 684 4066 Bithyniaeque
695 4030 848 4066 principum
861 4032 951 4061 liberi.
1044 4034 1147 4063 Id.Ne-
1211 4038 1262 4072 legi
1274 4038 1342 4067 uult,
1356 4046 1474 4072 nusquam
1489 4036 1628 4063 Pithaulen
1638 4045 1664 4071 p.
1679 4044 1724 4067 820
1738 4038 1792 4072 sqq.
1830 4037 1903 4072 Conf.
1921 4010 1985 4069 Vosil
1998 4035 2059 4070 lust.
2068 4038 2137 4063 Poot.
2149 4045 2200 4073 21).
2214 4046 2266 4068 ιει.
2286 4074 2289 4076 ¹

1153 4079 1199 4107 105
1214 4072 1322 4099 Turneb.
1337 4071 1407 4100 Adu.
1421 4082 1455 4105 ιι,
1469 4082 1506 4107 25.
1543 4073 1687 4099 Bartholin.
1702 4073 1730 4099 dt
1750 4073 1809 4101 Tib.
1829 4074 1884 4100 Ver.
1896 4080 1923 4107 p.
1938 4081 1993 4104 412-

283 4102 370 4125 νοτ..
404 4098 454 4129 111.
1514 4114 1532 4142 7
1553 4108 1583 4134 M
2094 4113 2262 4142 rr'riuzvs,
