2517 4231
66 192 141 238 269
482 182 532 226 M
589 183 622 224 E
675 180 703 222 S
1598 180 1646 221 M
1702 182 1743 235 Ε4
1792 183 1835 223 T
2186 206 2258 245 ²70

101 282 127 304 Μ
137 282 181 302 ER
190 281 230 302 os
239 282 299 309 vs,
323 275 395 301 video
408 273 512 300 laudari
524 283 555 300 ex
568 273 664 300 Statio:
701 271 767 298 idem
773 268 832 305 scil.
848 277 922 304 atque
936 268 1107 296 Met-ibibulus.
1190 268 1301 296 Messana
1312 268 1400 307 freto,
1419 269 1614 307 minimumque
1627 270 1737 299 reuulsa.
1794 271 1878 308 Postea
1897 283 1971 308 quum
1992 280 2141 307 Mamertini
2149 303 2158 315 ,
2183 291 2253 308 natio

105 318 129 338 M
141 318 157 338 E
167 318 186 337 R
197 318 214 338 x
255 311 356 339 inercis.
383 310 403 337 f.
440 309 613 344 [ἒμπὸρευμκ]
650 308 726 344 Qod
735 307 840 339 emitur,
858 306 1016 332 venditur-ue.
1072 305 1128 332 Cic.
1189 308 1330 340 compunta,
1348 315 1374 332 eo
1390 308 1483 334 colonos
1495 307 1629 344 milillknt,
1649 308 1698 343 ipſs
1710 317 1803 343 quoque
1819 309 1974 337 Mamertini
1986 316 2065 346 potius
2078 326 2151 351 quam
2165 319 2254 345 Mcss'a.

68 345 100 374 de
119 348 182 382 Rep.
195 334 272 382 3,’ap.
287 347 359 374 Non.
373 353 397 379 5,
411 354 437 378 35
464 345 605 373 Phoenices
618 343 698 380 primi
711 342 867 369 mercaturis
881 347 907 368 et
921 341 1052 368 mercibus
1066 341 1129 372 suis,
1191 340 1280 366 nenses
1296 339 1358 373 sunt
1375 344 1477 370 vocati:
1512 344 1578 379 quod
1595 344 1623 370 in
1643 343 1755 370 Verrim‘s
1779 344 1855 370 Tullii
1873 346 1901 370 in
1921 348 2010 381 primis
2025 350 2196 385 obseruandum
2215 355 2254 390 ,st-

66 383 206 410 auaritiam
217 390 242 410 et
255 382 492 418 magnificentiam,
511 388 536 408 et
550 378 720 415 inexplebiles
734 376 890 412 cupiditates
901 378 1023 404 oninium
1037 386 1128 404 reruni
1189 375 1272 402 Ferax
1286 375 1398 404 Meflana
1423 379 1504 406 Ouid.
1517 380 1582 406 Met.
1596 381 1632 413 6,
1645 387 1698 414 417.

66 424 273 453 exportauerunt
286 418 315 444 in
329 418 475 444 Graeciam.
549 415 615 444 Plin.
632 413 712 450 Epist.
723 421 758 447 4,
778 421 803 446 14
837 413 887 440 Tu
906 414 1010 440 fortasse
1028 414 1128 453 oratio-
1155 421 1169 447 ς
1226 415 1322 450 Mqizss
1332 417 1353 436 Α
1363 419 1384 438 Ν
1395 419 1471 453 svs,
1491 423 1522 448 a,
1542 424 1598 443 um.
1633 414 1694 443 Adi.
1733 413 1816 442 Ouid.
1830 415 1895 444 Met.
1909 424 1945 452 ¹4,
1959 424 1987 453 ¹7
2016 418 2107 448 Litore
2121 424 2149 449 jn
2163 425 2254 453 namo

66 463 138 487 nem,
159 461 186 480 vt
199 454 281 487 soles,
299 459 325 480 et
339 454 439 489 flagitas
449 459 475 480 et
486 451 621 487 expedias
657 455 683 477 at
695 458 745 485 ego
759 446 830 484 quast
842 457 873 476 cx
886 449 973 484 aliqua
987 456 1128 484 peregrina
1188 443 1313 471 Mcssama
1326 455 1433 474 moenia
1451 457 1543 477 contra
1569 450 1653 484 Scylla
1666 449 1735 479 mihi
1749 451 1803 478 visa
1815 452 1858 480 est.

67 489 229 524 delicataque
241 498 329 516 merce
344 490 413 516 lusus
431 497 503 516 meos
521 486 572 514 tibi
591 485 685 521 prodo.
758 485 890 511 Emendae
921 486 990 512 Hor.
1010 484 1042 511 de
1064 485 1128 510 Arte
1227 486 1403 508 MESSAPV
1414 490 1436 510 S·
1473 486 1638 522 [Minoam]
1681 490 1747 515 V'm
1769 497 1801 513 ‘x
1811 485 1958 522 ft7'1'ffi”¹is
1971 489 2062 516 '‘alfa‘'
2075 491 2187 525 ducibus,
2212 505 2254 529 7⁰·

67 526 140 553 Post.
154 534 210 558 4¹9·
283 525 416 552 columel,
431 533 462 557 11,
475 531 488 556 3
515 525 544 548 de
558 522 707 555 circui-bitIs,
728 521 760 547 At
774 520 792 547 fi
801 521 945 548 esculentae
959 520 1042 547 merei
1054 525 1127 553 prae·
1193 515 1278 541 Turno
1289 517 1408 558 aquei-sus
1421 521 1530 558 flcneam
1539 522 1669 556 suppetias
1681 523 1751 550 tulit.
1826 524 1902 559 Virg.
1917 525 1980 552 Aen.
1997 532 2014 560 7
2023 542 2030 556 ,
2044 528 2087 560 69¹
2116 529 2148 554 At
2169 531 2255 558 Mella-

66 560 187 596 parabis,
209 560 284 588 recto
297 561 432 588 cacumine
451 559 483 586 de
502 557 572 585 collo
591 556 742 584 cucurbitae
755 557 868 583 sumtum
888 558 975 584 semen
989 552 1127 595 serendum
1190 559 1238 593 pus
1251 560 1353 594 equum
1368 552 1490 581 domitor
1506 556 1642 596 Neptunia
1661 559 1756 592 proles.
1812 560 1893 596 ‚Quem
1916 561 2027 596 Virgilii
2045 564 2121 588 lotum
2139 572 2257 599 exponens

64 597 115 623 erit
132 605 138 627 ;
175 596 247 631 quod
261 597 394 632 prolixior
404 602 430 622 et
444 593 552 621 tenuior
565 592 668 620 fruetus
682 593 739 619 eius
759 593 885 619 nascatur.
921 593 945 618 h.
956 600 975 618 e.
998 591 1024 615 St
1040 588 1127 628 seres?
1147 595 1175 615 10
1190 588 1313 626 beru—lus,
1347 589 1408 616 ideo
1432 589 1552 625 Neptuni
1570 591 1657 619 filiuni
1682 595 1812 622 creditum
1829 596 1868 623 ait
1875 615 1884 629 ‚
1915 597 1988 632 quod
2013 597 2083 625 mari
2107 598 2135 625 in
2154 601 2257 628 ltaliam

63 633 129 658 voles
141 633 282 659 cucurbitas
294 635 329 660 ad
338 632 402 668 esum
414 631 564 657 vendendas.
621 629 734 655 Fallaces
746 635 771 654 et
783 629 888 656 fucosae
914 626 970 653 Cic.
978 632 1028 659 pro
1035 622 1127 650 Rabir.
1189 622 1273 649 fucrit
1287 624 1423 652 aduectus

63 667 149 694 Posth.
164 676 193 702 39
214 678 236 695 c.
250 677 287 702 ¹4·
361 666 514 698 Femineae,
543 665 617 701 Qae
635 666 672 691 tul
682 665 796 699 feminas
807 664 943 701 pertinent.
960 659 1043 686 Ouid.
1063 660 1127 686 Met.
1225 664 1298 686 MES
1309 666 1443 695 SAriA,
1463 670 1501 690 ae.
1531 661 1550 688 f.
1588 661 1785 703 Italiae-regio,
1804 667 1866 693 alias
1879 667 1983 702 Apulia.
2021 668 2116 698 Festus,
2153 671 2221 697 mm

65 712 89 735 13
98 724 106 736 ‚
120 706 171 736 163.
242 701 383 738 impr-oba,
413 701 467 727 vid.
493 706 537 726 1M
546 706 561 726 r
572 707 589 726 R
599 706 619 726 o
629 706 646 726 13
658 707 678 726 ν
687 707 710 727 s.
783 696 958 727 innendibilis
967 715 975 728 ,
1000 703 1023 722 et
1041 695 1127 723 Proba
1226 701 1251 722 M
1261 701 1277 721 E
1288 701 1300 721 s
1310 701 1323 722 s
1333 703 1353 722 A
1365 702 1379 722 r
1391 704 1398 722 1
1409 704 1429 724 v
1439 704 1452 724 s
1461 719 1468 731 ‚
1488 706 1519 731 a,
1540 705 1595 724 um.
1639 698 1697 726 Adi.
1743 701 1863 736 Messapia
1877 712 1940 730 arua
1970 705 2052 732 Ouid.
2067 706 2132 732 Met.
2147 715 2191 741 ¹4,
2210 717 2258 741 5¹3·

63 748 139 766 merx
165 739 244 765 Plaut.
259 739 338 765 Poen.
353 746 374 770 1,
386 745 413 770 2,
426 741 477 767 128.
552 736 637 768 Mala,
662 737 714 763 viil.
730 743 756 763 M
766 743 789 763 A
798 740 845 761 ιν
854 739 876 758 s-
950 731 1032 759 Plaut.
1046 732 1126 757 Poen.
1213 737 1252 772 ,Μ
1261 737 1278 757 Ε
1287 737 1299 757 s
1309 737 1347 772 si:
1358 739 1367 757 1
1377 739 1400 759 S.
1437 734 1590 773 [Maeoniis
1617 733 1755 769 Thffiliae
1762 736 1823 768 fam
1837 737 1879 772 est,
1900 749 1946 765 non
1956 742 2046 775 procul
2055 751 2072 768 a
2085 743 2206 778 Phaifalo
2219 752 2260 780 op-

68 784 91 808 1,
105 783 136 808 2,
152 782 196 807 ¹29
227 772 390 800 Inuendibili
409 771 492 802 mei-ci
512 777 619 807 oportet
639 772 711 798 vltro
724 776 853 798 emtoreni
868 765 1015 807 adducere,
1041 766 1127 807 Proba
1145 773 1170 800 15
1186 767 1264 801 pido,
1291 777 1360 794 cutus
1376 772 1540 795 memini-runt
1553 769 1620 795 le.
1635 779 1648 801 4
1658 789 1667 802 ,
1680 776 1703 799 3.
1724 777 1748 796 et
1762 772 1847 796 Strabo
1860 783 1884 805 9,

62 818 137 837 merx
151 809 227 836 facile
238 814 368 835 etntorem
381 808 490 843 reperit.
563 807 691 834 Sordidae
704 804 797 833 mercis
811 808 965 837 negotiator
993 802 1126 836 Quinctil.
1224 809 1275 829 ME
1285 809 1297 829 s
1307 809 1320 829 S
1329 810 1346 830 Ε
1357 810 1378 830 Ν
1389 811 1397 830 1
1408 811 1439 831 Λ.
1477 805 1643 840 [Μεσσηνία]
1686 806 1770 840 Regio
1785 806 1899 835 Achaiae
1920 810 1947 836 in
1968 812 2164 848 Peloponneso,
2191 814 2257 843 duo.

62 854 81 878 1,
95 853 128 871 12.
200 845 265 871 Plin.
280 852 327 877 32,
346 852 362 870 2
390 844 470 871 Nunc
484 848 554 870 tanta
567 844 676 878 penuria
690 840 726 868 est
739 838 878 866 vendibili
893 847 999 872 merce,
1026 844 1055 865 vt
1069 846 1126 873 per·
1189 836 1321 874 deuiginti
1335 841 1487 881 montium,
1506 848 1535 867 vt
1549 842 1588 866 ait
1605 841 1670 869 Plin.
1684 852 1709 874 4,
1724 851 1746 872 ς.
1802 843 1832 868 In
1846 842 1889 869 illu
1902 846 2000 880 regione
2021 850 2132 884 oppiclum
2144 849 2176 887 est
2190 852 2257 879 Mes.

79 888 137 906 uam
151 888 212 906 raro
225 886 345 906 cernatur
366 879 394 906 in
412 881 460 906 suo
480 879 556 906 orbe.
629 879 731 911 lingere
748 883 865 908 merem,
897 876 954 901 viel.
975 881 1059 901 AVG
1070 880 1124 901 Eo.
1188 873 1258 901 sene.
1286 890 1297 903 0
1315 877 1348 902 Et
1361 876 1532 903 Messeniacus
1553 876 1629 903 tinus.
1686 878 1754 903 Hine

82 915 216 942 onuehere
229 924 261 942 ex
274 916 399 950 Hispania
409 936 417 948 ,
438 916 493 942 viel.
510 921 554 942 CO
564 920 586 940 N
595 919 616 940 v
625 918 670 938 ΕΗ
679 917 707 937 O.
783 911 838 937 Effe
850 911 878 937 in
894 919 983 937 merce
1010 910 1077 937 Plin.
1086 918 1125 943 12,
1226 917 1252 936 M
1263 917 1280 937 E
1289 916 1302 936 S
1311 918 1324 938 S
1333 919 1350 939 E
1361 919 1382 938 N
1391 920 1400 939 1
1410 918 1432 939 V
1441 920 1454 939 S
1463 932 1472 946 ‚
1491 921 1505 939 a
1514 933 1523 946 ,
1541 921 1596 939 um.
1633 910 1693 940 Adi.
1737 913 1819 953 Quid.
1837 914 1902 941 Met.
1918 921 1943 941 12
1952 936 1960 947 ,
1974 923 2020 950 549
2052 919 2098 946 Ille
2112 926 2171 948 tuus
2185 923 2257 957 geni.

56 958 95 983 25.
137 951 160 977 b.
179 961 200 977 e.
235 952 331 978 Venire.
406 950 535 986 Expedire
564 949 619 974 snas
644 955 761 980 merces,
794 946 925 982 Ostendet-e
943 953 969 971 et
988 947 1124 981 explicare.
1140 953 1175 973 20
1191 950 1235 973 toi-
1249 947 1374 974 Messenia
1389 949 1496 975 moenia
1508 948 1644 983 quondam
1664 949 1780 983 Strauit,
1798 957 1843 977 etc.

55 986 138 1013 Ouid,
156 986 197 1013 -dc
215 988 279 1014 Arte
297 988 354 1014 Am,
373 995 427 1021 42¹-
499 982 644 1011 Extrudere
662 982 767 1009 venales
799 983 869 1009 Hor.
890 982 969 1017 Epist.
990 991 1020 1015 2,
1039 990 1070 1015 2,
1093 990 1125 1008 11.
1225 989 1251 1009 Μ
1265 990 1405 1011 ESSiAs.
1443 985 1583 1018 Hebraice,
1605 985 1698 1011 Graece
1717 990 1814 1021 χμςὸς,
1840 987 1930 1013 Latine
1947 987 2037 1014 anlus
2051 990 2145 1017 dicitur
2176 994 2256 1030 vulg,

55 1022 142 1049 Gestat
154 1031 269 1049 mercem
284 1022 335 1050 fine
349 1023 415 1049 fucis
440 1019 479 1048 1d.
494 1019 576 1046 Serm.
591 1028 609 1052 1,
624 1026 649 1051 2,
662 1023 700 1051 83.
756 1019 862 1045 Mutare
887 1019 963 1058 Virg.
978 1018 1066 1051 Ecl.4,
1083 1026 1122 1050 39.
1186 1017 1245 1045 Ioh.
1259 1027 1283 1052 1,
1298 1027 1341 1053 42.
1439 1054 1445 1061 α

55 1057 200 1086 Ostendere
228 1059 296 1086 Hor.
310 1060 391 1086 Serui.
406 1065 426 1089 1,
440 1064 473 1088 2,
487 1062 539 1088 105.
613 1054 711 1082 Partiri
737 1055 794 1082 Cic.
811 1055 839 1081 in
855 1055 943 1081 Vatin.
957 1062 992 1080 iz.
1054 1054 1124 1080 Ven-
1221 1060 1271 1081 ME
1281 1061 1315 1081 ss
1326 1062 1336 1081 1
1346 1061 1383 1089 o,
1416 1057 1470 1082 vid.
1492 1060 1517 1082 Μ
1527 1062 1575 1083 ΕΤ
1585 1061 1617 1084 0.

54 1094 116 1120 dere
144 1094 226 1121 Ouid,
243 1094 306 1122 past,
321 1103 343 1126 ς,
356 1095 410 1126 ⁶7¹·
482 1091 560 1118 Μαι-11
572 1090 656 1123 mala,
677 1091 812 1116 conuicium
827 1090 942 1116 comicum
953 1089 1024 1116 Mala
1037 1097 1124 1122 merx,
1221 1096 1272 1118 ΜΕ
1283 1097 1335 1117 831
1346 1097 1376 1125 S,
1396 1090 1426 1118 is.
1447 1091 1467 1118 f.
1506 1093 1613 1125 [ὰμητὸς
1674 1092 1778 1128 Tempus
1792 1100 1816 1120 et
1827 1093 1890 1120 aflio
1904 1096 2019 1128 metendi,
2036 1096 2171 1135 frugesque
2189 1101 2256 1137 ipsae

52 1129 126 1159 hera,
147 1128 339 1157 haecetcallida
358 1127 441 1154 Plaut.
449 1126 512 1154 Cist.
520 1135 549 1160 4,
557 1128 628 1161 2,61.
665 1128 734 1153 Add.
749 1126 787 1153 Id.
797 1127 864 1153 Pers.
873 1135 901 1162 ⁴a,
910 1133 936 1158 z,
950 1127 990 1158 56.
1003 1124 1123 1152 etPseud.
1140 1132 1172 1159 25
1187 1127 1262 1160 adeo,
1282 1136 1332 1162 qua
1357 1127 1554 1163 dcmffiesunt.
1630 1129 1677 1155 lin.
1693 1130 1719 1162 6,
1732 1137 1759 1164 ¹7
1785 1130 1843 1156 Alia
1856 1130 1928 1156 illius
1942 1131 2006 1158 caeli
2023 1133 2118 1168 facies,
2137 1137 2183 1163 alii
2194 1138 2253 1165 fide,

14 1164 16 1167 ’
52 1174 87 1200 4,
108 1174 133 1197 ι,
157 1175 202 1199 44,
1185 1170 1247 1189 rum
1262 1170 1325 1190 ortu
1351 1181 1358 1194 ,
1395 1162 1474 1190 binae
1487 1165 1576 1191 inesses
1589 1163 1617 1190 in
1629 1173 1716 1198 auno,
1736 1164 1815 1192 binae
1827 1165 1940 1192 aestates.
1997 1169 2074 1196 Varr.
2094 1170 2127 1196 de
2141 1171 2171 1198 R.
2187 1174 2215 1200 R.
2231 1184 2238 1200 1

88 1206 390 1228 ΜΕκοιΜοΝινΜ
402 1219 410 1233 ,
431 1199 449 1226 i.
470 1208 495 1226 n.
533 1199 610 1225 Mem.
648 1198 730 1225 Plaut.
744 1197 864 1233 Amphit.
879 1196 949 1232 prol.
962 1205 1002 1231 pr.
1022 1197 1060 1223 Vt
1072 1205 1121 1223 vos
1184 1206 1218 1228 50
1250 1197 1335 1225 Meffis
1348 1199 1462 1234 proprio
1475 1200 1587 1226 nomine
1606 1199 1707 1227 dicitur
1726 1201 1755 1227 in
1775 1201 1808 1227 iis
1826 1209 1894 1236 quae
1913 1210 2064 1238 metuntur,
2091 1207 2206 1234 maxime
2227 1196 2255 1235 iii

51 1237 80 1263 in
94 1236 186 1264 vostris
201 1235 281 1263 vultis
301 1235 484 1262 mercimoniis
498 1234 620 1262 emundis
639 1233 842 1269 vendundisque
861 1242 903 1259 me
923 1233 1021 1260 lactum
1039 1232 1122 1260 lucris
1184 1233 1340 1264 frumento;
1378 1241 1404 1261 et
1417 1234 1451 1262 ab
1463 1244 1496 1262 eo
1509 1236 1558 1262 esse
1571 1235 1704 1262 vocabulo
1718 1236 1855 1263 declinata.
1929 1239 2018 1266 Nemo
2031 1246 2083 1267 tam
2095 1241 2147 1269 fine
2161 1245 2257 1278 oculis,

51 1271 160 1300 afficere.
222 1273 278 1300 Via.
294 1271 367 1299 Idem
381 1271 459 1298 Most.
473 1279 498 1305 3,
511 1279 541 1304 3,
556 1278 591 1297 12.
611 1277 635 1296 et
651 1270 743 1299 Tacit.
755 1271 825 1297 Ann.
838 1276 874 1304 15,
887 1274 926 1303 38,
938 1277 961 1296 2.
1184 1275 1238 1297 tarn
1252 1271 1305 1298 line
1318 1276 1408 1297 mente
1420 1272 1506 1304 viuit,
1527 1277 1556 1297 vt
1569 1272 1634 1307 quid
1648 1271 1677 1299 fit
1691 1273 1812 1299 sementis
1826 1281 1855 1299 ac
1868 1274 1965 1307 mellis,
1990 1277 2054 1311 quid
2067 1278 2195 1305 arborum
2210 1289 2255 1315 pu.

83 1314 230 1336 MERYx.
258 1307 346 1344 ‘Piscis
352 1316 440 1344 genus.
495 1306 563 1334 elin.
582 1314 629 1340 3z,
649 1314 679 1333 11.
1056 1314 1058 1316 ’
1134 1312 1167 1337 30
1184 1306 1249 1333 tatio
1262 1315 1291 1334 ac
1307 1307 1419 1340 vitium,
1446 1315 1501 1342 quo
1514 1314 1636 1342 tempore
1646 1308 1727 1341 anni,
1759 1314 1804 1335 aut
1821 1311 1961 1343 quomodo
1980 1320 2010 1338 ea
2030 1312 2109 1345 flant,
2140 1317 2254 1343 omuino

1183 1343 1280 1369 nesciat
1307 1342 1364 1369 Cic.
1379 1341 1412 1369 de
1425 1343 1500 1369 Orat.
1515 1351 1535 1378 1,
1549 1352 1608 1377 249.
1681 1343 1802 1371 Semente
1826 1345 1980 1380 prohibita,
2002 1354 2046 1374 aut
2059 1350 2136 1376 messe
2149 1352 2255 1386 amissa,

459 1381 501 1414 M
573 1382 601 1413 E
676 1381 696 1411 S
1182 1377 1289 1405 fruetus
1303 1387 1406 1405 annuus
1419 1378 1512 1406 interit
1537 1379 1593 1406 Cic.
1609 1378 1687 1407 Verr.
1701 1387 1724 1414 3,
1739 1388 1790 1413 125.
1864 1380 1966 1415 Mellis,
1994 1385 2065 1417 Scires
2079 1385 2129 1410 iam
2145 1396 2255 1415 masura.

1184 1414 1261 1449 Virg.
1284 1414 1382 1448 Georg.
1401 1423 1436 1448 4,
1455 1422 1501 1447 330
1537 1416 1624 1451 Atque
1642 1415 1762 1444 interfice
1783 1416 1881 1444 messes.
1966 1413 2075 1453 Aliena,
2109 1422 2163 1448 vid.
2183 1422 2255 1451 Falx.

85 1458 113 1479 Μ
127 1458 144 1479 Β
155 1458 206 1481 SA,
243 1452 328 1487 [μέσα
342 1453 355 1488 ]
393 1453 471 1487 Apud
488 1451 663 1484 Vitruuium,
695 1450 813 1476 dicuntur
834 1450 880 1486 ff
900 1450 988 1477 Partes
1013 1449 1118 1477 mediae
1182 1450 1280 1476 Amara
1305 1449 1387 1477 Ouid.
1401 1459 1434 1476 ex
1450 1451 1536 1477 Ponto
1547 1461 1569 1484 3,
1585 1460 1603 1485 1,
1617 1459 1654 1485 24.
1730 1452 1885 1487 Frugiferae
1907 1453 1945 1481 Id.
1960 1455 2025 1482 Met.
2039 1465 2061 1489 ς,
2075 1458 2132 1488 656.
2190 1460 2255 1485 Gra·

48 1488 172 1522 aedium,
198 1498 258 1523 quas
277 1488 341 1515 idem
363 1490 453 1515 Latine
468 1487 604 1515 Medianas
617 1485 739 1522 appellat.
795 1487 857 1512 Item
878 1486 1011 1513 Cannabis
1031 1485 1118 1513 lauda·
1136 1490 1165 1517 35
1181 1485 1251 1511 vidis
1265 1486 1370 1512 onerati
1385 1486 1506 1527 meffibus
1519 1487 1577 1522 agri
1604 1487 1643 1514 Id.
1656 1486 1725 1528 ibid-
1740 1493 1770 1521 8,
1783 1493 1835 1528 78¹·
1886 1523 1890 1529 .
1908 1490 1992 1525 Larga
2018 1492 2056 1518 Id.
2071 1492 2134 1519 Fass.
2148 1502 2183 1526 4,
2197 1497 2252 1531 617.

11 1528 15 1533 “
47 1524 138 1551 tiffima
151 1533 164 1551 e
177 1524 284 1557 medio,
300 1533 368 1560 quae
382 1525 449 1551 mesa
465 1529 575 1550 vocatur
605 1523 672 1550 Plin.
688 1531 729 1556 19,
741 1531 759 1556 9
779 1522 797 1548 s.
812 1523 853 1555 56.
1183 1520 1306 1548 Nudatae
1332 1521 1371 1549 ld.
1384 1521 1452 1549 Ibid.
1468 1530 1490 1558 3,
1506 1530 1562 1563 557.
1637 1524 1735 1559 Opima
1763 1525 1831 1564 plin.
1843 1524 1922 1559 Epist¹
1936 1534 1966 1559 5,
1981 1529 2006 1553 6.
2081 1528 2154 1555 Satae
2175 1531 2251 1565 Vix-g.

83 1567 109 1586 M
119 1566 137 1586 E
149 1567 192 1587 SA
203 1567 226 1587 N
237 1566 384 1593 CYLON,
405 1561 424 1587 i,
444 1569 471 1586 ῃ,
511 1560 593 1586 Genus
605 1559 651 1585 teli
661 1559 752 1591 usitati
763 1560 833 1593 apud
843 1558 973 1592 antiquos,
994 1557 1118 1584 euiusme-
1182 1557 1234 1583 Bel.
1255 1563 1285 1590 8,
1312 1566 1354 1592 99.
1411 1559 1552 1594 Peregrina
1572 1560 1649 1586 meffe
1668 1560 1759 1595 plenae
1780 1568 1884 1587 carinae
1917 1561 2014 1591 Lucan.
2033 1565 2066 1596 6,
2083 1571 2136 1596 105.
2211 1569 2252 1593 Si.-

49 1596 122 1621 minit
136 1596 204 1623 Gell.
217 1605 256 1629 10,
270 1603 309 1629 25.
369 1596 456 1622 Totum
472 1596 595 1622 Graecum
609 1594 657 1630 qli,
674 1594 834 1628 meantime,
853 1595 983 1620 inem-tium
994 1595 1021 1619 in
1029 1593 1116 1619 medio.
1180 1592 1271 1620 lustin.
1285 1601 1337 1627 24,
1355 1600 1373 1628 7
1404 1593 1539 1621 Prohibiti
1558 1595 1671 1629 agrestes
1701 1610 1747 1616 ——
1767 1596 1855 1622 meffes
1875 1596 1990 1632 vinaque
2009 1599 2080 1626 villis
2099 1600 2212 1636 efferre,
2233 1604 2251 1629 i.

86 1637 274 1659 MESAVLA
287 1626 316 1658 ρ’,
353 1633 493 1667 [uso-avam
507 1632 520 1667 J
557 1631 664 1656 Aedium
681 1631 801 1664 quaedam
820 1630 917 1656 itinera
930 1629 972 1661 fic
989 1628 1116 1654 dicuntur
1176 1638 1273 1662 grana.
1327 1629 1452 1656 Triticea
1473 1631 1550 1665 Virg.
1566 1632 1666 1666 Georg.
1681 1640 1702 1664 1,
1716 1639 1769 1665 219.
1844 1632 1946 1666 Coquit
1958 1633 2032 1660 ficcas
2045 1636 2162 1663 canicula
2184 1639 2252 1665 Pers.

47 1668 115 1700 apud
128 1668 249 1700 Graecos,
270 1667 342 1703 quod
356 1669 426 1695 inter
439 1667 502 1694 duas
515 1667 586 1695 aulas
599 1665 687 1692 media
704 1666 764 1692 sunt
777 1665 940 1700 interposita.
967 1664 1050 1691 nostri
1065 1665 1116 1690 An·
1132 1672 1169 1697 40
1180 1664 1230 1690 Sat.
1247 1674 1259 1697 3
1274 1686 1283 1698 ,
1301 1672 1324 1698 5.
1399 1665 1489 1692 Eludit
1504 1667 1574 1700 seges
1586 1666 1677 1693 herbis
1690 1666 1830 1693 fallacibus
1862 1667 1971 1696 Tibull.
1986 1679 2014 1702 2,
2030 1678 2056 1703 1,
2074 1679 2109 1703 19.
2185 1674 2252 1701 Tua

47 1701 144 1729 drongs
158 1710 253 1730 vocant
281 1704 389 1730 Vin-uu,
403 1705 436 1736 6,
451 1712 488 1730 10,
1180 1700 1262 1727 meilis
1276 1701 1305 1727 in
1317 1699 1401 1727 herba
1413 1701 1455 1728 Est
1481 1701 1564 1728 Ouid.
1579 1702 1691 1729 Heroid.
1708 1710 1753 1737 17,
1767 1706 1822 1735 263.
1896 1703 2038 1731 Inhorruit
2051 1707 2148 1741 campis
2175 1708 2252 1744 Virg.

83 1744 108 1764 M
121 1744 138 1764 E
148 1745 218 1764 sgs,
255 1738 289 1772 [ὅ
300 1739 389 1772 pawn]
432 1739 522 1763 Ventus
533 1736 601 1762 inter
613 1736 716 1762 Boream
734 1743 759 1763 et
771 1735 895 1762 casciani.
933 1735 1000 1763 Plin.
1014 1742 1046 1769 2,
1066 1743 1113 1770 47.
1179 1736 1278 1771 Georg.
1291 1745 1311 1772 1,
1325 1745 1377 1770 3¹4·
1451 1737 1517 1764 Plin.
1531 1736 1610 1772 Epist.
1625 1744 1647 1770 5,
1661 1740 1678 1764 6
1710 1739 1822 1773 Pingues
1837 1739 1991 1774 terrenique
2006 1741 2086 1768 colles
2099 1743 2252 1776 planissimis

48 1772 216 1807 Vid.schema,
230 1774 296 1806 quod
305 1775 392 1798 damus
406 1772 434 1797 in
447 1778 494 1798 VE
504 1777 527 1797 N
537 1777 590 1798 TV
599 1777 622 1797 S.
1178 1773 1276 1807 campis
1291 1773 1430 1799 fertilitate
1447 1782 1503 1800 non
1516 1773 1627 1803 cedunt;
1664 1773 1837 1809 opimamque
1853 1774 1958 1802 mess‘etn
1972 1776 2054 1803 serius
2068 1783 2169 1805 tantum
2178 1799 2186 1813 ,
2207 1781 2251 1808 sed

76 1814 193 1840 MESE,
213 1816 250 1834 es.
269 1807 291 1836 f.
328 1806 363 1842 [n‘
377 1808 457 1842 μέση]
491 1806 524 1843 est
536 1807 651 1841 Chorda,
665 1807 763 1832 media:
804 1808 872 1834 Vnus
883 1815 916 1833 ex
927 1812 957 1836 18
967 1807 1112 1843 phthongis,
1178 1816 1234 1834 non
1255 1809 1360 1842 minus,
1387 1810 1565 1844 Percoquunt.
1652 1808 1792 1845 Ruperunt
1811 1809 1910 1837 horrea
1941 1812 2018 1847 Virg.
2038 1813 2136 1849 Georg.
2154 1824 2179 1846 1,
2204 1826 2250 1850 49.

39 1852 53 1880 ς
66 1843 151 1877 quibus
167 1842 261 1878 constat
279 1844 393 1877 musicum
405 1843 513 1879 systema
531 1843 585 1870 vid.
607 1843 715 1869 Vitruu.
729 1850 759 1876 5,
779 1851 807 1876 4.
869 1844 996 1870 Martian.
1015 1843 1080 1878 Cap.
1095 1853 1111 1877 9
1126 1851 1160 1877 45
1176 1843 1306 1871 Scruntur
1318 1845 1408 1871 messes
1434 1845 1473 1871 Id.
1487 1844 1556 1872 Ibid.
1570 1852 1591 1878 1,
1610 1853 1663 1878 103.
1739 1846 1854 1881 Surgunt
1879 1845 1918 1874 Id.
1934 1845 2003 1874 Ibid.
2016 1855 2042 1881 t,
2055 1851 2103 1876 161.
2162 1852 2250 1880 Tei-et

41 1887 67 1914 p.
79 1886 126 1911 322
150 1878 284 1912 Mediam,
305 1887 386 1914 quam
399 1879 487 1906 mesen
506 1878 631 1906 diximus.
687 1879 781 1914 Nempe
791 1877 893 1914 respicit
905 1880 941 1905 ad
961 1889 986 1914 p.
999 1887 1038 1912 315
1068 1880 1113 1906 vbi
1174 1888 1234 1906 area
1248 1881 1338 1907 mess‘es
1362 1881 1481 1908 Martial.
1494 1890 1523 1915 9,
1536 1889 1575 1915 9²·
1648 1881 1744 1908 Vestiti
1757 1881 1877 1909 messibus
1891 1883 1949 1917 agri
1973 1884 2056 1911 Ouid.
2071 1885 2135 1913 Fast.
2149 1896 2176 1921 4,
2185 1895 2249 1923 707,

39 1917 110 1940 'inter
122 1915 206 1942 Sonos
224 1916 267 1940 vel
280 1915 380 1942 Tonos
406 1915 467 1949 (hic
478 1915 543 1941 enim
552 1921 600 1950 pro
614 1914 703 1941 iisdem
716 1914 830 1950 accipit)
863 1921 913 1942 xv
922 1922 950 1941 11
960 1922 970 1941 1
991 1915 1111 1942 Ofiauus
1175 1916 1300 1943 Messibus
1309 1936 1318 1950 ,
1337 1918 1485 1951 Ablatiuus,
1502 1918 1618 1952 Tempore
1632 1916 1719 1950 meffis.
1779 1918 1844 1946 Pliu.
1858 1926 1902 1951 22,
1916 1928 1938 1951 13
1962 1919 2055 1946 Senien
2069 1922 2160 1958 colligi
2169 1925 2249 1953 melli-

39 1949 75 1976 est
86 1955 146 1981 μέση
163 1950 191 1977 id
207 1950 246 1977 est
265 1951 360 1978 media.
420 1951 469 1977 Sed
488 1951 564 1977 etiam
582 1950 707 1986 quintus,
733 1951 835 1985 sextus,
862 1957 889 1978 et
906 1951 1033 1986 septimus
1046 1951 1110 1988 sumt
1173 1951 1222 1980 bus
1237 1958 1354 1987 oportet.
1411 1953 1479 1980 Plin.
1492 1961 1538 1987 24,
1553 1961 1583 1986 14
1609 1953 1669 1980 Flos
1683 1953 1754 1980 mori
1769 1962 1816 1988 per
1829 1955 1918 1980 messes
1933 1955 2079 1990 colligitur.
2135 1960 2248 1994 Meffim,

37 1985 117 2017 διέτη
136 1991 226 2019 μέσων,
243 1992 385 2021 naevii-Aru,
404 1994 430 2013 et
449 1989 568 2020 διάτονος,
599 1988 624 2013 h.
641 1996 662 2013 e.
682 1985 834 2014 mediarum
852 1987 1025 2022 principalis,
1051 1987 1110 2014 sub·
1173 1989 1354 2024 Accusatiuus,
1366 1996 1413 2023 pro
1426 1989 1544 2023 Mffm,
1566 1991 1636 2026 opud
1647 1989 1767 2015 Plautum
1785 1989 1814 2014 in
1831 1989 1936 2016 Mostel.
1952 1998 1978 2022 1,
1998 2000 2027 2023 3,
2048 1999 2071 2024 5.
2145 1995 2247 2030 Mcssis,

37 2022 209 2058 principalis,
234 2028 260 2049 et
273 2028 385 2050 extenta.
1123 2030 1157 2054 50
1170 2030 1218 2056 per
1231 2024 1430 2048 translationem.
1493 2022 1550 2047 Cic.
1568 2031 1596 2047 in
1610 2022 1700 2049 Parad.
1719 2024 1737 2048 6
1765 2023 1820 2054 Qii
1839 2025 2047 2059 proscriptiones
2066 2027 2246 2065 locupletum,

73 2064 126 2085 ΜΕ
135 2064 173 2085 SE
182 2065 206 2084 M
216 2063 234 2084 Β
244 2065 282 2085 Rl
291 2064 358 2085 Aet
375 2059 470 2085 Portus
495 2056 674 2084 Ouid.Trist.
686 2065 707 2090 1,
721 2059 749 2089 6,
761 2064 803 2090 37.
823 2057 842 2083 i.
861 2056 977 2082 Thracii.
1014 2063 1110 2088 Μεσημ-
1172 2057 1221 2089 qui
1234 2055 1325 2081 caedes
1338 2055 1568 2095 municipiorum,
1593 2057 1640 2096 qui
1657 2056 1730 2083 illam
1745 2057 1844 2084 Sullani
1858 2061 1987 2094 temporis
2007 2063 2110 2089 messem
2125 2066 2247 2093 recorde-

39 2091 90 2126 ρει,
104 2093 177 2119 enim
190 2093 254 2120 vrb,
267 2093 304 2120 est
318 2093 466 2120 Thraciae,
1173 2096 1227 2116 tur.
1283 2090 1364 2116 Meffe
1377 2096 1453 2117 tenus
1467 2099 1575 2126 propria
1589 2100 1653 2118 viue
1682 2093 1749 2120 Pers.
1764 2097 1794 2126 (›‚
1808 2101 1847 2126 25.
1923 2097 2026 2123 Metere
2046 2099 2149 2126 ineisem
2165 2102 2247 2129 malo.

36 2144 40 2147 .
74 2124 100 2154 M
108 2134 126 2155 E
135 2134 148 2153 s
157 2135 167 2154 1
176 2134 197 2155 A
206 2149 214 2162 ‚
252 2129 306 2154 vid.
327 2134 352 2154 M
362 2134 381 2155 o
390 2135 406 2154 E
416 2135 429 2153 s
438 2134 448 2153 1
458 2133 489 2154 Α.
1171 2134 1233 2153 rum
1242 2147 1250 2160 ,
1279 2127 1334 2153 vid.
1353 2133 1379 2153 M
1389 2133 1406 2153 Ε
1416 2133 1438 2152 Τ
1446 2133 1475 2153 ο.
1549 2126 1671 2154 Tertull.
1691 2128 1723 2155 de
1742 2130 1838 2156 Anima
1854 2138 1880 2163 55
1916 2132 1957 2158 Sic
1978 2139 2003 2159 et
2017 2134 2107 2168 rapida
2125 2145 2245 2172 quaeque

72 2170 200 2191 MESOC
212 2162 360 2197 ndavs,
388 2164 406 2191 i,
439 2172 474 2189 m,
516 2161 696 2196 [μισὸχοῃς]
746 2159 882 2194 Fistula-tor
906 2167 951 2195 <me
974 2160 1108 2196 citharista
1172 2170 1262 2195 morS,
1281 2168 1310 2188 vt
1323 2163 1460 2189 ceruicum
1477 2161 1576 2196 meffis,
1607 2164 1688 2190 semel
1708 2172 1738 2191 ac
1762 2171 1861 2192 tantam
1880 2166 1989 2195 ianuam
2006 2169 2121 2202 pandens
2140 2178 2188 2200 etc.
2226 2175 2245 2200 i.

29 2200 132 2235 stgnum
144 2201 209 2226 dans
225 2200 330 2226 caeteris
344 2200 372 2224 in
384 2199 462 2225 medio
475 2198 549 2222 choro
554 2196 722 2231 saltationum
741 2195 809 2220 Plin.
829 2194 907 2228 Epist.
921 2203 954 2228 2,
969 2205 1014 2229 14,
1027 2198 1045 2222 6
1076 2198 1107 2222 de
1124 2203 1154 2230 ςς
1164 2197 1251 2233 subita
1265 2197 1410 2232 amputatio.

35 2235 159 2262 concinnis
171 2235 337 2271 plausoribus,
363 2235 424 2260 Hoc
437 2232 532 2272 pretio.
558 2245 604 2252 -—-
620 2229 721 2256 infiniti
736 2229 866 2256 clamores
879 2237 1106 2271 commonentur,
1207 2239 1235 2260 M
1242 2238 1260 2261 Ε
1269 2238 1283 2262 s
1291 2239 1304 2260 s
1313 2239 1334 2261 ο
1342 2239 1362 2259 R
1370 2252 1380 2266 ,
1415 2239 1443 2260 M
1451 2239 1468 2259 E
1476 2237 1489 2260 S
1497 2239 1511 2260 8
1519 2238 1540 2260 Ο
1547 2239 1567 2260 R
1577 2240 1588 2261 1
1596 2239 1618 2260 V
1627 2239 1641 2260 S
1650 2253 1660 2267 ,
1696 2233 1752 2261 vid.
1773 2240 1798 2261 M
1805 2242 1823 2262 Ε
1832 2241 1853 2262 T
1861 2242 1890 2264 0.

34 2279 96 2297 tum
107 2270 237 2304 μεσὸχορας
250 2270 323 2297 dedit
335 2269 446 2304 signum.
503 2267 590 2293 Simile
600 2264 633 2301 qs?
653 2265 817 2293 Mesonauta.
873 2266 999 2293 Sidonius
1024 2267 1072 2302 Ep.
1085 2277 1105 2300 1,
1870 2287 1872 2293 .

34 2313 52 2332 2
70 2313 136 2347 extr.
163 2306 273 2347 -Nullus
298 2306 338 2333 ibi
356 2304 474 2338 lyristes,
504 2302 643 2332 choraules
651 2322 660 2335 ‚
689 2300 878 2335 mesochorus,
902 2302 1087 2337 tympanistria
1095 2322 1106 2336 ‚
1575 2305 1616 2340 M
1688 2307 1717 2340 E
1797 2309 1832 2342 T

33 2342 142 2404 Psalliri-ias
152 2348 285 2411 gang-Es,
310 2376 485 2403 modulationis
494 2374 601 2410 species,
622 2380 663 2408 ap.
675 2373 754 2400 Mart.
768 2373 868 2408 Capell.
881 2382 900 2407 9
916 2382 942 2409 p.
955 2375 1012 2406 326.
1117 2378 1154 2405 60
1203 2382 1230 2404 Μ
1239 2382 1258 2404 Ε
1269 2382 1309 2412 Τ,
1328 2375 1446 2413 syllaba,
1470 2383 1573 2405 ornatus
1591 2376 1665 2414 causa
1683 2379 1835 2416 adiungitur
1845 2380 1938 2416 castius
1950 2385 2060 2411 omnibus
2069 2387 2242 2421 pronominum

73 2419 100 2440 M
110 2420 128 2440 E
136 2420 149 2440 S
157 2419 176 2445 Ο
185 2420 200 2440 L
209 2419 231 2440 Α
239 2420 255 2440 Β
263 2419 285 2440 V
292 2419 336 2446 Μ,
349 2412 375 2448 s.
395 2419 422 2438 M
430 2418 448 2438 Ε
455 2417 470 2438 S
478 2417 498 2437 Ο
507 2417 526 2436 1.
536 2417 559 2437 A
567 2415 584 2436 Β
593 2416 603 2436 1
611 2415 633 2436 V
641 2415 677 2436 Μ.
704 2409 718 2443 [
724 2408 871 2444 fasciaretur]
909 2410 1103 2446 Instrumentum
1164 2414 1264 2450 primae
1278 2415 1398 2450 personae
1417 2421 1470 2439 tam
1481 2414 1633 2450 ſsngularis,
1652 2425 1726 2450 quam
1741 2418 1853 2452 plural1's
1865 2421 1964 2445 numeri
1977 2439 1986 2453 ,
2015 2422 2104 2456 absque
2124 2425 2240 2452 Genitiuo

33 2447 68 2484 est
77 2449 108 2475 ab
120 2449 275 2484 Eratosthene
285 2448 451 2483 excogitatum
461 2447 500 2472 ad
514 2446 653 2472 mediarum
667 2445 793 2473 linearum
813 2446 994 2479 inuendonem,
1016 2446 1103 2481 quibus
1163 2450 1282 2485 plurali,
1298 2457 1328 2476 vt
1341 2450 1468 2485 Egomet,
1485 2451 1601 2486 Monet,
1627 2451 1757 2489 Nostnet,
1781 2455 1812 2480 de
1825 2454 1913 2488 quibus
1925 2455 1949 2490 s.
1963 2457 1983 2483 l.
2040 2458 2162 2485 Secundae
2181 2471 2240 2488 vei-0

26 2484 112 2520 filent
127 2484 298 2510 mathematici
308 2484 411 2519 figuras
429 2491 536 2518 augere,
554 2488 601 2508 aut
618 2482 757 2517 duplicare.
818 2482 940 2509 Memi’m't
960 2482 1103 2509 Vitruuius
1163 2485 1283 2521 personae
1296 2486 1403 2520 obliquis
1416 2493 1515 2512 tantum
1536 2487 1645 2520 cafibut,
1665 2495 1695 2514 vt
1712 2488 1845 2523 Tuimct,
1864 2490 1972 2519 tibimet
1991 2499 2038 2520 etc.
2113 2495 2242 2531 Trypho.

31 2529 64 2555 92
74 2528 87 2552 3
113 2527 137 2546 θ’
150 2519 268 2555 dt’fi'rfbl'!
276 2521 313 2545 ad
324 2528 377 2545 eum
389 2519 467 2546 lvtum
479 2518 627 2544 Philander-
1167 2521 1247 2547 ninus
1260 2521 1290 2548 in
1302 2521 1319 2549 l.
1333 2524 1369 2556 67
1387 2521 1633 2550 Vsufruetuarinm.
1653 2523 1687 2551 D.
1699 2523 1732 2551 de
1743 2525 1873 2553 vsufru&
1919 2527 1945 2554 Si
1963 2528 2051 2563 postea
2066 2529 2241 2568 sibimetipsae

65 2561 139 2583 MES
148 2561 193 2583 01.
203 2562 220 2583 E
230 2561 250 2582 ν
259 2561 277 2582 c
287 2561 307 2582 o
319 2561 349 2588 S,
386 2552 563 2589 [melmun]
601 2553 654 2587 est,
673 2553 758 2588 inquit
769 2553 836 2582 Plin.
849 2560 900 2588 37,
915 2563 945 2581 ιο
972 2554 1103 2595 Gemma,
1118 2558 1150 2589 65
1166 2555 1328 2590 inciderint,
1349 2557 1498 2592 dilapsaeue
1508 2557 1620 2586 fuerint.
1678 2561 1727 2587 Sed
1745 2563 1812 2596 quod
1824 2562 1948 2589 laudatur
1968 2565 2051 2591 Plaut.
2065 2566 2144 2595 Cure.
2158 2577 2187 2602 ς,
2206 2577 2240 2603 2,

30 2600 109 2627 quam
122 2591 236 2619 mediam
250 2590 360 2618 candida
375 2590 513 2626 distinguit
526 2590 612 2623 linea,
637 2599 700 2624 quae
715 2589 790 2624 ipfius
803 2590 910 2616 nominis
922 2591 1102 2626 interpretatio
1165 2600 1199 2626 29
1226 2592 1376 2619 Phedrome
1397 2593 1508 2620 obsecro
1532 2595 1607 2622 serua
1624 2604 1675 2623 iiie.
1709 2602 1766 2625 ΡΗ.
1793 2603 1974 2633 tanquainmet
1997 2601 2106 2635 genium
2131 2613 2221 2632 meum

31 2627 66 2664 est
78 2638 86 2652 :
121 2627 274 2660 μεσόλευκον,
294 2628 321 2652 in
333 2628 411 2654 medio
428 2628 519 2653 album.
573 2625 756 2660 mesoleucos,
781 2627 873 2654 Herba.
930 2626 997 2653 Plin.
1010 2633 1062 2660 27,
1082 2635 1102 2652 11
1167 2629 1244 2656 Grou.
1260 2634 1387 2664 tanquam
1405 2638 1449 2656 me
1461 2635 1498 2656 et.
2229 2626 2240 2639 '

31 2663 118 2690 Leuce
131 2663 287 2690 Mercuriali
304 2662 410 2697 similis,
430 2672 529 2690 nomen
543 2670 575 2689 ex
587 2663 662 2689 causa
673 2661 790 2696 accepit,
810 2670 858 2696 per
871 2661 990 2689 medium
1004 2662 1102 2689 folium
1139 2697 1141 2700 Α
1203 2671 1229 2691 Μ
1238 2671 1256 2692 Ε
1265 2671 1287 2691 Τ
1296 2672 1335 2698 Α,
1354 2673 1392 2691 ae.
1420 2665 1440 2692 f.
1477 2666 1584 2702 [κῶνος]
1621 2669 1717 2704 Corpus
1735 2669 1857 2703 conicum,
1875 2680 1906 2696 ex
1920 2672 1976 2705 basi
1986 2672 2126 2700 orbiculari
2130 2674 2239 2711 surgens

31 2698 141 2726 candida
155 2699 224 2726 liuta
237 2705 431 2726 transcurrente
443 2709 451 2729 ἱ
489 2707 572 2734 quare
585 2697 756 2725 Mesoleucon
775 2697 883 2732 quidam
897 2704 1002 2725 vocant.
1164 2700 1235 2727 ime>-
1247 2701 1327 2727 retias
1338 2702 1419 2727 lineas
1431 2701 1459 2727 in
1473 2712 1582 2730 acumen.
1641 2705 1722 2730 Huius
1729 2707 1840 2740 figuram
1851 2706 1926 2738 efficit
1939 2708 2015 2735 etiam
2027 2711 2115 2735 vmbra
2129 2714 2238 2746 corporis

66 2742 118 2762 ME
127 2742 139 2761 s
150 2741 170 2762 o
183 2741 209 2762 M
221 2733 293 2762 E'LA
302 2741 325 2761 s.
361 2734 530 2769 [μεσόμελας]
575 2735 684 2760 Gemma.
727 2733 795 2760 Plin.
815 2741 862 2769 37,
882 2743 911 2761 10
941 2734 1100 2761 Mesomelas
1114 2741 1150 2769 70
1164 2738 1234 2771 opaci
1249 2737 1378 2772 sphaerici
1389 2747 1405 2763 a
1414 2738 1488 2772 globo
1501 2739 1594 2765 maiore
1607 2739 1670 2766 lucis
1684 2740 1826 2776 collustrati.
1883 2743 1925 2768 Sic
1939 2743 1995 2772 Cic.
2010 2744 2042 2771 de
2056 2745 2149 2774 Diuin.
2163 2756 2193 2781 2,
2208 2755 2237 2783 17

28 2771 105 2807 nigri!
117 2780 183 2798 verm
196 2769 345 2806 quemlibet
358 2770 477 2801 (Olorem
490 2771 590 2797 secante
603 2778 650 2805 PU·
664 2767 793 2796 medium·
1164 2782 1185 2799 c.
1194 2776 1209 2799 6
1231 2773 1302 2799 Meta
1315 2773 1403 2800 ηοὲὶὶε
1416 2773 1510 2800 dicitur
1522 2776 1611 2801 vmbra
1624 2783 1714 2810 terrae,
1729 2787 1790 2811 quae
1805 2776 1906 2813 eclipsin
1913 2779 1988 2806 lunae
1999 2781 2081 2813 efficit,
2141 2783 2236 2818 Neque

67 2814 117 2835 ME
126 2814 139 2834 s
149 2813 168 2834 ο
182 2814 204 2834 N
214 2828 222 2841 ,
249 2807 347 2833 auom-e
359 2806 450 2840 Festo,
469 2808 581 2834 Persona
594 2805 705 2832 Comica
719 2805 882 2845 appellatur,
902 2812 947 2833 aut
961 2806 1034 2840 coci,
1054 2811 1100 2833 aut
1162 2808 1235 2835 aliud
1249 2810 1297 2836 esse
1317 2808 1436 2842 noelem,
1455 2818 1533 2844 quam
1548 2816 1633 2838 terrae
1648 2811 1780 2846 vmbram,
1791 2813 1906 2848 figuram
1919 2821 2008 2843 autern
2022 2817 2147 2851 vmbrae,
2168 2819 2236 2846 sirni-

27 2848 138 2877 nautae,
158 2849 203 2870 aut
221 2843 278 2870 eius
297 2842 402 2878 generis
411 2851 424 2882 ’ς
461 2843 533 2870 difila
546 2842 580 2868 ab
593 2843 736 2883 inuentore
747 2850 805 2883 eius
823 2842 933 2884 Mesone
947 2842 1080 2885 comoedo
1091 2863 1100 2876 ,
1164 2845 1216 2871 lem
1229 2851 1315 2872 metae
1328 2853 1357 2886 ac
1369 2844 1473 2886 turbini
1487 2846 1595 2888 inuerso
1616 2847 1681 2874 Plin.
1695 2857 1724 2881 2,
1740 2857 1768 2875 10
1788 2850 1805 2875 s.
1822 2856 1847 2884 7.
1902 2852 2082 2878 Mathematico
2097 2854 2172 2889 sensu
2188 2863 2234 2891 pro

26 2879 63 2906 ait
76 2879 262 2914 Aristophanes
277 2885 471 2914 grammaticus.
527 2877 641 2913 Ostendit
660 2888 673 2904 e
694 2878 799 2904 Graecis
819 2880 934 2915 Scaliger
951 2879 998 2915 effi
1014 2886 1098 2915 potius
1161 2890 1219 2907 cono
1232 2882 1277 2907 vel
1282 2881 1389 2916 sellione
1402 2890 1487 2907 conica
1499 2890 1590 2917 occepit
1604 2883 1688 2909 Metas
1702 2883 1801 2910 Persius
1815 2893 1834 2917 1,
1849 2893 1883 2918 ¹3¹
1913 2886 1971 2914 Nec
1984 2889 2031 2923 qui
2042 2888 2124 2916 abaco
2144 2899 2235 2918 nume-

27 2915 196 2949 Maesonem,
216 2925 246 2942 ex
260 2918 363 2943 Μαίσων.
1114 2922 1147 2950 75
1162 2925 1222 2950 rm,
1243 2922 1269 2944 et
1283 2916 1356 2944 secto
1369 2917 1399 2944 in
1412 2917 1522 2952 puluere
1541 2924 1622 2945 metas
1634 2919 1686 2946 Scit
1699 2919 1778 2946 riliss'e
1791 2921 1875 2948 vafer.
1929 2923 2018 2950 Metae
2036 2924 2171 2960 adspee‘lus
2191 2936 2233 2952 cu-

29 2962 32 2963 .
64 2957 136 2978 MES
146 2957 199 2979 ON
208 2957 229 2977 A
239 2957 321 2978 vrrs..
331 2970 340 2984 ,
359 2958 397 2977 ae.
419 2959 455 2976 111.
491 2949 547 2982 Qi
559 2947 678 2976 medium
693 2949 763 2976 inter
775 2950 964 2977 nautaslocum
973 2949 1098 2977 obtinens
1161 2954 1246 2987 presso
1267 2953 1391 2980 tribuitur
1410 2962 1427 2978 a
1447 2952 1513 2979 Plin.
1527 2955 1572 2986 16,
1591 2963 1618 2986 33
1646 2955 1662 2981 s.
1676 2957 1712 2982 60
1728 2967 1733 2982 :
1771 2958 1835 2982 alibi
1853 2957 1914 2983 item
1933 2959 2014 2987 buxo.
2174 2960 2194 2998 ff
2215 2970 2232 2987 2

26 2988 139 3022 reliquis
157 2984 307 3022 remigandi
327 2986 428 3021 lignum
446 2984 563 3020 praebet.
587 2985 605 3012 l.
621 2995 628 3012 1
655 2983 679 3022 §.
694 2996 702 3012 1
730 2985 763 3012 D.
781 2985 814 3013 de
833 2986 915 3014 Naut.
928 2987 1012 3022 Caup.
1026 2987 1097 3014 Stab.
1161 2989 1315 3024 Frequenter
1327 2997 1350 3015 et
1357 2988 1564 3024 sollemniterillis
1577 2991 1703 3016 tribuitur
1715 2993 1855 3027 corporibus
1868 2994 1967 3027 corticis,
1991 3006 2054 3030 quae
2066 2996 2176 3030 inspina
2188 3006 2230 3022 ex-

28 3024 114 3051 Sl-,m-le
127 3032 212 3050 mmm
224 3022 257 3058 ,st
270 3022 454 3050 Mesochorug·
1161 3031 1242 3050 trema
1256 3025 1320 3051 circi
1332 3024 1461 3059 constituta
1474 3024 1680 3052 circumuebemla
1692 3035 1766 3054 erant
1779 3029 1810 3054 ab
1821 3030 1933 3065 aurigis,
1954 3031 1999 3056 vbi
2012 3032 2076 3056 artis
2091 3038 2162 3064 erat,
2175 3032 2230 3058 bre-

29 3071 31 3075 ·
65 3065 92 3086 M
101 3066 118 3086 Ε
127 3066 139 3085 S
150 3065 171 3086 Ο
180 3067 195 3087 1²
204 3065 224 3087 Ο
234 3066 256 3086 Τ
265 3065 287 3085 Α
297 3065 324 3086 Μ
334 3065 343 3084 I
352 3065 384 3085 Α.
422 3058 632 3093 [Μεσοποταμία]
669 3057 745 3091 Asiae
764 3058 846 3093 regio,
867 3059 935 3084 inter
959 3059 1058 3094 Tigrim
1072 3066 1097 3085 et
1161 3059 1256 3094 viffimo
1268 3060 1389 3094 anfim‘lu
1400 3061 1513 3094 proxime
1531 3068 1619 3087 metam
1639 3063 1677 3089 ita
1688 3063 1787 3097 flellere
1801 3075 1917 3098 currum,
1938 3074 1967 3091 vt
1983 3074 2065 3092 tamen
2086 3076 2133 3092 non
2154 3068 2230 3104 offen.

31 3094 183 3128 Euphratem.
239 3096 307 3122 Vnde
323 3094 512 3130 nomensortita
531 3093 623 3120 Tacit.
637 3094 704 3122 Ann.
718 3096 734 3120 6
740 3114 749 3128 ,
763 3101 803 3129 37.
875 3094 1097 3129 Mesopotamiam
1115 3101 1146 3126 80
1161 3099 1241 3123 elei-es.
1298 3098 1368 3122 Haec
1380 3096 1413 3131 est
1424 3094 1492 3122 Hor.
1505 3095 1557 3123 Od.
1572 3105 1591 3130 1,
1606 3105 1625 3131 1,
1640 3106 1658 3131 4
1684 3099 1755 3126 Meta
1770 3100 1884 3126 seruitiis
1896 3102 1993 3127 euitata
2002 3102 2077 3127 rotis.
2135 3105 2174 3128 De
2185 3106 2230 3130 lyae

32 3128 146 3157 fertilem
154 3130 234 3159 efficit
249 3131 413 3166 Euphrates,
432 3131 461 3157 in
473 3138 553 3165 quam
561 3131 703 3165 quotannis
717 3129 788 3165 quafi
800 3138 887 3158 nouos
900 3139 978 3166 agros
991 3131 1098 3159 inuehit
1163 3133 1282 3167 Propert.
1297 3141 1327 3165 2,
1344 3140 1388 3165 25,
1407 3133 1441 3158 26
1470 3133 1522 3158 Aut
1536 3133 1609 3167 prius
1623 3134 1726 3162 infeEto
1740 3135 1856 3170 deposcit
1868 3137 1985 3170 praemia
2000 3138 2092 3171 cursu,
2113 3138 2229 3173 Septima

30 3163 370 3200 Cie.deNat.Deor.2‚13.
1162 3177 1242 3203 quam
1260 3173 1357 3194 metam
1376 3168 1489 3194 triuerat
1507 3175 1568 3195 ante
1585 3175 1654 3197 rota.
1734 3172 1808 3206 Virg.
1831 3172 1895 3197 Aen.
1914 3180 1943 3204 5,
1964 3180 2007 3205 ¹29
2040 3172 2092 3200 Hic
2112 3175 2229 3202 viridem

66 3205 392 3231 MsssosrflAERvm
404 3221 414 3235 ‚
435 3201 454 3228 i.
483 3210 510 3228 n.
568 3201 635 3228 Plin.
647 3209 691 3235 12,
713 3209 739 3228 12
768 3203 799 3228 do
816 3203 895 3228 nardi
906 3203 1041 3238 generibus
1060 3204 1096 3230 lo·
1161 3205 1260 3231 Aeneas
1278 3202 1418 3231 frondenti
1434 3212 1467 3230 ex
1486 3204 1547 3231 ilice
1567 3212 1666 3233 metam
1686 3207 1837 3234 Constituit.
1916 3208 2051 3243 stringere
2069 3217 2150 3237 metas
2169 3218 2229 3238 rota

30 3244 122 3271 quens,
142 3236 220 3269 Qua
231 3240 337 3267 minore
351 3238 422 3266 folio
435 3237 487 3271 est,
509 3238 727 3274 Mesosphaerum
738 3238 895 3273 appellatur.
1161 3239 1244 3267 Ouid.
1256 3240 1350 3267 Amor.
1365 3250 1387 3274 3,
1399 3248 1426 3273 2,
1440 3248 1475 3267 12.
1550 3241 1680 3269 Tendere
1691 3242 1723 3268 ad
1736 3249 1830 3269 metam
1864 3242 1902 3270 Id.
1916 3244 1981 3270 Met.
1995 3252 2035 3277 ις,
2053 3254 2110 3278 433.
2169 3247 2229 3274 Te-

68 3270 279 3307 ΜΕεΡῐινε,
302 3276 321 3302 i.
348 3275 369 3302 f,
405 3274 419 3308 [
430 3276 568 3310 μέσπιλον]
611 3275 704 3301 Arbor.
748 3274 816 3301 Plin.
837 3281 880 3308 17,
900 3282 936 3308 24
968 3275 1095 3310 Mespilus
1114 3283 1143 3311 83
1159 3275 1240 3303 reuda
1253 3282 1321 3303 meta
1333 3275 1440 3303 admissa
1454 3281 1513 3303 rota
1543 3277 1628 3304 1d.de
1647 3279 1712 3304 Arte
1731 3279 1789 3304 Am.
1804 3286 1830 3312 1,
1850 3287 1896 3311 40.
1955 3281 2011 3306 Via.
2033 3287 2226 3309 MVRTlAE

30 3316 139 3343 quoque
153 3307 182 3333 in
193 3307 293 3336 semeia
303 3311 423 3338 obnoxia
438 3310 465 3337 ei
478 3310 578 3338 morbo
592 3310 637 3338 est,
694 3312 733 3337 De
753 3310 861 3345 Mespili
870 3311 971 3348 satione
990 3319 1015 3338 et
1034 3321 1094 3338 cura
1157 3312 1254 3339 Metae„
1419 3309 1441 3350 ff
1463 3321 1475 3345 3
1512 3313 1581 3338 Hinc
1592 3316 1623 3339 de
1642 3314 1703 3339 aliis
1715 3323 1806 3348 quoque
1824 3315 1893 3340 rebus
1912 3315 1966 3340 coni
1978 3316 2022 3341 vel
2032 3320 2226 3353 nictnfiguram

30 3342 125 3370 Pallad.
138 3343 216 3369 Mart.
226 3351 264 3375 ιο,
278 3353 314 3378 ¹9-
1157 3349 1302 3374 habentibus
1317 3348 1422 3375 dicitur.
1459 3358 1484 3374 v.
1501 3358 1529 3384 g.
1587 3349 1658 3376 Meta
1672 3349 1746 3376 foeni
1773 3350 1838 3376 Plin.
1853 3356 1900 3381 28,
1918 3355 1956 3380 28.
2010 3351 2141 3380 Columel.
2156 3363 2182 3387 2,
2198 3363 2224 3386 ¹9

67 3385 165 3406 MESP
176 3385 184 3404 1
195 3383 292 3411 LVM,
311 3381 330 3407 i.
347 3391 374 3409 n.
409 3382 561 3418 [μέσπιλον]
598 3383 710 3409 Frut‘lus.
748 3383 814 3410 Plin.
831 3390 865 3416 15,
884 3392 916 3409 20
941 3384 1093 3416 Malorum,
1157 3385 1237 3412 Certe
1249 3384 1380 3420 quidquid
1392 3383 1425 3410 ad
1438 3393 1499 3411 eum
1517 3384 1626 3412 moduni
1640 3394 1695 3421 quo
1708 3386 1796 3418 debet,
1814 3384 1934 3412 siccatum
1946 3386 2009 3421 erit,
2029 3387 2058 3414 in
2073 3397 2153 3415 metas
2163 3399 2225 3416 con-

32 3414 209 3449 pirorumque
227 3422 318 3448 generi
331 3415 536 3446 adnumerantur
554 3421 614 3446 iure
627 3419 736 3455 mespila
756 3425 835 3455 atque
847 3419 934 3446 soi-ba.
988 3421 1024 3447 Vt
1044 3421 1094 3446 sei·-
1157 3421 1222 3447 strui
1237 3421 1396 3453 conueniet,
1412 3429 1507 3455 easque
1519 3421 1585 3455 ipsas
1600 3421 1628 3448 in
1641 3421 1829 3456 angustislimos
1842 3421 1953 3449 vertices
1966 3423 2074 3453 exacui3
2112 3425 2144 3451 sic
2151 3426 2224 3452 enim

30 3455 126 3478 ventur
140 3450 249 3484 Mespila
279 3449 372 3477 Pallad-
385 3453 462 3482 Mart.
475 3464 515 3489 10,
527 3463 569 3482 22.
1108 3467 1143 3493 90
1157 3456 1366 3484 commodiffime
1386 3455 1498 3483 foenum
1520 3456 1674 3485 defenditur
1690 3466 1704 3483 a
1724 3456 1842 3491 pluuiis3
1880 3465 1947 3492 quae
1964 3460 2044 3486 etiam
2058 3460 2076 3487 si
2091 3470 2144 3487 non
2158 3461 2223 3494 fint,

71 3493 97 3513 M
108 3493 125 3513 Ε
135 3492 148 3512 s
157 3493 170 3512 s
180 3487 203 3512 Ᾰ
212 3492 229 3512 L
240 3492 272 3512 Α.
317 3486 472 3526 [Mero-Em
484 3492 498 3526 ]
547 3490 643 3519 Dietus
656 3491 693 3519 est
706 3491 828 3518 Valerius
846 3491 999 3525 Coruinus,
1030 3491 1093 3526 quia
1155 3502 1211 3520 non
1225 3493 1342 3519 alienum
1355 3498 1443 3519 tamen
1456 3492 1492 3518 est
1504 3493 1651 3528 praedictas
1664 3498 1742 3519 metas
1756 3492 1860 3525 facere,
1879 3498 1908 3519 vt
1920 3493 1938 3519 fi
1947 3495 2006 3529 quis
2020 3495 2119 3522 humor
2131 3496 2222 3523 herbi-

7 3528 10 3529 ’
29 3523 171 3550 Melsanam
183 3522 212 3549 in
227 3521 314 3548 Sicilia
327 3522 407 3555 vicit,
432 3531 458 3550 et
469 3527 543 3554 vrbis
556 3533 645 3563 captae
658 3528 688 3554 in
700 3528 726 3554 se
738 3528 864 3555 translato
878 3528 1006 3559 nomine,
1026 3527 1093 3554 Mes.
1156 3528 1232 3561 inest,
1249 3527 1346 3555 exudet
1359 3534 1438 3563 atque
1448 3535 1612 3563 excoquatur
1625 3530 1653 3555 in
1666 3528 1776 3555 aceruis.
1830 3530 1870 3554 De
1881 3538 1998 3564 agrorum
2009 3532 2123 3558 terminis
2137 3533 2222 3559 Metas

32 3559 90 3585 sana
102 3558 209 3593 primo,
229 3557 419 3598 paullatimque
431 3559 510 3598 vulgo
520 3569 687 3598 permutante
701 3563 808 3597 literas,
828 3564 931 3590 Messala
946 3563 1033 3590 dietus
1046 3563 1091 3591 est.
1156 3566 1242 3598 dixit,
1267 3574 1284 3590 a
1294 3564 1383 3598 forma
1396 3573 1494 3600 nempe,
1521 3564 1641 3591 Frontin.
1659 3562 1691 3589 de
1707 3563 1831 3591 Coloniis
1849 3573 1874 3599 p.
1889 3573 1937 3597 ¹4¹·
1996 3567 2064 3593 Hinc
2081 3575 2104 3593 et
2125 3578 2140 3594 a
2159 3569 2222 3594 circi

31 3594 133 3620 Ανὲἳθν.
147 3594 235 3620 Senec-
250 3593 283 3620 de
295 3593 429 3620 Breuitate
442 3601 527 3629 vitae,
544 3608 566 3626 e.
578 3607 611 3631 13.
675 3601 743 3627 Vnde
760 3607 784 3626 et
803 3600 970 3627 Messalarum
983 3600 1092 3634 familia
1156 3602 1226 3627 metis
1239 3601 1328 3634 Meta,
1348 3607 1396 3636 pro
1418 3600 1534 3627 Termino
1551 3607 1689 3635 quocunque
1708 3609 1737 3625 ac
1749 3600 1807 3633 fine.
1880 3601 1957 3635 Virg.
1972 3602 2036 3629 Aen.
2052 3611 2077 3636 1,
2092 3608 2139 3634 282
2171 3603 2219 3629 His

33 3630 118 3655 Romae
123 3627 303 3664 floremiffimn,
317 3639 348 3655 ex
360 3639 409 3664 qua
421 3636 530 3657 oratores
541 3634 633 3670 aliquot
644 3636 735 3662 nobiles
748 3643 828 3662 ortum
835 3636 947 3662 habuere.
1004 3635 1092 3662 Diser-
1109 3645 1140 3672 95
1155 3646 1206 3671 ego
1219 3646 1266 3664 nec
1279 3643 1362 3663 metas
1376 3644 1482 3667 reruni,
1508 3645 1555 3662 nec
1569 3642 1688 3668 tempora
1701 3644 1782 3669 pono.
1855 3636 1931 3671 Virg.
1945 3638 2010 3663 Aen.
2024 3647 2047 3664 ιε
2056 3659 2064 3671 ,
2084 3641 2135 3672 546
2168 3637 2220 3664 Hic

33 3669 75 3691 tus
87 3664 190 3691 Meffaia
219 3666 289 3692 Hor.
303 3665 337 3692 de
349 3666 413 3692 Arte
432 3665 505 3693 Poet.
518 3673 568 3701 371.
596 3694 599 3699 ,
621 3673 660 3698 Ex
674 3673 757 3698 eadem
776 3673 844 3698 domo
1155 3673 1207 3700 tibi
1222 3674 1317 3700 mortis
1329 3679 1404 3698 erant
1416 3679 1509 3699 metae.
1573 3669 1612 3696 Ad
1632 3670 1752 3698 vltimam
1771 3671 1866 3699 Salutis
1884 3678 1980 3699 metam
1996 3673 2114 3701 detrusus
2142 3674 2218 3708 Apul.

69 3705 139 3727 Mes
148 3702 240 3728 SALf
248 3707 311 3729 NA.
356 3701 370 3736 [
381 3702 541 3737 Μεσσαλίνη]
584 3704 650 3732 Filia
668 3708 779 3734 Barbati
796 3707 936 3743 Meffilae,
955 3705 1092 3741 confhbrini
1154 3710 1220 3736 Met.
1233 3718 1258 3742 9.
1331 3708 1415 3743 Spatii
1438 3709 1524 3735 Senec.
1538 3705 1644 3734 Troad.
1655 3707 1706 3733 s.6.
1780 3707 1933 3742 Longarnm
1947 3708 2009 3735 haec
2022 3716 2090 3736 meta
2105 3710 2217 3735 viarum

33 3735 135 3761 Claudii
153 3736 317 3772 imperatoris.
371 3739 444 3775 Qae
462 3745 536 3772 quum
555 3739 734 3775 adulescentula
754 3742 828 3778 effit,
847 3744 898 3778 ipſs
913 3744 1018 3769 Claudio
1033 3742 1092 3779 seui
1154 3745 1231 3779 Virg.
1245 3745 1309 3770 Aen.
1323 3752 1353 3778 3,
1366 3751 1422 3779 714.
1496 3740 1613 3769 Mediam
1625 3743 1690 3769 caeli
1703 3749 1800 3770 metam
1814 3743 1971 3778 Contigerat
1983 3754 2035 3771 nox
2062 3746 2135 3778 Virg.
2152 3746 2213 3769 Aen.

33 3776 111 3805 nupta
124 3771 196 3805 ficit,
214 3771 326 3808 summae
342 3772 458 3800 libidinis
475 3773 580 3807 mulier,
605 3774 642 3800 ita
658 3784 688 3803 vt
704 3779 842 3805 innumeris
856 3779 980 3805 adulteris
991 3779 1022 3815 se
1030 3779 1091 3815 sub·
1154 3788 1178 3813 5,
1191 3786 1233 3812 835
1255 3781 1378 3806 Pulchre:
1401 3781 1437 3805 ad
1453 3785 1542 3804 metam
1556 3780 1736 3815 circumagitur
1752 3789 1849 3805 currus.
1925 3780 2087 3814 Contingerc
2100 3785 2215 3812 optatam

33 3805 148 3841 miserit,
171 3815 195 3833 et
212 3816 309 3835 mutam
320 3809 384 3846 vesle
395 3810 532 3844 lupanaria
539 3809 689 3845 frequenter
704 3814 807 3843 adierit.
864 3815 975 3842 Tandem
992 3815 1023 3841 ab
1039 3815 1090 3851 ipso
1099 3826 1145 3843 100
1154 3817 1231 3843 cursu
1263 3816 1332 3842 Hor.
1346 3815 1379 3842 de
1393 3816 1458 3842 Arte
1470 3814 1542 3840 Poet.
1554 3821 1610 3847 412.
1684 3815 1728 3841 Sol
1741 3823 1773 3842 ex
1785 3823 1871 3849 aequo
1885 3821 1953 3841 nicta
1969 3815 2084 3841 Diltabat
2106 3820 2214 3852 viraque

31 3840 266 3878 Cl⁶¹⁴¹li⁰suppl¹⁶⁶¹⁸0
278 3844 370 3880 “ff“‘la
383 3846 432 3881 est,
452 3854 527 3880 quum
542 3847 569 3874 C·
585 3845 648 3872 3ῑῖῘο
659 3848 780 3883 ΜΡΙΞθότ.
826 3851 883 3878 Vid.
905 3850 974 3877 Tac.
988 3852 1037 3878 An.
1052 3861 1090 3884 11,
1153 3852 1256 3878 orientis
1269 3859 1293 3877 et
1306 3850 1446 3877 occidentis.
1483 3847 1564 3876 Ouid.
1577 3850 1642 3877 Met.
1657 3858 1680 3883 3,
1697 3859 1750 3884 145.
1825 3850 1865 3877 Ab
1878 3859 1906 3876 ea
1921 3856 1988 3876 meta
2003 3851 2038 3877 sol
2053 3849 2143 3881 incipit
2158 3848 2213 3887 Fle-

31 3881 69 3911 38·
123 3878 214 3904 quen.
228 3878 278 3908 Sat.
293 3882 320 3913 6,
340 3886 382 3912 118.
403 3888 428 3908 et
442 3889 481 3915 io,
493 3890 542 3914 333-
1153 3887 1191 3914 &i
1216 3887 1332 3919 Plin.18,
1345 3890 1375 3914 28
1394 3885 1410 3912 s.
1425 3887 1466 3915 68-
1539 3885 1626 3913 Orare
1640 3893 1736 3913 metam
1751 3886 1888 3913 laboribus
1913 3886 1958 3912 Sil·
1976 3895 2012 3917 1³,
2033 3887 2091 3909 260-
2155 3884 2212 3923 (2¹5-

70 3913 266 3943 MEssKNA.
300 3916 448 3951 [Μισσάνη]
485 3918 584 3944 Ciuitas
595 3917 715 3951 Siciliae,
734 3920 881 3957 propinqua
889 3922 1091 3955 Peloromonst,
1153 3932 1203 3958 pro
1217 3924 1288 3950 Cael.
1302 3930 1333 3956 75
1353 3929 1374 3946 c.
1389 3928 1412 3953 31
1450 3920 1528 3948 Fama
1546 3921 1719 3949 adolescentis
1733 3922 1849 3957 paullum
1870 3921 1950 3948 haesit
1967 3921 1998 3947 ad
2017 3926 2095 3944 metas
2114 3924 2212 3959 notitia

31 3948 162 3984 Ufssrfbi'
175 3949 240 3976 Pllfl·
252 3959 277 3986 3,
288 3956 302 3983 8
339 3952 480 3987 Clariffima
491 3961 573 3980 autem
586 3953 618 3990 est
629 3963 660 3980 ex
674 3954 770 3980 Atticis
785 3963 809 3981 et
821 3958 922 3984 Punicis
938 3957 1020 3988 bellis,
1032 3965 1090 3982 ante
1151 3968 1222 3986 noua
1241 3957 1378 3989 mulieris,
1403 3963 1430 3983 et
1443 3957 1545 3984 infelici
1565 3957 1719 3991 vicinitate,
1744 3964 1769 3984 et
1787 3957 1928 3983 insolentia
1946 3956 2115 3987 voluptatum.
2164 3956 2210 3979 ·l:x

32 3985 124 4012 Zancle
137 3991 231 4013 vocata.
289 3988 364 4017 Nune
373 3990 449 4027 vulgo
462 3987 569 4024 Meffina
580 3989 684 4018 dicitur.
739 3988 786 4018 Sil.
800 3999 842 4025 14,
856 4001 902 4027 ¹94
931 3993 1089 4022 Inciunbens
1098 4001 1141 4027 105
1152 3995 1221 4023 ludis
1235 3992 1546 4055 C'ii·cet;.‘s1'buszl’ropetare
1558 3993 1591 4021 ad
1605 3999 1702 4021 metam
1733 3992 1814 4020 Ouid.
1827 3993 1860 4020 ad
1880 3992 1938 4018 Liu»
1955 3997 2008 4021 359.
2082 3988 2211 4051 'I'xasegtgrg
