2517 4231
49 119 116 193 537¹
450 135 487 175 0
552 135 581 175 Β
644 133 689 174 Τ
1573 130 1612 171 0
1666 130 1694 171 B
1749 131 1788 205 Y
2142 149 2210 195 538

50 229 118 257 clara
134 225 204 254 sacia
219 226 275 253 eius
293 234 342 261 pro
359 225 527 260 superuacuis
548 224 680 260 eleuant,
698 220 888 261 gloriosislimas
903 219 1031 247 vietorias
1050 227 1098 248 ceu
1157 222 1186 262 in
1200 220 1254 247 vita
1269 220 1405 256 cogitatio.
1471 256 1477 262 ι
1511 219 1568 247 Cic.
1583 221 1612 247 in
1627 220 1701 262 Orat.
1713 230 1749 248 221
1777 221 1818 249 Ne
1833 221 1948 263 breuitas
1965 226 2123 254 defraudasse
2137 236 2213 256 anre·

49 262 180 292 damnosas
192 262 258 297 reip.
272 261 419 296 increparet
443 261 513 288 Suet.
525 260 593 288 Tib.
608 268 676 293 c.;2.
747 259 865 297 inuicem
880 257 903 282 se
916 255 1098 298 obn-efflarunt
1157 256 1295 296 videatur,
1317 266 1383 297 neue
1397 256 1546 297 iongitudo
1564 256 1702 284 obtudissc.
1740 258 1850 283 Subauut
1860 278 1868 290 ,
1896 262 1994 297 Aures,
2015 265 2056 288 vel
2074 264 2212 292 Auditum.

49 299 138 327 Tacit.
154 298 229 326 Orat.
241 307 280 331 ες,
293 303 315 327 8.
386 298 459 324 Inter
480 298 504 324 se
523 295 703 323 obtreti‘tarunt
718 292 844 320 Aristides
861 298 886 318 et
901 292 921 319 Ἰ
933 291 1097 319 hcimstocles
1158 294 1242 319 Aures
1255 292 1356 319 diutius
1369 293 1521 327 aliquorum
1537 302 1590 319 non
1605 292 1753 320 obtundere
1780 293 1817 320 id.
1832 294 1911 320 Verr.
1924 306 1948 327 4,
1963 306 2008 330 ¹09
2028 308 2050 324 c.
2063 308 2104 330 49·
2161 302 2212 327 Au,

48 334 137 369 Nepos
151 343 171 366 3,
185 343 207 366 3,
221 344 237 362 1,
309 333 364 360 Cic.
379 341 428 367 pro
443 332 512 367 Lege
525 331 618 359 Manil.
632 339 656 357 21
676 339 698 357 c.
712 335 726 358 8
759 329 794 355 Vt
808 327 858 355 hoc
873 337 920 354 vos
935 328 1098 363 intelligatis,
1158 337 1200 355 res
1214 327 1401 368 criminatione
1415 328 1540 368 obtusae,
1552 337 1582 369 ⁸et
1595 330 1708 370 Vacuac,
1724 330 1861 355 contraria.
1932 331 2110 361 Pseudo-Cic.
2126 344 2213 371 anteq.

46 378 61 397 a
73 370 147 396 nullo
168 369 290 402 istorum,
307 369 353 403 qui
376 368 437 394 huic
451 367 600 394 obtretfiiant
617 365 668 401 legi
688 370 766 399 atque
786 365 902 404 causac&
913 365 941 392 L.
958 364 1098 390 Lucullum
1116 368 1129 395 5
1159 364 1210 403 iret
1224 372 1251 403 ¹¹¹.
1267 363 1331 390 exil.
1348 374 1367 394 ¹3
1399 365 1483 399 Aequi
1498 364 1633 391 auditores
1646 364 1858 405 adhibebuntur:
1879 366 1963 392 Aures
1977 375 2031 393 non
2044 369 2149 397 obtusae
2163 374 2214 398 cri-

46 405 166 433 similiter
178 413 210 432 ex
225 404 276 432 hoc
290 405 350 430 loco
363 405 412 430 ess'e
425 404 568 432 laudatum,
672 399 806 428 Laudibus
827 400 936 427 alterius
948 399 1098 427 obtrectare
1158 406 1316 430 minatione,
1336 399 1377 425 sed
1394 408 1491 427 vacuae
1505 400 1712 435 praebebuntur.
1822 401 1878 428 Cic.
1892 401 1945 428 Att.
1960 406 1988 434 8,
2004 412 2009 428 1
2031 412 2097 431 extr.
2128 407 2182 442 Ego
2196 407 2213 434 fi

45 441 105 469 Liu.
120 446 142 474 8,
155 442 196 473 36.
267 439 427 466 Obtrectare
440 438 549 474 aliquid,
565 446 611 473 pro
626 437 734 471 Culpare
746 443 771 462 et
784 439 910 464 damnare.
954 437 1020 462 Plin.
1035 444 1059 468 9,
1070 443 1096 475 ἧς
1158 436 1279 461 somnum
1294 442 1385 468 capere
1398 436 1504 468 pom-m,
1525 443 1577 464 tam
1591 437 1678 472 longis
1692 435 1814 472 Epistolis
1827 443 1852 464 te
1866 446 1920 464 non
1934 437 2116 466 obtunderem.
2176 443 2214 470 ld,

43 478 75 503 de
87 477 234 510 Cleopatra,
255 475 374 510 Superbo
387 476 461 502 fimul
473 484 501 501 ac
515 472 618 509 procaci
632 471 708 505 fastu,
728 478 757 498 vt
771 472 864 507 regina
880 473 1006 499 meretrix
1021 472 1098 498 lauu-
1157 470 1189 497 de
1203 470 1277 496 Orat.
1291 478 1318 502 3,
1330 477 1358 501 9¹
1379 479 1400 496 c.
1415 479 1449 503 24
1487 472 1550 498 Non
1571 482 1625 507 quo
1646 476 1695 507 (vt
1715 473 1804 499 nescio
1823 482 1889 509 quos
1906 473 1994 500 dicere
2013 473 2139 509 aiebant)
2158 479 2215 504 acui

45 512 108 539 tiam
123 512 179 538 eius
192 520 317 544 omnem,
337 518 541 546 apparatumque
556 507 715 536 οὔτι-6613113.
825 508 925 534 Laudes
946 507 1097 545 obtreciai'e
1156 505 1267 539 Ingenia
1275 504 1473 545 'adolestentum
1491 508 1605 540 nollem,
1625 508 1667 535 sed
1690 516 1781 536 contra
1796 509 1906 544 Ingenia
1920 509 2032 536 obtundi
2049 510 2140 543 nolui,
2160 521 2215 538 cor-

45 548 104 575 Liu.
117 557 155 581 ης,
168 556 202 581 37.
260 547 394 574 Libellum
424 545 514 573 Phaed.
529 552 553 578 ς,
569 554 586 577 1,
602 552 636 575 15.
694 543 875 578 Obtrechtur,
894 543 992 580 imperf.
1038 542 1096 569 Cic.
1114 547 1143 565 ιο
1156 542 1282 567 roborari
1302 540 1502 582 impudentiam.
1546 545 1666 578 Loquitur
1679 545 1797 580 Craffics,
1816 548 1874 572 dum
1893 545 1989 580 causam
2008 545 2094 570 reduit
2108 545 2217 580 sublato.

44 586 97 611 Att,
112 592 133 617 3,
147 586 177 610 26
203 583 230 610 Si
244 582 445 617 obn-cssgbimr,
464 586 522 614 ytai·
535 580 694 607 auc'ioritate
708 580 823 608 Senatus.
1157 586 1212 603 rum
1226 576 1279 611 ase
1291 577 1397 611 censorio
1417 578 1493 602 edn‘lo
1508 578 1655 604 Latinorum
1676 581 1808 608 rhem-um.
1916 581 1954 609 ld.
1967 581 2050 608 Tusc.
2066 591 2090 611 1,
2105 587 2137 610 80
2156 591 2178 608 c.
2193 592 2217 615 33

43 632 45 634 ·
81 625 101 646 o
112 625 126 646 Β
137 625 186 646 'rR
196 625 212 644 E
222 625 299 646 CTA
309 626 331 645 N
342 625 371 654 s,
395 618 470 644 antis.
503 616 599 643 Partic.
639 615 743 643 Inuidia
762 615 913 643 obtrectans
946 613 990 640 Sil.
1004 614 1046 645 16,
1061 621 1096 652 ¹.²·
1157 612 1242 639 Multa
1256 620 1269 637 e
1284 620 1396 647 corpore
1411 612 1533 645 existunt,
1552 622 1618 647 quae
1631 622 1722 641 acuant
1736 617 1866 650 Mentem,
1886 617 1969 644 multa
1980 625 2047 651 quae
2060 616 2218 646 obtundant.

43 655 207 682 Aenmlantis
220 654 266 687 est,
285 653 345 689 angi
359 653 445 680 alieno
459 651 540 684 bono,
558 651 632 687 quod
643 652 696 686 ipse
717 661 772 678 non
787 651 893 678 habeat:
915 648 1096 675 Obtrectanus
1158 649 1234 682 Virg.
1248 649 1313 674 Aen.
1329 657 1348 680 1,
1361 655 1402 682 571
1432 648 1495 674 Non
1509 648 1601 675 obtusa
1615 649 1680 676 adeo
1694 651 1820 684 gestamus
1836 653 1945 687 pe&ora
1958 653 2057 686 Poeni,
2077 662 2124 678 non
2132 653 2218 688 fiamus

42 697 141 725 autem,
160 691 221 726 angi
234 690 321 717 alieno
337 688 417 721 bono,
437 687 551 723 quodid
570 687 649 714 etiam
667 688 734 714 alius
748 688 842 716 habeat
866 685 1015 712 Cic.Tusc.
1028 695 1052 719 ⁴,
1066 685 1096 717 56
1157 685 1195 710 ita
1208 684 1301 709 hebetes
1319 690 1343 709 et
1358 685 1448 716 rudes,
1468 691 1541 718 atque
1554 684 1674 719 agrestes:
1695 687 1761 712 nilail
1780 688 1818 713 hic
1838 689 1935 723 quidem
1956 691 1987 715 de
2004 688 2169 722 ctudelitate,
2188 692 2219 716 de

43 735 67 756 t·
87 729 127 754 26.
1114 727 1141 754 ις
1157 728 1206 754 qua
1220 718 1321 745 Seruius
1340 719 1451 753 accipere
1463 720 1579 746 videt11›·;
1600 720 1651 753 m'st
1666 721 1692 745 in
1715 730 1832 756 quantum
1853 734 1881 749 ea
1901 725 2037 750 ruditatem
2055 723 2218 760 consequitur,

80 769 99 790 0
110 767 234 789 BTREC
245 762 342 787 TKTI
354 764 373 786 0
384 779 391 791 ‚
417 759 486 787 finis,
523 759 543 785 f,
580 759 635 787 Cic,
652 759 736 786 Ture,
748 769 778 791 4,
799 762 822 788 18
842 765 863 782 c.
877 761 891 785 8
924 754 1094 782 Obtrectatio
1158 755 1215 781 Cic.
1230 754 1262 781 de
1275 755 1351 781 Orat.
1368 763 1390 787 ε,
1404 760 1449 783 282
1479 755 1513 780 Vt
1525 763 1608 794 quum
1622 763 1735 789 patrono
1748 758 1835 788 malo,
1852 768 1935 792 quum
1947 761 2048 787 Vocem
2062 759 2090 786 in
2104 759 2219 789 dicendo

42 805 130 825 autem
148 797 184 824 est
195 804 234 828 ea,
253 803 330 828 quam
345 794 461 829 intelligi
480 795 639 829 zelotypiam
654 795 733 827 volo,
751 790 890 828 aegritudo
909 799 941 817 ex
961 800 1008 824 c0,
1023 789 1095 825 quod
1156 789 1314 823 obtudiss‘et‚
1333 789 1456 817 suadebat
1469 791 1602 823 Granum,
1623 798 1650 818 vt
1672 792 1785 818 mulsum
1806 793 1935 828 frigidum
1956 795 2075 829 biberet,
2095 803 2142 824 etc.
2180 799 2219 824 De

42 834 109 861 alter
120 839 224 869 quoque
237 830 359 864 patiatur,
374 839 407 856 eo
420 831 491 865 quod
511 831 564 865 ipse
585 831 760 865 concupierit.
831 829 905 854 Inter
924 836 992 862 quos
1012 826 1095 853 maxi·
1157 827 1299 853 raucedine.
1337 826 1422 853 Paullo
1434 826 1526 859 aliter,
1562 827 1623 853 Vox
1642 826 1818 862 obtunditur,
1837 836 1914 864 atque
1930 839 2006 858 aures
2020 831 2128 859 confusa
2141 841 2219 868 pene·

42 877 144 896 marum
156 875 245 894 rerum
260 875 312 892 non
327 866 412 893 solum
431 866 591 900 aemulatio,
611 866 652 893 sed
667 862 835 893 Obtrectatio
855 868 928 889 tanta
948 862 1095 889 intercede·
1157 868 1208 889 trat
1236 863 1341 889 Lucret.
1354 872 1377 895 4,
1393 864 1447 899 617.
1521 861 1692 898 Obtundere,
1714 865 1816 899 Saepius
1835 868 1962 900 repetendo
1984 871 2066 893 eadem
2084 870 2216 895 inculcare.

41 911 84 932 ret
100 911 147 930 etc.
175 902 242 937 Nep.
257 909 293 934 ες,
308 910 353 934 20,
368 911 388 931 ς.
462 901 612 935 Efficiebat‚
631 908 659 928 vt
672 902 743 927 inter
756 907 822 934 quos
832 904 924 926 -tantae
938 899 1021 925 laudis
1035 899 1096 925 efl'ct
1108 905 1143 924 20
1156 899 1270 925 Terent.
1285 899 1382 925 Heaut.
1399 908 1419 931 s,
1434 910 1453 930 t.
1468 900 1483 926 6
1511 898 1606 925 Desine
1621 898 1685 926 deos
1700 908 1769 926 vxor
1782 901 1939 935 gratulando
1953 901 2109 930 obtundere.
2180 904 2220 932 Id.

39 937 196 968 aemulatio,
214 938 285 963 nulla
301 937 476 965 intercederet
490 937 656 964 Obtrectatio
687 935 725 962 Id.
739 943 784 967 25,
799 943 828 967 5,
844 944 871 968 4.
945 934 1095 962 Domestica
1156 934 1267 969 Adelph.
1280 945 1299 970 i,
1307 943 1331 967 2,
1344 943 1368 966 33
1393 935 1528 961 Ausculta:
1549 943 1582 961 ne
1596 944 1639 962 me
1653 935 1784 962 obtundas
1798 935 1830 962 de
1844 935 1892 962 hac
1907 945 1936 963 re
1953 937 2062 972 saepius.
2102 940 2219 967 'Ji-aetum

37 982 71 1002 ex
82 973 276 1001 obtrectatione
288 980 313 1000 et
328 974 452 1000 ciuilibus
466 973 557 1000 studiis
570 972 696 998 inimicus
726 971 782 998 Cic.
795 979 844 1005 pro
857 971 934 998 Font.
949 973 983 998 16.
1038 971 1094 997 Ob·
1155 981 1172 997 a
1198 972 1281 1004 (ibris,
1300 971 1344 1005 qui
1353 970 1427 1006 saepe
1446 978 1574 1005 repetunt,
1593 972 1718 997 tundendo
1731 972 1833 1007 aliquid
1848 971 1946 999 malleo:
1966 982 1989 999 ιι
2002 975 2065 1000 idem
2081 976 2220 1002 obtundunt

35 1008 193 1037 “diutione
213 1017 239 1035 et
257 1010 446 1036 maleuolentia
463 1008 604 1035 liberatum
625 1007 756 1033 iudicium
788 1005 827 1033 Id.
843 1008 881 1041 Q
893 1007 962 1033 Frat.
978 1016 1002 1040 1,
1016 1016 1041 1042 1,
1058 1016 1094 1039 34.
1155 1014 1180 1033 et
1192 1007 1315 1033 hebetant.
1389 1005 1540 1040 Obtundis,
1560 1007 1663 1034 tametsi
1678 1006 1828 1043 intelligam
1849 1007 1918 1035 Ter.
1927 1008 2009 1036 Andr.
2018 1020 2036 1043 i,
2049 1019 2074 1046 2,
2088 1020 2115 1037 11.
2151 1011 2220 1046 conf.

34 1044 75 1073 id.
89 1044 120 1071 de
133 1045 204 1071 Clar.
219 1045 293 1073 Orat.
310 1048 350 1078 156
375 1046 493 1072 Tantum
508 1043 577 1069 abest
591 1042 623 1069 ab
636 1042 833 1070 obtrectatione
846 1042 976 1069 inuidiae.
1039 1042 1095 1069 Ob-
1155 1043 1180 1069 h.
1195 1043 1214 1069 Ι.
1235 1042 1332 1068 Donat.

34 1080 160 1108 tre6'tatio
180 1080 281 1113 laudis,
306 1081 430 1113 Detraliiu
463 1079 534 1106 Caes.
554 1079 618 1105 Bell.
636 1078 720 1106 Ciuil.
733 1087 758 1112 1,
778 1088 801 1112 7.
874 1077 1044 1105 Obtrectatio
1067 1084 1094 1105 et
1110 1089 1142 1116 25
1194 1083 1466 1111 oBTVNDENS,
1500 1077 1578 1105 entis.
1613 1078 1708 1106 Partic.
1745 1078 1840 1105 Virtus
1860 1079 1960 1113 crucis,
1992 1090 2084 1109 omncs
2114 1083 2219 1110 aculeos

34 1116 109 1143 liuor
121 1117 214 1152 pronis
227 1115 332 1142 auribus
344 1115 511 1150 accipiuntur
535 1115 627 1141 Tacit.
637 1115 706 1141 Hist.
721 1124 740 1148 1,
757 1124 775 1148 ι,
788 1124 811 1147 4.
883 1115 990 1141 Habere
1005 1114 1093 1142 obtre-
1154 1113 1250 1140 mortis
1263 1113 1293 1140 in
1306 1113 1438 1141 dominici
1450 1114 1541 1148 capitis
1555 1113 1696 1142 tolerantia
1710 1113 1862 1142 obtundens
1891 1115 2013 1144 Tertull.
2028 1117 2060 1144 de
2072 1118 2137 1146 Cor.
2149 1128 2172 1146 c.
2186 1129 2219 1153 ¹⁴·

36 1152 180 1179 &ationem
213 1153 268 1179 Cic.
284 1151 353 1179 Fam.
366 1159 412 1184 10,
426 1157 460 1181 18.
533 1150 639 1178 Inuidia
658 1156 736 1185 atque
755 1149 952 1177 obtrectatione
966 1149 1094 1185 impediri
1192 1155 1236 1176 013
1245 1156 1266 1176 T
1276 1156 1297 1176 v
1308 1157 1321 1176 s
1331 1157 1352 1177 v
1362 1156 1375 1176 s
1385 1170 1394 1183 ,
1410 1158 1439 1183 a,
1456 1159 1511 1176 um.
1549 1150 1726 1186 [ἐμβλυντεὶς]
1763 1152 1838 1177 Nunc
1850 1157 1881 1177 vt
1892 1152 2070 1188 Participium,
2091 1164 2156 1180 nunc
2164 1157 2221 1181 Ad·

34 1187 74 1216 id.
88 1188 121 1215 dc
133 1189 237 1215 Inuent.
253 1197 271 1220 ι,
287 1190 312 1214 16
328 1196 350 1214 c.
364 1196 383 1213 ii
397 1193 462 1213 extr.
534 1186 790 1220 Maleuolentilsimis
802 1185 1044 1214 obtrectationibus
1061 1185 1094 1213 de
1154 1185 1240 1212 ieaiui
1254 1187 1321 1212 modo
1332 1186 1453 1221 ponitur,
1473 1195 1537 1211 nunc
1549 1189 1584 1212 ad
1596 1193 1714 1221 cmpora,
1734 1195 1795 1220 quae
1816 1196 1916 1212 acumen
1931 1190 2078 1222 perdidere,
2098 1190 2222 1225 refertur,

36 1230 127 1251 vetere
141 1224 226 1257 aliqua
241 1223 418 1258 diuturnaque
431 1221 558 1249 sententia
572 1221 670 1257 depelli
694 1222 734 1249 Id.
749 1223 821 1250 Fam.
837 1233 856 1255 1,
868 1230 894 1257 7.
1154 1231 1220 1248 nunc
1239 1222 1275 1247 ad
1291 1224 1432 1257 negandum
1451 1221 1531 1246 animi
1548 1230 1664 1247 acumen:
1689 1224 1754 1255 quw(
1774 1222 1892 1248 aslianna
1901 1223 1985 1256 facile
1997 1226 2138 1256 declarant,
2161 1225 2221 1252 licet

71 1266 92 1288 ο
103 1265 121 1286 1³
131 1266 153 1286 Τ
164 1265 234 1286 REC
244 1261 298 1286 TA‘
307 1265 401 1292 TOR,
421 1258 486 1285 aris.
522 1267 558 1285 ni.
596 1259 738 1285 Detrae'lor.
774 1259 830 1285 Cic.
845 1258 877 1284 de
891 1258 977 1285 Claris
991 1258 1067 1285 Orat.
1077 1265 1094 1284 2.
1109 1270 1142 1295 30
1154 1257 1272 1290 confustm
1282 1263 1418 1292 ponuntur.
1491 1256 1558 1283 Plin.
1574 1262 1609 1291 13,
1623 1264 1648 1290 33
1679 1253 1790 1284 Cornua
1809 1258 1886 1285 lunae
1901 1258 2008 1295 obtusa,
2029 1262 2109 1286 minus
2128 1261 2220 1288 lucida.

35 1303 57 1322 c.
72 1304 80 1321 ι
107 1295 289 1330 Dolebamque
301 1294 373 1330 quod
389 1303 460 1327 non,
479 1299 513 1321 vt
527 1294 648 1330 plerique
667 1293 810 1329 putabant,
830 1295 1028 1325 aduersarium,
1049 1299 1094 1321 aut
1153 1293 1252 1328 Ligno,
1273 1294 1334 1320 saxo
1347 1292 1467 1320 obtusior
1479 1298 1558 1327 atque
1570 1292 1694 1320 hebetior
1708 1292 1785 1320 stabit
1807 1294 1908 1321 Arnob.
1923 1305 1934 1322 2
1955 1304 1980 1330 p.
1993 1301 2032 1328 58.
2106 1295 2222 1324 Obtusus

34 1330 241 1358 obtrectatorem
255 1331 361 1357 lauduni
373 1338 508 1361 mearum,
529 1329 571 1356 sed
592 1331 693 1357 socium
713 1331 801 1364 potius
821 1337 847 1357 et
865 1331 1016 1357 consortem
1036 1330 1092 1365 glo·
1153 1330 1239 1356 animi
1253 1329 1333 1364 vigor
1365 1329 1427 1356 Liu.
1440 1335 1510 1361 5,18.
1619 1327 1736 1356 Obtusus
1755 1329 1850 1364 pugnis
1882 1331 1963 1358 Plaut.
1978 1330 2097 1366 Amphit.
2109 1341 2132 1362 2,
2147 1342 2164 1366 1,
2181 1341 2221 1366 59.

34 1365 97 1393 riosi
116 1365 215 1393 laboris
232 1366 378 1393 amiseram.
450 1366 489 1392 Id.
503 1375 553 1400 pro
566 1366 649 1393 Flacc.
669 1375 677 1392 1
707 1366 756 1393 Sed
776 1366 793 1393 fi
807 1366 878 1393 forte
890 1365 1034 1401 aliquando
1048 1371 1093 1392 aut
1155 1365 1212 1392 Cic.
1227 1365 1259 1392 de
1274 1364 1376 1392 Senefit.
1396 1371 1423 1396 83
1444 1373 1465 1390 c.
1483 1364 1530 1391 vlt.
1568 1364 1669 1391 Nonne
1687 1363 1767 1392 vobis
1788 1365 1897 1393 videtur
1913 1368 2018 1393 animus
2037 1367 2075 1401 is,
2095 1368 2142 1402 qui
2162 1368 2222 1403 plus

33 1400 158 1428 beneficii
170 1401 250 1428 huius
263 1401 437 1434 obtrectator,
453 1408 497 1428 aut
509 1402 617 1429 virtutis
630 1401 722 1435 hostis,
741 1407 786 1429 aut
798 1401 882 1429 laudis
896 1402 1004 1429 inuidus
1017 1401 1093 1428 exsti·
1154 1407 1260 1434 cernat,
1279 1406 1306 1427 et
1318 1400 1442 1435 longum,
1458 1400 1552 1427 videre
1571 1400 1596 1426 se
1617 1400 1650 1427 ad
1663 1401 1777 1428 meliora
1791 1401 1941 1436 proficisci3
1974 1403 2022 1430 Ille
2042 1410 2129 1430 autem
2145 1404 2222 1431 cuius

32 1437 108 1464 tiss'et.
138 1433 143 1438 ’
180 1437 219 1464 id.
233 1438 304 1465 Fam.
318 1447 342 1471 i,
356 1446 374 1471 4
404 1438 476 1464 Haec
494 1443 582 1464 tamen
595 1438 691 1472 opinio
705 1437 741 1464 est
755 1439 848 1472 Populi
862 1439 996 1471 Romani,
1014 1447 1028 1464 a
1040 1437 1093 1464 tuis
1109 1447 1138 1473 35
1154 1436 1275 1463 obtusior
1288 1436 1317 1462 fit
1330 1436 1416 1468 Acies,
1433 1444 1487 1462 non
1500 1435 1610 1463 videre?
1632 1437 1709 1463 Acies
1724 1437 1818 1465 obtusa
1832 1438 1913 1465 stellis
1939 1436 2122 1474 Virg.Geoi·g.
2136 1450 2154 1473 i,
2165 1442 2222 1474 396.

32 1472 134 1501 Inuidis
147 1478 226 1508 atque
238 1472 473 1500 obtrectatoribus.
485 1482 584 1500 nomen
604 1472 744 1500 inductum
763 1474 840 1502 fictae
859 1474 1016 1508 religionis,
1037 1481 1093 1499 non
1154 1472 1172 1500 i.
1194 1473 1313 1507 Splendor
1324 1479 1416 1506 parum
1433 1470 1590 1506 perspicuus,
1606 1480 1637 1498 vt
1649 1475 1717 1499 modo
1733 1476 1764 1499 de
1778 1475 1850 1500 Luna
1864 1475 1972 1502 Plinius.
2076 1476 2222 1502 «Acuminis

31 1514 86 1537 tam
100 1516 129 1536 vt
144 1515 170 1536 te
187 1509 364 1544 impedirent,
384 1517 430 1536 etc.
540 1508 579 1536 id.
598 1508 630 1535 de
651 1510 743 1544 Arusp.
759 1511 834 1545 Resp.
851 1519 883 1541 50
912 1509 1023 1544 Reliqua
1040 1509 1094 1535 iarn
1156 1507 1300 1535 obtufioris
1319 1506 1435 1534 ethardi
1450 1508 1499 1534 ess'c
1532 1508 1636 1536 Arnob.
1650 1517 1666 1535 2
1683 1517 1709 1544 p.
1724 1510 1762 1539 56.
1835 1510 1912 1536 Acies
1931 1510 2074 1537 oculorum
2092 1511 2223 1545 obtusior,

32 1545 232 1580 praecipitantis
248 1545 435 1579 Tribunatus,
457 1545 538 1571 etiam
557 1545 614 1580 post
628 1545 814 1578 Tribunatum
833 1545 1027 1572 obtrectatores
1049 1553 1094 1571 eo·
1155 1544 1210 1569 vid.
1231 1549 1351 1570 acies.
1431 1544 1551 1578 Angulus
1570 1544 1679 1572 obtusus
1713 1545 1817 1572 Lucret.
1832 1556 1856 1581 4,
1873 1548 1927 1577 356.
2000 1547 2083 1574 Aures
2103 1547 2223 1579 obtusae,

34 1589 95 1607 rum
107 1587 186 1614 atque
201 1580 346 1608 aduersarii
360 1580 545 1609 defenderunt.
662 1581 853 1608 Dominatione
870 1581 1094 1612 obtreehtorum,
1155 1579 1174 1605 i.
1195 1580 1291 1605 Sui-..lae
1319 1579 1379 1606 Stat.
1394 1578 1457 1606 Silu.
1474 1588 1495 1613 ς,
1512 1590 1530 1613 1,
1546 1587 1592 1614 ¹7¹·
1664 1581 1773 1607 Cornua
1804 1582 1990 1617 Virg.Georg.
2005 1592 2024 1616 1,
2036 1592 2092 1616 434-
2109 1604 2113 1605 .
2166 1583 2222 1610 Ob.

34 1616 210 1651 potcntiss‘imo
221 1617 344 1651 inimico,
364 1616 518 1644 infidelibus
531 1616 633 1649 amicis,
648 1617 770 1651 pluribus
783 1618 883 1644 inuidis
896 1617 960 1652 quid
973 1617 1093 1651 sperem}
1110 1624 1147 1650 40
1155 1615 1209 1641 tusa
1222 1614 1355 1649 hebesque
1368 1614 1431 1641 Falx
1451 1622 1601 1650 putatorem
1620 1623 1742 1642 moratur
1774 1616 1881 1644 Colum.
1894 1628 1924 1650 4,
1937 1626 1976 1651 24.
2049 1619 2125 1645 Ferri
2144 1618 2223 1646 obtu-

35 1650 92 1678 Cic.
104 1653 142 1686 Q
151 1652 222 1679 Frat.
236 1661 256 1687 1,
270 1662 292 1685 4.
365 1653 528 1680 Communes
543 1652 753 1685 obtrectatores,
774 1660 852 1687 atque
866 1654 989 1680 omnium
1004 1651 1094 1678 inuidi
1155 1650 1231 1677 {ioris
1244 1650 1300 1677 ictu
1314 1651 1444 1685 percussus
1477 1651 1603 1678 Trebell.
1618 1652 1674 1678 Pol.
1688 1651 1720 1678 de
1733 1652 1860 1683 Tyrann.
1879 1662 1901 1679 c.
1915 1658 1938 1681 8.
2012 1653 2090 1680 Vires
2104 1654 2222 1688 obtusae,

36 1687 119 1714 multa
140 1686 274 1715 finxerunt
304 1688 343 1716 Id,
358 1698 407 1724 pro
421 1689 505 1715 Plane.
526 1696 563 1719 57.
669 1688 797 1714 Inuenire
811 1689 1019 1722 obtre6htores,
1039 1687 1094 1713 vid.
1154 1687 1174 1712 i.
1196 1686 1353 1712 Debilitatae
1367 1693 1390 1711 et
1399 1686 1502 1718 fJuHae
1529 1687 1635 1713 Lucret.
1648 1696 1669 1720 3,
1681 1694 1734 1719 433.
1806 1688 1874 1714 Vsus
1888 1686 2009 1715 obtusior
2037 1690 2112 1724 Virg.
2121 1691 2223 1724 Georg-

35 1729 214 1751 INVENIO.
321 1724 441 1751 Sermoni
456 1722 666 1748 obtrectatorum
679 1722 768 1748 locum
783 1732 838 1749 nori
856 1724 1011 1758 relinquere
1036 1722 1094 1749 Cic.
1156 1732 1177 1757 3,
1192 1730 1236 1753 135.
1311 1721 1448 1747 Obtunsus
1461 1721 1536 1747 etiam
1549 1723 1653 1757 legitur,
1665 1722 1715 1757 sed
1724 1722 1804 1747 minus
1812 1723 1964 1757 frequenter
1976 1731 2000 1749 et
2012 1724 2111 1756 vfitate.
2153 1726 2223 1758 Quis

33 1766 84 1793 pro
97 1759 179 1785 Flacc.
193 1761 225 1788 68
244 1768 266 1785 c.
280 1764 317 1789 28.
389 1757 544 1784 Studiorum
559 1757 669 1784 suorum
689 1757 900 1785 obtrefiiatorem
921 1759 1016 1785 tollere
1053 1758 1093 1786 Id.
1154 1765 1209 1784 tam
1222 1755 1338 1783 obtunso
1353 1756 1463 1791 ingenio
1476 1757 1529 1790 est,
1550 1757 1597 1792 qui
1611 1766 1666 1784 non
1684 1757 1817 1792 intelligat
1850 1758 1919 1785 Gell.
1936 1768 1968 1794 ¹3,
1982 1768 2016 1792 23.
2054 1762 2105 1795 Ap.
2125 1761 2224 1796 Virgil.

29 1801 82 1828 pro
94 1793 171 1820 Font.
189 1803 221 1825 17.
255 1794 324 1820 Add.
345 1793 415 1827 Nep.
430 1801 462 1825 15,
476 1800 498 1825 ς,
513 1801 535 1819 2.
1105 1802 1140 1828 45
1155 1802 1248 1828 quoque
1269 1793 1368 1827 Georg.
1379 1795 1450 1823 ¹‚262
1464 1793 1504 1826 sic
1517 1794 1611 1828 legitur
1623 1793 1650 1818 in
1665 1793 1737 1820 MSS.
1752 1801 1775 1819 et
1787 1804 1804 1820 a
1817 1794 1950 1821 Prisciani>
1962 1796 1980 1823 l.
1993 1804 2030 1823 ιο.
2051 1797 2128 1829 (vid.
2143 1797 2225 1824 Paret'

68 1829 347 1856 OBTRECTATVS
359 1845 368 1859 ,
400 1826 439 1855 sis.
476 1837 512 1854 m.
549 1828 702 1864 [διάσυρμα]
739 1830 805 1855 Idem
837 1830 903 1863 quod
929 1829 1091 1856 Obtret‘latio.
1154 1831 1214 1856 Lex.
1228 1829 1293 1855 erit.
1310 1835 1336 1864 p.
1352 1830 1420 1863 830)
1439 1838 1586 1864 quamquam
1598 1829 1625 1855 in
1639 1832 1676 1855 ed.
1693 1828 1792 1864 Putscb.
1805 1837 1830 1866 p.
1844 1836 1887 1864 89¹
1909 1832 2010 1866 legatur
2023 1831 2118 1860 obtusi.
2156 1832 2224 1860 Plin.

31 1862 100 1890 Gell.
113 1872 144 1890 20
160 1872 181 1890 c.
195 1863 242 1891 vlt.
273 1865 395 1898 Aequum
408 1864 457 1890 ess'e
470 1864 545 1898 pute,
560 1870 588 1891 vt
600 1863 654 1891 fine
666 1874 735 1892 vano
749 1864 901 1892 obtretStatu
917 1865 1093 1893 considerent.
1155 1864 1234 1900 Epist.
1248 1874 1272 1898 7,
1287 1874 1298 1897 3
1329 1866 1366 1891 Vt
1380 1865 1453 1891 enini
1467 1864 1484 1891 si
1498 1874 1608 1892 coenam
1621 1864 1672 1892 tibi
1685 1865 1816 1897 facerem,
1836 1865 1958 1894 dulcibus
1977 1866 2044 1894 cibis
2059 1877 2146 1902 acres,
2164 1877 2225 1895 acu-

66 1907 86 1928 0
94 1905 110 1927 Β
118 1905 140 1926 Τ
148 1906 168 1926 R
178 1906 187 1925 1
197 1907 219 1927 Τ
229 1906 250 1925 v
258 1906 272 1926 S
280 1920 289 1933 ,
314 1900 369 1927 viil.
391 1906 411 1926 0
423 1907 439 1927 Β
447 1907 469 1927 Τ
478 1906 494 1926 Ε
504 1907 522 1926 R
532 1906 562 1927 Ο.
1154 1907 1249 1935 tosque
1262 1900 1411 1934 miscerem‚
1431 1907 1460 1928 vt
1473 1899 1601 1927 obtunsus
1614 1901 1678 1934 illis,
1700 1907 1726 1928 et
1739 1900 1840 1928 oblitus
1857 1902 2020 1937 stomachus,
2039 1903 2081 1931 his
2095 1904 2222 1932 excitare-

66 1941 142 1964 OBT
151 1942 170 1962 R
180 1936 229 1962 VD
238 1943 272 1969 ο,
294 1935 311 1962 si
321 1956 329 1969 ,
350 1937 424 1967 sum,
444 1938 498 1962 ere.
522 1937 614 1971 [5962.
635 1935 728 1972 39:ng
770 1935 858 1972 Veisus
871 1939 915 1963 vel
924 1944 1010 1964 cantra
1026 1938 1092 1964 Tru·
1153 1943 1207 1963 tur.
1243 1936 1309 1963 Alia
1321 1937 1473 1970 exemplaria
1486 1938 1575 1963 babent
1588 1936 1713 1964 Obtnsus.
1788 1936 1871 1965 Plaut.
1885 1938 1971 1967 Cafin.
1985 1949 2009 1972 5,
2023 1949 2043 1972 1,
2055 1949 2072 1974 9
2099 1940 2223 1968 Obtunso

28 1972 96 1998 lere.
151 1971 233 2000 Plaut.
247 1972 317 1998 Men.
332 1981 353 2005 3,
366 1981 386 2005 3,
400 1974 434 1998 '26
466 1974 556 2000 Iamne
570 1972 637 1998 abiit
650 1972 741 1999 intro3
762 1972 844 2005 abiit,
867 1972 989 2000 obtrudit
1009 1973 1092 1999 fores,
1106 1981 1139 2006 50
1154 1981 1202 1999 ore
1215 1981 1285 1998 nunc
1300 1972 1433 2006 peruelim
1447 1971 1601 2006 progrediri
1615 1973 1713 1998 senem.

30 2006 192 2040 Obtrudere‚
206 2016 233 2033 vt
249 2006 412 2034 Obstrudere
423 2009 454 2033 de
466 2008 518 2033 cibo
530 2008 688 2039 infit-ciendo
726 2008 807 2033 Plaut.
817 2008 931 2039 eumz,
944 2016 966 2039 3,
980 2013 1013 2040 87
1037 2007 1092 2033 Ali·
1194 2012 1213 2032 o
1223 2008 1300 2032 BTV
1310 2013 1324 2032 s
1335 2013 1370 2038 E,
1395 2006 1452 2038 ius,
1478 2006 1567 2031 iffime.
1604 2006 1672 2032 Adu.
1709 2005 1855 2043 [ἅμβλέωε]
1891 2007 1949 2035 Cic.
1971 2008 2003 2035 de
2018 2009 2082 2037 Nat.
2096 2010 2180 2038 Deor.
2201 2021 2222 2046 i,

48 2043 96 2071 uid
107 2043 181 2077 prius
194 2042 383 2075 obtrudamus,
407 2051 527 2076 pernam,
544 2043 653 2074 sumen,
671 2041 825 2075 glandium,
845 2049 889 2068 etc.
917 2048 944 2067 vt
957 2042 1017 2067 satis
1031 2050 1093 2067 con·
1154 2050 1187 2073 70
1206 2049 1228 2067 c.
1243 2049 1271 2070 25
1304 2040 1413 2067 Totum
1432 2047 1476 2066 aut
1496 2040 1592 2074 etiam,
1612 2047 1741 2075 autnon,
1762 2044 1870 2077 negauit
1889 2044 1938 2071 else
1960 2046 2146 2074 necest'arium:
2166 2056 2221 2082 quo

28 2052 85 2106 iilia
108 2079 252 2113 suppetant.
323 2079 372 2103 Sed
406 2076 561 2103 Obtrudere
587 2085 713 2108 uxorein,
740 2077 830 2103 Inuito
853 2082 879 2102 et
905 2076 1008 2103 nolenti
1030 2076 1093 2103 dare
1155 2075 1221 2111 quid
1236 2075 1289 2101 dici
1305 2075 1389 2110 potest
1402 2075 1541 2104 obtusius?

30 2115 100 2141 Ter.
114 2114 197 2140 Andr.
212 2122 230 2146 1,
241 2123 265 2146 ς,
277 2115 313 2140 16.
349 2113 477 2139 Donatus.
551 2111 624 2138 Idem
638 2112 704 2138 Her.
718 2121 739 2144 3,
754 2122 771 2145 ῑ,
786 2114 811 2138 16
835 2112 942 2139 Tamen
957 2120 1093 2146 nunquam
1191 2117 1211 2138 o
1222 2117 1237 2138 Β
1247 2118 1268 2137 Τ
1278 2118 1339 2137 vsi
1351 2117 1371 2138 0
1381 2133 1390 2146 ,
1417 2112 1487 2139 onis.
1524 2111 1543 2138 f.
1579 2111 1697 2139 Tertull.
1710 2112 1812 2141 aduers.
1826 2115 1910 2142 Marc.
1923 2124 1947 2150 3,
1960 2118 1975 2143 6
2002 2117 2114 2145 Obtufio
2129 2118 2221 2147 saluta.

30 2150 106 2178 ausus
119 2150 176 2176 sum
188 2149 324 2182 recusare,
343 2156 401 2174 eam
419 2157 497 2182 quam
515 2147 583 2174 mihi
597 2147 719 2174 obtrudit
732 2154 817 2182 pater.
903 2148 959 2174 Cic.
974 2149 1053 2174 Verr.
1068 2157 1092 2179 4,
1108 2153 1138 2181 55
1153 2147 1226 2173 rium
1240 2146 1371 2174 sensuum.
1444 2147 1561 2174 Membri
1576 2147 1747 2175 obtruncatio
1762 2150 1805 2176 vel
1818 2150 1922 2178 obtusio
1947 2152 2221 2182 Tertull.deResurr.

30 2195 62 2218 79
81 2195 102 2212 c.
119 2187 149 2218 36
180 2185 230 2212 Tu
250 2184 293 2210 isti
315 2183 418 2214 aderis,
438 2184 485 2217 qui
499 2192 554 2209 non
566 2183 678 2209 obtrufit
690 2183 824 2216 aliquaex
837 2188 911 2217 parte
926 2183 1093 2210 monimenta
1153 2184 1233 2209 Carn.
1250 2192 1271 2209 c.
1287 2193 1322 2215 57.
1360 2184 1431 2210 Add.
1449 2183 1488 2210 Id.
1501 2183 1611 2210 Exhort.
1626 2184 1658 2210 ad
1672 2184 1763 2211 Castit.
1781 2195 1803 2212 c.
1819 2195 1856 2214 10.
1929 2188 2034 2221 Legitur
2050 2198 2074 2215 et
2087 2190 2221 2219 Obtunsio

31 2222 59 2249 P.
71 2220 212 2256 Scipionis,
229 2219 272 2246 sed
286 2218 405 2246 funditus
418 2218 519 2244 sustulit
532 2227 559 2243 ac
576 2217 693 2244 deleuit?
713 2219 769 2254 Qo
783 2218 811 2244 in
824 2219 874 2244 loco
881 2216 997 2253 fortaffls
1009 2220 1093 2254 legen·
1153 2221 1220 2253 apta»l
1233 2219 1368 2253 Lamprid.
1384 2219 1413 2244 in
1428 2218 1571 2245 Commod.
1584 2228 1606 2245 c.
1622 2228 1660 2246 10.
1738 2222 1815 2247 Verba
1822 2223 1902 2257 sunt,
1921 2219 1998 2260 Euin,
2019 2233 2098 2259 quem
2114 2226 2220 2255 vidisset

30 2258 89 2284 dum
101 2256 133 2292 est
148 2255 294 2288 Obstruxit,
315 2256 359 2280 vel
370 2253 486 2286 Obruit,
506 2260 536 2278 vt
543 2253 629 2288 sinsus
643 2254 740 2289 sufflet.
1153 2254 1313 2280 albescentes
1328 2254 1400 2281 inter
1413 2254 1505 2289 nigros
1520 2254 1629 2289 capillos
1644 2255 1715 2289 quasi
1731 2257 1894 2285 vermiculos
1906 2258 2014 2291 habere,
2034 2260 2126 2288 sturno
2141 2271 2222 2297 appo.

64 2299 84 2320 ο
93 2298 198 2320 BTRV
208 2298 227 2318 Ι)
237 2297 252 2317 Ε
263 2297 287 2317 N
298 2296 329 2323 S,
349 2289 425 2316 entis.
462 2289 530 2316 Part.
558 2289 724 2324 Frigerantia
736 2295 816 2324 atque
829 2288 1004 2316 obtrudentia
1017 2289 1091 2316 tactu
1151 2288 1211 2322 lito,
1228 2289 1276 2324 qui
1291 2290 1316 2316 se
1329 2299 1432 2316 vermes
1448 2289 1541 2317 sectari
1554 2289 1682 2323 crederet,
1700 2292 1786 2326 capite
1800 2294 1969 2329 suppuratum
1982 2296 2110 2324 reddebat
2123 2298 2222 2325 obtun-

31 2333 57 2355 et
70 2328 202 2354 densanda
219 2327 259 2353 'C.
273 2325 362 2352 Aurei.
375 2325 420 2352 Ac.
433 2332 458 2357 2,
472 2332 510 2359 37,
525 2333 576 2358 197.
1105 2325 1141 2350 60
1152 2325 1233 2353 sione.
1290 2325 1331 2351 Sic
1345 2325 1488 2358 Salmasius.
1526 2328 1595 2352 Ante
1608 2327 1736 2362 legebatur
1748 2329 1920 2364 suppuratum
1933 2332 2068 2361 reddebat.
2105 2334 2220 2362 Obrunfi

71 2364 198 2390 OBTRV
205 2368 287 2395 svs,
304 2370 334 2394 a,
350 2370 405 2388 um.
439 2361 533 2387 Partic.
572 2360 714 2394 [ἐθιοῖεὶς]
752 2360 808 2388 Cic.
823 2360 855 2387 de
871 2360 942 2388 Clar.
958 2361 1034 2388 Orat.
1048 2366 1091 2394 238
1153 2362 1244 2388 oneris
1264 2360 1392 2396 pinguem
1411 2360 1550 2388 hominem
1570 2368 1616 2388 etc.
1654 2365 1721 2390 vnde
1740 2365 1893 2401 Casaubonus
1917 2369 2071 2404 refingebat,
2093 2369 2221 2400 reddebat

33 2407 57 2426 c.
70 2406 104 2431 74
133 2399 197 2431 Qio
216 2398 299 2432 magis
320 2396 503 2432 expurgandus
521 2396 557 2423 est
568 2397 669 2430 sei-mc,
689 2403 715 2423 et
728 2395 879 2423 adhibenda
892 2405 971 2431 quam
984 2396 1092 2424 obtrusa
1153 2395 1368 2424 obtunfionibus.
1407 2397 1533 2432 Pinguem
1548 2405 1609 2432 etc,

33 2439 113 2466 ratio,
127 2439 200 2468 'quae
211 2441 308 2460 mutari
325 2442 380 2459 non
398 2432 490 2468 potest.
525 2433 575 2460 Sed
591 2434 639 2467 leg.
652 2431 771 2459 obrussa:
797 2433 852 2459 vid.
867 2434 941 2461 Grut.
958 2433 1090 2460 Obtrusus
1193 2439 1213 2460 o
1224 2439 1240 2461 B
1252 2439 1275 2461 Τ
1285 2440 1306 2460 ν
1315 2440 1334 2460 R
1345 2440 1361 2460 Β
1371 2439 1408 2464 0,
1428 2438 1482 2460 are.
1502 2432 1692 2469 [διαταράττοι]
1729 2438 1815 2471 Auget
1827 2437 1879 2463 vim
1886 2438 2019 2474 simplicis,
2058 2441 2129 2469 Ter,
2138 2441 2221 2470 Andr,

31 2478 66 2496 an
77 2467 206 2496 abstrusus
219 2470 343 2503 aliquibus
354 2468 381 2493 in
395 2468 454 2494 licis
465 2468 518 2503 legi
528 2469 628 2503 debeat,
648 2469 749 2494 dubium
761 2467 802 2503 st.
1153 2477 1175 2503 ς,
1190 2479 1215 2504 a,
1227 2478 1256 2502 23
1284 2471 1358 2497 Itane
1372 2478 1439 2496 vcro
1454 2469 1598 2497 obturbat?
1650 2471 1749 2498 Lenire
1763 2479 1787 2498 et
1800 2473 1964 2509 Obturbare‚
1984 2478 2120 2504 contraria.
2163 2479 2221 2506 Cic.

67 2506 291 2537 οΒΤκιὶειο,
324 2503 392 2530 ouis.
427 2503 448 2531 f.
485 2504 715 2539 Corpusculorum
746 2504 868 2532 obtrufio
904 2504 978 2532 Cael.
999 2504 1090 2533 Aurei.
1104 2503 1136 2536 65
1152 2506 1206 2532 Att.
1228 2513 1270 2538 12,
1289 2513 1316 2540 ¹7
1336 2507 1406 2540 (16)
1434 2506 1480 2532 Me
1500 2506 1608 2540 scriptio
1628 2512 1654 2533 et
1671 2507 1763 2535 literae
1783 2518 1839 2536 non
1861 2510 1981 2544 leniunt,
2000 2512 2044 2539 sed
2065 2513 2220 2542 obturbant.

30 2540 105 2567 Acut.
118 2540 201 2575 praef.
214 2548 232 2572 i,
247 2543 273 2567 6.
290 2546 316 2566 et
321 2539 422 2576 saepius
430 2540 495 2574 ibid.
1153 2540 1192 2569 Id.
1206 2541 1273 2569 ibid.
1289 2550 1321 2574 12,
1336 2550 1362 2574 19
1388 2544 1450 2575 (18)
1477 2542 1534 2569 Nec
1550 2542 1696 2577 quidquam
1709 2543 1796 2571 habeo
1810 2545 1988 2580 tolerabilius,
2009 2557 2088 2582 quam
2101 2550 2222 2577 solitudi.

65 2581 320 2609 OBTRVNCO,-
337 2579 390 2602 are.
427 2574 608 2608 [narexo'nrffi
632 2576 788 2610 μᾳιχαλίζω]
825 2575 945 2602 Occidere
961 2581 1010 2611 per
1027 2575 1089 2603 vim.
1151 2586 1223 2604 nem.
1296 2577 1369 2605 Nam
1390 2578 1482 2612 (quod
1502 2587 1575 2604 eram
1595 2579 1716 2613 veritus)
1734 2589 1788 2607 non
1806 2581 1965 2610 obturbauit
1985 2583 2136 2620 Philippus:
2158 2596 2220 2614 nam

28 2609 90 2640 Liu.
105 2621 123 2645 ι,
137 2620 166 2639 io
191 2612 290 2647 Regem
303 2611 332 2638 in
345 2611 446 2646 praelio
459 2610 600 2638 obtruncat
612 2617 638 2638 et
653 2611 757 2646 spoliat.
786 2612 846 2638 add.
860 2611 920 2639 ibid.
936 2621 957 2638 c.
971 2620 994 2645 ς.
1049 2612 1091 2638 Sic
1151 2619 1180 2640 vt
1194 2612 1255 2639 heri
1271 2622 1314 2640 me
1327 2613 1466 2649 salutauit,
1487 2614 1571 2641 statim
1585 2614 1699 2643 Romam
1713 2616 1851 2652 profefius
1864 2618 1909 2646 est.
2004 2620 2092 2647 Denso
2112 2622 2219 2657 agmine

29 2647 86 2675 eie.
99 2647 131 2674 de
145 2647 206 2675 Nat.
220 2648 304 2675 Dcor.
318 2657 339 2681 3,
353 2650 383 2681 67
408 2648 524 2674 Puerum
537 2647 639 2675 interea
649 2647 801 2674 obtruncat.
838 2648 878 2673 Ex
888 2650 992 2683 quodam
1005 2648 1090 2676 Pob'ta.
1151 2648 1279 2676 obturbat
1305 2650 1374 2677 Tac.
1388 2650 1424 2677 H.
1438 2659 1465 2684 3,
1479 2659 1523 2686 ες,
1536 2660 1559 2678 a.
1595 2652 1615 2678 i.
1636 2650 1710 2687 lufies
1722 2653 1827 2682 disiicit.
1865 2655 1932 2689 conf.
1959 2654 1997 2682 Id.
2012 2657 2083 2683 Ann.
2098 2667 2122 2692 i,
2136 2660 2185 2691 66,
2200 2668 2218 2687 1.

29 2683 217 2718 Obtrun'catiS,
236 2685 282 2718 qui
304 2683 435 2719 promtius
455 2683 609 2711 resistebant
646 2683 723 2711 Curt.
737 2685 763 2716 6,
778 2693 797 2717 1,
812 2692 830 2709 1.
906 2683 1091 2711 Obtruncatur
1101 2691 1138 2719 70
1152 2684 1331 2718 Obturbatur,
1349 2686 1516 2722 impersonale.
1574 2687 1641 2714 Plin.
1657 2687 1735 2722 Epist.
1750 2698 1775 2722 9,
1788 2698 1810 2722 ¹3
1837 2690 1935 2725 Incipit
1949 2692 2109 2726 respondere
2121 2695 2220 2721 Veien-

27 2718 177 2755 superficies
196 2720 260 2747 vitis
286 2720 344 2747 Col.
357 2729 388 2753 4,
408 2728 453 2755 29,
474 2729 505 2752 ¹3·
542 2720 562 2748 i.
584 2719 756 2755 abscinditur,
776 2719 903 2755 quidquid
914 2719 997 2755 supra
1009 2719 1090 2756 solum
1152 2727 1197 2752 to;
1217 2730 1298 2749 nemo
1311 2721 1425 2757 patitur:
1445 2721 1616 2757 obturbatur,
1637 2723 1816 2760 obstrepitur,
1835 2726 1903 2753 adeo
1919 2732 1949 2754 vt
1961 2727 2076 2763 diceret,
2096 2730 2174 2766 Rogo
2191 2731 2217 2758 P.

27 2755 124 2784 eminet.
194 2757 334 2784 Incautum
346 2755 457 2791 excipit,
477 2755 627 2791 patriasque
641 2755 782 2783 obtruncat
795 2755 829 2782 ad
843 2763 900 2782 aras
930 2756 1007 2791 Virg.
1021 2757 1088 2784 Aen.
1152 2757 1183 2785 C.
1203 2766 1237 2784 ne
1250 2767 1294 2784 nie
1308 2758 1408 2792 cogatis
1422 2758 1568 2794 implorare
1581 2760 1713 2786 auxilium
1728 2760 1759 2786 T
1760 2760 1933 2790 ribunorum.

26 2801 56 2826 3,
73 2799 122 2824 3³2-
1189 2800 1209 2821 ο
1219 2799 1236 2821 13
1247 2800 1269 2821 'r
1278 2800 1324 2821 vn
1337 2800 1354 2821 Β
1364 2795 1416 2822 ᾹΤ
1427 2801 1446 2820 ν
1459 2801 1488 2828 s,
1509 2803 1539 2828 a,
1559 2804 1614 2822 um.
1652 2796 1746 2823 Partic.
1784 2797 1851 2824 Plin.
1863 2805 1888 2831 8,
1905 2805 1928 2828 ιε
1956 2800 2033 2833 Aqua
2046 2799 2198 2829 obturbata.

62 2834 82 2855 o
92 2834 108 2855 B
117 2833 166 2854 ΤΚ
175 2833 197 2853 ν
208 2834 232 2854 N
241 2833 259 2855 c
270 2827 322 2868 ,ξίτ
331 2833 395 2868 ιο,
409 2827 478 2854 onis.
515 2827 536 2854 f.
573 2826 736 2868 [κατακοπῆ]
774 2827 907 2868 Columel.
916 2836 939 2861 4,
954 2836 986 2862 ²9
1008 2828 1090 2870 (λι-1011
1187 2835 1230 2857 03
1242 2836 1265 2857 Τ
1274 2836 1296 2856 ν
1307 2837 1326 2856 R
1335 2837 1351 2858 B
1361 2832 1385 2858 Ᾱ
1395 2837 1417 2873 ’ζ
1430 2836 1497 2871 oiz,
1523 2831 1588 2858 oris.
1625 2841 1660 2858 m.
1697 2832 1791 2860 Ast-on.
1809 2833 1843 2860 ad
1860 2834 1918 2861 Cic.
1932 2834 1964 2861 de
1979 2836 2071 2864 Diuin.
2089 2846 2113 2872 p.
2128 2846 2164 2870 35·
2183 2838 2220 2864 ad

25 2869 86 2928 gai-ii
94 2869 121 2891 et
133 2863 337 2891 obtruncatione
347 2870 426 2898 Vitls,
446 2869 472 2891 et
487 2872 548 2891 cum
562 2863 682 2891 eiusdem
692 2863 849 2891 resectionis
861 2864 948 2892 fissura
960 2872 1089 2901 praecipit
1101 2871 1135 2900 75
1149 2867 1252 2929 ’(1113ζύιῖιέ
1262 2867 1442 2930 ἒιιιῗὲιίιέἓεεέ
1455 2866 1597 2929 ξῚΙίΙέεΞὶ-εςε
1610 2873 1764 2895 oratorum:
1784 2868 1980 2898 Obturbatorcs
1993 2872 2122 2906 quosdam
2134 2873 2218 2900 sordi-

0 2923 1 2932 *
61 2943 81 2963 o
89 2919 107 2963 ii
114 2940 136 2962 ¹1·
144 2940 165 2960 v
172 2940 190 2961 Ε
201 2940 221 2962 ο
230 2942 250 2962 R
257 2955 266 2968 ,
285 2937 357 2962 tutus
376 2936 421 2962 vel
432 2937 516 2963 tuitus
529 2936 596 2968 sum,
611 2934 660 2962 eri.
678 2935 745 2971 Dep.
765 2935 934 2970 [reumata-m,
946 2935 1088 2972 προσορέω]
1186 2911 1232 2965 qu
1242 2944 1266 2965 ‘r
1274 2944 1296 2963 v
1305 2945 1323 2965 R
1334 2944 1356 2966 G
1363 2945 1380 2965 E
1390 2945 1420 2972 o,
1437 2912 1492 2970 egre,
1512 2946 1536 2965 et
1548 2922 1573 2966 ὀ
1583 2945 1599 2965 13
1607 2945 1629 2965 'r
1638 2946 1660 2966 v
1669 2946 1688 2966 R
1697 2946 1719 2967 G
1727 2946 1744 2967 E
1753 2946 1766 2966 s
1776 2945 1794 2967 c
1806 2947 1827 2968 o
1840 2961 1849 2975 ,
1876 2942 1931 2970 ere.
1957 2943 1971 2978 [
1977 2943 2123 2978 ὄιδισκομαι]
2147 2945 2216 2970 Idem

25 2972 174 3007 Diligenter
193 2971 334 3007 conspicere.
407 2972 489 2999 Plaut.
502 2971 604 2999 Mostel.
619 2980 641 3004 3,
652 2979 675 3005 2,
689 2980 725 3005 ¹53
759 2973 794 2999 At
814 2977 844 2999 tu
863 2971 925 2999 istac
944 2973 1088 3000 aduorsum
1148 2975 1216 3009 quod
1218 2974 1328 3010 fimplex
1344 2974 1475 3010 Turgesco.
1550 2974 1656 3002 Lucret.
1672 2977 1698 3009 6,
1716 2978 1762 3007 658
1791 2976 1961 3013 Obturgescit
1975 2980 2047 3006 enim
2060 2979 2146 3006 subito
2160 2988 2216 3014 pes,

25 3005 146 3035 obtuere.
200 3007 274 3034 Idem
287 3005 435 3043 Amphit.3,
448 3016 511 3042 2,19
536 3007 665 3035 inimicos
679 3008 738 3035 ausa
752 3008 810 3035 sum
823 3008 926 3043 semper
939 3007 1087 3036 obtuerier.
1148 3010 1245 3044 arripit
1257 3018 1318 3036 acer
1354 3010 1435 3045 Saepe
1448 3009 1528 3037 dolor
1547 3010 1654 3045 dentes,
1674 3018 1721 3038 etc.
1795 3012 1884 3040 Festus
1902 3015 1931 3041 in
1952 3016 2014 3042 Boa.
2051 3016 2074 3042 A
2094 3024 2145 3050 qua
2163 3015 2215 3042 iffi

62 3044 264 3078 OBTVTVS,
289 3042 327 3071 fis.
364 3052 402 3070 m.
439 3044 591 3079 [πρόσοψις]
627 3043 773 3080 Adspet‘lus.
815 3044 871 3071 Cic.
885 3044 918 3071 de
931 3045 1007 3072 Orat.
1022 3055 1045 3079 3,
1059 3053 1086 3081 17
1099 3048 1132 3076 80
1148 3045 1345 3080 obturgescunt.
1417 3045 1526 3073 Obturfi
1539 3045 1629 3074 ebrius
1654 3048 1740 3075 Lucil.
1755 3056 1794 3085 ap.
1809 3050 1934 3078 Priscian.
1947 3060 1961 3083 9
1980 3060 2006 3084 p.
2018 3055 2075 3083 870.

27 3078 85 3112 Qii
103 3078 207 3106 vultum
223 3078 289 3114 eius,
301 3088 385 3114 quum
403 3080 430 3107 ei
445 3079 586 3108 dicendum
604 3080 681 3113 esset,
703 3080 881 3116 obtutumque
895 3081 1039 3108 oculorum
1057 3082 1087 3108 in
1184 3088 1227 3109 013
1239 3088 1262 3109 Τ
1273 3083 1294 3108 V
1305 3087 1325 3107 R
1337 3087 1374 3115 ο,
1401 3086 1454 3109 are.
1492 3081 1574 3117 [βῦω,
1594 3083 1697 3117 ἐπιβῦω,
1716 3084 1797 3117 ςῦφω,
1827 3090 1917 3117 φιμάω.
1937 3087 2058 3120 veiireu]
2097 3087 2215 3115 Occlude.

29 3113 168 3148 cogitando
180 3123 262 3150 prope
276 3115 367 3143 noss‘et.
438 3115 517 3157 'Acris
531 3114 640 3143 obtutus
667 3116 714 3143 Sil.
730 3123 768 3152 17,
780 3125 832 3150 344.
905 3117 1020 3145 Toruus
1047 3118 1086 3158 ld.
1148 3117 1267 3158 Cacabus
1282 3117 1429 3153 diligenter
1442 3124 1468 3145 et
1480 3118 1554 3153 spisse
1568 3118 1706 3146 obturatus
1736 3120 1855 3148 Scribon.
1876 3131 1924 3154 ²7¹·
1997 3122 2077 3149 Dolia
2090 3122 2215 3150 obturata

29 3149 154 3211 2232353.
169 3151 308 3214 ..3333
321 3152 458 3215 Ξξῖἶῑὶξζῗῖἲι
466 3151 705 3216 ἒέἒῖἇέονέἶῧὲῗὴ
716 3154 859 3221 ἓῗὲῗ·87’
872 3153 1087 3217 33111..ῗὲξῖ
1147 3154 1300 3224 {gatils
1311 3155 1577 3224 ,ussg‘j'vb-Feffiffi·
1589 3155 2082 3226 ἓῖἱῗέἕέἒὲοὲηῗέοᾞὶἓὲἒ(ΕΞΫἘῘ
2092 3167 2215 3230 ἐΐξιῗὲἔ

29 3220 88 3254 gari
101 3219 228 3260 continuo
239 3221 332 3250 obtutu
343 3224 487 3252 oculorum
514 3223 648 3259 Qiinffll.
663 3233 682 3258 1,
696 3234 719 3252 2.
791 3225 886 3259 Figere
900 3224 1025 3253 obtutum
1038 3226 1086 3252 ali·
1103 3228 1132 3259 85
1148 3225 1270 3265 illi-ostia
1283 3224 1375 3253 dicunt
1386 3224 1469 3260 θύρας.
1542 3228 1599 3254 Cic.
1612 3227 1644 3254 de
1659 3229 1724 3254 Fato
1738 3237 1766 3254 10
1781 3237 1803 3255 c.
1817 3237 1830 3258 ς
1857 3228 1996 3264 Stupidum
2013 3230 2062 3256 effe
2079 3230 2214 3258 Socratem

29 3264 85 3289 quo
108 3256 164 3295 Cic.
177 3254 209 3282 de
221 3256 283 3296 Nat.
297 3258 377 3287 Deor.
388 3269 414 3295 3,
428 3269 472 3294 ¹07
490 3269 512 3288 c.
526 3269 564 3294 4²-
600 3262 639 3287 Ex
654 3262 740 3288 Poeta.
812 3261 916 3288 Obtutu
935 3261 1026 3289 haeret
1045 3261 1087 3289 de·
1148 3261 1216 3288 dixit
1227 3267 1253 3288 et
1266 3261 1396 3296 bardum,
1415 3262 1486 3297 quod
1501 3262 1590 3298 iugula
1605 3272 1718 3290 concaua
1733 3273 1786 3290 non
1800 3263 1924 3298 haberet,
1941 3265 2087 3293 obstructas
2100 3275 2142 3293 eas
2155 3275 2214 3302 par.

28 3291 96 3319 fixus
110 3300 136 3317 in
149 3299 204 3317 vno
227 3292 302 3326 Virg.
310 3294 373 3322 Aen.
380 3305 398 3330 1,
408 3305 470 3330 499.
542 3296 645 3324 Tacito
658 3296 755 3324 obtutu
767 3296 837 3324 stetit
859 3297 1086 3330 Id.ibid.12,666.
1147 3302 1186 3324 tes
1200 3303 1226 3324 et
1241 3297 1376 3325 obturatas
1390 3299 1438 3325 csse
1453 3298 1567 3326 dicebat.
1675 3300 1763 3326 Varro
1777 3300 1808 3326 de
1822 3300 1854 3327 R.
1869 3301 1900 3327 R.
1919 3311 1940 3334 3,
1956 3303 1981 3328 16
2011 3302 2100 3329 Etiam
2113 3311 2212 3338 paucae

29 3328 86 3355 Ora
98 3326 184 3354 defixa
196 3332 268 3353 tenet
280 3327 374 3357 obtutu
397 3331 436 3358 id.
448 3331 514 3360 ibid.
522 3339 551 3367 7,
563 3341 622 3366 250.
697 3332 823 3366 Qiodam
837 3332 933 3360 obtutu
945 3334 1086 3361 oculorum
1147 3339 1221 3360 extra
1233 3333 1331 3361 ostium
1344 3334 1414 3362 aluei
1429 3335 1556 3362 obturant
1570 3335 1672 3363 omnia.
1709 3336 1837 3362 Amorem
1851 3336 1947 3363 edendi
1963 3337 2098 3366 obturare.
2160 3340 2213 3366 Lu-

29 3362 84 3390 duo
97 3372 146 3398 pro
161 3371 216 3390 vno
230 3363 351 3391 lucernae
364 3365 465 3393 lumina
476 3368 565 3396 videri
598 3368 654 3396 Cic.
671 3368 704 3395 de
716 3369 809 3395 Diuin.
822 3378 846 3402 2,
860 3378 911 3396 120.
984 3370 1085 3396 Plural.
1147 3376 1210 3396 eret.
1222 3380 1246 3405 4,
1260 3372 1311 3406 867
1344 3372 1431 3406 Atque
1445 3378 1578 3406 patentem
1613 3372 1662 3398 Per
1680 3371 1798 3398 membra
1817 3380 1845 3398 ac
1865 3380 1945 3399 venas
1959 3379 1987 3400 vt
1999 3382 2119 3401 amorem
2134 3374 2211 3402 obtu-

28 3398 78 3427 Nil
90 3399 272 3439 intercurrens
284 3397 419 3441 obtutibus
430 3402 542 3437 impedit
553 3404 645 3439 ignem
669 3404 795 3433 Prudent.
808 3405 927 3433 Hamart.
940 3413 1003 3440 907.
1099 3411 1135 3437 90
1146 3411 1187 3432 ret
1200 3402 1314 3434 edendi.'
1345 3408 1386 3433 Sic
1404 3408 1471 3432 enim
1490 3408 1617 3442 legendum
1638 3406 1684 3442 effe
1701 3408 1826 3434 contendit
1838 3408 1985 3442 Lambinus;
2002 3417 2026 3436 et
2036 3409 2076 3443 stc
2096 3410 2211 3437 hodierni

66 3441 88 3463 0
98 3441 114 3462 Β
126 3441 148 3461 'r
161 3441 181 3460 v
193 3442 202 3461 i
218 3440 240 3460 'r
252 3440 312 3467 vs,
334 3444 373 3461 us.
407 3445 443 3476 ni.
479 3438 607 3474 [βλέμμα]
644 3442 711 3467 Idem
722 3442 789 3476 quod
799 3441 913 3468 Obtutus.
959 3442 1015 3469 Cic.
1031 3440 1087 3469 Off.
1140 3441 1201 3476 ftre
1207 3442 1324 3477 scribunt
1343 3442 1513 3476 Obturofine
1526 3450 1556 3470 Η.
1593 3444 1658 3477 confi
1683 3443 1746 3478 Vff
1758 3444 1860 3476 Erymol.
1869 3443 1895 3478 f
1907 3452 1957 3478 351.

30 3480 50 3504 1,
63 3472 110 3505 146
139 3471 177 3498 Ex
191 3471 332 3511 oculorum
344 3470 466 3505 obtuitu,
487 3482 520 3501 ex
538 3475 685 3504 eleuatione
704 3482 750 3505 aut
767 3476 917 3505 remiffione
930 3477 1086 3513 supercilio·
1183 3483 1227 3505 οΒ
1237 3484 1317 3505 TVR
1326 3485 1349 3505 A
1358 3485 1381 3505 N
1392 3485 1421 3513 s,
1442 3479 1519 3506 antis.
1554 3479 1648 3506 Partic.
1686 3481 1752 3505 axes
1771 3478 1926 3508 obturantes
1941 3480 2080 3509 foramina*
2102 3482 2210 3509 Vitruu.

31 3515 99 3534 rum.
134 3506 289 3533 Corremora
303 3507 457 3542 exemplaria
470 3509 555 3544 legunt
573 3511 686 3540 Obtutu.
1147 3522 1194 3547 10,
1214 3522 1249 3541 12.

67 3548 140 3569 013'1·
151 3548 173 3568 v
182 3549 207 3569 M
216 3549 233 3569 E
243 3548 255 3568 s
264 3548 280 3568 e
293 3547 312 3568 o
321 3563 330 3577 ‚
357 3543 411 3569 ere.
452 3543 517 3572 Plin.
530 3554 574 3579 20,
586 3556 599 3578 ς
628 3549 667 3576 Ex
685 3557 755 3584 aqua
769 3548 917 3576 bibendum
937 3548 1032 3576 dedere
1045 3557 1086 3576 re·
1184 3555 1205 3577 o
1213 3555 1230 3577 B
1239 3556 1261 3577 ‘r
1269 3556 1291 3576 v
1300 3557 1320 3578 R
1328 3557 1351 3578 A
1359 3557 1385 3576 M
1393 3558 1410 3577 E
1421 3556 1443 3577 N
1455 3557 1478 3577 Τ
1488 3558 1509 3576 ν
1518 3557 1544 3577 Μ
1554 3568 1563 3582 ,
1589 3550 1608 3577 i.
1644 3559 1670 3576 n.
1707 3550 1855 3587 [φμγμδς]
1891 3553 1948 3587 Qo
1961 3553 2062 3588 aliquid
2072 3553 2209 3580 obturatur.

34 3583 109 3612 pente
125 3577 374 3619 obtumescentibus.
407 3615 420 3619 ⁸
1098 3589 1131 3617 95
1146 3585 1215 3615 Plin.
1228 3587 1264 3619 16,
1278 3592 1291 3616 8
1318 3588 1347 3612 de
1358 3587 1447 3612 cortice
1454 3586 1568 3621 suberis,
1589 3586 1655 3612 Vsus
1667 3586 1724 3612 eius
1737 3586 1863 3614 cadorum
1876 3588 2081 3616 obturamcntis.
2153 3587 2209 3616 Ob·

70 3619 171 3646 Oi3'rv
181 3622 202 3641 N
212 3620 276 3649 Do,
298 3614 371 3647 trudi,
391 3615 480 3642 tusum
493 3617 536 3642 vel
548 3618 666 3656 tunsum,
685 3621 740 3648 ere.
777 3619 922 3655 [ditantium.
944 3617 1086 3660 α’μρλῦσκω,
1146 3627 1328 3649 turamentum
1342 3621 1425 3657 stagni
1457 3622 1524 3649 Plin.
1538 3630 1575 3662 33,
1588 3632 1611 3654 4.

4 3650 6 3654 “
35 3648 203 3690 arsamum,
224 3650 322 3690 πῃρόω]
375 3653 460 3685 Auget
473 3651 678 3688 significationem
695 3657 827 3693 simplicis.
900 3656 1010 3684 Firmic.
1029 3665 1051 3691 5,
1071 3664 1085 3689 ς
1183 3664 1229 3684 on
1240 3663 1415 3685 TVRAcv
1427 3665 1444 3684 L
1456 3664 1530 3690 VM,
1551 3666 1569 3683 1.
1606 3666 1633 3684 n.
1670 3657 1813 3686 Extrahere
1834 3658 1917 3688 Marc.
1930 3659 2032 3697 Empir.
2053 3668 2074 3687 c.
2088 3667 2127 3693 35.

36 3683 91 3723 (λιιι
102 3684 200 3720 saepius
219 3686 311 3722 aliquo
324 3685 418 3712 dolore
433 3686 542 3720 perculsi
550 3707 558 3719 ,
576 3694 601 3714 et
614 3696 689 3724 caput
701 3692 841 3728 plangant,
861 3698 887 3719 et
909 3691 1018 3727 pectora
1037 3701 1085 3727 pu-
1184 3699 1205 3720 ο
1216 3699 1232 3720 Β
1241 3701 1263 3721 Τ
1273 3701 1294 3720 ν
1305 3701 1318 3721 s
1328 3700 1349 3719 v
1359 3699 1372 3719 s
1381 3714 1389 3726 ,
1410 3694 1465 3720 vid.
1483 3700 1503 3720 o
1513 3699 1528 3719 Β
1539 3699 1561 3720 Τ
1570 3700 1592 3719 ν
1601 3699 1625 3718 Ν
1633 3698 1653 3719 D
1662 3699 1692 3720 o.

34 3727 93 3753 gnis
106 3719 258 3748 obtundant.
330 3721 502 3756 Obtundere,
524 3722 633 3759 Craffiam
650 3725 763 3762 hebesque
775 3729 869 3762 facere
877 3749 885 3761 ‚
905 3729 948 3754 vel
964 3729 1086 3761 hebetare,
1184 3735 1205 3757 ο
1214 3735 1232 3757 Β
1243 3736 1266 3757 Τ
1278 3736 1299 3757 ν
1311 3735 1333 3757 Τ
1345 3736 1367 3756 ν
1376 3735 1390 3757 S
1397 3752 1408 3766 ‚
1428 3730 1484 3756 vid.
1506 3734 1526 3755 0
1536 3734 1552 3756 Β
1564 3735 1586 3756 Τ
1599 3735 1621 3756 V
1631 3734 1647 3755 E
1655 3734 1675 3757 0
1684 3736 1715 3757 R·

5 3772 7 3777 2
36 3761 60 3780 et
75 3754 192 3790 cuspidem
209 3757 324 3785 adimere.
397 3758 580 3798 Columel34,
600 3767 630 3791 24
662 3760 776 3797 Obtusa,
794 3763 928 3799 hebesque
950 3769 975 3790 et
995 3763 1141 3792 mollismo

37 3789 90 3816 falx
102 3796 248 3833 putatorem
260 3799 390 3828 moratur,
410 3803 496 3829 eoque
510 3802 598 3821 minus
613 3796 700 3828 operis
713 3796 802 3831 efficit,
821 3806 847 3827 et
859 3800 917 3835 plus
928 3799 1029 3826 laboris
1043 3800 1086 3827 ad·
1567 3803 1598 3835 Ο
1669 3804 1692 3836 Β
1757 3803 1788 3836 V
2087 3811 2109 3833 ⁰

37 3825 90 3852 fert
103 3832 224 3855 vmitori.
293 3830 370 3866 Virg.
383 3830 483 3866 Georg.
498 3840 517 3866 i,
529 3832 574 3857 262
611 3829 716 3857 Durum
728 3835 849 3866 procudit
862 3842 952 3862 arator
988 3836 1086 3863 Vome-

6 3868 7 3874 ¹
37 3861 74 3888 ris
87 3860 173 3889 obtufi
188 3862 300 3892 dentem.
342 3867 388 3893 Vbi
403 3867 526 3893 Seruius:
546 3865 655 3900 obtusi,
675 3866 846 3898 Reuerberati
865 3878 891 3898 et
912 3870 1034 3898 acumine
1048 3881 1086 3899 ca·
1186 3874 1395 3906 onva'Gio,
1418 3872 1474 3906 iui,
1499 3873 1584 3908 itum,
1611 3875 1661 3901 ite.
1698 3874 1904 3910 [καταβαβὲζω]
1941 3875 2038 3901 Circum
2056 3876 2099 3896 Μ’
2116 3865 2203 3902 ‘versu‘

37 3897 129 3924 tentis.
201 3899 290 3926 Acieni
302 3902 443 3929 oculorum
456 3902 606 3930 obtundere
633 3901 699 3928 Plin.
712 3911 748 3933 22,
760 3913 796 3934 ἐς.
866 3907 922 3934 Cic.
936 3907 1019 3934 Tusc.
1033 3917 1054 3941 3,
1059 3917 1087 3940 34
1147 3912 1247 3944 vagire.
1320 3909 1402 3935 Plaut.
1418 3909 1496 3935 Pocn.
1507 3909 1576 3944 prol.
1591 3918 1613 3943 3¹
1639 3910 1717 3937 Neue
1731 3911 1875 3938 esurientes
1887 3910 1932 3939 iiic
1945 3907 2015 3945 quasi
2027 3904 2107 3933 hoedi
2121 3903 2203 3930 Obm-

38 3932 118 3960 Nihil
131 3932 168 3960 est
180 3933 252 3997 qgtgi
253 3937 460 4002 1:aiiiltliiitundat
479 3939 618 3974 eleuetque
630 3937 847 3975 aegritudinem,
865 3951 945 3977 quam
963 3950 1089 3979 perpetua
1097 3945 1229 3980 io5giant.
1282 3944 1485 4011 DZiJJthibus.
2091 3979 2202 4001 onva-
