<?xml version="1.0" encoding="UTF-8"?>
<!DOCTYPE html PUBLIC "-//W3C//DTD XHTML 1.0 Transitional//EN"
    "http://www.w3.org/TR/xhtml1/DTD/xhtml1-transitional.dtd">
<html xmlns="http://www.w3.org/1999/xhtml" xml:lang="en" lang="en">
 <head>
  <title>
</title>
<meta http-equiv="Content-Type" content="text/html;charset=utf-8" />
  <meta name='ocr-system' content='tesseract 3.04.00' />
  <meta name='ocr-capabilities' content='ocr_page ocr_carea ocr_par ocr_line ocrx_word'/>
</head>
<body>
  <div class='ocr_page' id='page_1' title='image "./novuslinguaeeter03gesn_0569.png"; bbox 0 0 2517 4231; ppageno 0'>
   <div class='ocr_carea' id='block_1_1' title="bbox 0 2134 17 3689">
    <p class='ocr_par' dir='ltr' id='par_1_1' title="bbox 0 2134 17 3689">
     <span class='ocr_line' id='line_1_1' title="bbox 0 2134 17 3689; baseline 0 0"><span class='ocrx_word' id='word_1_1' title='bbox 0 2134 17 3689; x_wconf 95' lang='lat' dir='ltr'> </span> 
     </span>
    </p>
   </div>
   <div class='ocr_carea' id='block_1_2' title="bbox 79 192 729 245">
    <p class='ocr_par' dir='ltr' id='par_1_2' title="bbox 79 192 729 245">
     <span class='ocr_line' id='line_1_2' title="bbox 79 192 729 245; baseline -0.005 -10"><span class='ocrx_word' id='word_1_2' title='bbox 79 208 154 245; x_wconf 75' lang='lat' dir='ltr'>iu?</span> <span class='ocrx_word' id='word_1_3' title='bbox 462 192 729 233; x_wconf 88' lang='lat' dir='ltr'>PRO</span> 
     </span>
    </p>
   </div>
   <div class='ocr_carea' id='block_1_3' title="bbox 74 279 1136 604">
    <p class='ocr_par' dir='ltr' id='par_1_3' title="bbox 74 279 1136 604">
     <span class='ocr_line' id='line_1_3' title="bbox 78 279 1135 318; baseline -0.003 -7"><span class='ocrx_word' id='word_1_4' title='bbox 78 288 245 316; x_wconf 82' lang='lat' dir='ltr'>metuentes,</span> <span class='ocrx_word' id='word_1_5' title='bbox 257 281 432 318; x_wconf 85' lang='lat' dir='ltr'>pronuntiant</span> <span class='ocrx_word' id='word_1_6' title='bbox 450 291 496 310; x_wconf 83' lang='lat' dir='ltr'>eos</span> <span class='ocrx_word' id='word_1_7' title='bbox 516 287 660 316; x_wconf 81' lang='lat' dir='ltr'>praetorei.</span> <span class='ocrx_word' id='word_1_8' title='bbox 737 280 795 308; x_wconf 87' lang='lat' dir='ltr'>Cic.</span> <span class='ocrx_word' id='word_1_9' title='bbox 813 287 863 314; x_wconf 86' lang='lat' dir='ltr'>pro</span> <span class='ocrx_word' id='word_1_10' title='bbox 883 279 958 306; x_wconf 71' lang='lat' dir='ltr'>Rosc.</span> <span class='ocrx_word' id='word_1_11' title='bbox 978 280 1067 307; x_wconf 81' lang='lat' dir='ltr'>Amer.</span> <span class='ocrx_word' id='word_1_12' title='bbox 1089 288 1135 314; x_wconf 85' lang='lat'>¹²9</span> 
     </span>
     <span class='ocr_line' id='line_1_4' title="bbox 78 315 1133 353; baseline -0.003 -8"><span class='ocrx_word' id='word_1_13' title='bbox 78 320 157 353; x_wconf 81' lang='lat' dir='ltr'>Qiae</span> <span class='ocrx_word' id='word_1_14' title='bbox 177 319 250 346; x_wconf 90' lang='lat' dir='ltr'>enim</span> <span class='ocrx_word' id='word_1_15' title='bbox 263 317 333 347; x_wconf 86' lang='lat' dir='ltr'>mihi</span> <span class='ocrx_word' id='word_1_16' title='bbox 352 318 400 352; x_wconf 87' lang='lat' dir='ltr'>ipli</span> <span class='ocrx_word' id='word_1_17' title='bbox 419 318 532 353; x_wconf 81' lang='lat' dir='ltr'>indigna</span> <span class='ocrx_word' id='word_1_18' title='bbox 549 324 575 344; x_wconf 86' lang='lat' dir='ltr'>et</span> <span class='ocrx_word' id='word_1_19' title='bbox 594 316 778 347; x_wconf 67' lang='lat' dir='ltr'>intolerabilia</span> <span class='ocrx_word' id='word_1_20' title='bbox 796 315 938 347; x_wconf 78' lang='lat' dir='ltr'>videntur,</span> <span class='ocrx_word' id='word_1_21' title='bbox 960 324 1082 351; x_wconf 85' lang='lat' dir='ltr'>quaeque</span> <span class='ocrx_word' id='word_1_22' title='bbox 1099 317 1133 344; x_wconf 91' lang='lat' dir='ltr'>ad</span> 
     </span>
     <span class='ocr_line' id='line_1_5' title="bbox 78 352 1135 389; baseline -0.003 -8"><span class='ocrx_word' id='word_1_23' title='bbox 78 364 190 387; x_wconf 85' lang='lat' dir='ltr'>omues,</span> <span class='ocrx_word' id='word_1_24' title='bbox 205 353 252 380; x_wconf 88' lang='lat' dir='ltr'>nili</span> <span class='ocrx_word' id='word_1_25' title='bbox 266 353 439 388; x_wconf 59' lang='lat' dir='ltr'>prouida-inus</span> <span class='ocrx_word' id='word_1_26' title='bbox 448 375 456 387; x_wconf 94' lang='lat'>‚</span> <span class='ocrx_word' id='word_1_27' title='bbox 469 355 589 382; x_wconf 80' lang='lat' dir='ltr'>arbitror</span> <span class='ocrx_word' id='word_1_28' title='bbox 602 354 750 389; x_wconf 84' lang='lat' dir='ltr'>pertinere,</span> <span class='ocrx_word' id='word_1_29' title='bbox 764 359 795 377; x_wconf 85' lang='lat' dir='ltr'>ca</span> <span class='ocrx_word' id='word_1_30' title='bbox 809 360 858 385; x_wconf 87' lang='lat' dir='ltr'>pro</span> <span class='ocrx_word' id='word_1_31' title='bbox 871 352 972 386; x_wconf 86' lang='lat' dir='ltr'>meipso</span> <span class='ocrx_word' id='word_1_32' title='bbox 982 372 989 384; x_wconf 93' lang='lat'>‚</span> <span class='ocrx_word' id='word_1_33' title='bbox 1003 361 1034 378; x_wconf 86' lang='lat' dir='ltr'>ex</span> <span class='ocrx_word' id='word_1_34' title='bbox 1051 352 1135 379; x_wconf 85' lang='lat' dir='ltr'>animi</span> 
     </span>
     <span class='ocr_line' id='line_1_6' title="bbox 80 388 1135 425; baseline -0.003 -7"><span class='ocrx_word' id='word_1_35' title='bbox 80 391 136 418; x_wconf 89' lang='lat' dir='ltr'>mci</span> <span class='ocrx_word' id='word_1_36' title='bbox 151 391 224 417; x_wconf 89' lang='lat' dir='ltr'>sensu</span> <span class='ocrx_word' id='word_1_37' title='bbox 237 397 266 415; x_wconf 87' lang='lat' dir='ltr'>ac</span> <span class='ocrx_word' id='word_1_38' title='bbox 278 389 372 416; x_wconf 88' lang='lat' dir='ltr'>dolore</span> <span class='ocrx_word' id='word_1_39' title='bbox 386 392 542 425; x_wconf 85' lang='lat' dir='ltr'>pronuntio.</span> <span class='ocrx_word' id='word_1_40' title='bbox 610 390 687 417; x_wconf 87' lang='lat' dir='ltr'>Curt.</span> <span class='ocrx_word' id='word_1_41' title='bbox 700 397 730 420; x_wconf 84' lang='lat'>4,</span> <span class='ocrx_word' id='word_1_42' title='bbox 743 393 765 418; x_wconf 78' lang='grc' dir='ltr'>Β,</span> <span class='ocrx_word' id='word_1_43' title='bbox 779 389 807 413; x_wconf 82' lang='grc'>16</span> <span class='ocrx_word' id='word_1_44' title='bbox 829 388 1026 422; x_wconf 78' lang='lat' dir='ltr'>lnnninensquc</span> <span class='ocrx_word' id='word_1_45' title='bbox 1041 389 1135 421; x_wconf 83' lang='lat' dir='ltr'>Dario,</span> 
     </span>
     <span class='ocr_line' id='line_1_7' title="bbox 78 422 1135 462; baseline -0.002 -8"><span class='ocrx_word' id='word_1_46' title='bbox 78 427 133 454; x_wconf 86' lang='lat' dir='ltr'>iter</span> <span class='ocrx_word' id='word_1_47' title='bbox 146 425 177 452; x_wconf 92' lang='lat' dir='ltr'>ad</span> <span class='ocrx_word' id='word_1_48' title='bbox 186 425 347 459; x_wconf 74' lang='lat' dir='ltr'>Euphratem</span> <span class='ocrx_word' id='word_1_49' title='bbox 362 427 558 461; x_wconf 84' lang='lat' dir='ltr'>pronuntiauit.</span> <span class='ocrx_word' id='word_1_50' title='bbox 629 424 751 462; x_wconf 77' lang='lat' dir='ltr'>Nomina</span> <span class='ocrx_word' id='word_1_51' title='bbox 764 422 900 450; x_wconf 59' lang='lat' dir='ltr'>vidtorum</span> <span class='ocrx_word' id='word_1_52' title='bbox 913 425 1050 451; x_wconf 73' lang='lat' dir='ltr'>Cic.1-&#39;a111.</span> <span class='ocrx_word' id='word_1_53' title='bbox 1065 432 1087 456; x_wconf 88' lang='lat'>5,</span> <span class='ocrx_word' id='word_1_54' title='bbox 1102 433 1135 450; x_wconf 78' lang='lat'>¹2-</span> 
     </span>
     <span class='ocr_line' id='line_1_8' title="bbox 77 460 1135 496; baseline -0.001 -9"><span class='ocrx_word' id='word_1_55' title='bbox 77 461 205 490; x_wconf 77' lang='lat' dir='ltr'>Aducntu</span> <span class='ocrx_word' id='word_1_56' title='bbox 224 462 365 496; x_wconf 86' lang='lat' dir='ltr'>longarum</span> <span class='ocrx_word' id='word_1_57' title='bbox 384 463 495 489; x_wconf 91' lang='lat' dir='ltr'>nauium</span> <span class='ocrx_word' id='word_1_58' title='bbox 508 461 594 488; x_wconf 88' lang='lat' dir='ltr'>Curio</span> <span class='ocrx_word' id='word_1_59' title='bbox 611 460 780 496; x_wconf 84' lang='lat' dir='ltr'>pronuntiari</span> <span class='ocrx_word' id='word_1_60' title='bbox 797 460 928 487; x_wconf 78' lang='lat' dir='ltr'>onerariis</span> <span class='ocrx_word' id='word_1_61' title='bbox 947 460 1039 492; x_wconf 83' lang='lat' dir='ltr'>iubet,</span> <span class='ocrx_word' id='word_1_62' title='bbox 1061 461 1086 486; x_wconf 87' lang='lat' dir='ltr'>se</span> <span class='ocrx_word' id='word_1_63' title='bbox 1106 460 1135 486; x_wconf 88' lang='lat' dir='ltr'>in</span> 
     </span>
     <span class='ocr_line' id='line_1_9' title="bbox 77 495 1135 533; baseline -0.002 -9"><span class='ocrx_word' id='word_1_64' title='bbox 77 497 197 526; x_wconf 77' lang='lat' dir='ltr'>hostium</span> <span class='ocrx_word' id='word_1_65' title='bbox 218 497 374 524; x_wconf 88' lang='lat' dir='ltr'>habiturum</span> <span class='ocrx_word' id='word_1_66' title='bbox 395 498 470 529; x_wconf 82' lang='lat' dir='ltr'>loco,</span> <span class='ocrx_word' id='word_1_67' title='bbox 496 506 563 533; x_wconf 88' lang='lat' dir='ltr'>quae</span> <span class='ocrx_word' id='word_1_68' title='bbox 579 505 636 523; x_wconf 90' lang='lat' dir='ltr'>non</span> <span class='ocrx_word' id='word_1_69' title='bbox 655 504 671 521; x_wconf 88' lang='lat' dir='ltr'>e</span> <span class='ocrx_word' id='word_1_70' title='bbox 690 495 803 530; x_wconf 80' lang='lat' dir='ltr'>vcliigio</span> <span class='ocrx_word' id='word_1_71' title='bbox 820 495 853 522; x_wconf 90' lang='lat' dir='ltr'>ad</span> <span class='ocrx_word' id='word_1_72' title='bbox 872 496 952 523; x_wconf 77' lang='lat' dir='ltr'>castra</span> <span class='ocrx_word' id='word_1_73' title='bbox 972 496 1135 522; x_wconf 84' lang='lat' dir='ltr'>Corneliana</span> 
     </span>
     <span class='ocr_line' id='line_1_10' title="bbox 74 531 1136 566; baseline -0.004 -5"><span class='ocrx_word' id='word_1_74' title='bbox 74 534 138 561; x_wconf 71' lang='lat' dir='ltr'>vela</span> <span class='ocrx_word' id='word_1_75' title='bbox 151 533 285 560; x_wconf 82' lang='lat' dir='ltr'>direxisset</span> <span class='ocrx_word' id='word_1_76' title='bbox 299 535 372 561; x_wconf 89' lang='lat' dir='ltr'>Caes.</span> <span class='ocrx_word' id='word_1_77' title='bbox 386 534 452 561; x_wconf 78' lang='lat' dir='ltr'>Bell.</span> <span class='ocrx_word' id='word_1_78' title='bbox 465 534 548 561; x_wconf 89' lang='lat' dir='ltr'>Ciuil.</span> <span class='ocrx_word' id='word_1_79' title='bbox 562 541 588 565; x_wconf 82' lang='lat'>2,</span> <span class='ocrx_word' id='word_1_80' title='bbox 601 538 641 564; x_wconf 87' lang='lat'>25.</span> <span class='ocrx_word' id='word_1_81' title='bbox 713 532 888 558; x_wconf 78' lang='lat' dir='ltr'>Pronuntiare</span> <span class='ocrx_word' id='word_1_82' title='bbox 904 531 1033 566; x_wconf 84' lang='lat' dir='ltr'>praelium</span> <span class='ocrx_word' id='word_1_83' title='bbox 1049 532 1076 557; x_wconf 95' lang='lat' dir='ltr'>in</span> <span class='ocrx_word' id='word_1_84' title='bbox 1090 540 1136 565; x_wconf 89' lang='lat' dir='ltr'>po—</span> 
     </span>
     <span class='ocr_line' id='line_1_11' title="bbox 76 567 1134 604; baseline -0.003 -7"><span class='ocrx_word' id='word_1_85' title='bbox 76 569 177 597; x_wconf 79' lang='lat' dir='ltr'>sterum</span> <span class='ocrx_word' id='word_1_86' title='bbox 192 569 276 602; x_wconf 59' lang='lat' dir='ltr'>diemj</span> <span class='ocrx_word' id='word_1_87' title='bbox 288 570 400 597; x_wconf 78' lang='lat' dir='ltr'>Indiccre</span> <span class='ocrx_word' id='word_1_88' title='bbox 413 571 472 597; x_wconf 92' lang='lat' dir='ltr'>Liu.</span> <span class='ocrx_word' id='word_1_89' title='bbox 485 578 531 603; x_wconf 85' lang='lat'>24,</span> <span class='ocrx_word' id='word_1_90' title='bbox 544 576 573 601; x_wconf 83' lang='lat'>14</span> <span class='ocrx_word' id='word_1_91' title='bbox 582 573 647 594; x_wconf 80' lang='lat' dir='ltr'>extr.</span> <span class='ocrx_word' id='word_1_92' title='bbox 690 568 731 595; x_wconf 84' lang='lat' dir='ltr'>Sic</span> <span class='ocrx_word' id='word_1_93' title='bbox 739 568 825 594; x_wconf 83' lang='lat' dir='ltr'>Palam</span> <span class='ocrx_word' id='word_1_94' title='bbox 833 571 1000 604; x_wconf 74' lang='lat' dir='ltr'>promittere:</span> <span class='ocrx_word' id='word_1_95' title='bbox 1019 567 1075 594; x_wconf 85' lang='lat' dir='ltr'>Cic.</span> <span class='ocrx_word' id='word_1_96' title='bbox 1085 576 1134 601; x_wconf 84' lang='lat' dir='ltr'>pro</span> 
     </span>
    </p>
   </div>
   <div class='ocr_carea' id='block_1_4' title="bbox 77 602 1259 644">
    <p class='ocr_par' dir='ltr' id='par_1_4' title="bbox 77 602 1259 644">
     <span class='ocr_line' id='line_1_12' title="bbox 77 602 1259 644; baseline -0.004 -11"><span class='ocrx_word' id='word_1_97' title='bbox 77 606 184 633; x_wconf 81' lang='lat' dir='ltr'>Cluent.</span> <span class='ocrx_word' id='word_1_98' title='bbox 199 610 231 640; x_wconf 86' lang='lat'>78</span> <span class='ocrx_word' id='word_1_99' title='bbox 243 615 266 632; x_wconf 85' lang='lat' dir='ltr'>c.</span> <span class='ocrx_word' id='word_1_100' title='bbox 281 614 313 639; x_wconf 78' lang='lat'>29</span> <span class='ocrx_word' id='word_1_101' title='bbox 339 606 502 641; x_wconf 83' lang='lat' dir='ltr'>Suppress&#39;am</span> <span class='ocrx_word' id='word_1_102' title='bbox 520 604 569 644; x_wconf 65' lang='lat' dir='ltr'>else</span> <span class='ocrx_word' id='word_1_103' title='bbox 580 602 614 630; x_wconf 87' lang='lat' dir='ltr'>ab</span> <span class='ocrx_word' id='word_1_104' title='bbox 628 612 661 629; x_wconf 87' lang='lat' dir='ltr'>eo</span> <span class='ocrx_word' id='word_1_105' title='bbox 674 603 824 643; x_wconf 76' lang='lat' dir='ltr'>pecuniam,</span> <span class='ocrx_word' id='word_1_106' title='bbox 836 612 917 638; x_wconf 87' lang='lat' dir='ltr'>quani</span> <span class='ocrx_word' id='word_1_107' title='bbox 937 612 987 638; x_wconf 87' lang='lat' dir='ltr'>pro</span> <span class='ocrx_word' id='word_1_108' title='bbox 1007 612 1055 629; x_wconf 87' lang='lat' dir='ltr'>reo</span> <span class='ocrx_word' id='word_1_109' title='bbox 1073 612 1132 638; x_wconf 85' lang='lat' dir='ltr'>pro·</span> <span class='ocrx_word' id='word_1_110' title='bbox 1146 609 1177 628; x_wconf 85' lang='grc' dir='ltr'>ιο</span> <span class='ocrx_word' id='word_1_111' title='bbox 1203 610 1226 635; x_wconf 90' lang='lat'>5,</span> <span class='ocrx_word' id='word_1_112' title='bbox 1241 610 1259 628; x_wconf 91' lang='lat'>1.</span> 
     </span>
    </p>
   </div>
   <div class='ocr_carea' id='block_1_5' title="bbox 37 639 1142 2041">
    <p class='ocr_par' dir='ltr' id='par_1_5' title="bbox 37 639 1138 857">
     <span class='ocr_line' id='line_1_13' title="bbox 77 639 1137 677; baseline -0.002 -9"><span class='ocrx_word' id='word_1_113' title='bbox 77 642 232 668; x_wconf 66' lang='lat' dir='ltr'>nuntiasti-t:</span> <span class='ocrx_word' id='word_1_114' title='bbox 262 643 310 677; x_wconf 91' lang='lat' dir='ltr'>qui</span> <span class='ocrx_word' id='word_1_115' title='bbox 329 649 405 669; x_wconf 84' lang='lat' dir='ltr'>erant</span> <span class='ocrx_word' id='word_1_116' title='bbox 426 643 454 668; x_wconf 90' lang='lat' dir='ltr'>iu</span> <span class='ocrx_word' id='word_1_117' title='bbox 472 648 602 667; x_wconf 85' lang='lat' dir='ltr'>concione</span> <span class='ocrx_word' id='word_1_118' title='bbox 622 648 676 665; x_wconf 92' lang='lat' dir='ltr'>non</span> <span class='ocrx_word' id='word_1_119' title='bbox 696 639 891 674; x_wconf 83' lang='lat' dir='ltr'>intelligebant.</span> <span class='ocrx_word' id='word_1_120' title='bbox 949 640 1023 666; x_wconf 89' lang='lat' dir='ltr'>Curt.</span> <span class='ocrx_word' id='word_1_121' title='bbox 1039 648 1060 671; x_wconf 83' lang='lat'>3,</span> <span class='ocrx_word' id='word_1_122' title='bbox 1076 649 1096 671; x_wconf 88' lang='grc' dir='ltr'>ς,</span> <span class='ocrx_word' id='word_1_123' title='bbox 1112 646 1137 673; x_wconf 86' lang='lat'>15</span> 
     </span>
     <span class='ocr_line' id='line_1_14' title="bbox 76 674 1137 712; baseline -0.001 -9"><span class='ocrx_word' id='word_1_124' title='bbox 76 678 186 712; x_wconf 75' lang='lat' dir='ltr'>Quippe</span> <span class='ocrx_word' id='word_1_125' title='bbox 206 678 303 705; x_wconf 81' lang='lat' dir='ltr'>Darius</span> <span class='ocrx_word' id='word_1_126' title='bbox 321 678 396 705; x_wconf 87' lang='lat' dir='ltr'>mille</span> <span class='ocrx_word' id='word_1_127' title='bbox 416 677 511 704; x_wconf 86' lang='lat' dir='ltr'>talenta</span> <span class='ocrx_word' id='word_1_128' title='bbox 532 676 702 702; x_wconf 67' lang='lat' dir='ltr'>interfectori</span> <span class='ocrx_word' id='word_1_129' title='bbox 717 674 864 702; x_wconf 79' lang='lat' dir='ltr'>Alexandri</span> <span class='ocrx_word' id='word_1_130' title='bbox 887 675 1011 701; x_wconf 88' lang='lat' dir='ltr'>daturum</span> <span class='ocrx_word' id='word_1_131' title='bbox 1032 677 1056 702; x_wconf 84' lang='lat' dir='ltr'>se</span> <span class='ocrx_word' id='word_1_132' title='bbox 1075 684 1137 710; x_wconf 86' lang='lat' dir='ltr'>pro-</span> 
     </span>
     <span class='ocr_line' id='line_1_15' title="bbox 78 709 1136 744; baseline -0.001 -6"><span class='ocrx_word' id='word_1_133' title='bbox 78 714 200 740; x_wconf 85' lang='lat' dir='ltr'>nuntiari</span> <span class='ocrx_word' id='word_1_134' title='bbox 215 714 329 741; x_wconf 73' lang='lat' dir='ltr'>iusserat.</span> <span class='ocrx_word' id='word_1_135' title='bbox 400 714 469 740; x_wconf 84' lang='lat' dir='ltr'>Suet.</span> <span class='ocrx_word' id='word_1_136' title='bbox 485 713 559 739; x_wconf 90' lang='lat' dir='ltr'>Caes.</span> <span class='ocrx_word' id='word_1_137' title='bbox 573 721 593 738; x_wconf 92' lang='lat' dir='ltr'>c.</span> <span class='ocrx_word' id='word_1_138' title='bbox 609 721 638 744; x_wconf 91' lang='lat'>19</span> <span class='ocrx_word' id='word_1_139' title='bbox 671 712 777 739; x_wconf 84' lang='lat' dir='ltr'>Nunios</span> <span class='ocrx_word' id='word_1_140' title='bbox 789 709 823 737; x_wconf 86' lang='lat' dir='ltr'>dc</span> <span class='ocrx_word' id='word_1_141' title='bbox 836 711 883 737; x_wconf 90' lang='lat' dir='ltr'>suo</span> <span class='ocrx_word' id='word_1_142' title='bbox 896 712 1033 737; x_wconf 88' lang='lat' dir='ltr'>communi</span> <span class='ocrx_word' id='word_1_143' title='bbox 1049 711 1136 738; x_wconf 89' lang='lat' dir='ltr'>uomi-</span> 
     </span>
     <span class='ocr_line' id='line_1_16' title="bbox 76 747 1138 784; baseline -0.002 -9"><span class='ocrx_word' id='word_1_144' title='bbox 76 757 112 775; x_wconf 88' lang='lat' dir='ltr'>ne</span> <span class='ocrx_word' id='word_1_145' title='bbox 133 758 178 783; x_wconf 82' lang='lat' dir='ltr'>pei·</span> <span class='ocrx_word' id='word_1_146' title='bbox 192 750 324 777; x_wconf 77' lang='lat' dir='ltr'>centurias</span> <span class='ocrx_word' id='word_1_147' title='bbox 343 749 536 784; x_wconf 87' lang='lat' dir='ltr'>pronuntiauit.</span> <span class='ocrx_word' id='word_1_148' title='bbox 592 747 668 774; x_wconf 80' lang='lat' dir='ltr'>Ideni</span> <span class='ocrx_word' id='word_1_149' title='bbox 681 748 784 774; x_wconf 85' lang='lat' dir='ltr'>Neron.</span> <span class='ocrx_word' id='word_1_150' title='bbox 798 755 820 773; x_wconf 88' lang='lat' dir='ltr'>c.</span> <span class='ocrx_word' id='word_1_151' title='bbox 835 755 868 779; x_wconf 85' lang='lat'>24</span> <span class='ocrx_word' id='word_1_152' title='bbox 889 749 966 780; x_wconf 71' lang='lat' dir='ltr'>Quae</span> <span class='ocrx_word' id='word_1_153' title='bbox 981 747 1110 774; x_wconf 79' lang='lat' dir='ltr'>beneficia</span> <span class='ocrx_word' id='word_1_154' title='bbox 1123 755 1138 773; x_wconf 89' lang='lat' dir='ltr'>e</span> 
     </span>
     <span class='ocr_line' id='line_1_17' title="bbox 37 783 946 818; baseline -0.006 -5"><span class='ocrx_word' id='word_1_155' title='bbox 37 812 40 813; x_wconf 16' lang='grc' dir='ltr'><em>γ</em></span> <span class='ocrx_word' id='word_1_156' title='bbox 77 785 171 813; x_wconf 85' lang='lat' dir='ltr'>inedio</span> <span class='ocrx_word' id='word_1_157' title='bbox 185 785 276 813; x_wconf 89' lang='lat' dir='ltr'>Stadio</span> <span class='ocrx_word' id='word_1_158' title='bbox 287 784 461 812; x_wconf 79' lang='lat' dir='ltr'>Isthmiorum</span> <span class='ocrx_word' id='word_1_159' title='bbox 480 784 524 810; x_wconf 93' lang='lat' dir='ltr'>die</span> <span class='ocrx_word' id='word_1_160' title='bbox 542 785 586 811; x_wconf 89' lang='lat' dir='ltr'>sua</span> <span class='ocrx_word' id='word_1_161' title='bbox 601 785 656 818; x_wconf 86' lang='lat' dir='ltr'>ipse</span> <span class='ocrx_word' id='word_1_162' title='bbox 671 792 736 810; x_wconf 87' lang='lat' dir='ltr'>voce</span> <span class='ocrx_word' id='word_1_163' title='bbox 749 783 946 818; x_wconf 85' lang='lat' dir='ltr'>pronuntiauit.</span> 
     </span>
     <span class='ocr_line' id='line_1_18' title="bbox 77 818 1071 857; baseline -0.002 -9"><span class='ocrx_word' id='word_1_164' title='bbox 77 821 177 852; x_wconf 73' lang='lat' dir='ltr'>riatur,</span> <span class='ocrx_word' id='word_1_165' title='bbox 192 821 295 857; x_wconf 61' lang='lat' dir='ltr'>Impersl</span> <span class='ocrx_word' id='word_1_166' title='bbox 332 820 400 846; x_wconf 88' lang='lat' dir='ltr'>Plin.</span> <span class='ocrx_word' id='word_1_167' title='bbox 417 823 454 853; x_wconf 85' lang='lat'>16,</span> <span class='ocrx_word' id='word_1_168' title='bbox 469 830 488 853; x_wconf 85' lang='lat'>4</span> <span class='ocrx_word' id='word_1_169' title='bbox 514 821 629 847; x_wconf 78' lang='lat' dir='ltr'>Patriam</span> <span class='ocrx_word' id='word_1_170' title='bbox 642 819 674 846; x_wconf 85' lang='lat' dir='ltr'>ab</span> <span class='ocrx_word' id='word_1_171' title='bbox 688 829 721 846; x_wconf 89' lang='lat' dir='ltr'>co</span> <span class='ocrx_word' id='word_1_172' title='bbox 733 818 858 846; x_wconf 86' lang='lat' dir='ltr'>coronari</span> <span class='ocrx_word' id='word_1_173' title='bbox 872 819 1071 852; x_wconf 87' lang='lat' dir='ltr'>pronuntiatur.</span> 
     </span>
    </p>

    <p class='ocr_par' dir='ltr' id='par_1_6' title="bbox 72 855 1139 1033">
     <span class='ocr_line' id='line_1_19' title="bbox 115 855 1138 889; baseline -0.003 -7"><span class='ocrx_word' id='word_1_174' title='bbox 115 863 130 882; x_wconf 85' lang='lat' dir='ltr'>P</span> <span class='ocrx_word' id='word_1_175' title='bbox 139 864 156 883; x_wconf 83' lang='lat' dir='ltr'><strong>R</strong></span> <span class='ocrx_word' id='word_1_176' title='bbox 167 864 186 884; x_wconf 91' lang='lat' dir='ltr'>o</span> <span class='ocrx_word' id='word_1_177' title='bbox 199 863 222 883; x_wconf 87' lang='grc' dir='ltr'>Ν</span> <span class='ocrx_word' id='word_1_178' title='bbox 234 863 254 882; x_wconf 91' lang='grc' dir='ltr'><strong><em>ν</em></strong></span> <span class='ocrx_word' id='word_1_179' title='bbox 265 863 287 883; x_wconf 93' lang='grc' dir='ltr'>Ν</span> <span class='ocrx_word' id='word_1_180' title='bbox 298 862 320 883; x_wconf 81' lang='lat' dir='ltr'>T</span> <span class='ocrx_word' id='word_1_181' title='bbox 333 863 341 881; x_wconf 94' lang='lat'>1</span> <span class='ocrx_word' id='word_1_182' title='bbox 353 858 375 883; x_wconf 59' lang='grc' dir='ltr'>,ιῐ</span> <span class='ocrx_word' id='word_1_183' title='bbox 386 863 407 882; x_wconf 74' lang='grc' dir='ltr'><strong>Τ</strong></span> <span class='ocrx_word' id='word_1_184' title='bbox 417 864 436 882; x_wconf 82' lang='lat' dir='ltr'>v</span> <span class='ocrx_word' id='word_1_185' title='bbox 446 864 459 884; x_wconf 84' lang='lat' dir='ltr'>s</span> <span class='ocrx_word' id='word_1_186' title='bbox 468 877 476 889; x_wconf 96' lang='lat'>‚</span> <span class='ocrx_word' id='word_1_187' title='bbox 501 866 515 883; x_wconf 88' lang='lat' dir='ltr'>a</span> <span class='ocrx_word' id='word_1_188' title='bbox 524 877 532 889; x_wconf 93' lang='lat'>‚</span> <span class='ocrx_word' id='word_1_189' title='bbox 550 865 605 883; x_wconf 83' lang='lat' dir='ltr'>um.</span> <span class='ocrx_word' id='word_1_190' title='bbox 633 855 727 882; x_wconf 83' lang='lat' dir='ltr'>Partic.</span> <span class='ocrx_word' id='word_1_191' title='bbox 762 855 937 889; x_wconf 70' lang='grc' dir='ltr'>[ἐκφωνηθείς]</span> <span class='ocrx_word' id='word_1_192' title='bbox 982 856 1026 887; x_wconf 75' lang='lat' dir='ltr'>Vr,</span> <span class='ocrx_word' id='word_1_193' title='bbox 1040 856 1138 882; x_wconf 68' lang='lat' dir='ltr'>versun</span> 
     </span>
     <span class='ocr_line' id='line_1_20' title="bbox 74 890 1137 927; baseline -0.001 -8"><span class='ocrx_word' id='word_1_194' title='bbox 74 893 264 927; x_wconf 75' lang='lat' dir='ltr'>pronuntiatus</span> <span class='ocrx_word' id='word_1_195' title='bbox 286 892 386 924; x_wconf 79' lang='lat' dir='ltr'>syllaba</span> <span class='ocrx_word' id='word_1_196' title='bbox 406 901 457 919; x_wconf 83' lang='lat' dir='ltr'>vna</span> <span class='ocrx_word' id='word_1_197' title='bbox 476 892 590 919; x_wconf 89' lang='lat' dir='ltr'>breuior</span> <span class='ocrx_word' id='word_1_198' title='bbox 609 897 654 918; x_wconf 81' lang='lat' dir='ltr'>aut</span> <span class='ocrx_word' id='word_1_199' title='bbox 675 891 784 926; x_wconf 81' lang='lat' dir='ltr'>longior</span> <span class='ocrx_word' id='word_1_200' title='bbox 804 890 861 917; x_wconf 83' lang='lat' dir='ltr'>Cic.</span> <span class='ocrx_word' id='word_1_201' title='bbox 884 891 912 916; x_wconf 90' lang='lat' dir='ltr'>in</span> <span class='ocrx_word' id='word_1_202' title='bbox 933 891 1050 923; x_wconf 83' lang='lat' dir='ltr'>Parad.3</span> <span class='ocrx_word' id='word_1_203' title='bbox 1070 899 1137 918; x_wconf 74' lang='lat' dir='ltr'>extr.</span> 
     </span>
     <span class='ocr_line' id='line_1_21' title="bbox 72 925 1139 964; baseline -0.003 -8"><span class='ocrx_word' id='word_1_204' title='bbox 72 928 154 959; x_wconf 80' lang='lat' dir='ltr'>,Curt.</span> <span class='ocrx_word' id='word_1_205' title='bbox 170 937 209 961; x_wconf 91' lang='lat'>10,</span> <span class='ocrx_word' id='word_1_206' title='bbox 224 930 251 961; x_wconf 90' lang='grc'>6,</span> <span class='ocrx_word' id='word_1_207' title='bbox 263 937 300 961; x_wconf 87' lang='lat'>24</span> <span class='ocrx_word' id='word_1_208' title='bbox 326 929 414 963; x_wconf 82' lang='lat' dir='ltr'>Ipsum</span> <span class='ocrx_word' id='word_1_209' title='bbox 430 928 463 955; x_wconf 91' lang='lat' dir='ltr'>ad</span> <span class='ocrx_word' id='word_1_210' title='bbox 479 929 676 964; x_wconf 83' lang='lat' dir='ltr'>pronuntiatam</span> <span class='ocrx_word' id='word_1_211' title='bbox 691 927 814 959; x_wconf 80' lang='lat' dir='ltr'>praedam</span> <span class='ocrx_word' id='word_1_212' title='bbox 834 925 1020 960; x_wconf 82' lang='lat' dir='ltr'>sequebantur.</span> <span class='ocrx_word' id='word_1_213' title='bbox 1077 929 1139 953; x_wconf 70' lang='lat' dir='ltr'>Item</span> 
     </span>
     <span class='ocr_line' id='line_1_22' title="bbox 74 966 228 994; baseline 0.006 -4"><span class='ocrx_word' id='word_1_214' title='bbox 74 966 228 994; x_wconf 72' lang='lat' dir='ltr'>Damnarat.</span> 
     </span>
     <span class='ocr_line' id='line_1_23' title="bbox 72 999 818 1033; baseline -0.001 -6"><span class='ocrx_word' id='word_1_215' title='bbox 72 999 150 1033; x_wconf 79' lang='lat' dir='ltr'>lum,</span> <span class='ocrx_word' id='word_1_216' title='bbox 162 1001 271 1026; x_wconf 89' lang='lat' dir='ltr'>veniam</span> <span class='ocrx_word' id='word_1_217' title='bbox 285 1009 416 1028; x_wconf 83' lang='lat' dir='ltr'>meruere.</span> <span class='ocrx_word' id='word_1_218' title='bbox 450 1000 510 1027; x_wconf 64' lang='lat' dir='ltr'>isid.</span> <span class='ocrx_word' id='word_1_219' title='bbox 532 1005 737 1027; x_wconf 75' lang='lat' dir='ltr'>PRONVNTIO</span> <span class='ocrx_word' id='word_1_220' title='bbox 756 1008 782 1025; x_wconf 91' lang='lat' dir='ltr'>n.</span> <span class='ocrx_word' id='word_1_221' title='bbox 797 1006 818 1024; x_wconf 86' lang='lat'>2·</span> 
     </span>
    </p>

    <p class='ocr_par' dir='ltr' id='par_1_7' title="bbox 72 1034 1137 1179">
     <span class='ocr_line' id='line_1_24' title="bbox 114 1034 1135 1070; baseline -0.003 -7"><span class='ocrx_word' id='word_1_222' title='bbox 114 1038 469 1067; x_wconf 69' lang='grc' dir='ltr'>ΡκοΝνΝΤιᾹΤνΜ,</span> <span class='ocrx_word' id='word_1_223' title='bbox 491 1036 509 1065; x_wconf 81' lang='grc' dir='ltr'>ἱ,</span> <span class='ocrx_word' id='word_1_224' title='bbox 536 1045 563 1062; x_wconf 88' lang='lat' dir='ltr'>n.</span> <span class='ocrx_word' id='word_1_225' title='bbox 599 1035 739 1070; x_wconf 69' lang='grc' dir='ltr'>[ἅξὶωμοι]</span> <span class='ocrx_word' id='word_1_226' title='bbox 775 1035 834 1061; x_wconf 85' lang='lat' dir='ltr'>Cic.</span> <span class='ocrx_word' id='word_1_227' title='bbox 857 1034 942 1061; x_wconf 82' lang='lat' dir='ltr'>Tusc.</span> <span class='ocrx_word' id='word_1_228' title='bbox 964 1043 984 1066; x_wconf 89' lang='lat' dir='ltr'>i,</span> <span class='ocrx_word' id='word_1_229' title='bbox 1008 1043 1039 1068; x_wconf 87' lang='lat'>¹4</span> <span class='ocrx_word' id='word_1_230' title='bbox 1073 1044 1094 1060; x_wconf 92' lang='lat' dir='ltr'>c.</span> <span class='ocrx_word' id='word_1_231' title='bbox 1121 1039 1135 1065; x_wconf 78' lang='lat'>8</span> 
     </span>
     <span class='ocr_line' id='line_1_25' title="bbox 75 1069 1137 1107; baseline -0.004 -7"><span class='ocrx_word' id='word_1_232' title='bbox 75 1072 165 1100; x_wconf 86' lang='lat' dir='ltr'>Omne</span> <span class='ocrx_word' id='word_1_233' title='bbox 177 1072 379 1107; x_wconf 83' lang='lat' dir='ltr'>pronuntiatum</span> <span class='ocrx_word' id='word_1_234' title='bbox 399 1076 409 1104; x_wconf 94' lang='lat'>(</span> <span class='ocrx_word' id='word_1_235' title='bbox 419 1072 452 1100; x_wconf 86' lang='lat' dir='ltr'>fic</span> <span class='ocrx_word' id='word_1_236' title='bbox 466 1072 540 1098; x_wconf 85' lang='lat' dir='ltr'>enim</span> <span class='ocrx_word' id='word_1_237' title='bbox 552 1071 622 1098; x_wconf 87' lang='lat' dir='ltr'>mihi</span> <span class='ocrx_word' id='word_1_238' title='bbox 636 1071 664 1097; x_wconf 92' lang='lat' dir='ltr'>in</span> <span class='ocrx_word' id='word_1_239' title='bbox 677 1069 826 1106; x_wconf 85' lang='lat' dir='ltr'>praesentia</span> <span class='ocrx_word' id='word_1_240' title='bbox 839 1071 966 1103; x_wconf 88' lang='lat' dir='ltr'>occurrit,</span> <span class='ocrx_word' id='word_1_241' title='bbox 981 1076 1009 1096; x_wconf 78' lang='lat' dir='ltr'>vt</span> <span class='ocrx_word' id='word_1_242' title='bbox 1022 1070 1137 1105; x_wconf 88' lang='lat' dir='ltr'>appella-</span> 
     </span>
     <span class='ocr_line' id='line_1_26' title="bbox 72 1106 1137 1143; baseline -0.002 -8"><span class='ocrx_word' id='word_1_243' title='bbox 72 1117 133 1135; x_wconf 83' lang='lat' dir='ltr'>reui</span> <span class='ocrx_word' id='word_1_244' title='bbox 150 1108 267 1140; x_wconf 62' lang='grc' dir='ltr'>ἐξίωμκ,</span> <span class='ocrx_word' id='word_1_245' title='bbox 282 1116 341 1136; x_wconf 86' lang='lat' dir='ltr'>vtar</span> <span class='ocrx_word' id='word_1_246' title='bbox 359 1108 416 1143; x_wconf 81' lang='lat' dir='ltr'>poli</span> <span class='ocrx_word' id='word_1_247' title='bbox 435 1109 507 1141; x_wconf 88' lang='lat' dir='ltr'>alio,</span> <span class='ocrx_word' id='word_1_248' title='bbox 522 1107 540 1134; x_wconf 86' lang='lat' dir='ltr'>si</span> <span class='ocrx_word' id='word_1_249' title='bbox 561 1108 693 1134; x_wconf 87' lang='lat' dir='ltr'>inuenero</span> <span class='ocrx_word' id='word_1_250' title='bbox 712 1106 825 1139; x_wconf 85' lang='lat' dir='ltr'>melius)</span> <span class='ocrx_word' id='word_1_251' title='bbox 845 1106 875 1132; x_wconf 87' lang='lat' dir='ltr'>Id</span> <span class='ocrx_word' id='word_1_252' title='bbox 890 1116 956 1141; x_wconf 85' lang='lat' dir='ltr'>ergo</span> <span class='ocrx_word' id='word_1_253' title='bbox 969 1106 1005 1133; x_wconf 86' lang='lat' dir='ltr'>est</span> <span class='ocrx_word' id='word_1_254' title='bbox 1020 1115 1137 1142; x_wconf 86' lang='lat' dir='ltr'>pronun·</span> 
     </span>
     <span class='ocr_line' id='line_1_27' title="bbox 74 1142 967 1179; baseline -0.002 -9"><span class='ocrx_word' id='word_1_255' title='bbox 74 1145 173 1175; x_wconf 72' lang='lat' dir='ltr'>tiatum</span> <span class='ocrx_word' id='word_1_256' title='bbox 187 1144 260 1179; x_wconf 87' lang='lat' dir='ltr'>quod</span> <span class='ocrx_word' id='word_1_257' title='bbox 273 1144 308 1170; x_wconf 77' lang='lat' dir='ltr'>est</span> <span class='ocrx_word' id='word_1_258' title='bbox 321 1153 416 1171; x_wconf 86' lang='lat' dir='ltr'>verum</span> <span class='ocrx_word' id='word_1_259' title='bbox 429 1151 475 1171; x_wconf 93' lang='lat' dir='ltr'>aut</span> <span class='ocrx_word' id='word_1_260' title='bbox 487 1144 592 1171; x_wconf 91' lang='lat' dir='ltr'>falsum.</span> <span class='ocrx_word' id='word_1_261' title='bbox 629 1145 668 1170; x_wconf 85' lang='lat' dir='ltr'>De</span> <span class='ocrx_word' id='word_1_262' title='bbox 680 1142 725 1169; x_wconf 77' lang='lat' dir='ltr'>hoc</span> <span class='ocrx_word' id='word_1_263' title='bbox 738 1142 791 1169; x_wconf 85' lang='lat' dir='ltr'>vid.</span> <span class='ocrx_word' id='word_1_264' title='bbox 806 1142 874 1169; x_wconf 83' lang='lat' dir='ltr'>Gell.</span> <span class='ocrx_word' id='word_1_265' title='bbox 890 1145 929 1175; x_wconf 83' lang='lat'>16,</span> <span class='ocrx_word' id='word_1_266' title='bbox 944 1148 967 1173; x_wconf 84' lang='lat'>8.</span> 
     </span>
    </p>

    <p class='ocr_par' dir='ltr' id='par_1_8' title="bbox 74 1178 1138 1251">
     <span class='ocr_line' id='line_1_28' title="bbox 112 1178 1138 1215; baseline -0.001 -8"><span class='ocrx_word' id='word_1_267' title='bbox 112 1187 128 1208; x_wconf 82' lang='lat' dir='ltr'>i&gt;</span> <span class='ocrx_word' id='word_1_268' title='bbox 140 1186 186 1207; x_wconf 75' lang='lat' dir='ltr'>Ro</span> <span class='ocrx_word' id='word_1_269' title='bbox 198 1188 218 1207; x_wconf 85' lang='grc' dir='ltr'>Ν</span> <span class='ocrx_word' id='word_1_270' title='bbox 231 1188 250 1206; x_wconf 90' lang='grc' dir='ltr'><strong><em>ν</em></strong></span> <span class='ocrx_word' id='word_1_271' title='bbox 261 1187 283 1207; x_wconf 97' lang='grc' dir='ltr'>Ν</span> <span class='ocrx_word' id='word_1_272' title='bbox 295 1186 317 1207; x_wconf 78' lang='lat' dir='ltr'>&#39;r</span> <span class='ocrx_word' id='word_1_273' title='bbox 326 1188 335 1207; x_wconf 93' lang='lat' dir='ltr'>i</span> <span class='ocrx_word' id='word_1_274' title='bbox 345 1183 366 1207; x_wconf 65' lang='grc' dir='ltr'>Α-</span> <span class='ocrx_word' id='word_1_275' title='bbox 375 1187 396 1207; x_wconf 80' lang='grc' dir='ltr'>τ</span> <span class='ocrx_word' id='word_1_276' title='bbox 407 1187 427 1205; x_wconf 85' lang='lat' dir='ltr'>v</span> <span class='ocrx_word' id='word_1_277' title='bbox 436 1188 449 1207; x_wconf 83' lang='lat' dir='ltr'>s</span> <span class='ocrx_word' id='word_1_278' title='bbox 458 1200 467 1214; x_wconf 85' lang='lat'>,</span> <span class='ocrx_word' id='word_1_279' title='bbox 493 1178 532 1207; x_wconf 73' lang='lat' dir='ltr'>sis.</span> <span class='ocrx_word' id='word_1_280' title='bbox 565 1188 601 1206; x_wconf 90' lang='lat' dir='ltr'>m.</span> <span class='ocrx_word' id='word_1_281' title='bbox 636 1178 802 1214; x_wconf 50' lang='lat' dir='ltr'>[nooman]</span> <span class='ocrx_word' id='word_1_282' title='bbox 840 1180 889 1205; x_wconf 81' lang='lat' dir='ltr'>Pro</span> <span class='ocrx_word' id='word_1_283' title='bbox 911 1180 965 1215; x_wconf 71' lang='lat' dir='ltr'>ipsa</span> <span class='ocrx_word' id='word_1_284' title='bbox 984 1180 1138 1206; x_wconf 74' lang='lat' dir='ltr'>Pronuntia-</span> 
     </span>
     <span class='ocr_line' id='line_1_29' title="bbox 74 1213 970 1251; baseline -0.002 -8"><span class='ocrx_word' id='word_1_285' title='bbox 74 1219 152 1244; x_wconf 72' lang='lat' dir='ltr'>tione.</span> <span class='ocrx_word' id='word_1_286' title='bbox 189 1216 258 1243; x_wconf 88' lang='lat' dir='ltr'>Gell.</span> <span class='ocrx_word' id='word_1_287' title='bbox 271 1226 299 1250; x_wconf 93' lang='lat'>4,</span> <span class='ocrx_word' id='word_1_288' title='bbox 313 1224 342 1251; x_wconf 82' lang='lat'>17</span> <span class='ocrx_word' id='word_1_289' title='bbox 363 1216 445 1243; x_wconf 85' lang='lat' dir='ltr'>Ratio</span> <span class='ocrx_word' id='word_1_290' title='bbox 458 1217 488 1243; x_wconf 89' lang='lat' dir='ltr'>in</span> <span class='ocrx_word' id='word_1_291' title='bbox 501 1215 677 1251; x_wconf 89' lang='lat' dir='ltr'>pronuntiatu</span> <span class='ocrx_word' id='word_1_292' title='bbox 692 1221 788 1242; x_wconf 85' lang='lat' dir='ltr'>manet.</span> <span class='ocrx_word' id='word_1_293' title='bbox 808 1213 884 1241; x_wconf 86' lang='lat' dir='ltr'>Idem</span> <span class='ocrx_word' id='word_1_294' title='bbox 900 1224 934 1248; x_wconf 73' lang='grc' dir='ltr'>ις,</span> <span class='ocrx_word' id='word_1_295' title='bbox 949 1223 970 1247; x_wconf 77' lang='lat'>3.</span> 
     </span>
    </p>

    <p class='ocr_par' dir='ltr' id='par_1_9' title="bbox 67 1249 1142 1934">
     <span class='ocr_line' id='line_1_30' title="bbox 112 1249 1138 1286; baseline 0.001 -9"><span class='ocrx_word' id='word_1_296' title='bbox 112 1258 126 1277; x_wconf 68' lang='grc' dir='ltr'><em>ν</em></span> <span class='ocrx_word' id='word_1_297' title='bbox 139 1259 157 1278; x_wconf 83' lang='lat' dir='ltr'><strong>R</strong></span> <span class='ocrx_word' id='word_1_298' title='bbox 166 1257 186 1278; x_wconf 93' lang='lat' dir='ltr'>o</span> <span class='ocrx_word' id='word_1_299' title='bbox 197 1259 219 1279; x_wconf 92' lang='grc' dir='ltr'>Ν</span> <span class='ocrx_word' id='word_1_300' title='bbox 230 1259 250 1278; x_wconf 94' lang='grc' dir='ltr'><strong><em>ν</em></strong></span> <span class='ocrx_word' id='word_1_301' title='bbox 260 1259 282 1279; x_wconf 85' lang='grc' dir='ltr'>Ν</span> <span class='ocrx_word' id='word_1_302' title='bbox 293 1259 314 1279; x_wconf 84' lang='grc' dir='ltr'><strong>Τ</strong></span> <span class='ocrx_word' id='word_1_303' title='bbox 325 1259 334 1278; x_wconf 89' lang='lat' dir='ltr'>i</span> <span class='ocrx_word' id='word_1_304' title='bbox 344 1260 366 1280; x_wconf 82' lang='lat' dir='ltr'>A</span> <span class='ocrx_word' id='word_1_305' title='bbox 375 1260 396 1280; x_wconf 67' lang='lat' dir='ltr'>vr</span> <span class='ocrx_word' id='word_1_306' title='bbox 407 1259 462 1286; x_wconf 88' lang='lat'>10,</span> <span class='ocrx_word' id='word_1_307' title='bbox 482 1252 550 1279; x_wconf 77' lang='lat' dir='ltr'>onis.</span> <span class='ocrx_word' id='word_1_308' title='bbox 584 1251 603 1278; x_wconf 91' lang='lat' dir='ltr'>f.</span> <span class='ocrx_word' id='word_1_309' title='bbox 638 1250 801 1285; x_wconf 76' lang='grc' dir='ltr'>[ἐκφώνησις,</span> <span class='ocrx_word' id='word_1_310' title='bbox 818 1250 930 1286; x_wconf 67' lang='grc' dir='ltr'>ἐκφορά]</span> <span class='ocrx_word' id='word_1_311' title='bbox 972 1249 1014 1284; x_wconf 82' lang='lat' dir='ltr'>Est</span> <span class='ocrx_word' id='word_1_312' title='bbox 1023 1272 1031 1284; x_wconf 95' lang='lat'>,</span> <span class='ocrx_word' id='word_1_313' title='bbox 1046 1252 1138 1283; x_wconf 86' lang='lat' dir='ltr'>Vocis,</span> 
     </span>
     <span class='ocr_line' id='line_1_31' title="bbox 74 1287 1138 1323; baseline 0.001 -9"><span class='ocrx_word' id='word_1_314' title='bbox 74 1294 103 1314; x_wconf 84' lang='lat' dir='ltr'>et</span> <span class='ocrx_word' id='word_1_315' title='bbox 115 1288 220 1321; x_wconf 84' lang='lat' dir='ltr'>vultus,</span> <span class='ocrx_word' id='word_1_316' title='bbox 233 1294 260 1315; x_wconf 87' lang='lat' dir='ltr'>et</span> <span class='ocrx_word' id='word_1_317' title='bbox 280 1288 366 1323; x_wconf 79' lang='lat' dir='ltr'>gestus</span> <span class='ocrx_word' id='word_1_318' title='bbox 387 1288 538 1316; x_wconf 81' lang='lat' dir='ltr'>moderatio</span> <span class='ocrx_word' id='word_1_319' title='bbox 552 1296 613 1314; x_wconf 88' lang='lat' dir='ltr'>cum</span> <span class='ocrx_word' id='word_1_320' title='bbox 628 1287 780 1321; x_wconf 85' lang='lat' dir='ltr'>venustate,</span> <span class='ocrx_word' id='word_1_321' title='bbox 792 1289 876 1322; x_wconf 78' lang='lat' dir='ltr'>inquit</span> <span class='ocrx_word' id='word_1_322' title='bbox 897 1287 974 1314; x_wconf 77' lang='grc' dir='ltr'>Λιιὲὶ.</span> <span class='ocrx_word' id='word_1_323' title='bbox 988 1287 1021 1314; x_wconf 86' lang='lat' dir='ltr'>ad</span> <span class='ocrx_word' id='word_1_324' title='bbox 1038 1288 1138 1315; x_wconf 78' lang='lat' dir='ltr'>Hei-en.</span> 
     </span>
     <span class='ocr_line' id='line_1_32' title="bbox 79 1331 169 1350; baseline 0 0"><span class='ocrx_word' id='word_1_325' title='bbox 79 1331 91 1350; x_wconf 84' lang='grc' dir='ltr'>ι</span> <span class='ocrx_word' id='word_1_326' title='bbox 109 1333 130 1350; x_wconf 92' lang='lat' dir='ltr'>c.</span> <span class='ocrx_word' id='word_1_327' title='bbox 144 1333 169 1350; x_wconf 87' lang='lat'>2.</span> 
     </span>
     <span class='ocr_line' id='line_1_33' title="bbox 72 1359 1138 1396; baseline 0.001 -11"><span class='ocrx_word' id='word_1_328' title='bbox 72 1362 113 1386; x_wconf 68' lang='lat' dir='ltr'>ira</span> <span class='ocrx_word' id='word_1_329' title='bbox 127 1363 236 1395; x_wconf 77' lang='lat' dir='ltr'>incipit,</span> <span class='ocrx_word' id='word_1_330' title='bbox 256 1361 444 1388; x_wconf 86' lang='lat' dir='ltr'>Pronuntiatio</span> <span class='ocrx_word' id='word_1_331' title='bbox 457 1369 473 1387; x_wconf 89' lang='lat' dir='ltr'>a</span> <span class='ocrx_word' id='word_1_332' title='bbox 485 1361 622 1396; x_wconf 86' lang='lat' dir='ltr'>plerisque</span> <span class='ocrx_word' id='word_1_333' title='bbox 642 1359 715 1386; x_wconf 61' lang='lat' dir='ltr'>aetio</span> <span class='ocrx_word' id='word_1_334' title='bbox 729 1359 843 1391; x_wconf 90' lang='lat' dir='ltr'>dicitur,</span> <span class='ocrx_word' id='word_1_335' title='bbox 864 1359 907 1386; x_wconf 86' lang='lat' dir='ltr'>sed</span> <span class='ocrx_word' id='word_1_336' title='bbox 923 1359 998 1394; x_wconf 86' lang='lat' dir='ltr'>prius</span> <span class='ocrx_word' id='word_1_337' title='bbox 1012 1369 1112 1387; x_wconf 89' lang='lat' dir='ltr'>nomen</span> <span class='ocrx_word' id='word_1_338' title='bbox 1123 1369 1138 1386; x_wconf 89' lang='lat' dir='ltr'>a</span> 
     </span>
     <span class='ocr_line' id='line_1_34' title="bbox 73 1396 1139 1431; baseline 0.001 -9"><span class='ocrx_word' id='word_1_339' title='bbox 73 1403 156 1427; x_wconf 87' lang='lat' dir='ltr'>voce,</span> <span class='ocrx_word' id='word_1_340' title='bbox 183 1397 293 1430; x_wconf 85' lang='lat' dir='ltr'>sequens</span> <span class='ocrx_word' id='word_1_341' title='bbox 310 1406 325 1423; x_wconf 93' lang='lat' dir='ltr'>a</span> <span class='ocrx_word' id='word_1_342' title='bbox 347 1397 419 1431; x_wconf 85' lang='lat' dir='ltr'>gestu</span> <span class='ocrx_word' id='word_1_343' title='bbox 439 1397 548 1424; x_wconf 88' lang='lat' dir='ltr'>videtur</span> <span class='ocrx_word' id='word_1_344' title='bbox 566 1396 694 1430; x_wconf 86' lang='lat' dir='ltr'>accipere.</span> <span class='ocrx_word' id='word_1_345' title='bbox 740 1396 867 1431; x_wconf 86' lang='lat' dir='ltr'>Namque</span> <span class='ocrx_word' id='word_1_346' title='bbox 884 1396 1019 1422; x_wconf 64' lang='lat' dir='ltr'>adiioncm</span> <span class='ocrx_word' id='word_1_347' title='bbox 1041 1396 1139 1423; x_wconf 86' lang='lat' dir='ltr'>Cicero</span> 
     </span>
     <span class='ocr_line' id='line_1_35' title="bbox 73 1431 1140 1468; baseline 0.002 -11"><span class='ocrx_word' id='word_1_348' title='bbox 73 1431 140 1458; x_wconf 81' lang='lat' dir='ltr'>alias</span> <span class='ocrx_word' id='word_1_349' title='bbox 165 1431 237 1467; x_wconf 90' lang='lat' dir='ltr'>quali</span> <span class='ocrx_word' id='word_1_350' title='bbox 259 1434 410 1462; x_wconf 87' lang='lat' dir='ltr'>sermonem</span> <span class='ocrx_word' id='word_1_351' title='bbox 424 1453 434 1466; x_wconf 93' lang='lat'>,</span> <span class='ocrx_word' id='word_1_352' title='bbox 461 1433 527 1460; x_wconf 86' lang='lat' dir='ltr'>alias</span> <span class='ocrx_word' id='word_1_353' title='bbox 548 1432 733 1468; x_wconf 86' lang='lat' dir='ltr'>eloquentiam</span> <span class='ocrx_word' id='word_1_354' title='bbox 758 1431 891 1467; x_wconf 86' lang='lat' dir='ltr'>quandam</span> <span class='ocrx_word' id='word_1_355' title='bbox 916 1432 1038 1467; x_wconf 84' lang='lat' dir='ltr'>corporis</span> <span class='ocrx_word' id='word_1_356' title='bbox 1064 1431 1140 1459; x_wconf 87' lang='lat' dir='ltr'>dicit.</span> 
     </span>
     <span class='ocr_line' id='line_1_36' title="bbox 71 1465 1140 1504; baseline 0 -9"><span class='ocrx_word' id='word_1_357' title='bbox 71 1465 150 1495; x_wconf 84' lang='lat' dir='ltr'>Idem</span> <span class='ocrx_word' id='word_1_358' title='bbox 164 1475 253 1495; x_wconf 88' lang='lat' dir='ltr'>tamen</span> <span class='ocrx_word' id='word_1_359' title='bbox 266 1469 328 1496; x_wconf 91' lang='lat' dir='ltr'>duas</span> <span class='ocrx_word' id='word_1_360' title='bbox 344 1469 403 1496; x_wconf 87' lang='lat' dir='ltr'>eius</span> <span class='ocrx_word' id='word_1_361' title='bbox 415 1476 500 1504; x_wconf 85' lang='lat' dir='ltr'>partes</span> <span class='ocrx_word' id='word_1_362' title='bbox 515 1469 594 1500; x_wconf 85' lang='lat' dir='ltr'>facit,</span> <span class='ocrx_word' id='word_1_363' title='bbox 617 1477 685 1504; x_wconf 88' lang='lat' dir='ltr'>quae</span> <span class='ocrx_word' id='word_1_364' title='bbox 697 1469 757 1495; x_wconf 87' lang='lat' dir='ltr'>sunt</span> <span class='ocrx_word' id='word_1_365' title='bbox 776 1467 886 1495; x_wconf 88' lang='lat' dir='ltr'>eaedem</span> <span class='ocrx_word' id='word_1_366' title='bbox 900 1469 1140 1503; x_wconf 82' lang='lat' dir='ltr'>pronuntiationis,</span> 
     </span>
     <span class='ocr_line' id='line_1_37' title="bbox 74 1511 390 1539; baseline 0.006 -9"><span class='ocrx_word' id='word_1_367' title='bbox 74 1512 172 1531; x_wconf 85' lang='lat' dir='ltr'>vocem</span> <span class='ocrx_word' id='word_1_368' title='bbox 185 1511 264 1539; x_wconf 88' lang='lat' dir='ltr'>atque</span> <span class='ocrx_word' id='word_1_369' title='bbox 277 1511 390 1533; x_wconf 84' lang='lat' dir='ltr'>motum.</span> 
     </span>
     <span class='ocr_line' id='line_1_38' title="bbox 73 1539 1139 1576; baseline 0.002 -10"><span class='ocrx_word' id='word_1_370' title='bbox 73 1539 116 1567; x_wconf 89' lang='lat' dir='ltr'>vti</span> <span class='ocrx_word' id='word_1_371' title='bbox 131 1540 201 1567; x_wconf 84' lang='lat' dir='ltr'>licet.</span> <span class='ocrx_word' id='word_1_372' title='bbox 274 1541 404 1568; x_wconf 89' lang='lat' dir='ltr'>Indecora</span> <span class='ocrx_word' id='word_1_373' title='bbox 424 1543 466 1568; x_wconf 93' lang='lat' dir='ltr'>vel</span> <span class='ocrx_word' id='word_1_374' title='bbox 480 1551 563 1576; x_wconf 87' lang='lat' dir='ltr'>voce,</span> <span class='ocrx_word' id='word_1_375' title='bbox 574 1541 616 1567; x_wconf 90' lang='lat' dir='ltr'>vel</span> <span class='ocrx_word' id='word_1_376' title='bbox 636 1541 709 1576; x_wconf 86' lang='lat' dir='ltr'>gestu</span> <span class='ocrx_word' id='word_1_377' title='bbox 723 1541 914 1574; x_wconf 83' lang='lat' dir='ltr'>pronuntiatio</span> <span class='ocrx_word' id='word_1_378' title='bbox 931 1541 1066 1575; x_wconf 69' lang='lat' dir='ltr'>Qiinelil.</span> <span class='ocrx_word' id='word_1_379' title='bbox 1078 1549 1102 1574; x_wconf 81' lang='lat'>3,</span> <span class='ocrx_word' id='word_1_380' title='bbox 1116 1550 1139 1574; x_wconf 80' lang='lat'>3.</span> 
     </span>
     <span class='ocr_line' id='line_1_39' title="bbox 73 1576 1141 1612; baseline 0.001 -10"><span class='ocrx_word' id='word_1_381' title='bbox 73 1576 143 1610; x_wconf 85' lang='lat' dir='ltr'>Qiis</span> <span class='ocrx_word' id='word_1_382' title='bbox 156 1576 231 1603; x_wconf 85' lang='lat' dir='ltr'>enim</span> <span class='ocrx_word' id='word_1_383' title='bbox 244 1584 334 1604; x_wconf 85' lang='lat' dir='ltr'>cantus</span> <span class='ocrx_word' id='word_1_384' title='bbox 347 1577 501 1605; x_wconf 84' lang='lat' dir='ltr'>moderatae</span> <span class='ocrx_word' id='word_1_385' title='bbox 514 1577 647 1605; x_wconf 84' lang='lat' dir='ltr'>orationis</span> <span class='ocrx_word' id='word_1_386' title='bbox 659 1577 882 1612; x_wconf 81' lang='lat' dir='ltr'>pronuntiatione</span> <span class='ocrx_word' id='word_1_387' title='bbox 897 1577 1005 1604; x_wconf 79' lang='lat' dir='ltr'>dulcior</span> <span class='ocrx_word' id='word_1_388' title='bbox 1018 1577 1141 1604; x_wconf 84' lang='lat' dir='ltr'>inueniri</span> 
     </span>
     <span class='ocr_line' id='line_1_40' title="bbox 71 1611 1142 1651; baseline 0.001 -12"><span class='ocrx_word' id='word_1_389' title='bbox 71 1612 176 1647; x_wconf 70' lang='lat' dir='ltr'>potest?</span> <span class='ocrx_word' id='word_1_390' title='bbox 190 1613 246 1640; x_wconf 85' lang='lat' dir='ltr'>Cic.</span> <span class='ocrx_word' id='word_1_391' title='bbox 260 1613 293 1640; x_wconf 87' lang='lat' dir='ltr'>de</span> <span class='ocrx_word' id='word_1_392' title='bbox 305 1614 380 1640; x_wconf 83' lang='lat' dir='ltr'>Orat.</span> <span class='ocrx_word' id='word_1_393' title='bbox 396 1622 416 1647; x_wconf 90' lang='lat'>1,</span> <span class='ocrx_word' id='word_1_394' title='bbox 431 1623 473 1647; x_wconf 83' lang='lat'>34.</span> <span class='ocrx_word' id='word_1_395' title='bbox 619 1611 640 1651; x_wconf 57' lang='lat' dir='ltr'><strong>ff</strong></span> <span class='ocrx_word' id='word_1_396' title='bbox 661 1622 678 1640; x_wconf 85' lang='lat'>2</span> <span class='ocrx_word' id='word_1_397' title='bbox 714 1613 850 1640; x_wconf 79' lang='lat' dir='ltr'>Iudicialis</span> <span class='ocrx_word' id='word_1_398' title='bbox 862 1613 1006 1650; x_wconf 68' lang='lat' dir='ltr'>sententiae</span> <span class='ocrx_word' id='word_1_399' title='bbox 1012 1615 1142 1650; x_wconf 85' lang='lat' dir='ltr'>prolatio.-</span> 
     </span>
     <span class='ocr_line' id='line_1_41' title="bbox 73 1647 1140 1686; baseline 0 -10"><span class='ocrx_word' id='word_1_400' title='bbox 73 1647 151 1686; x_wconf 84' lang='lat' dir='ltr'>ldeni</span> <span class='ocrx_word' id='word_1_401' title='bbox 165 1657 214 1683; x_wconf 86' lang='lat' dir='ltr'>pro</span> <span class='ocrx_word' id='word_1_402' title='bbox 226 1649 331 1676; x_wconf 90' lang='lat' dir='ltr'>Cluent.</span> <span class='ocrx_word' id='word_1_403' title='bbox 347 1652 383 1684; x_wconf 88' lang='lat'>67</span> <span class='ocrx_word' id='word_1_404' title='bbox 396 1659 418 1676; x_wconf 86' lang='lat' dir='ltr'>c.</span> <span class='ocrx_word' id='word_1_405' title='bbox 435 1659 466 1676; x_wconf 86' lang='lat'>20</span> <span class='ocrx_word' id='word_1_406' title='bbox 485 1650 556 1685; x_wconf 89' lang='lat' dir='ltr'>Lege</span> <span class='ocrx_word' id='word_1_407' title='bbox 569 1655 596 1677; x_wconf 86' lang='lat' dir='ltr'>et</span> <span class='ocrx_word' id='word_1_408' title='bbox 610 1649 833 1684; x_wconf 81' lang='lat' dir='ltr'>pronuntiatione</span> <span class='ocrx_word' id='word_1_409' title='bbox 844 1649 966 1677; x_wconf 86' lang='lat' dir='ltr'>nondum</span> <span class='ocrx_word' id='word_1_410' title='bbox 982 1649 1140 1676; x_wconf 66' lang='lat' dir='ltr'>condemna»</span> 
     </span>
     <span class='ocr_line' id='line_1_42' title="bbox 77 1685 931 1720; baseline 0.004 -10"><span class='ocrx_word' id='word_1_411' title='bbox 77 1689 124 1715; x_wconf 75' lang='lat' dir='ltr'>to,</span> <span class='ocrx_word' id='word_1_412' title='bbox 137 1691 240 1711; x_wconf 86' lang='lat' dir='ltr'>tantum</span> <span class='ocrx_word' id='word_1_413' title='bbox 253 1685 369 1713; x_wconf 86' lang='lat' dir='ltr'>Habitus</span> <span class='ocrx_word' id='word_1_414' title='bbox 383 1686 565 1720; x_wconf 85' lang='lat' dir='ltr'>Oppianicum</span> <span class='ocrx_word' id='word_1_415' title='bbox 583 1695 661 1713; x_wconf 87' lang='lat' dir='ltr'>reum</span> <span class='ocrx_word' id='word_1_416' title='bbox 675 1685 762 1712; x_wconf 88' lang='lat' dir='ltr'>statim</span> <span class='ocrx_word' id='word_1_417' title='bbox 783 1695 839 1712; x_wconf 91' lang='lat' dir='ltr'>non</span> <span class='ocrx_word' id='word_1_418' title='bbox 856 1685 931 1713; x_wconf 87' lang='lat' dir='ltr'>fecit.</span> 
     </span>
     <span class='ocr_line' id='line_1_43' title="bbox 74 1720 1140 1758; baseline 0.002 -12"><span class='ocrx_word' id='word_1_419' title='bbox 74 1720 246 1747; x_wconf 83' lang='lat' dir='ltr'>nuntiatione</span> <span class='ocrx_word' id='word_1_420' title='bbox 264 1722 333 1749; x_wconf 56' lang='lat' dir='ltr'>faeta</span> <span class='ocrx_word' id='word_1_421' title='bbox 353 1723 428 1749; x_wconf 86' lang='lat' dir='ltr'>Caes.</span> <span class='ocrx_word' id='word_1_422' title='bbox 444 1723 473 1749; x_wconf 86' lang='lat' dir='ltr'>B.</span> <span class='ocrx_word' id='word_1_423' title='bbox 487 1723 518 1749; x_wconf 93' lang='lat' dir='ltr'>C.</span> <span class='ocrx_word' id='word_1_424' title='bbox 537 1731 564 1755; x_wconf 86' lang='lat'>2,</span> <span class='ocrx_word' id='word_1_425' title='bbox 583 1730 624 1756; x_wconf 67' lang='grc' dir='ltr'>εις,</span> <span class='ocrx_word' id='word_1_426' title='bbox 644 1729 671 1756; x_wconf 89' lang='lat'>7.</span> <span class='ocrx_word' id='word_1_427' title='bbox 747 1722 817 1749; x_wconf 84' lang='lat' dir='ltr'>Haec</span> <span class='ocrx_word' id='word_1_428' title='bbox 824 1725 1022 1758; x_wconf 73' lang='lat' dir='ltr'>pronuntiatio,</span> <span class='ocrx_word' id='word_1_429' title='bbox 1030 1722 1088 1757; x_wconf 88' lang='lat' dir='ltr'>sola</span> <span class='ocrx_word' id='word_1_430' title='bbox 1101 1722 1140 1748; x_wconf 84' lang='lat' dir='ltr'>di-</span> 
     </span>
     <span class='ocr_line' id='line_1_44' title="bbox 67 1755 1140 1795; baseline 0 -13"><span class='ocrx_word' id='word_1_431' title='bbox 67 1755 188 1792; x_wconf 66' lang='lat' dir='ltr'>fiqffione</span> <span class='ocrx_word' id='word_1_432' title='bbox 201 1756 266 1792; x_wconf 67' lang='lat' dir='ltr'>firri</span> <span class='ocrx_word' id='word_1_433' title='bbox 279 1764 396 1793; x_wconf 77' lang='lat' dir='ltr'>pOterat,</span> <span class='ocrx_word' id='word_1_434' title='bbox 410 1765 440 1785; x_wconf 86' lang='lat' dir='ltr'>vt</span> <span class='ocrx_word' id='word_1_435' title='bbox 457 1758 573 1795; x_wconf 76' lang='lat' dir='ltr'>colligere</span> <span class='ocrx_word' id='word_1_436' title='bbox 592 1756 626 1791; x_wconf 66' lang='lat' dir='ltr'>cs}</span> <span class='ocrx_word' id='word_1_437' title='bbox 641 1767 672 1784; x_wconf 74' lang='lat' dir='ltr'>ex</span> <span class='ocrx_word' id='word_1_438' title='bbox 685 1757 790 1784; x_wconf 87' lang='lat' dir='ltr'>Petron.</span> <span class='ocrx_word' id='word_1_439' title='bbox 805 1767 827 1786; x_wconf 81' lang='lat' dir='ltr'>c.</span> <span class='ocrx_word' id='word_1_440' title='bbox 839 1763 873 1787; x_wconf 84' lang='lat'>80</span> <span class='ocrx_word' id='word_1_441' title='bbox 904 1758 1073 1783; x_wconf 81' lang='lat' dir='ltr'>Fulminatus</span> <span class='ocrx_word' id='word_1_442' title='bbox 1090 1757 1140 1783; x_wconf 88' lang='lat' dir='ltr'>hac</span> 
     </span>
     <span class='ocr_line' id='line_1_45' title="bbox 71 1792 1139 1829; baseline -0.003 -10"><span class='ocrx_word' id='word_1_443' title='bbox 71 1793 305 1827; x_wconf 71' lang='lat' dir='ltr'>pronuntiatione.</span> <span class='ocrx_word' id='word_1_444' title='bbox 463 1794 484 1829; x_wconf 59' lang='lat' dir='ltr'>q</span> <span class='ocrx_word' id='word_1_445' title='bbox 505 1803 529 1826; x_wconf 33' lang='lat'>3⁷-</span> <span class='ocrx_word' id='word_1_446' title='bbox 555 1796 606 1821; x_wconf 88' lang='lat' dir='ltr'>Pro</span> <span class='ocrx_word' id='word_1_447' title='bbox 624 1793 798 1827; x_wconf 78' lang='lat' dir='ltr'>pronimtiato</span> <span class='ocrx_word' id='word_1_448' title='bbox 816 1793 857 1818; x_wconf 78' lang='lat' dir='ltr'>vel</span> <span class='ocrx_word' id='word_1_449' title='bbox 873 1792 1062 1817; x_wconf 82' lang='lat' dir='ltr'>enuntiatione</span> <span class='ocrx_word' id='word_1_450' title='bbox 1081 1792 1139 1817; x_wconf 88' lang='lat' dir='ltr'>Cic.</span> 
     </span>
     <span class='ocr_line' id='line_1_46' title="bbox 73 1825 1140 1864; baseline -0.003 -10"><span class='ocrx_word' id='word_1_451' title='bbox 73 1827 108 1855; x_wconf 84' lang='lat' dir='ltr'>de</span> <span class='ocrx_word' id='word_1_452' title='bbox 125 1829 190 1856; x_wconf 87' lang='lat' dir='ltr'>Fato</span> <span class='ocrx_word' id='word_1_453' title='bbox 209 1831 242 1856; x_wconf 85' lang='lat'>26</span> <span class='ocrx_word' id='word_1_454' title='bbox 279 1828 362 1864; x_wconf 78' lang='lat' dir='ltr'>Qlod</span> <span class='ocrx_word' id='word_1_455' title='bbox 379 1837 440 1856; x_wconf 87' lang='lat' dir='ltr'>euin</span> <span class='ocrx_word' id='word_1_456' title='bbox 455 1830 494 1856; x_wconf 87' lang='lat' dir='ltr'>ita</span> <span class='ocrx_word' id='word_1_457' title='bbox 511 1829 559 1862; x_wconf 70' lang='lat' dir='ltr'>sit,</span> <span class='ocrx_word' id='word_1_458' title='bbox 573 1829 639 1864; x_wconf 86' lang='lat' dir='ltr'>quid</span> <span class='ocrx_word' id='word_1_459' title='bbox 653 1828 706 1858; x_wconf 88' lang='lat' dir='ltr'>est,</span> <span class='ocrx_word' id='word_1_460' title='bbox 722 1825 796 1860; x_wconf 88' lang='lat' dir='ltr'>quod</span> <span class='ocrx_word' id='word_1_461' title='bbox 811 1834 867 1851; x_wconf 92' lang='lat' dir='ltr'>non</span> <span class='ocrx_word' id='word_1_462' title='bbox 879 1826 967 1851; x_wconf 87' lang='lat' dir='ltr'>omnis</span> <span class='ocrx_word' id='word_1_463' title='bbox 983 1825 1140 1860; x_wconf 86' lang='lat' dir='ltr'>pronuntia-</span> 
     </span>
     <span class='ocr_line' id='line_1_47' title="bbox 72 1863 529 1891; baseline -0.002 0"><span class='ocrx_word' id='word_1_464' title='bbox 72 1864 116 1891; x_wconf 86' lang='lat' dir='ltr'>tio</span> <span class='ocrx_word' id='word_1_465' title='bbox 127 1872 173 1891; x_wconf 89' lang='lat' dir='ltr'>aut</span> <span class='ocrx_word' id='word_1_466' title='bbox 187 1873 249 1891; x_wconf 90' lang='lat' dir='ltr'>vera</span> <span class='ocrx_word' id='word_1_467' title='bbox 262 1871 308 1891; x_wconf 90' lang='lat' dir='ltr'>aut</span> <span class='ocrx_word' id='word_1_468' title='bbox 317 1865 383 1891; x_wconf 79' lang='lat' dir='ltr'>falsa</span> <span class='ocrx_word' id='word_1_469' title='bbox 395 1864 444 1890; x_wconf 74' lang='lat' dir='ltr'>fit?</span> <span class='ocrx_word' id='word_1_470' title='bbox 525 1863 529 1865; x_wconf 65' lang='grc'><strong><em>’</em></strong></span> 
     </span>
     <span class='ocr_line' id='line_1_48' title="bbox 69 1898 886 1934; baseline -0.004 -8"><span class='ocrx_word' id='word_1_471' title='bbox 69 1906 174 1934; x_wconf 81' lang='lat' dir='ltr'>gemata</span> <span class='ocrx_word' id='word_1_472' title='bbox 189 1899 331 1932; x_wconf 87' lang='lat' dir='ltr'>dicuntur,</span> <span class='ocrx_word' id='word_1_473' title='bbox 351 1902 370 1926; x_wconf 84' lang='lat' dir='ltr'>i.</span> <span class='ocrx_word' id='word_1_474' title='bbox 392 1900 489 1925; x_wconf 74' lang='lat' dir='ltr'>Graeca</span> <span class='ocrx_word' id='word_1_475' title='bbox 501 1907 560 1925; x_wconf 83' lang='lat' dir='ltr'>voce</span> <span class='ocrx_word' id='word_1_476' title='bbox 576 1898 666 1925; x_wconf 83' lang='lat' dir='ltr'>Valet.</span> <span class='ocrx_word' id='word_1_477' title='bbox 683 1898 755 1924; x_wconf 84' lang='lat' dir='ltr'>Max.</span> <span class='ocrx_word' id='word_1_478' title='bbox 770 1904 798 1932; x_wconf 89' lang='lat'>7,</span> <span class='ocrx_word' id='word_1_479' title='bbox 809 1906 830 1931; x_wconf 92' lang='lat'>4</span> <span class='ocrx_word' id='word_1_480' title='bbox 840 1903 886 1933; x_wconf 87' lang='lat' dir='ltr'>pr.</span> 
     </span>
    </p>

    <p class='ocr_par' dir='ltr' id='par_1_10' title="bbox 69 1933 1140 2041">
     <span class='ocr_line' id='line_1_49' title="bbox 108 1933 1140 1968; baseline -0.002 -6"><span class='ocrx_word' id='word_1_481' title='bbox 108 1942 124 1962; x_wconf 73' lang='lat' dir='ltr'>r</span> <span class='ocrx_word' id='word_1_482' title='bbox 135 1941 155 1961; x_wconf 86' lang='lat' dir='ltr'>R</span> <span class='ocrx_word' id='word_1_483' title='bbox 165 1941 185 1962; x_wconf 95' lang='lat' dir='ltr'>o</span> <span class='ocrx_word' id='word_1_484' title='bbox 194 1942 216 1961; x_wconf 86' lang='lat' dir='ltr'>N</span> <span class='ocrx_word' id='word_1_485' title='bbox 226 1941 279 1962; x_wconf 89' lang='lat' dir='ltr'>VN</span> <span class='ocrx_word' id='word_1_486' title='bbox 288 1942 310 1962; x_wconf 87' lang='lat' dir='ltr'>T</span> <span class='ocrx_word' id='word_1_487' title='bbox 320 1941 330 1960; x_wconf 89' lang='lat' dir='ltr'>i</span> <span class='ocrx_word' id='word_1_488' title='bbox 339 1936 389 1962; x_wconf 69' lang='grc' dir='ltr'>ᾸΤ</span> <span class='ocrx_word' id='word_1_489' title='bbox 398 1941 445 1962; x_wconf 70' lang='lat' dir='ltr'>on</span> <span class='ocrx_word' id='word_1_490' title='bbox 454 1954 463 1967; x_wconf 91' lang='lat'>,</span> <span class='ocrx_word' id='word_1_491' title='bbox 481 1934 545 1961; x_wconf 75' lang='lat' dir='ltr'>aris.</span> <span class='ocrx_word' id='word_1_492' title='bbox 570 1943 608 1961; x_wconf 88' lang='lat' dir='ltr'>m.</span> <span class='ocrx_word' id='word_1_493' title='bbox 645 1933 820 1968; x_wconf 69' lang='grc' dir='ltr'>[ἕκφωνητής]</span> <span class='ocrx_word' id='word_1_494' title='bbox 857 1933 915 1960; x_wconf 88' lang='lat' dir='ltr'>Cic.</span> <span class='ocrx_word' id='word_1_495' title='bbox 931 1933 964 1959; x_wconf 85' lang='lat' dir='ltr'>de</span> <span class='ocrx_word' id='word_1_496' title='bbox 977 1933 1050 1960; x_wconf 80' lang='lat' dir='ltr'>clar.</span> <span class='ocrx_word' id='word_1_497' title='bbox 1063 1934 1140 1960; x_wconf 83' lang='lat' dir='ltr'>Orat.</span> 
     </span>
     <span class='ocr_line' id='line_1_50' title="bbox 69 1969 1140 2006; baseline -0.004 -7"><span class='ocrx_word' id='word_1_498' title='bbox 69 1973 122 2002; x_wconf 74' lang='lat'>286</span> <span class='ocrx_word' id='word_1_499' title='bbox 135 1980 158 1998; x_wconf 85' lang='lat' dir='ltr'>e.</span> <span class='ocrx_word' id='word_1_500' title='bbox 172 1976 201 2004; x_wconf 85' lang='lat'>83</span> <span class='ocrx_word' id='word_1_501' title='bbox 230 1970 409 2002; x_wconf 83' lang='lat' dir='ltr'>Thucydides</span> <span class='ocrx_word' id='word_1_502' title='bbox 428 1971 502 1998; x_wconf 86' lang='lat' dir='ltr'>enim</span> <span class='ocrx_word' id='word_1_503' title='bbox 520 1978 614 1998; x_wconf 85' lang='lat' dir='ltr'>rerum</span> <span class='ocrx_word' id='word_1_504' title='bbox 632 1969 765 2006; x_wconf 82' lang='lat' dir='ltr'>gestarum</span> <span class='ocrx_word' id='word_1_505' title='bbox 777 1969 970 2004; x_wconf 87' lang='lat' dir='ltr'>pronuntiator</span> <span class='ocrx_word' id='word_1_506' title='bbox 983 1969 1099 1995; x_wconf 85' lang='lat' dir='ltr'>sincerus</span> <span class='ocrx_word' id='word_1_507' title='bbox 1112 1974 1140 1996; x_wconf 88' lang='lat' dir='ltr'>et</span> 
     </span>
     <span class='ocr_line' id='line_1_51' title="bbox 70 2006 368 2041; baseline 0 -9"><span class='ocrx_word' id='word_1_508' title='bbox 70 2006 180 2041; x_wconf 70' lang='lat' dir='ltr'>grandis</span> <span class='ocrx_word' id='word_1_509' title='bbox 198 2006 280 2033; x_wconf 88' lang='lat' dir='ltr'>etiam</span> <span class='ocrx_word' id='word_1_510' title='bbox 305 2007 368 2033; x_wconf 85' lang='lat' dir='ltr'>suit.</span> 
     </span>
    </p>
   </div>
   <div class='ocr_carea' id='block_1_6' title="bbox 1020 783 2142 824">
    <p class='ocr_par' dir='ltr' id='par_1_11' title="bbox 1020 783 2142 824">
     <span class='ocr_line' id='line_1_52' title="bbox 1020 783 2142 824; baseline 0.006 -15"><span class='ocrx_word' id='word_1_511' title='bbox 1020 784 1139 810; x_wconf 85' lang='lat' dir='ltr'>Pronun-</span> <span class='ocrx_word' id='word_1_512' title='bbox 1159 790 1185 817; x_wconf 82' lang='grc' dir='ltr'>ις</span> <span class='ocrx_word' id='word_1_513' title='bbox 1205 790 1317 817; x_wconf 84' lang='lat' dir='ltr'>pronius</span> <span class='ocrx_word' id='word_1_514' title='bbox 1329 783 1444 814; x_wconf 85' lang='lat' dir='ltr'>orienti,</span> <span class='ocrx_word' id='word_1_515' title='bbox 1463 790 1537 811; x_wconf 90' lang='lat' dir='ltr'>tanto</span> <span class='ocrx_word' id='word_1_516' title='bbox 1556 791 1582 811; x_wconf 82' lang='lat' dir='ltr'>et</span> <span class='ocrx_word' id='word_1_517' title='bbox 1596 786 1690 813; x_wconf 82' lang='lat' dir='ltr'>aellate</span> <span class='ocrx_word' id='word_1_518' title='bbox 1708 787 1821 814; x_wconf 86' lang='lat' dir='ltr'>liberius</span> <span class='ocrx_word' id='word_1_519' title='bbox 1836 798 1930 824; x_wconf 82' lang='lat' dir='ltr'>capere</span> <span class='ocrx_word' id='word_1_520' title='bbox 1948 790 2083 824; x_wconf 84' lang='lat' dir='ltr'>perflatus,</span> <span class='ocrx_word' id='word_1_521' title='bbox 2095 797 2142 816; x_wconf 80' lang='lat' dir='ltr'>etc.</span> 
     </span>
    </p>
   </div>
   <div class='ocr_carea' id='block_1_7' title="bbox 243 1322 1423 1363">
    <p class='ocr_par' dir='ltr' id='par_1_12' title="bbox 243 1322 1423 1363">
     <span class='ocr_line' id='line_1_53' title="bbox 243 1322 1423 1363; baseline -0.002 -12"><span class='ocrx_word' id='word_1_522' title='bbox 243 1324 376 1358; x_wconf 61' lang='lat' dir='ltr'>Quinctil.</span> <span class='ocrx_word' id='word_1_523' title='bbox 393 1334 427 1357; x_wconf 95' lang='lat'>11,</span> <span class='ocrx_word' id='word_1_524' title='bbox 445 1334 458 1358; x_wconf 82' lang='lat'>3</span> <span class='ocrx_word' id='word_1_525' title='bbox 481 1324 525 1352; x_wconf 81' lang='lat' dir='ltr'>vbi</span> <span class='ocrx_word' id='word_1_526' title='bbox 548 1333 641 1351; x_wconf 74' lang='lat' dir='ltr'>omnem</span> <span class='ocrx_word' id='word_1_527' title='bbox 666 1323 896 1350; x_wconf 79' lang='lat' dir='ltr'>Pronuntiationis</span> <span class='ocrx_word' id='word_1_528' title='bbox 927 1331 1007 1350; x_wconf 77' lang='lat' dir='ltr'>artem</span> <span class='ocrx_word' id='word_1_529' title='bbox 1031 1323 1139 1355; x_wconf 68' lang='grc' dir='ltr'>ιναὲὶαι,</span> <span class='ocrx_word' id='word_1_530' title='bbox 1156 1338 1189 1363; x_wconf 76' lang='lat'>30</span> <span class='ocrx_word' id='word_1_531' title='bbox 1205 1322 1309 1349; x_wconf 88' lang='lat' dir='ltr'>lumina</span> <span class='ocrx_word' id='word_1_532' title='bbox 1326 1323 1423 1357; x_wconf 81' lang='lat' dir='ltr'>regnis.</span> 
     </span>
    </p>
   </div>
   <div class='ocr_carea' id='block_1_8' title="bbox 428 1504 1694 1543">
    <p class='ocr_par' dir='ltr' id='par_1_13' title="bbox 428 1504 1694 1543">
     <span class='ocr_line' id='line_1_54' title="bbox 428 1504 1694 1543; baseline 0 -11"><span class='ocrx_word' id='word_1_533' title='bbox 428 1507 489 1539; x_wconf 80' lang='lat' dir='ltr'>Qia</span> <span class='ocrx_word' id='word_1_534' title='bbox 503 1511 614 1540; x_wconf 86' lang='lat' dir='ltr'>propter</span> <span class='ocrx_word' id='word_1_535' title='bbox 628 1511 741 1539; x_wconf 85' lang='lat' dir='ltr'>vtraque</span> <span class='ocrx_word' id='word_1_536' title='bbox 761 1504 941 1539; x_wconf 85' lang='lat' dir='ltr'>appellatione</span> <span class='ocrx_word' id='word_1_537' title='bbox 955 1504 1140 1532; x_wconf 79' lang='lat' dir='ltr'>indifferenter</span> <span class='ocrx_word' id='word_1_538' title='bbox 1155 1516 1185 1543; x_wconf 74' lang='lat'>35</span> <span class='ocrx_word' id='word_1_539' title='bbox 1205 1505 1242 1536; x_wconf 89' lang='lat' dir='ltr'>se,</span> <span class='ocrx_word' id='word_1_540' title='bbox 1263 1511 1289 1532; x_wconf 90' lang='lat' dir='ltr'>et</span> <span class='ocrx_word' id='word_1_541' title='bbox 1302 1504 1408 1531; x_wconf 87' lang='lat' dir='ltr'>facilius</span> <span class='ocrx_word' id='word_1_542' title='bbox 1421 1505 1528 1531; x_wconf 75' lang='lat' dir='ltr'>euitali&#39;e</span> <span class='ocrx_word' id='word_1_543' title='bbox 1542 1505 1694 1532; x_wconf 83' lang='lat' dir='ltr'>discrimen.</span> 
     </span>
    </p>
   </div>
   <div class='ocr_carea' id='block_1_9' title="bbox 1614 192 1876 238">
    <p class='ocr_par' dir='ltr' id='par_1_14' title="bbox 1614 192 1876 238">
     <span class='ocr_line' id='line_1_55' title="bbox 1614 192 1876 238; baseline 0.015 -5"><span class='ocrx_word' id='word_1_544' title='bbox 1614 192 1876 238; x_wconf 86' lang='lat' dir='ltr'>PRO</span> 
     </span>
    </p>
   </div>
   <div class='ocr_carea' id='block_1_10' title="bbox 1192 279 2267 816">
    <p class='ocr_par' dir='ltr' id='par_1_15' title="bbox 1192 279 2267 816">
     <span class='ocr_line' id='line_1_56' title="bbox 1200 279 1855 318; baseline 0.008 -12"><span class='ocrx_word' id='word_1_545' title='bbox 1200 279 1293 316; x_wconf 87' lang='lat' dir='ltr'>pronis</span> <span class='ocrx_word' id='word_1_546' title='bbox 1306 280 1412 317; x_wconf 86' lang='lat' dir='ltr'>aliquid</span> <span class='ocrx_word' id='word_1_547' title='bbox 1430 282 1551 318; x_wconf 82' lang='lat' dir='ltr'>accipere</span> <span class='ocrx_word' id='word_1_548' title='bbox 1572 282 1665 311; x_wconf 82' lang='lat' dir='ltr'>Tacit.</span> <span class='ocrx_word' id='word_1_549' title='bbox 1679 283 1747 311; x_wconf 82' lang='lat' dir='ltr'>Hist.</span> <span class='ocrx_word' id='word_1_550' title='bbox 1764 286 1788 316; x_wconf 84' lang='grc' dir='ltr'>ι,’</span> <span class='ocrx_word' id='word_1_551' title='bbox 1798 292 1818 316; x_wconf 92' lang='lat'>1,</span> <span class='ocrx_word' id='word_1_552' title='bbox 1832 295 1855 316; x_wconf 78' lang='lat'>4-</span> 
     </span>
     <span class='ocr_line' id='line_1_57' title="bbox 1201 316 2255 362; baseline 0.015 -20"><span class='ocrx_word' id='word_1_553' title='bbox 1201 316 1315 343; x_wconf 86' lang='lat' dir='ltr'>fcnlioni</span> <span class='ocrx_word' id='word_1_554' title='bbox 1336 318 1476 352; x_wconf 87' lang='lat' dir='ltr'>proniores</span> <span class='ocrx_word' id='word_1_555' title='bbox 1500 319 1572 345; x_wconf 88' lang='lat' dir='ltr'>ldcin</span> <span class='ocrx_word' id='word_1_556' title='bbox 1588 321 1655 347; x_wconf 79' lang='lat' dir='ltr'>Aun.</span> <span class='ocrx_word' id='word_1_557' title='bbox 1677 330 1705 354; x_wconf 86' lang='lat'>4,</span> <span class='ocrx_word' id='word_1_558' title='bbox 1720 330 1759 353; x_wconf 83' lang='lat'>29.</span> <span class='ocrx_word' id='word_1_559' title='bbox 1833 321 1969 357; x_wconf 85' lang='lat' dir='ltr'>Cratcrcs,</span> <span class='ocrx_word' id='word_1_560' title='bbox 1984 330 2064 362; x_wconf 65' lang='lat' dir='ltr'>Eaerji</span> <span class='ocrx_word' id='word_1_561' title='bbox 2084 331 2145 356; x_wconf 81' lang='lat' dir='ltr'>Stat.</span> <span class='ocrx_word' id='word_1_562' title='bbox 2161 330 2255 357; x_wconf 66' lang='lat' dir='ltr'>&#39;1‘11eb.</span> 
     </span>
     <span class='ocr_line' id='line_1_58' title="bbox 1202 354 2257 393; baseline 0.009 -16"><span class='ocrx_word' id='word_1_563' title='bbox 1202 359 1227 385; x_wconf 91' lang='lat'>5,</span> <span class='ocrx_word' id='word_1_564' title='bbox 1240 360 1290 385; x_wconf 81' lang='lat'>255.</span> <span class='ocrx_word' id='word_1_565' title='bbox 1363 354 1465 380; x_wconf 82' lang='lat' dir='ltr'>Currus</span> <span class='ocrx_word' id='word_1_566' title='bbox 1480 355 1553 381; x_wconf 88' lang='lat' dir='ltr'>ldeiu</span> <span class='ocrx_word' id='word_1_567' title='bbox 1568 355 1635 382; x_wconf 86' lang='lat' dir='ltr'>ibid.</span> <span class='ocrx_word' id='word_1_568' title='bbox 1652 365 1691 388; x_wconf 88' lang='lat'>10,</span> <span class='ocrx_word' id='word_1_569' title='bbox 1706 359 1765 390; x_wconf 80' lang='lat'><strong>364·</strong></span> <span class='ocrx_word' id='word_1_570' title='bbox 1822 356 1861 384; x_wconf 90' lang='lat' dir='ltr'>Id.</span> <span class='ocrx_word' id='word_1_571' title='bbox 1875 357 1942 384; x_wconf 82' lang='lat' dir='ltr'>ibid.</span> <span class='ocrx_word' id='word_1_572' title='bbox 1957 369 1980 392; x_wconf 73' lang='grc' dir='ltr'>ς,</span> <span class='ocrx_word' id='word_1_573' title='bbox 1993 365 2038 388; x_wconf 82' lang='lat'>612</span> <span class='ocrx_word' id='word_1_574' title='bbox 2062 366 2148 392; x_wconf 71' lang='lat' dir='ltr'>Prono</span> <span class='ocrx_word' id='word_1_575' title='bbox 2162 376 2257 393; x_wconf 53' lang='lat' dir='ltr'>vexas-¹-</span> 
     </span>
     <span class='ocr_line' id='line_1_59' title="bbox 1202 389 2259 437; baseline 0.009 -24"><span class='ocrx_word' id='word_1_576' title='bbox 1202 393 1256 414; x_wconf 85' lang='lat' dir='ltr'>tem</span> <span class='ocrx_word' id='word_1_577' title='bbox 1269 389 1389 421; x_wconf 79' lang='lat' dir='ltr'>gramina</span> <span class='ocrx_word' id='word_1_578' title='bbox 1403 391 1495 417; x_wconf 83' lang='lat' dir='ltr'>cursu:</span> <span class='ocrx_word' id='word_1_579' title='bbox 1519 399 1646 418; x_wconf 66' lang='lat' dir='ltr'>currentet</span> <span class='ocrx_word' id='word_1_580' title='bbox 1665 395 1730 418; x_wconf 70' lang='lat' dir='ltr'>enim</span> <span class='ocrx_word' id='word_1_581' title='bbox 1748 391 1826 428; x_wconf 63' lang='lat' dir='ltr'>effuse</span> <span class='ocrx_word' id='word_1_582' title='bbox 1837 392 1971 428; x_wconf 76' lang='lat' dir='ltr'>superiora</span> <span class='ocrx_word' id='word_1_583' title='bbox 1990 404 2099 432; x_wconf 56' lang='lat' dir='ltr'>corpor-15</span> <span class='ocrx_word' id='word_1_584' title='bbox 2117 406 2259 437; x_wconf 48' lang='lat' dir='ltr'>mmm-sum</span> 
     </span>
     <span class='ocr_line' id='line_1_60' title="bbox 1201 425 2258 466; baseline 0.009 -18"><span class='ocrx_word' id='word_1_585' title='bbox 1201 425 1336 466; x_wconf 65' lang='lat' dir='ltr'>inclinant.</span> <span class='ocrx_word' id='word_1_586' title='bbox 1410 426 1528 453; x_wconf 80' lang='lat' dir='ltr'>Decursu</span> <span class='ocrx_word' id='word_1_587' title='bbox 1542 436 1628 461; x_wconf 83' lang='lat' dir='ltr'>prono</span> <span class='ocrx_word' id='word_1_588' title='bbox 1641 428 1728 462; x_wconf 81' lang='lat' dir='ltr'>agitur</span> <span class='ocrx_word' id='word_1_589' title='bbox 1741 429 1841 455; x_wconf 86' lang='lat' dir='ltr'>malum</span> <span class='ocrx_word' id='word_1_590' title='bbox 1854 429 1941 456; x_wconf 89' lang='lat' dir='ltr'>Catul.</span> <span class='ocrx_word' id='word_1_591' title='bbox 1955 432 1996 461; x_wconf 79' lang='lat'>63,</span> <span class='ocrx_word' id='word_1_592' title='bbox 2007 439 2044 461; x_wconf 84' lang='lat'>23.</span> <span class='ocrx_word' id='word_1_593' title='bbox 2115 437 2176 463; x_wconf 54' lang='lat' dir='ltr'>Dies</span> <span class='ocrx_word' id='word_1_594' title='bbox 2195 440 2258 464; x_wconf 63' lang='lat'>5131,</span> 
     </span>
     <span class='ocr_line' id='line_1_61' title="bbox 1210 459 2257 502; baseline 0.009 -18"><span class='ocrx_word' id='word_1_595' title='bbox 1210 459 1296 485; x_wconf 74' lang='lat' dir='ltr'>Theb.</span> <span class='ocrx_word' id='word_1_596' title='bbox 1312 469 1336 491; x_wconf 91' lang='lat'>2,</span> <span class='ocrx_word' id='word_1_597' title='bbox 1349 470 1388 494; x_wconf 86' lang='lat'>41.</span> <span class='ocrx_word' id='word_1_598' title='bbox 1461 462 1539 489; x_wconf 75' lang='lat' dir='ltr'>Fides</span> <span class='ocrx_word' id='word_1_599' title='bbox 1555 472 1637 497; x_wconf 85' lang='lat' dir='ltr'>prona</span> <span class='ocrx_word' id='word_1_600' title='bbox 1653 464 1727 491; x_wconf 82' lang='lat' dir='ltr'>venit</span> <span class='ocrx_word' id='word_1_601' title='bbox 1742 464 1825 490; x_wconf 90' lang='lat' dir='ltr'>Ouid.</span> <span class='ocrx_word' id='word_1_602' title='bbox 1840 465 1873 491; x_wconf 85' lang='lat' dir='ltr'>dc</span> <span class='ocrx_word' id='word_1_603' title='bbox 1889 466 1953 492; x_wconf 81' lang='lat' dir='ltr'>Arte</span> <span class='ocrx_word' id='word_1_604' title='bbox 1967 467 2026 492; x_wconf 78' lang='lat' dir='ltr'>Am.</span> <span class='ocrx_word' id='word_1_605' title='bbox 2043 475 2067 498; x_wconf 80' lang='lat'>3,</span> <span class='ocrx_word' id='word_1_606' title='bbox 2079 471 2141 502; x_wconf 81' lang='lat'><strong>⁶74·</strong></span> <span class='ocrx_word' id='word_1_607' title='bbox 2214 474 2257 498; x_wconf 76' lang='lat' dir='ltr'>lu.</span> 
     </span>
     <span class='ocr_line' id='line_1_62' title="bbox 1202 498 2258 536; baseline 0.01 -16"><span class='ocrx_word' id='word_1_608' title='bbox 1202 500 1297 521; x_wconf 88' lang='lat' dir='ltr'>ventus</span> <span class='ocrx_word' id='word_1_609' title='bbox 1311 498 1467 536; x_wconf 72' lang='lat' dir='ltr'>Satyrorum</span> <span class='ocrx_word' id='word_1_610' title='bbox 1481 507 1564 532; x_wconf 86' lang='lat' dir='ltr'>prona</span> <span class='ocrx_word' id='word_1_611' title='bbox 1578 499 1605 525; x_wconf 92' lang='lat' dir='ltr'>in</span> <span class='ocrx_word' id='word_1_612' title='bbox 1622 501 1755 527; x_wconf 76' lang='lat' dir='ltr'>Venerem</span> <span class='ocrx_word' id='word_1_613' title='bbox 1770 500 1843 527; x_wconf 84' lang='lat' dir='ltr'>ldeni</span> <span class='ocrx_word' id='word_1_614' title='bbox 1858 501 1925 528; x_wconf 83' lang='lat' dir='ltr'>Fast.</span> <span class='ocrx_word' id='word_1_615' title='bbox 1941 510 1961 535; x_wconf 84' lang='lat'>1,</span> <span class='ocrx_word' id='word_1_616' title='bbox 1974 509 2033 536; x_wconf 79' lang='lat'>397.</span> <span class='ocrx_word' id='word_1_617' title='bbox 2105 505 2176 532; x_wconf 77' lang='lat' dir='ltr'>Idem</span> <span class='ocrx_word' id='word_1_618' title='bbox 2191 508 2258 535; x_wconf 78' lang='lat' dir='ltr'>ibid,</span> 
     </span>
     <span class='ocr_line' id='line_1_63' title="bbox 1202 533 2258 577; baseline 0.009 -20"><span class='ocrx_word' id='word_1_619' title='bbox 1202 538 1226 563; x_wconf 91' lang='lat'>5,</span> <span class='ocrx_word' id='word_1_620' title='bbox 1242 537 1294 563; x_wconf 73' lang='lat'>498</span> <span class='ocrx_word' id='word_1_621' title='bbox 1321 533 1351 558; x_wconf 76' lang='lat' dir='ltr'>ht</span> <span class='ocrx_word' id='word_1_622' title='bbox 1370 541 1484 566; x_wconf 88' lang='lat' dir='ltr'>pronum</span> <span class='ocrx_word' id='word_1_623' title='bbox 1500 535 1599 561; x_wconf 83' lang='lat' dir='ltr'>saturae</span> <span class='ocrx_word' id='word_1_624' title='bbox 1613 536 1664 561; x_wconf 86' lang='lat' dir='ltr'>Lac</span> <span class='ocrx_word' id='word_1_625' title='bbox 1679 535 1749 563; x_wconf 85' lang='lat' dir='ltr'>bibit</span> <span class='ocrx_word' id='word_1_626' title='bbox 1769 545 1851 571; x_wconf 76' lang='lat' dir='ltr'>agnus</span> <span class='ocrx_word' id='word_1_627' title='bbox 1871 538 1940 564; x_wconf 85' lang='lat' dir='ltr'>ouis.</span> <span class='ocrx_word' id='word_1_628' title='bbox 1978 539 2086 564; x_wconf 78' lang='lat' dir='ltr'>Pronum</span> <span class='ocrx_word' id='word_1_629' title='bbox 2099 540 2138 563; x_wconf 79' lang='lat' dir='ltr'>luc</span> <span class='ocrx_word' id='word_1_630' title='bbox 2151 545 2258 577; x_wconf 55' lang='lat' dir='ltr'>uem-snm</span> 
     </span>
     <span class='ocr_line' id='line_1_64' title="bbox 1192 567 2261 608; baseline 0.009 -17"><span class='ocrx_word' id='word_1_631' title='bbox 1192 567 1281 602; x_wconf 69' lang='lat' dir='ltr'>fluens</span> <span class='ocrx_word' id='word_1_632' title='bbox 1296 567 1418 608; x_wconf 54' lang='lat' dir='ltr'>etfiicilr.</span> <span class='ocrx_word' id='word_1_633' title='bbox 1492 570 1589 604; x_wconf 82' lang='lat' dir='ltr'>Lapsus</span> <span class='ocrx_word' id='word_1_634' title='bbox 1609 571 1702 598; x_wconf 81' lang='lat' dir='ltr'>Claud.</span> <span class='ocrx_word' id='word_1_635' title='bbox 1718 572 1747 598; x_wconf 90' lang='lat' dir='ltr'>in</span> <span class='ocrx_word' id='word_1_636' title='bbox 1759 572 1828 598; x_wconf 77' lang='lat' dir='ltr'>Ruff.</span> <span class='ocrx_word' id='word_1_637' title='bbox 1844 582 1865 605; x_wconf 91' lang='grc' dir='ltr'>ι,</span> <span class='ocrx_word' id='word_1_638' title='bbox 1883 582 1934 607; x_wconf 76' lang='lat'>159.</span> <span class='ocrx_word' id='word_1_639' title='bbox 2007 571 2105 608; x_wconf 80' lang='lat' dir='ltr'>Lapsus</span> <span class='ocrx_word' id='word_1_640' title='bbox 2120 574 2181 600; x_wconf 78' lang='lat' dir='ltr'>ndei</span> <span class='ocrx_word' id='word_1_641' title='bbox 2196 578 2261 605; x_wconf 75' lang='lat' dir='ltr'>Plin,</span> 
     </span>
     <span class='ocr_line' id='line_1_65' title="bbox 1330 604 2259 646; baseline 0.009 -17"><span class='ocrx_word' id='word_1_642' title='bbox 1330 604 1458 646; x_wconf 75' lang='lat' dir='ltr'>Largitor</span> <span class='ocrx_word' id='word_1_643' title='bbox 1477 606 1569 632; x_wconf 85' lang='lat' dir='ltr'>Claud.</span> <span class='ocrx_word' id='word_1_644' title='bbox 1585 608 1664 633; x_wconf 87' lang='lat' dir='ltr'>Cons.</span> <span class='ocrx_word' id='word_1_645' title='bbox 1680 609 1750 634; x_wconf 84' lang='lat' dir='ltr'>Hon.</span> <span class='ocrx_word' id='word_1_646' title='bbox 1772 617 1800 641; x_wconf 81' lang='lat'>4,</span> <span class='ocrx_word' id='word_1_647' title='bbox 1823 617 1873 644; x_wconf 86' lang='lat'>117.</span> <span class='ocrx_word' id='word_1_648' title='bbox 1946 610 2029 636; x_wconf 91' lang='lat' dir='ltr'>Manu</span> <span class='ocrx_word' id='word_1_649' title='bbox 2049 617 2132 643; x_wconf 85' lang='lat' dir='ltr'>prona</span> <span class='ocrx_word' id='word_1_650' title='bbox 2151 611 2259 639; x_wconf 78' lang='lat' dir='ltr'>sundere</span> 
     </span>
     <span class='ocr_line' id='line_1_66' title="bbox 1202 638 2262 680; baseline 0.008 -17"><span class='ocrx_word' id='word_1_651' title='bbox 1202 638 1307 680; x_wconf 78' lang='lat' dir='ltr'>falerna</span> <span class='ocrx_word' id='word_1_652' title='bbox 1341 639 1437 666; x_wconf 78' lang='lat' dir='ltr'>sibull.</span> <span class='ocrx_word' id='word_1_653' title='bbox 1460 649 1481 673; x_wconf 81' lang='lat'>3,</span> <span class='ocrx_word' id='word_1_654' title='bbox 1496 644 1521 671; x_wconf 93' lang='lat'>6,</span> <span class='ocrx_word' id='word_1_655' title='bbox 1536 644 1560 668; x_wconf 91' lang='lat'>6.</span> <span class='ocrx_word' id='word_1_656' title='bbox 1634 644 1711 670; x_wconf 86' lang='lat' dir='ltr'>Mens</span> <span class='ocrx_word' id='word_1_657' title='bbox 1742 652 1824 678; x_wconf 86' lang='lat' dir='ltr'>prona</span> <span class='ocrx_word' id='word_1_658' title='bbox 1855 646 1884 672; x_wconf 92' lang='lat' dir='ltr'>in</span> <span class='ocrx_word' id='word_1_659' title='bbox 1915 645 2019 672; x_wconf 82' lang='lat' dir='ltr'>serrum</span> <span class='ocrx_word' id='word_1_660' title='bbox 2049 646 2147 672; x_wconf 83' lang='lat' dir='ltr'>Lucan.</span> <span class='ocrx_word' id='word_1_661' title='bbox 2170 655 2194 678; x_wconf 85' lang='lat' dir='ltr'>i,</span> <span class='ocrx_word' id='word_1_662' title='bbox 2210 655 2262 680; x_wconf 82' lang='lat'>¹34·</span> 
     </span>
     <span class='ocr_line' id='line_1_67' title="bbox 1203 674 2264 716; baseline 0.007 -15"><span class='ocrx_word' id='word_1_663' title='bbox 1203 674 1306 701; x_wconf 76' lang='lat' dir='ltr'>Mcnlcs</span> <span class='ocrx_word' id='word_1_664' title='bbox 1328 684 1428 715; x_wconf 76' lang='lat' dir='ltr'>pronos</span> <span class='ocrx_word' id='word_1_665' title='bbox 1449 676 1558 702; x_wconf 80' lang='lat' dir='ltr'>volucre</span> <span class='ocrx_word' id='word_1_666' title='bbox 1584 678 1650 705; x_wconf 88' lang='lat' dir='ltr'>llor.</span> <span class='ocrx_word' id='word_1_667' title='bbox 1664 680 1753 706; x_wconf 69' lang='lat' dir='ltr'>Car-m.</span> <span class='ocrx_word' id='word_1_668' title='bbox 1767 689 1795 713; x_wconf 88' lang='lat'>4,</span> <span class='ocrx_word' id='word_1_669' title='bbox 1809 682 1833 711; x_wconf 91' lang='lat'>6,</span> <span class='ocrx_word' id='word_1_670' title='bbox 1846 689 1886 714; x_wconf 81' lang='lat'>39.</span> <span class='ocrx_word' id='word_1_671' title='bbox 1958 683 2049 708; x_wconf 87' lang='lat' dir='ltr'>Motus</span> <span class='ocrx_word' id='word_1_672' title='bbox 2069 683 2190 716; x_wconf 73' lang='lat' dir='ltr'>corporis</span> <span class='ocrx_word' id='word_1_673' title='bbox 2205 691 2264 716; x_wconf 85' lang='lat' dir='ltr'>pro-</span> 
     </span>
     <span class='ocr_line' id='line_1_68' title="bbox 1204 709 2267 752; baseline 0.009 -17"><span class='ocrx_word' id='word_1_674' title='bbox 1204 718 1270 741; x_wconf 87' lang='lat' dir='ltr'>nus,</span> <span class='ocrx_word' id='word_1_675' title='bbox 1287 709 1431 744; x_wconf 83' lang='lat' dir='ltr'>obliquus,</span> <span class='ocrx_word' id='word_1_676' title='bbox 1445 712 1554 746; x_wconf 74' lang='lat' dir='ltr'>supinus</span> <span class='ocrx_word' id='word_1_677' title='bbox 1569 715 1625 740; x_wconf 82' lang='lat' dir='ltr'>Cic.</span> <span class='ocrx_word' id='word_1_678' title='bbox 1640 715 1672 741; x_wconf 80' lang='lat' dir='ltr'>dc</span> <span class='ocrx_word' id='word_1_679' title='bbox 1688 715 1780 742; x_wconf 88' lang='lat' dir='ltr'>Diuin.</span> <span class='ocrx_word' id='word_1_680' title='bbox 1798 725 1818 748; x_wconf 90' lang='grc' dir='ltr'>ι,</span> <span class='ocrx_word' id='word_1_681' title='bbox 1832 725 1886 743; x_wconf 86' lang='lat'>120.</span> <span class='ocrx_word' id='word_1_682' title='bbox 1958 718 2093 744; x_wconf 83' lang='lat' dir='ltr'>Sententia</span> <span class='ocrx_word' id='word_1_683' title='bbox 2113 727 2196 752; x_wconf 83' lang='lat' dir='ltr'>prona</span> <span class='ocrx_word' id='word_1_684' title='bbox 2217 719 2267 743; x_wconf 76' lang='lat' dir='ltr'>Va-</span> 
     </span>
     <span class='ocr_line' id='line_1_69' title="bbox 1204 746 2267 786; baseline 0.007 -14"><span class='ocrx_word' id='word_1_685' title='bbox 1204 746 1252 773; x_wconf 91' lang='lat' dir='ltr'>ler.</span> <span class='ocrx_word' id='word_1_686' title='bbox 1268 746 1370 786; x_wconf 42' lang='lat' dir='ltr'>argon.</span> <span class='ocrx_word' id='word_1_687' title='bbox 1383 751 1407 778; x_wconf 87' lang='lat'>8,</span> <span class='ocrx_word' id='word_1_688' title='bbox 1421 755 1480 780; x_wconf 76' lang='lat'>340.</span> <span class='ocrx_word' id='word_1_689' title='bbox 1555 750 1687 777; x_wconf 83' lang='lat' dir='ltr'>Columel.</span> <span class='ocrx_word' id='word_1_690' title='bbox 1703 760 1723 783; x_wconf 85' lang='lat' dir='ltr'>i,</span> <span class='ocrx_word' id='word_1_691' title='bbox 1738 760 1749 784; x_wconf 80' lang='lat'><em>3</em></span> <span class='ocrx_word' id='word_1_692' title='bbox 1771 754 1934 786; x_wconf 84' lang='lat' dir='ltr'>Qiantoque</span> <span class='ocrx_word' id='word_1_693' title='bbox 1945 753 2030 780; x_wconf 88' lang='lat' dir='ltr'>fuerit</span> <span class='ocrx_word' id='word_1_694' title='bbox 2043 754 2162 780; x_wconf 87' lang='lat' dir='ltr'>aedilicii</span> <span class='ocrx_word' id='word_1_695' title='bbox 2175 753 2267 781; x_wconf 85' lang='lat' dir='ltr'>Solum</span> 
     </span>
     <span class='ocr_line' id='line_1_70' title="bbox 2214 790 2267 816; baseline 0 0"><span class='ocrx_word' id='word_1_696' title='bbox 2214 790 2267 816; x_wconf 87' lang='lat' dir='ltr'>Via</span> 
     </span>
    </p>
   </div>
   <div class='ocr_carea' id='block_1_11' title="bbox 2180 214 2255 254">
    <p class='ocr_par' dir='ltr' id='par_1_16' title="bbox 2180 214 2255 254">
     <span class='ocr_line' id='line_1_71' title="bbox 2180 214 2255 254; baseline -0.04 -7"><span class='ocrx_word' id='word_1_697' title='bbox 2180 214 2255 254; x_wconf 78' lang='lat'>1118</span> 
     </span>
    </p>
   </div>
   <div class='ocr_carea' id='block_1_12' title="bbox 1926 291 2255 328">
    <p class='ocr_par' dir='ltr' id='par_1_17' title="bbox 1926 291 2255 328">
     <span class='ocr_line' id='line_1_72' title="bbox 1926 291 2255 328; baseline 0.018 -13"><span class='ocrx_word' id='word_1_698' title='bbox 1926 291 2008 319; x_wconf 78' lang='lat' dir='ltr'>Aures</span> <span class='ocrx_word' id='word_1_699' title='bbox 2022 293 2147 328; x_wconf 81' lang='lat' dir='ltr'>superbae</span> <span class='ocrx_word' id='word_1_700' title='bbox 2156 315 2162 326; x_wconf 83' lang='lat'>,</span> <span class='ocrx_word' id='word_1_701' title='bbox 2174 301 2199 321; x_wconf 83' lang='lat' dir='ltr'>ct</span> <span class='ocrx_word' id='word_1_702' title='bbox 2215 295 2255 321; x_wconf 84' lang='lat' dir='ltr'>of-</span> 
     </span>
    </p>
   </div>
   <div class='ocr_carea' id='block_1_13' title="bbox 1205 817 1569 854">
    <p class='ocr_par' dir='ltr' id='par_1_18' title="bbox 1205 817 1569 854">
     <span class='ocr_line' id='line_1_73' title="bbox 1205 817 1569 854; baseline 0.005 -10"><span class='ocrx_word' id='word_1_703' title='bbox 1205 826 1291 854; x_wconf 88' lang='lat' dir='ltr'>prona</span> <span class='ocrx_word' id='word_1_704' title='bbox 1308 817 1391 845; x_wconf 82' lang='lat' dir='ltr'>Ouid.</span> <span class='ocrx_word' id='word_1_705' title='bbox 1404 819 1470 845; x_wconf 84' lang='lat' dir='ltr'>Met.</span> <span class='ocrx_word' id='word_1_706' title='bbox 1487 829 1509 852; x_wconf 81' lang='lat'>2,</span> <span class='ocrx_word' id='word_1_707' title='bbox 1524 822 1569 854; x_wconf 88' lang='lat'>67.</span> 
     </span>
    </p>
   </div>
   <div class='ocr_carea' id='block_1_14' title="bbox 1206 854 2269 917">
    <p class='ocr_par' dir='ltr' id='par_1_19' title="bbox 1206 854 2269 917">
     <span class='ocr_line' id='line_1_74' title="bbox 1227 854 2269 897; baseline 0.01 -17"><span class='ocrx_word' id='word_1_708' title='bbox 1227 860 1387 895; x_wconf 32' lang='lat' dir='ltr'>*PR—oN-E.</span> <span class='ocrx_word' id='word_1_709' title='bbox 1414 854 1483 882; x_wconf 82' lang='lat' dir='ltr'>Adu.</span> <span class='ocrx_word' id='word_1_710' title='bbox 1520 856 1656 883; x_wconf 85' lang='lat' dir='ltr'>Ammian.</span> <span class='ocrx_word' id='word_1_711' title='bbox 1677 865 1718 891; x_wconf 83' lang='lat'>30,</span> <span class='ocrx_word' id='word_1_712' title='bbox 1739 867 1773 891; x_wconf 84' lang='lat'>29</span> <span class='ocrx_word' id='word_1_713' title='bbox 1790 859 1870 891; x_wconf 86' lang='lat' dir='ltr'>(Val.</span> <span class='ocrx_word' id='word_1_714' title='bbox 1885 862 1916 892; x_wconf 86' lang='lat'>8)</span> <span class='ocrx_word' id='word_1_715' title='bbox 1947 861 1989 887; x_wconf 80' lang='lat' dir='ltr'>Ad</span> <span class='ocrx_word' id='word_1_716' title='bbox 2008 860 2186 895; x_wconf 85' lang='lat' dir='ltr'>sugillandum</span> <span class='ocrx_word' id='word_1_717' title='bbox 2205 870 2269 897; x_wconf 85' lang='lat' dir='ltr'>pro-</span> 
     </span>
     <span class='ocr_line' id='line_1_75' title="bbox 1206 890 1409 917; baseline 0 0"><span class='ocrx_word' id='word_1_718' title='bbox 1206 899 1268 917; x_wconf 88' lang='lat' dir='ltr'>nius</span> <span class='ocrx_word' id='word_1_719' title='bbox 1289 890 1409 917; x_wconf 85' lang='lat' dir='ltr'>inclinat.</span> 
     </span>
    </p>
   </div>
   <div class='ocr_carea' id='block_1_15' title="bbox 1240 925 2269 966">
    <p class='ocr_par' dir='ltr' id='par_1_20' title="bbox 1240 925 2269 966">
     <span class='ocr_line' id='line_1_76' title="bbox 1240 925 2269 966; baseline 0.008 -14"><span class='ocrx_word' id='word_1_720' title='bbox 1240 933 1255 952; x_wconf 83' lang='lat' dir='ltr'>P</span> <span class='ocrx_word' id='word_1_721' title='bbox 1264 934 1283 953; x_wconf 73' lang='lat' dir='ltr'>R</span> <span class='ocrx_word' id='word_1_722' title='bbox 1294 932 1314 953; x_wconf 95' lang='lat'>0</span> <span class='ocrx_word' id='word_1_723' title='bbox 1322 933 1344 952; x_wconf 86' lang='lat' dir='ltr'>N</span> <span class='ocrx_word' id='word_1_724' title='bbox 1356 925 1398 953; x_wconf 62' lang='lat'>1⁰¹1·</span> <span class='ocrx_word' id='word_1_725' title='bbox 1407 934 1429 953; x_wconf 84' lang='lat' dir='ltr'>A</span> <span class='ocrx_word' id='word_1_726' title='bbox 1439 934 1452 954; x_wconf 87' lang='lat' dir='ltr'>s</span> <span class='ocrx_word' id='word_1_727' title='bbox 1462 944 1470 957; x_wconf 90' lang='lat'>,</span> <span class='ocrx_word' id='word_1_728' title='bbox 1497 927 1554 953; x_wconf 77' lang='lat' dir='ltr'>atis.</span> <span class='ocrx_word' id='word_1_729' title='bbox 1582 928 1602 954; x_wconf 86' lang='lat' dir='ltr'>f.</span> <span class='ocrx_word' id='word_1_730' title='bbox 1639 927 1690 962; x_wconf 82' lang='grc' dir='ltr'>[τό</span> <span class='ocrx_word' id='word_1_731' title='bbox 1711 931 1816 963; x_wconf 50' lang='lat' dir='ltr'>nemis]</span> <span class='ocrx_word' id='word_1_732' title='bbox 1851 931 1948 957; x_wconf 78' lang='lat' dir='ltr'>Seneca</span> <span class='ocrx_word' id='word_1_733' title='bbox 1969 931 1998 957; x_wconf 91' lang='lat' dir='ltr'>in</span> <span class='ocrx_word' id='word_1_734' title='bbox 2012 932 2122 966; x_wconf 87' lang='lat' dir='ltr'>praefat.</span> <span class='ocrx_word' id='word_1_735' title='bbox 2136 933 2269 960; x_wconf 88' lang='lat' dir='ltr'>Controu.</span> 
     </span>
    </p>
   </div>
   <div class='ocr_carea' id='block_1_16' title="bbox 271 961 2269 1003">
    <p class='ocr_par' dir='ltr' id='par_1_21' title="bbox 271 961 2269 1003">
     <span class='ocr_line' id='line_1_77' title="bbox 271 961 2269 1003; baseline 0.004 -14"><span class='ocrx_word' id='word_1_736' title='bbox 271 965 405 991; x_wconf 86' lang='lat' dir='ltr'>Ainiiiian.</span> <span class='ocrx_word' id='word_1_737' title='bbox 422 972 454 998; x_wconf 86' lang='lat'>15,</span> <span class='ocrx_word' id='word_1_738' title='bbox 469 973 482 997; x_wconf 79' lang='grc'><strong><em>3</em></strong></span> <span class='ocrx_word' id='word_1_739' title='bbox 502 971 568 992; x_wconf 78' lang='lat' dir='ltr'>extr.</span> <span class='ocrx_word' id='word_1_740' title='bbox 596 963 764 990; x_wconf 61' lang='lat' dir='ltr'>Proteftores</span> <span class='ocrx_word' id='word_1_741' title='bbox 785 961 956 997; x_wconf 86' lang='lat' dir='ltr'>pronuntiati</span> <span class='ocrx_word' id='word_1_742' title='bbox 972 968 1078 989; x_wconf 84' lang='lat' dir='ltr'>vertere</span> <span class='ocrx_word' id='word_1_743' title='bbox 1099 964 1138 990; x_wconf 92' lang='lat' dir='ltr'>so-</span> <span class='ocrx_word' id='word_1_744' title='bbox 1151 974 1188 993; x_wconf 79' lang='lat'>20</span> <span class='ocrx_word' id='word_1_745' title='bbox 1204 962 1304 989; x_wconf 85' lang='lat' dir='ltr'>Nescio</span> <span class='ocrx_word' id='word_1_746' title='bbox 1320 972 1371 997; x_wconf 86' lang='lat' dir='ltr'>qua</span> <span class='ocrx_word' id='word_1_747' title='bbox 1385 963 1529 998; x_wconf 82' lang='lat' dir='ltr'>iniquitate</span> <span class='ocrx_word' id='word_1_748' title='bbox 1548 969 1574 990; x_wconf 88' lang='lat' dir='ltr'>et</span> <span class='ocrx_word' id='word_1_749' title='bbox 1587 963 1620 990; x_wconf 86' lang='lat' dir='ltr'>ad</span> <span class='ocrx_word' id='word_1_750' title='bbox 1635 963 1734 990; x_wconf 88' lang='lat' dir='ltr'>malum</span> <span class='ocrx_word' id='word_1_751' title='bbox 1749 966 1883 999; x_wconf 83' lang='lat' dir='ltr'>pronitate</span> <span class='ocrx_word' id='word_1_752' title='bbox 1898 974 2008 994; x_wconf 85' lang='lat' dir='ltr'>naturae</span> <span class='ocrx_word' id='word_1_753' title='bbox 2021 968 2176 1003; x_wconf 87' lang='lat' dir='ltr'>eloquentia</span> <span class='ocrx_word' id='word_1_754' title='bbox 2190 971 2216 996; x_wconf 84' lang='lat' dir='ltr'>se</span> <span class='ocrx_word' id='word_1_755' title='bbox 2229 977 2269 996; x_wconf 87' lang='lat' dir='ltr'>re-</span> 
     </span>
    </p>
   </div>
   <div class='ocr_carea' id='block_1_17' title="bbox 1202 998 2271 1147">
    <p class='ocr_par' dir='ltr' id='par_1_22' title="bbox 1203 998 1350 1025">
     <span class='ocr_line' id='line_1_78' title="bbox 1203 998 1350 1025; baseline 0 0"><span class='ocrx_word' id='word_1_756' title='bbox 1203 998 1350 1025; x_wconf 86' lang='lat' dir='ltr'>trotulcrit.</span> 
     </span>
    </p>

    <p class='ocr_par' dir='ltr' id='par_1_23' title="bbox 1202 1034 2270 1107">
     <span class='ocr_line' id='line_1_79' title="bbox 1238 1034 2270 1075; baseline 0.009 -16"><span class='ocrx_word' id='word_1_757' title='bbox 1238 1040 1253 1059; x_wconf 75' lang='lat'>1³</span> <span class='ocrx_word' id='word_1_758' title='bbox 1263 1041 1281 1060; x_wconf 77' lang='lat' dir='ltr'>R</span> <span class='ocrx_word' id='word_1_759' title='bbox 1291 1041 1310 1061; x_wconf 85' lang='grc' dir='ltr'>ο</span> <span class='ocrx_word' id='word_1_760' title='bbox 1323 1041 1346 1061; x_wconf 83' lang='lat' dir='ltr'>N</span> <span class='ocrx_word' id='word_1_761' title='bbox 1357 1040 1393 1067; x_wconf 85' lang='lat' dir='ltr'>o,</span> <span class='ocrx_word' id='word_1_762' title='bbox 1414 1038 1467 1061; x_wconf 63' lang='lat' dir='ltr'>are.</span> <span class='ocrx_word' id='word_1_763' title='bbox 1540 1034 1631 1062; x_wconf 89' lang='lat' dir='ltr'>Sidon.</span> <span class='ocrx_word' id='word_1_764' title='bbox 1653 1035 1731 1070; x_wconf 80' lang='lat' dir='ltr'>Epist.</span> <span class='ocrx_word' id='word_1_765' title='bbox 1741 1041 1764 1070; x_wconf 81' lang='lat'>8,</span> <span class='ocrx_word' id='word_1_766' title='bbox 1777 1045 1799 1064; x_wconf 93' lang='grc' dir='ltr'>ιι</span> <span class='ocrx_word' id='word_1_767' title='bbox 1838 1037 1888 1073; x_wconf 84' lang='lat' dir='ltr'>Ipsi</span> <span class='ocrx_word' id='word_1_768' title='bbox 1903 1039 2019 1066; x_wconf 84' lang='lat' dir='ltr'>latrones</span> <span class='ocrx_word' id='word_1_769' title='bbox 2038 1039 2070 1066; x_wconf 93' lang='lat' dir='ltr'>ad</span> <span class='ocrx_word' id='word_1_770' title='bbox 2085 1041 2270 1075; x_wconf 85' lang='lat' dir='ltr'>pauimentum</span> 
     </span>
     <span class='ocr_line' id='line_1_80' title="bbox 1202 1070 1988 1107; baseline 0.008 -11"><span class='ocrx_word' id='word_1_771' title='bbox 1202 1072 1331 1097; x_wconf 86' lang='lat' dir='ltr'>conuersa</span> <span class='ocrx_word' id='word_1_772' title='bbox 1344 1070 1534 1097; x_wconf 67' lang='lat' dir='ltr'>defunctorum</span> <span class='ocrx_word' id='word_1_773' title='bbox 1547 1079 1595 1098; x_wconf 88' lang='lat' dir='ltr'>ora</span> <span class='ocrx_word' id='word_1_774' title='bbox 1609 1079 1799 1106; x_wconf 82' lang='lat' dir='ltr'>pronaucrunt.</span> <span class='ocrx_word' id='word_1_775' title='bbox 1836 1074 1896 1100; x_wconf 79' lang='lat' dir='ltr'>add.</span> <span class='ocrx_word' id='word_1_776' title='bbox 1910 1082 1937 1107; x_wconf 88' lang='lat'>5,</span> <span class='ocrx_word' id='word_1_777' title='bbox 1953 1081 1988 1105; x_wconf 71' lang='grc' dir='ltr'>ιε.</span> 
     </span>
    </p>

    <p class='ocr_par' dir='ltr' id='par_1_24' title="bbox 1238 1108 2271 1147">
     <span class='ocr_line' id='line_1_81' title="bbox 1238 1108 2271 1147; baseline 0.008 -15"><span class='ocrx_word' id='word_1_778' title='bbox 1238 1113 1281 1133; x_wconf 76' lang='lat' dir='ltr'>PR</span> <span class='ocrx_word' id='word_1_779' title='bbox 1291 1113 1312 1133; x_wconf 91' lang='lat' dir='ltr'>O</span> <span class='ocrx_word' id='word_1_780' title='bbox 1322 1108 1406 1133; x_wconf 78' lang='grc' dir='ltr'>ΝᾸΤ</span> <span class='ocrx_word' id='word_1_781' title='bbox 1417 1112 1438 1132; x_wconf 82' lang='grc' dir='ltr'><strong><em>ν</em></strong></span> <span class='ocrx_word' id='word_1_782' title='bbox 1449 1114 1478 1141; x_wconf 90' lang='lat' dir='ltr'>s,</span> <span class='ocrx_word' id='word_1_783' title='bbox 1493 1116 1519 1139; x_wconf 90' lang='lat' dir='ltr'>a,</span> <span class='ocrx_word' id='word_1_784' title='bbox 1540 1115 1596 1134; x_wconf 88' lang='lat' dir='ltr'>uui.</span> <span class='ocrx_word' id='word_1_785' title='bbox 1669 1108 1760 1135; x_wconf 84' lang='lat' dir='ltr'>Sidon.</span> <span class='ocrx_word' id='word_1_786' title='bbox 1780 1109 1860 1144; x_wconf 80' lang='lat' dir='ltr'>Epist.</span> <span class='ocrx_word' id='word_1_787' title='bbox 1869 1115 1894 1143; x_wconf 79' lang='lat'>8,</span> <span class='ocrx_word' id='word_1_788' title='bbox 1913 1119 1943 1146; x_wconf 84' lang='lat'>¹7</span> <span class='ocrx_word' id='word_1_789' title='bbox 1984 1111 2064 1138; x_wconf 89' lang='lat' dir='ltr'>Nunc</span> <span class='ocrx_word' id='word_1_790' title='bbox 2083 1121 2131 1147; x_wconf 87' lang='lat' dir='ltr'>per</span> <span class='ocrx_word' id='word_1_791' title='bbox 2149 1112 2271 1140; x_wconf 85' lang='lat' dir='ltr'>catastro-</span> 
     </span>
    </p>
   </div>
   <div class='ocr_carea' id='block_1_18' title="bbox 1155 1141 1513 1183">
    <p class='ocr_par' dir='ltr' id='par_1_25' title="bbox 1155 1141 1513 1183">
     <span class='ocr_line' id='line_1_82' title="bbox 1155 1141 1513 1183; baseline 0 -14"><span class='ocrx_word' id='word_1_792' title='bbox 1155 1155 1184 1183; x_wconf 82' lang='lat'>¹5</span> <span class='ocrx_word' id='word_1_793' title='bbox 1204 1141 1276 1177; x_wconf 84' lang='lat' dir='ltr'>phen</span> <span class='ocrx_word' id='word_1_794' title='bbox 1290 1144 1365 1178; x_wconf 73' lang='lat' dir='ltr'>saepe</span> <span class='ocrx_word' id='word_1_795' title='bbox 1378 1141 1513 1177; x_wconf 77' lang='lat' dir='ltr'>pronatus.</span> 
     </span>
    </p>
   </div>
   <div class='ocr_carea' id='block_1_19' title="bbox 1203 1180 2277 1506">
    <p class='ocr_par' dir='ltr' id='par_1_26' title="bbox 1203 1180 2277 1506">
     <span class='ocr_line' id='line_1_83' title="bbox 1239 1180 2272 1219; baseline 0.004 -14"><span class='ocrx_word' id='word_1_796' title='bbox 1239 1186 1255 1205; x_wconf 75' lang='lat'>1³</span> <span class='ocrx_word' id='word_1_797' title='bbox 1264 1184 1283 1204; x_wconf 78' lang='lat' dir='ltr'>R</span> <span class='ocrx_word' id='word_1_798' title='bbox 1293 1186 1312 1206; x_wconf 87' lang='lat' dir='ltr'>O</span> <span class='ocrx_word' id='word_1_799' title='bbox 1322 1185 1342 1205; x_wconf 94' lang='grc' dir='ltr'>Ο</span> <span class='ocrx_word' id='word_1_800' title='bbox 1351 1185 1392 1206; x_wconf 85' lang='lat' dir='ltr'>EC</span> <span class='ocrx_word' id='word_1_801' title='bbox 1401 1184 1420 1205; x_wconf 94' lang='lat' dir='ltr'>O</span> <span class='ocrx_word' id='word_1_802' title='bbox 1428 1186 1451 1205; x_wconf 89' lang='lat' dir='ltr'>N</span> <span class='ocrx_word' id='word_1_803' title='bbox 1459 1185 1479 1206; x_wconf 93' lang='grc' dir='ltr'>Ο</span> <span class='ocrx_word' id='word_1_804' title='bbox 1489 1186 1514 1205; x_wconf 92' lang='grc' dir='ltr'><strong><em>Μ</em></strong></span> <span class='ocrx_word' id='word_1_805' title='bbox 1525 1185 1577 1212; x_wconf 82' lang='grc' dir='ltr'>ΙΑ,</span> <span class='ocrx_word' id='word_1_806' title='bbox 1593 1188 1632 1206; x_wconf 82' lang='lat' dir='ltr'>ae.</span> <span class='ocrx_word' id='word_1_807' title='bbox 1665 1180 1685 1207; x_wconf 91' lang='lat' dir='ltr'>f.</span> <span class='ocrx_word' id='word_1_808' title='bbox 1728 1180 1917 1216; x_wconf 67' lang='grc' dir='ltr'>[προοικονομίκ</span> <span class='ocrx_word' id='word_1_809' title='bbox 1931 1183 1944 1217; x_wconf 94' lang='grc'>]</span> <span class='ocrx_word' id='word_1_810' title='bbox 1988 1183 2084 1219; x_wconf 81' lang='lat' dir='ltr'>Figura</span> <span class='ocrx_word' id='word_1_811' title='bbox 2092 1204 2101 1216; x_wconf 82' lang='lat'>,</span> <span class='ocrx_word' id='word_1_812' title='bbox 2124 1194 2179 1211; x_wconf 86' lang='lat' dir='ltr'>cum</span> <span class='ocrx_word' id='word_1_813' title='bbox 2195 1185 2272 1211; x_wconf 69' lang='lat' dir='ltr'>Poe‘m</span> 
     </span>
     <span class='ocr_line' id='line_1_84' title="bbox 1203 1214 2273 1256; baseline 0.007 -16"><span class='ocrx_word' id='word_1_814' title='bbox 1203 1221 1246 1241; x_wconf 82' lang='lat' dir='ltr'>aut</span> <span class='ocrx_word' id='word_1_815' title='bbox 1261 1218 1398 1251; x_wconf 79' lang='lat' dir='ltr'>quicunque</span> <span class='ocrx_word' id='word_1_816' title='bbox 1411 1214 1527 1251; x_wconf 75' lang='lat' dir='ltr'>scriptor</span> <span class='ocrx_word' id='word_1_817' title='bbox 1544 1215 1699 1251; x_wconf 71' lang='lat' dir='ltr'>praestruit,</span> <span class='ocrx_word' id='word_1_818' title='bbox 1726 1223 1750 1242; x_wconf 75' lang='lat' dir='ltr'>et</span> <span class='ocrx_word' id='word_1_819' title='bbox 1766 1220 1911 1251; x_wconf 75' lang='lat' dir='ltr'>praemunit</span> <span class='ocrx_word' id='word_1_820' title='bbox 1923 1220 2036 1254; x_wconf 79' lang='lat' dir='ltr'>aliquid,</span> <span class='ocrx_word' id='word_1_821' title='bbox 2054 1229 2101 1255; x_wconf 80' lang='lat' dir='ltr'>quo</span> <span class='ocrx_word' id='word_1_822' title='bbox 2115 1230 2152 1253; x_wconf 79' lang='lat' dir='ltr'>ca,</span> <span class='ocrx_word' id='word_1_823' title='bbox 2167 1221 2273 1256; x_wconf 71' lang='lat' dir='ltr'>quaesa-</span> 
     </span>
     <span class='ocr_line' id='line_1_85' title="bbox 1203 1249 2272 1290; baseline 0.006 -13"><span class='ocrx_word' id='word_1_824' title='bbox 1203 1258 1332 1286; x_wconf 80' lang='lat' dir='ltr'>quzmtur,</span> <span class='ocrx_word' id='word_1_825' title='bbox 1351 1249 1447 1278; x_wconf 62' lang='lat' dir='ltr'>restitas</span> <span class='ocrx_word' id='word_1_826' title='bbox 1467 1258 1559 1287; x_wconf 68' lang='lat' dir='ltr'>queant</span> <span class='ocrx_word' id='word_1_827' title='bbox 1571 1251 1698 1288; x_wconf 66' lang='lat' dir='ltr'>intelligi,</span> <span class='ocrx_word' id='word_1_828' title='bbox 1718 1258 1762 1278; x_wconf 80' lang='lat' dir='ltr'>aut</span> <span class='ocrx_word' id='word_1_829' title='bbox 1774 1260 1839 1278; x_wconf 74' lang='lat' dir='ltr'>certe</span> <span class='ocrx_word' id='word_1_830' title='bbox 1857 1263 1905 1279; x_wconf 80' lang='lat' dir='ltr'>non</span> <span class='ocrx_word' id='word_1_831' title='bbox 1918 1257 1995 1280; x_wconf 73' lang='lat' dir='ltr'>nimis</span> <span class='ocrx_word' id='word_1_832' title='bbox 2007 1255 2114 1290; x_wconf 81' lang='lat' dir='ltr'>abrupta</span> <span class='ocrx_word' id='word_1_833' title='bbox 2126 1257 2163 1290; x_wconf 77' lang='lat' dir='ltr'>stt</span> <span class='ocrx_word' id='word_1_834' title='bbox 2182 1255 2272 1290; x_wconf 77' lang='lat' dir='ltr'>tranfi-</span> 
     </span>
     <span class='ocr_line' id='line_1_86' title="bbox 1204 1286 2274 1324; baseline 0.006 -11"><span class='ocrx_word' id='word_1_835' title='bbox 1204 1289 1251 1313; x_wconf 78' lang='lat' dir='ltr'>tio.</span> <span class='ocrx_word' id='word_1_836' title='bbox 1307 1287 1416 1313; x_wconf 87' lang='lat' dir='ltr'>Seruius</span> <span class='ocrx_word' id='word_1_837' title='bbox 1428 1289 1456 1314; x_wconf 82' lang='lat' dir='ltr'>in</span> <span class='ocrx_word' id='word_1_838' title='bbox 1477 1286 1546 1313; x_wconf 80' lang='lat' dir='ltr'>illum</span> <span class='ocrx_word' id='word_1_839' title='bbox 1563 1288 1659 1324; x_wconf 64' lang='lat' dir='ltr'>versiam</span> <span class='ocrx_word' id='word_1_840' title='bbox 1715 1288 1890 1322; x_wconf 86' lang='lat' dir='ltr'>Virgil.Aen.</span> <span class='ocrx_word' id='word_1_841' title='bbox 1902 1298 1919 1321; x_wconf 87' lang='lat' dir='ltr'>i,</span> <span class='ocrx_word' id='word_1_842' title='bbox 1932 1298 1980 1322; x_wconf 78' lang='lat'>230</span> <span class='ocrx_word' id='word_1_843' title='bbox 2012 1291 2044 1317; x_wconf 85' lang='lat' dir='ltr'>Et</span> <span class='ocrx_word' id='word_1_844' title='bbox 2057 1291 2159 1324; x_wconf 86' lang='lat' dir='ltr'>Libyae</span> <span class='ocrx_word' id='word_1_845' title='bbox 2177 1292 2274 1320; x_wconf 69' lang='lat' dir='ltr'>defixit</span> 
     </span>
     <span class='ocr_line' id='line_1_87' title="bbox 1480 1323 2271 1361; baseline 0.004 -10"><span class='ocrx_word' id='word_1_846' title='bbox 1480 1323 1593 1351; x_wconf 90' lang='lat' dir='ltr'>Pulchra</span> <span class='ocrx_word' id='word_1_847' title='bbox 1617 1326 1844 1358; x_wconf 87' lang='lat' dir='ltr'>prooeconomia,</span> <span class='ocrx_word' id='word_1_848' title='bbox 1873 1324 1902 1351; x_wconf 85' lang='lat' dir='ltr'>id</span> <span class='ocrx_word' id='word_1_849' title='bbox 1920 1325 1957 1351; x_wconf 84' lang='lat' dir='ltr'>est</span> <span class='ocrx_word' id='word_1_850' title='bbox 1976 1326 2114 1361; x_wconf 76' lang='lat' dir='ltr'>dispositio</span> <span class='ocrx_word' id='word_1_851' title='bbox 2135 1329 2271 1354; x_wconf 79' lang='lat' dir='ltr'>carminis.</span> 
     </span>
     <span class='ocr_line' id='line_1_88' title="bbox 1205 1359 2275 1398; baseline 0.004 -12"><span class='ocrx_word' id='word_1_852' title='bbox 1205 1360 1391 1394; x_wconf 87' lang='lat' dir='ltr'>Vituperabile</span> <span class='ocrx_word' id='word_1_853' title='bbox 1406 1359 1479 1386; x_wconf 87' lang='lat' dir='ltr'>enim</span> <span class='ocrx_word' id='word_1_854' title='bbox 1493 1360 1591 1393; x_wconf 87' lang='lat' dir='ltr'>fuerat,</span> <span class='ocrx_word' id='word_1_855' title='bbox 1606 1360 1623 1386; x_wconf 85' lang='lat' dir='ltr'>si</span> <span class='ocrx_word' id='word_1_856' title='bbox 1637 1369 1670 1387; x_wconf 83' lang='lat' dir='ltr'>ex</span> <span class='ocrx_word' id='word_1_857' title='bbox 1686 1360 1803 1396; x_wconf 87' lang='lat' dir='ltr'>abrupto</span> <span class='ocrx_word' id='word_1_858' title='bbox 1818 1360 1956 1387; x_wconf 83' lang='lat' dir='ltr'>transitum</span> <span class='ocrx_word' id='word_1_859' title='bbox 1970 1362 2078 1389; x_wconf 82' lang='lat' dir='ltr'>faceret.</span> <span class='ocrx_word' id='word_1_860' title='bbox 2168 1364 2275 1398; x_wconf 62' lang='lat' dir='ltr'>Rursus.</span> 
     </span>
     <span class='ocr_line' id='line_1_89' title="bbox 1206 1395 2274 1431; baseline 0.003 -9"><span class='ocrx_word' id='word_1_861' title='bbox 1206 1395 1306 1430; x_wconf 85' lang='lat' dir='ltr'>Virgil.</span> <span class='ocrx_word' id='word_1_862' title='bbox 1323 1397 1422 1428; x_wconf 81' lang='lat' dir='ltr'>Aen.2,</span> <span class='ocrx_word' id='word_1_863' title='bbox 1436 1401 1484 1429; x_wconf 84' lang='lat'>298</span> <span class='ocrx_word' id='word_1_864' title='bbox 1525 1396 1641 1425; x_wconf 80' lang='lat' dir='ltr'>Diuerso</span> <span class='ocrx_word' id='word_1_865' title='bbox 1661 1397 1762 1424; x_wconf 87' lang='lat' dir='ltr'>interea</span> <span class='ocrx_word' id='word_1_866' title='bbox 1775 1397 1920 1423; x_wconf 79' lang='lat' dir='ltr'>miscentur</span> <span class='ocrx_word' id='word_1_867' title='bbox 1940 1399 2048 1424; x_wconf 89' lang='lat' dir='ltr'>moenia</span> <span class='ocrx_word' id='word_1_868' title='bbox 2069 1398 2153 1425; x_wconf 65' lang='lat' dir='ltr'>imflu.</span> <span class='ocrx_word' id='word_1_869' title='bbox 2216 1400 2274 1431; x_wconf 81' lang='lat' dir='ltr'>Vbi,</span> 
     </span>
     <span class='ocr_line' id='line_1_90' title="bbox 1205 1431 2277 1470; baseline 0.004 -12"><span class='ocrx_word' id='word_1_870' title='bbox 1205 1432 1331 1459; x_wconf 87' lang='lat' dir='ltr'>Seruius:</span> <span class='ocrx_word' id='word_1_871' title='bbox 1366 1433 1441 1459; x_wconf 86' lang='lat' dir='ltr'>Haec</span> <span class='ocrx_word' id='word_1_872' title='bbox 1461 1431 1498 1458; x_wconf 86' lang='lat' dir='ltr'>est</span> <span class='ocrx_word' id='word_1_873' title='bbox 1517 1433 1744 1467; x_wconf 85' lang='lat' dir='ltr'>prooeconomia.</span> <span class='ocrx_word' id='word_1_874' title='bbox 1774 1433 1820 1460; x_wconf 74' lang='lat' dir='ltr'>ait</span> <span class='ocrx_word' id='word_1_875' title='bbox 1834 1433 1907 1459; x_wconf 82' lang='lat' dir='ltr'>enini</span> <span class='ocrx_word' id='word_1_876' title='bbox 1922 1434 2038 1460; x_wconf 85' lang='lat' dir='ltr'>Aeneam</span> <span class='ocrx_word' id='word_1_877' title='bbox 2052 1443 2107 1461; x_wconf 86' lang='lat' dir='ltr'>non</span> <span class='ocrx_word' id='word_1_878' title='bbox 2126 1435 2201 1461; x_wconf 80' lang='lat' dir='ltr'>fuisse</span> <span class='ocrx_word' id='word_1_879' title='bbox 2216 1444 2277 1470; x_wconf 86' lang='lat' dir='ltr'>pro-</span> 
     </span>
     <span class='ocr_line' id='line_1_91' title="bbox 1205 1467 2276 1506; baseline 0.004 -12"><span class='ocrx_word' id='word_1_880' title='bbox 1205 1468 1335 1496; x_wconf 89' lang='lat' dir='ltr'>ditorem:</span> <span class='ocrx_word' id='word_1_881' title='bbox 1373 1467 1416 1495; x_wconf 87' lang='lat' dir='ltr'>sed</span> <span class='ocrx_word' id='word_1_882' title='bbox 1432 1475 1543 1503; x_wconf 85' lang='lat' dir='ltr'>propter</span> <span class='ocrx_word' id='word_1_883' title='bbox 1559 1469 1786 1504; x_wconf 83' lang='lat' dir='ltr'>longinquitatem</span> <span class='ocrx_word' id='word_1_884' title='bbox 1800 1469 1894 1496; x_wconf 85' lang='lat' dir='ltr'>domus</span> <span class='ocrx_word' id='word_1_885' title='bbox 1913 1477 1939 1497; x_wconf 90' lang='lat' dir='ltr'>et</span> <span class='ocrx_word' id='word_1_886' title='bbox 1958 1470 2033 1497; x_wconf 82' lang='lat' dir='ltr'>tarde</span> <span class='ocrx_word' id='word_1_887' title='bbox 2050 1471 2119 1498; x_wconf 87' lang='lat' dir='ltr'>bella</span> <span class='ocrx_word' id='word_1_888' title='bbox 2134 1472 2276 1506; x_wconf 75' lang='lat' dir='ltr'>cognouis-</span> 
     </span>
    </p>
   </div>
   <div class='ocr_carea' id='block_1_20' title="bbox 1198 1542 2280 1685">
    <p class='ocr_par' dir='ltr' id='par_1_27' title="bbox 1198 1542 2280 1685">
     <span class='ocr_line' id='line_1_92' title="bbox 1241 1542 2276 1577; baseline 0.002 -10"><span class='ocrx_word' id='word_1_889' title='bbox 1241 1548 1257 1567; x_wconf 80' lang='lat' dir='ltr'>P</span> <span class='ocrx_word' id='word_1_890' title='bbox 1266 1547 1285 1567; x_wconf 87' lang='lat' dir='ltr'>R</span> <span class='ocrx_word' id='word_1_891' title='bbox 1296 1548 1315 1568; x_wconf 92' lang='grc'>0</span> <span class='ocrx_word' id='word_1_892' title='bbox 1327 1547 1346 1567; x_wconf 93' lang='lat'>0</span> <span class='ocrx_word' id='word_1_893' title='bbox 1356 1548 1373 1567; x_wconf 86' lang='lat' dir='ltr'>E</span> <span class='ocrx_word' id='word_1_894' title='bbox 1382 1547 1408 1567; x_wconf 93' lang='grc' dir='ltr'><strong>Μ</strong></span> <span class='ocrx_word' id='word_1_895' title='bbox 1417 1548 1427 1567; x_wconf 89' lang='grc' dir='ltr'>Ι</span> <span class='ocrx_word' id='word_1_896' title='bbox 1436 1547 1458 1566; x_wconf 92' lang='lat' dir='ltr'>V</span> <span class='ocrx_word' id='word_1_897' title='bbox 1467 1545 1503 1574; x_wconf 79' lang='lat' dir='ltr'>M,</span> <span class='ocrx_word' id='word_1_898' title='bbox 1518 1542 1537 1567; x_wconf 89' lang='lat' dir='ltr'>i.</span> <span class='ocrx_word' id='word_1_899' title='bbox 1564 1551 1589 1567; x_wconf 92' lang='lat' dir='ltr'>n.</span> <span class='ocrx_word' id='word_1_900' title='bbox 1627 1542 1774 1577; x_wconf 49' lang='grc' dir='ltr'>[προηίμιοις</span> <span class='ocrx_word' id='word_1_901' title='bbox 1798 1542 1924 1577; x_wconf 56' lang='grc' dir='ltr'>προήκων]</span> <span class='ocrx_word' id='word_1_902' title='bbox 1962 1543 2068 1569; x_wconf 78' lang='lat' dir='ltr'>Initium</span> <span class='ocrx_word' id='word_1_903' title='bbox 2084 1549 2123 1569; x_wconf 74' lang='lat' dir='ltr'>vel</span> <span class='ocrx_word' id='word_1_904' title='bbox 2137 1543 2276 1576; x_wconf 67' lang='lat' dir='ltr'>exordium,</span> 
     </span>
     <span class='ocr_line' id='line_1_93' title="bbox 1198 1575 2277 1614; baseline 0.002 -11"><span class='ocrx_word' id='word_1_905' title='bbox 1198 1575 1253 1611; x_wconf 82' lang='lat' dir='ltr'>fiue</span> <span class='ocrx_word' id='word_1_906' title='bbox 1272 1577 1412 1613; x_wconf 77' lang='lat' dir='ltr'>praefatio.</span> <span class='ocrx_word' id='word_1_907' title='bbox 1486 1577 1620 1611; x_wconf 72' lang='lat' dir='ltr'>Qinffll.</span> <span class='ocrx_word' id='word_1_908' title='bbox 1635 1587 1663 1611; x_wconf 82' lang='grc'>4,</span> <span class='ocrx_word' id='word_1_909' title='bbox 1679 1587 1688 1604; x_wconf 84' lang='grc' dir='ltr'>ι</span> <span class='ocrx_word' id='word_1_910' title='bbox 1699 1585 1741 1614; x_wconf 83' lang='lat' dir='ltr'>pr.</span> <span class='ocrx_word' id='word_1_911' title='bbox 1784 1577 1866 1612; x_wconf 74' lang='lat' dir='ltr'>Quod</span> <span class='ocrx_word' id='word_1_912' title='bbox 1887 1579 2050 1613; x_wconf 82' lang='lat' dir='ltr'>principium</span> <span class='ocrx_word' id='word_1_913' title='bbox 2065 1579 2159 1605; x_wconf 84' lang='lat' dir='ltr'>Latine</span> <span class='ocrx_word' id='word_1_914' title='bbox 2176 1580 2217 1605; x_wconf 82' lang='lat' dir='ltr'>vel</span> <span class='ocrx_word' id='word_1_915' title='bbox 2232 1588 2277 1605; x_wconf 82' lang='lat' dir='ltr'>cx-</span> 
     </span>
     <span class='ocr_line' id='line_1_94' title="bbox 1205 1612 2278 1650; baseline 0.002 -11"><span class='ocrx_word' id='word_1_916' title='bbox 1205 1612 1315 1640; x_wconf 87' lang='lat' dir='ltr'>ordiuui</span> <span class='ocrx_word' id='word_1_917' title='bbox 1335 1613 1452 1647; x_wconf 87' lang='lat' dir='ltr'>dicitur,</span> <span class='ocrx_word' id='word_1_918' title='bbox 1471 1622 1576 1640; x_wconf 79' lang='lat' dir='ltr'>maiore</span> <span class='ocrx_word' id='word_1_919' title='bbox 1592 1614 1707 1649; x_wconf 82' lang='lat' dir='ltr'>quadam</span> <span class='ocrx_word' id='word_1_920' title='bbox 1720 1614 1825 1640; x_wconf 82' lang='lat' dir='ltr'>ratione</span> <span class='ocrx_word' id='word_1_921' title='bbox 1840 1614 1936 1640; x_wconf 79' lang='lat' dir='ltr'>Graeci</span> <span class='ocrx_word' id='word_1_922' title='bbox 1949 1614 2078 1641; x_wconf 86' lang='lat' dir='ltr'>videntur</span> <span class='ocrx_word' id='word_1_923' title='bbox 2097 1617 2216 1650; x_wconf 58' lang='grc' dir='ltr'>πραοίμων</span> <span class='ocrx_word' id='word_1_924' title='bbox 2231 1624 2278 1641; x_wconf 89' lang='lat' dir='ltr'>no-</span> 
     </span>
     <span class='ocr_line' id='line_1_95' title="bbox 1205 1649 2280 1685; baseline 0.003 -10"><span class='ocrx_word' id='word_1_925' title='bbox 1205 1649 1329 1676; x_wconf 80' lang='lat' dir='ltr'>minalse:</span> <span class='ocrx_word' id='word_1_926' title='bbox 1366 1649 1429 1684; x_wconf 91' lang='lat' dir='ltr'>quia</span> <span class='ocrx_word' id='word_1_927' title='bbox 1442 1658 1458 1675; x_wconf 88' lang='lat' dir='ltr'>a</span> <span class='ocrx_word' id='word_1_928' title='bbox 1472 1649 1570 1676; x_wconf 83' lang='lat' dir='ltr'>nostris</span> <span class='ocrx_word' id='word_1_929' title='bbox 1585 1650 1696 1676; x_wconf 88' lang='lat' dir='ltr'>initium</span> <span class='ocrx_word' id='word_1_930' title='bbox 1708 1650 1791 1676; x_wconf 85' lang='lat' dir='ltr'>modo</span> <span class='ocrx_word' id='word_1_931' title='bbox 1807 1649 1981 1683; x_wconf 73' lang='lat' dir='ltr'>significatur,</span> <span class='ocrx_word' id='word_1_932' title='bbox 2002 1651 2044 1677; x_wconf 87' lang='lat' dir='ltr'>illi</span> <span class='ocrx_word' id='word_1_933' title='bbox 2062 1652 2122 1677; x_wconf 83' lang='lat' dir='ltr'>satis</span> <span class='ocrx_word' id='word_1_934' title='bbox 2136 1651 2206 1676; x_wconf 81' lang='lat' dir='ltr'>clare</span> <span class='ocrx_word' id='word_1_935' title='bbox 2222 1659 2280 1685; x_wconf 80' lang='lat' dir='ltr'>par-</span> 
     </span>
    </p>
   </div>
   <div class='ocr_carea' id='block_1_21' title="bbox 1004 1685 2279 1721">
    <p class='ocr_par' dir='ltr' id='par_1_28' title="bbox 1004 1685 2279 1721">
     <span class='ocr_line' id='line_1_96' title="bbox 1004 1685 2279 1721; baseline 0 -9"><span class='ocrx_word' id='word_1_936' title='bbox 1004 1687 1066 1720; x_wconf 87' lang='lat' dir='ltr'>Qia</span> <span class='ocrx_word' id='word_1_937' title='bbox 1080 1692 1187 1721; x_wconf 90' lang='lat' dir='ltr'>pro-40</span> <span class='ocrx_word' id='word_1_938' title='bbox 1206 1691 1261 1711; x_wconf 84' lang='lat' dir='ltr'>tem</span> <span class='ocrx_word' id='word_1_939' title='bbox 1281 1685 1349 1712; x_wconf 87' lang='lat' dir='ltr'>lianc</span> <span class='ocrx_word' id='word_1_940' title='bbox 1366 1686 1416 1712; x_wconf 77' lang='lat' dir='ltr'>else</span> <span class='ocrx_word' id='word_1_941' title='bbox 1435 1692 1497 1712; x_wconf 87' lang='lat' dir='ltr'>ante</span> <span class='ocrx_word' id='word_1_942' title='bbox 1517 1686 1659 1720; x_wconf 78' lang='lat' dir='ltr'>ingrcffum</span> <span class='ocrx_word' id='word_1_943' title='bbox 1679 1686 1736 1718; x_wconf 80' lang='lat' dir='ltr'>rei,</span> <span class='ocrx_word' id='word_1_944' title='bbox 1768 1688 1800 1711; x_wconf 88' lang='lat' dir='ltr'>de</span> <span class='ocrx_word' id='word_1_945' title='bbox 1824 1694 1875 1719; x_wconf 76' lang='lat' dir='ltr'>qua</span> <span class='ocrx_word' id='word_1_946' title='bbox 1893 1685 2037 1712; x_wconf 83' lang='lat' dir='ltr'>dicendum</span> <span class='ocrx_word' id='word_1_947' title='bbox 2060 1687 2101 1717; x_wconf 76' lang='lat' dir='ltr'>lit,</span> <span class='ocrx_word' id='word_1_948' title='bbox 2127 1686 2279 1712; x_wconf 74' lang='lat' dir='ltr'>ostendunt.</span> 
     </span>
    </p>
   </div>
   <div class='ocr_carea' id='block_1_22' title="bbox 1204 1719 2283 1862">
    <p class='ocr_par' dir='ltr' id='par_1_29' title="bbox 1204 1719 2283 1862">
     <span class='ocr_line' id='line_1_97' title="bbox 1207 1719 2280 1758; baseline 0 -10"><span class='ocrx_word' id='word_1_949' title='bbox 1207 1721 1278 1748; x_wconf 85' lang='lat' dir='ltr'>Nam</span> <span class='ocrx_word' id='word_1_950' title='bbox 1294 1721 1349 1748; x_wconf 83' lang='lat' dir='ltr'>siue</span> <span class='ocrx_word' id='word_1_951' title='bbox 1363 1728 1521 1756; x_wconf 82' lang='lat' dir='ltr'>propterea,</span> <span class='ocrx_word' id='word_1_952' title='bbox 1540 1721 1614 1755; x_wconf 84' lang='lat' dir='ltr'>quod</span> <span class='ocrx_word' id='word_1_953' title='bbox 1626 1719 1685 1753; x_wconf 70' lang='grc' dir='ltr'>ὂίμη</span> <span class='ocrx_word' id='word_1_954' title='bbox 1696 1726 1788 1746; x_wconf 88' lang='lat' dir='ltr'>cantus</span> <span class='ocrx_word' id='word_1_955' title='bbox 1802 1721 1848 1751; x_wconf 80' lang='lat' dir='ltr'>est,</span> <span class='ocrx_word' id='word_1_956' title='bbox 1868 1727 1894 1746; x_wconf 91' lang='lat' dir='ltr'>et</span> <span class='ocrx_word' id='word_1_957' title='bbox 1908 1721 2048 1747; x_wconf 75' lang='lat' dir='ltr'>citharoedi</span> <span class='ocrx_word' id='word_1_958' title='bbox 2056 1728 2140 1756; x_wconf 74' lang='lat' dir='ltr'>pauca</span> <span class='ocrx_word' id='word_1_959' title='bbox 2151 1722 2205 1753; x_wconf 71' lang='lat' dir='ltr'>illu,</span> <span class='ocrx_word' id='word_1_960' title='bbox 2220 1731 2280 1758; x_wconf 80' lang='lat' dir='ltr'>quae</span> 
     </span>
     <span class='ocr_line' id='line_1_98' title="bbox 1204 1756 2281 1791; baseline 0.001 -8"><span class='ocrx_word' id='word_1_961' title='bbox 1204 1765 1337 1791; x_wconf 80' lang='lat' dir='ltr'>antequam</span> <span class='ocrx_word' id='word_1_962' title='bbox 1354 1759 1494 1791; x_wconf 77' lang='lat' dir='ltr'>legitimum</span> <span class='ocrx_word' id='word_1_963' title='bbox 1512 1765 1612 1782; x_wconf 69' lang='lat' dir='ltr'>carmen</span> <span class='ocrx_word' id='word_1_964' title='bbox 1633 1756 1767 1786; x_wconf 69' lang='lat' dir='ltr'>inchoent,</span> <span class='ocrx_word' id='word_1_965' title='bbox 1799 1756 1923 1780; x_wconf 74' lang='lat' dir='ltr'>emerendi</span> <span class='ocrx_word' id='word_1_966' title='bbox 1939 1757 2045 1790; x_wconf 83' lang='lat' dir='ltr'>fauoris</span> <span class='ocrx_word' id='word_1_967' title='bbox 2067 1760 2154 1788; x_wconf 63' lang='lat' dir='ltr'>gratio</span> <span class='ocrx_word' id='word_1_968' title='bbox 2173 1764 2281 1787; x_wconf 77' lang='lat' dir='ltr'>canunt,</span> 
     </span>
     <span class='ocr_line' id='line_1_99' title="bbox 1204 1787 2283 1826; baseline 0.004 -10"><span class='ocrx_word' id='word_1_969' title='bbox 1204 1791 1378 1824; x_wconf 85' lang='lat' dir='ltr'>prooemium</span> <span class='ocrx_word' id='word_1_970' title='bbox 1397 1789 1640 1823; x_wconf 84' lang='lat' dir='ltr'>cognominauere:</span> <span class='ocrx_word' id='word_1_971' title='bbox 1677 1789 1711 1815; x_wconf 82' lang='lat' dir='ltr'>sic</span> <span class='ocrx_word' id='word_1_972' title='bbox 1731 1795 1853 1816; x_wconf 86' lang='lat' dir='ltr'>oratores</span> <span class='ocrx_word' id='word_1_973' title='bbox 1868 1798 1906 1821; x_wconf 89' lang='lat' dir='ltr'>ea,</span> <span class='ocrx_word' id='word_1_974' title='bbox 1919 1800 1987 1825; x_wconf 80' lang='lat' dir='ltr'>quae</span> <span class='ocrx_word' id='word_1_975' title='bbox 2000 1787 2157 1826; x_wconf 52' lang='lat' dir='ltr'>priusquam</span> <span class='ocrx_word' id='word_1_976' title='bbox 2178 1795 2283 1820; x_wconf 81' lang='lat' dir='ltr'>causam</span> 
     </span>
     <span class='ocr_line' id='line_1_100' title="bbox 1204 1825 2282 1862; baseline 0.005 -11"><span class='ocrx_word' id='word_1_977' title='bbox 1204 1825 1396 1856; x_wconf 86' lang='lat' dir='ltr'>exordiantur,</span> <span class='ocrx_word' id='word_1_978' title='bbox 1422 1825 1455 1851; x_wconf 86' lang='lat' dir='ltr'>ad</span> <span class='ocrx_word' id='word_1_979' title='bbox 1470 1825 1652 1852; x_wconf 85' lang='lat' dir='ltr'>conciliandos</span> <span class='ocrx_word' id='word_1_980' title='bbox 1666 1825 1788 1851; x_wconf 86' lang='lat' dir='ltr'>iudicum</span> <span class='ocrx_word' id='word_1_981' title='bbox 1809 1826 1915 1852; x_wconf 78' lang='lat' dir='ltr'>animos</span> <span class='ocrx_word' id='word_1_982' title='bbox 1928 1828 2159 1862; x_wconf 84' lang='lat' dir='ltr'>praeloquuntur,</span> <span class='ocrx_word' id='word_1_983' title='bbox 2186 1829 2282 1857; x_wconf 76' lang='lat' dir='ltr'>eadem</span> 
     </span>
    </p>
   </div>
   <div class='ocr_carea' id='block_1_23' title="bbox 601 1858 2281 1900">
    <p class='ocr_par' dir='ltr' id='par_1_30' title="bbox 601 1858 2281 1900">
     <span class='ocr_line' id='line_1_101' title="bbox 601 1858 2281 1900; baseline 0.004 -14"><span class='ocrx_word' id='word_1_984' title='bbox 601 1861 623 1899; x_wconf 57' lang='lat' dir='ltr'>fl</span> <span class='ocrx_word' id='word_1_985' title='bbox 645 1871 664 1895; x_wconf 87' lang='lat'>4</span> <span class='ocrx_word' id='word_1_986' title='bbox 700 1862 802 1887; x_wconf 89' lang='lat' dir='ltr'>Graeca</span> <span class='ocrx_word' id='word_1_987' title='bbox 813 1861 1037 1896; x_wconf 89' lang='lat' dir='ltr'>pronuntiatione</span> <span class='ocrx_word' id='word_1_988' title='bbox 1049 1861 1140 1889; x_wconf 84' lang='lat' dir='ltr'>strate·</span> <span class='ocrx_word' id='word_1_989' title='bbox 1151 1868 1186 1895; x_wconf 87' lang='lat'>45</span> <span class='ocrx_word' id='word_1_990' title='bbox 1205 1861 1385 1895; x_wconf 84' lang='lat' dir='ltr'>appellatione</span> <span class='ocrx_word' id='word_1_991' title='bbox 1406 1860 1555 1894; x_wconf 77' lang='lat' dir='ltr'>signarunt:</span> <span class='ocrx_word' id='word_1_992' title='bbox 1593 1860 1647 1887; x_wconf 85' lang='lat' dir='ltr'>flue</span> <span class='ocrx_word' id='word_1_993' title='bbox 1661 1861 1736 1896; x_wconf 88' lang='lat' dir='ltr'>quod</span> <span class='ocrx_word' id='word_1_994' title='bbox 1753 1858 1820 1894; x_wconf 69' lang='grc' dir='ltr'><strong><em>οἷμον</em></strong></span> <span class='ocrx_word' id='word_1_995' title='bbox 1837 1862 1923 1888; x_wconf 89' lang='lat' dir='ltr'>iidem</span> <span class='ocrx_word' id='word_1_996' title='bbox 1935 1863 2031 1890; x_wconf 87' lang='lat' dir='ltr'>Graeci</span> <span class='ocrx_word' id='word_1_997' title='bbox 2044 1865 2116 1891; x_wconf 85' lang='lat' dir='ltr'>viani</span> <span class='ocrx_word' id='word_1_998' title='bbox 2135 1866 2281 1900; x_wconf 84' lang='lat' dir='ltr'>appellant,</span> 
     </span>
    </p>
   </div>
   <div class='ocr_carea' id='block_1_24' title="bbox 1206 1897 2282 1932">
    <p class='ocr_par' dir='ltr' id='par_1_31' title="bbox 1206 1897 2282 1932">
     <span class='ocr_line' id='line_1_102' title="bbox 1206 1897 2282 1932; baseline 0.006 -9"><span class='ocrx_word' id='word_1_999' title='bbox 1206 1897 1236 1924; x_wconf 91' lang='lat' dir='ltr'>id</span> <span class='ocrx_word' id='word_1_1000' title='bbox 1256 1898 1331 1932; x_wconf 88' lang='lat' dir='ltr'>quod</span> <span class='ocrx_word' id='word_1_1001' title='bbox 1344 1902 1406 1923; x_wconf 90' lang='lat' dir='ltr'>ante</span> <span class='ocrx_word' id='word_1_1002' title='bbox 1419 1897 1563 1931; x_wconf 73' lang='lat' dir='ltr'>ingressum</span> <span class='ocrx_word' id='word_1_1003' title='bbox 1582 1897 1622 1924; x_wconf 87' lang='lat' dir='ltr'>rei</span> <span class='ocrx_word' id='word_1_1004' title='bbox 1643 1898 1771 1931; x_wconf 87' lang='lat' dir='ltr'>ponitur,</span> <span class='ocrx_word' id='word_1_1005' title='bbox 1796 1897 1829 1924; x_wconf 85' lang='lat' dir='ltr'>fic</span> <span class='ocrx_word' id='word_1_1006' title='bbox 1842 1907 1941 1924; x_wconf 86' lang='lat' dir='ltr'>vocare</span> <span class='ocrx_word' id='word_1_1007' title='bbox 1954 1899 1992 1926; x_wconf 86' lang='lat' dir='ltr'>est</span> <span class='ocrx_word' id='word_1_1008' title='bbox 2005 1900 2173 1927; x_wconf 80' lang='lat' dir='ltr'>institutum:</span> <span class='ocrx_word' id='word_1_1009' title='bbox 2209 1908 2282 1929; x_wconf 86' lang='lat' dir='ltr'>certe</span> 
     </span>
    </p>
   </div>
   <div class='ocr_carea' id='block_1_25' title="bbox 1206 1932 2282 2003">
    <p class='ocr_par' dir='ltr' id='par_1_32' title="bbox 1206 1932 2282 2003">
     <span class='ocr_line' id='line_1_103' title="bbox 1206 1932 2282 1994; baseline 0.006 -35"><span class='ocrx_word' id='word_1_1010' title='bbox 1206 1933 1382 1994; x_wconf 31' lang='lat' dir='ltr'>proi-*eunium</span> <span class='ocrx_word' id='word_1_1011' title='bbox 1402 1932 1456 1965; x_wconf 88' lang='lat' dir='ltr'>est,</span> <span class='ocrx_word' id='word_1_1012' title='bbox 1482 1933 1555 1967; x_wconf 82' lang='lat' dir='ltr'>quod</span> <span class='ocrx_word' id='word_1_1013' title='bbox 1575 1932 1645 1966; x_wconf 88' lang='lat' dir='ltr'>apud</span> <span class='ocrx_word' id='word_1_1014' title='bbox 1659 1933 1793 1965; x_wconf 87' lang='lat' dir='ltr'>iudicem,</span> <span class='ocrx_word' id='word_1_1015' title='bbox 1821 1934 1976 1968; x_wconf 90' lang='lat' dir='ltr'>priusquam</span> <span class='ocrx_word' id='word_1_1016' title='bbox 1994 1937 2099 1962; x_wconf 88' lang='lat' dir='ltr'>causam</span> <span class='ocrx_word' id='word_1_1017' title='bbox 2112 1939 2282 1972; x_wconf 79' lang='lat' dir='ltr'>cognouerit,</span> 
     </span>
     <span class='ocr_line' id='line_1_104' title="bbox 1206 1975 1298 2003; baseline 0 -8"><span class='ocrx_word' id='word_1_1018' title='bbox 1206 1977 1256 2003; x_wconf 90' lang='lat' dir='ltr'>pro</span> <span class='ocrx_word' id='word_1_1019' title='bbox 1268 1975 1298 1995; x_wconf 90' lang='lat' dir='ltr'>it.</span> 
     </span>
    </p>
   </div>
   <div class='ocr_carea' id='block_1_26' title="bbox 1206 2004 2284 2046">
    <p class='ocr_par' dir='ltr' id='par_1_33' title="bbox 1206 2004 2284 2046">
     <span class='ocr_line' id='line_1_105' title="bbox 1206 2004 2284 2046; baseline 0.006 -16"><span class='ocrx_word' id='word_1_1020' title='bbox 1206 2007 1303 2039; x_wconf 84' lang='lat' dir='ltr'>quitur.</span> <span class='ocrx_word' id='word_1_1021' title='bbox 1400 2004 1459 2031; x_wconf 89' lang='lat' dir='ltr'>Cic.</span> <span class='ocrx_word' id='word_1_1022' title='bbox 1474 2004 1506 2031; x_wconf 92' lang='lat' dir='ltr'>de</span> <span class='ocrx_word' id='word_1_1023' title='bbox 1520 2004 1596 2031; x_wconf 89' lang='lat' dir='ltr'>Orat.</span> <span class='ocrx_word' id='word_1_1024' title='bbox 1607 2013 1629 2037; x_wconf 87' lang='lat'>2,</span> <span class='ocrx_word' id='word_1_1025' title='bbox 1648 2012 1694 2037; x_wconf 81' lang='lat'>325</span> <span class='ocrx_word' id='word_1_1026' title='bbox 1714 2009 1777 2035; x_wconf 88' lang='lat' dir='ltr'>c.80</span> <span class='ocrx_word' id='word_1_1027' title='bbox 1811 2005 1882 2046; x_wconf 70' lang='lat' dir='ltr'>(quo</span> <span class='ocrx_word' id='word_1_1028' title='bbox 1894 2008 1946 2032; x_wconf 83' lang='lat' dir='ltr'>loco</span> <span class='ocrx_word' id='word_1_1029' title='bbox 1965 2017 1981 2034; x_wconf 83' lang='lat' dir='ltr'>a</span> <span class='ocrx_word' id='word_1_1030' title='bbox 1994 2017 2015 2034; x_wconf 92' lang='lat' dir='ltr'>c.</span> <span class='ocrx_word' id='word_1_1031' title='bbox 2025 2014 2057 2038; x_wconf 86' lang='lat'>80</span> <span class='ocrx_word' id='word_1_1032' title='bbox 2077 2008 2135 2035; x_wconf 71' lang='lat' dir='ltr'>inde</span> <span class='ocrx_word' id='word_1_1033' title='bbox 2142 2014 2284 2044; x_wconf 76' lang='lat' dir='ltr'>prooemio-</span> 
     </span>
    </p>
   </div>
   <div class='ocr_carea' id='block_1_27' title="bbox 112 2038 2281 2081">
    <p class='ocr_par' dir='ltr' id='par_1_34' title="bbox 112 2038 2281 2081">
     <span class='ocr_line' id='line_1_106' title="bbox 112 2038 2281 2081; baseline 0.003 -15"><span class='ocrx_word' id='word_1_1034' title='bbox 112 2047 128 2067; x_wconf 83' lang='lat'>1²</span> <span class='ocrx_word' id='word_1_1035' title='bbox 141 2047 158 2066; x_wconf 70' lang='lat' dir='ltr'>a</span> <span class='ocrx_word' id='word_1_1036' title='bbox 169 2047 250 2073; x_wconf 76' lang='lat' dir='ltr'>oNv</span> <span class='ocrx_word' id='word_1_1037' title='bbox 262 2047 286 2066; x_wconf 87' lang='lat' dir='ltr'>N</span> <span class='ocrx_word' id='word_1_1038' title='bbox 295 2047 335 2068; x_wconf 81' lang='lat' dir='ltr'>&#39;rl</span> <span class='ocrx_word' id='word_1_1039' title='bbox 346 2047 367 2067; x_wconf 82' lang='grc' dir='ltr'>Α</span> <span class='ocrx_word' id='word_1_1040' title='bbox 378 2047 394 2067; x_wconf 81' lang='grc' dir='ltr'><em>Β</em></span> <span class='ocrx_word' id='word_1_1041' title='bbox 403 2038 417 2066; x_wconf 82' lang='lat' dir='ltr'>i&#39;</span> <span class='ocrx_word' id='word_1_1042' title='bbox 425 2047 460 2067; x_wconf 80' lang='lat' dir='ltr'>LI</span> <span class='ocrx_word' id='word_1_1043' title='bbox 470 2047 500 2073; x_wconf 83' lang='lat' dir='ltr'>s,</span> <span class='ocrx_word' id='word_1_1044' title='bbox 517 2048 542 2066; x_wconf 87' lang='lat' dir='ltr'>e.</span> <span class='ocrx_word' id='word_1_1045' title='bbox 565 2039 627 2066; x_wconf 81' lang='lat' dir='ltr'>Adi.</span> <span class='ocrx_word' id='word_1_1046' title='bbox 666 2040 745 2073; x_wconf 82' lang='lat' dir='ltr'>Apul.</span> <span class='ocrx_word' id='word_1_1047' title='bbox 756 2039 854 2066; x_wconf 65' lang='lat' dir='ltr'>Dofitr.</span> <span class='ocrx_word' id='word_1_1048' title='bbox 868 2039 935 2066; x_wconf 90' lang='lat' dir='ltr'>Plat.</span> <span class='ocrx_word' id='word_1_1049' title='bbox 947 2048 961 2072; x_wconf 81' lang='lat'><em>3</em></span> <span class='ocrx_word' id='word_1_1050' title='bbox 975 2045 1021 2076; x_wconf 83' lang='lat' dir='ltr'>pr.</span> <span class='ocrx_word' id='word_1_1051' title='bbox 1044 2039 1143 2067; x_wconf 87' lang='lat' dir='ltr'>Oratio</span> <span class='ocrx_word' id='word_1_1052' title='bbox 1159 2049 1193 2076; x_wconf 77' lang='lat'>50</span> <span class='ocrx_word' id='word_1_1053' title='bbox 1207 2050 1262 2067; x_wconf 86' lang='lat' dir='ltr'>rum</span> <span class='ocrx_word' id='word_1_1054' title='bbox 1272 2046 1411 2081; x_wconf 68' lang='lat' dir='ltr'>praecepta</span> <span class='ocrx_word' id='word_1_1055' title='bbox 1424 2039 1530 2075; x_wconf 82' lang='lat' dir='ltr'>tradit)</span> <span class='ocrx_word' id='word_1_1056' title='bbox 1555 2041 1715 2066; x_wconf 81' lang='lat' dir='ltr'>Connexuni</span> <span class='ocrx_word' id='word_1_1057' title='bbox 1728 2046 1816 2067; x_wconf 87' lang='lat' dir='ltr'>autem</span> <span class='ocrx_word' id='word_1_1058' title='bbox 1831 2047 1868 2067; x_wconf 90' lang='lat' dir='ltr'>ita</span> <span class='ocrx_word' id='word_1_1059' title='bbox 1886 2042 1917 2069; x_wconf 84' lang='lat' dir='ltr'>fit</span> <span class='ocrx_word' id='word_1_1060' title='bbox 1928 2044 2093 2079; x_wconf 85' lang='lat' dir='ltr'>principium</span> <span class='ocrx_word' id='word_1_1061' title='bbox 2105 2046 2281 2081; x_wconf 82' lang='lat' dir='ltr'>consequenti</span> 
     </span>
    </p>
   </div>
   <div class='ocr_carea' id='block_1_28' title="bbox 72 2072 1143 2219">
    <p class='ocr_par' dir='ltr' id='par_1_35' title="bbox 72 2072 876 2112">
     <span class='ocr_line' id='line_1_107' title="bbox 72 2072 876 2112; baseline -0.004 -8"><span class='ocrx_word' id='word_1_1062' title='bbox 72 2076 295 2112; x_wconf 72' lang='lat' dir='ltr'>pronuntiabilis.</span> <span class='ocrx_word' id='word_1_1063' title='bbox 331 2076 413 2103; x_wconf 78' lang='lat' dir='ltr'>Glots.</span> <span class='ocrx_word' id='word_1_1064' title='bbox 428 2076 484 2102; x_wconf 90' lang='lat' dir='ltr'>Lat.</span> <span class='ocrx_word' id='word_1_1065' title='bbox 498 2075 546 2102; x_wconf 91' lang='lat' dir='ltr'>Gr.</span> <span class='ocrx_word' id='word_1_1066' title='bbox 559 2072 783 2108; x_wconf 83' lang='lat' dir='ltr'>Pronuntiabile,</span> <span class='ocrx_word' id='word_1_1067' title='bbox 793 2074 876 2110; x_wconf 71' lang='grc' dir='ltr'>ῥητόν.</span> 
     </span>
    </p>

    <p class='ocr_par' dir='ltr' id='par_1_36' title="bbox 73 2110 1143 2185">
     <span class='ocr_line' id='line_1_108' title="bbox 116 2110 1143 2147; baseline -0.001 -7"><span class='ocrx_word' id='word_1_1068' title='bbox 116 2118 132 2140; x_wconf 73' lang='lat' dir='ltr'>r</span> <span class='ocrx_word' id='word_1_1069' title='bbox 143 2118 216 2142; x_wconf 74' lang='lat' dir='ltr'>RON</span> <span class='ocrx_word' id='word_1_1070' title='bbox 228 2120 248 2140; x_wconf 93' lang='grc' dir='ltr'><strong><em>ν</em></strong></span> <span class='ocrx_word' id='word_1_1071' title='bbox 258 2114 280 2138; x_wconf 77' lang='lat' dir='ltr'>N</span> <span class='ocrx_word' id='word_1_1072' title='bbox 290 2117 312 2138; x_wconf 85' lang='lat' dir='ltr'>T</span> <span class='ocrx_word' id='word_1_1073' title='bbox 321 2120 330 2139; x_wconf 91' lang='lat'>1</span> <span class='ocrx_word' id='word_1_1074' title='bbox 339 2119 361 2138; x_wconf 80' lang='grc' dir='ltr'>Α</span> <span class='ocrx_word' id='word_1_1075' title='bbox 371 2119 393 2139; x_wconf 88' lang='grc' dir='ltr'>Τ</span> <span class='ocrx_word' id='word_1_1076' title='bbox 404 2113 509 2143; x_wconf 75' lang='grc' dir='ltr'>ι’ννε,</span> <span class='ocrx_word' id='word_1_1077' title='bbox 527 2120 557 2143; x_wconf 88' lang='lat' dir='ltr'>a,</span> <span class='ocrx_word' id='word_1_1078' title='bbox 578 2120 634 2138; x_wconf 87' lang='lat' dir='ltr'>uni.</span> <span class='ocrx_word' id='word_1_1079' title='bbox 656 2110 718 2138; x_wconf 85' lang='lat' dir='ltr'>Adi.</span> <span class='ocrx_word' id='word_1_1080' title='bbox 756 2111 835 2139; x_wconf 86' lang='lat' dir='ltr'>Idem.</span> <span class='ocrx_word' id='word_1_1081' title='bbox 871 2110 971 2140; x_wconf 90' lang='lat' dir='ltr'>Modus</span> <span class='ocrx_word' id='word_1_1082' title='bbox 983 2111 1143 2147; x_wconf 87' lang='lat' dir='ltr'>pronuntia-</span> 
     </span>
     <span class='ocr_line' id='line_1_109' title="bbox 73 2147 731 2185; baseline -0.002 -10"><span class='ocrx_word' id='word_1_1083' title='bbox 73 2147 163 2180; x_wconf 66' lang='lat' dir='ltr'>turus,</span> <span class='ocrx_word' id='word_1_1084' title='bbox 178 2158 233 2185; x_wconf 90' lang='lat' dir='ltr'>quo</span> <span class='ocrx_word' id='word_1_1085' title='bbox 245 2148 452 2184; x_wconf 78' lang='lat' dir='ltr'>pronuntiamus</span> <span class='ocrx_word' id='word_1_1086' title='bbox 466 2147 592 2174; x_wconf 89' lang='lat' dir='ltr'>Diomed.</span> <span class='ocrx_word' id='word_1_1087' title='bbox 608 2157 618 2174; x_wconf 93' lang='lat'>1</span> <span class='ocrx_word' id='word_1_1088' title='bbox 633 2156 658 2181; x_wconf 93' lang='lat' dir='ltr'>p.</span> <span class='ocrx_word' id='word_1_1089' title='bbox 672 2156 731 2180; x_wconf 82' lang='lat'>329.</span> 
     </span>
    </p>

    <p class='ocr_par' dir='ltr' id='par_1_37' title="bbox 115 2182 1143 2219">
     <span class='ocr_line' id='line_1_110' title="bbox 115 2182 1143 2219; baseline -0.002 -7"><span class='ocrx_word' id='word_1_1090' title='bbox 115 2191 132 2212; x_wconf 76' lang='grc' dir='ltr'><strong>Ρ</strong></span> <span class='ocrx_word' id='word_1_1091' title='bbox 142 2192 162 2212; x_wconf 82' lang='lat' dir='ltr'>R</span> <span class='ocrx_word' id='word_1_1092' title='bbox 172 2191 223 2212; x_wconf 81' lang='lat' dir='ltr'>oN</span> <span class='ocrx_word' id='word_1_1093' title='bbox 232 2187 276 2211; x_wconf 63' lang='lat' dir='ltr'>V?</span> <span class='ocrx_word' id='word_1_1094' title='bbox 286 2191 342 2212; x_wconf 81' lang='lat' dir='ltr'>ER.</span> <span class='ocrx_word' id='word_1_1095' title='bbox 370 2183 439 2211; x_wconf 88' lang='lat' dir='ltr'>Adu.</span> <span class='ocrx_word' id='word_1_1096' title='bbox 482 2183 584 2218; x_wconf 74' lang='grc' dir='ltr'>[νεωςί]</span> <span class='ocrx_word' id='word_1_1097' title='bbox 619 2182 697 2218; x_wconf 59' lang='lat' dir='ltr'>Quasi</span> <span class='ocrx_word' id='word_1_1098' title='bbox 722 2183 796 2210; x_wconf 84' lang='lat' dir='ltr'>dicas</span> <span class='ocrx_word' id='word_1_1099' title='bbox 827 2182 906 2210; x_wconf 83' lang='lat' dir='ltr'>Valde</span> <span class='ocrx_word' id='word_1_1100' title='bbox 933 2189 1021 2219; x_wconf 79' lang='lat' dir='ltr'>nuper.</span> <span class='ocrx_word' id='word_1_1101' title='bbox 1058 2183 1143 2210; x_wconf 90' lang='lat' dir='ltr'>Plaut.</span> 
     </span>
    </p>
   </div>
   <div class='ocr_carea' id='block_1_29' title="bbox 1208 2076 2283 2224">
    <p class='ocr_par' dir='ltr' id='par_1_38' title="bbox 1208 2076 2283 2224">
     <span class='ocr_line' id='line_1_111' title="bbox 1209 2076 2283 2117; baseline 0.007 -15"><span class='ocrx_word' id='word_1_1102' title='bbox 1209 2082 1347 2109; x_wconf 85' lang='lat' dir='ltr'>oratiom,</span> <span class='ocrx_word' id='word_1_1103' title='bbox 1373 2082 1403 2103; x_wconf 90' lang='lat' dir='ltr'>vt</span> <span class='ocrx_word' id='word_1_1104' title='bbox 1417 2084 1488 2109; x_wconf 88' lang='lat' dir='ltr'>non,</span> <span class='ocrx_word' id='word_1_1105' title='bbox 1504 2082 1641 2110; x_wconf 60' lang='lat' dir='ltr'>»tanquam</span> <span class='ocrx_word' id='word_1_1106' title='bbox 1659 2076 1808 2104; x_wconf 87' lang='lat' dir='ltr'>citharoedi</span> <span class='ocrx_word' id='word_1_1107' title='bbox 1821 2080 1995 2111; x_wconf 89' lang='lat' dir='ltr'>prooemium</span> <span class='ocrx_word' id='word_1_1108' title='bbox 2012 2078 2131 2108; x_wconf 66' lang='lat' dir='ltr'>affieiiim</span> <span class='ocrx_word' id='word_1_1109' title='bbox 2152 2081 2283 2117; x_wconf 84' lang='lat' dir='ltr'>aliquod,</span> 
     </span>
     <span class='ocr_line' id='line_1_112' title="bbox 1209 2111 2282 2148; baseline 0.007 -10"><span class='ocrx_word' id='word_1_1110' title='bbox 1209 2111 1253 2138; x_wconf 89' lang='lat' dir='ltr'>sed</span> <span class='ocrx_word' id='word_1_1111' title='bbox 1273 2111 1418 2139; x_wconf 87' lang='lat' dir='ltr'>cohaerens</span> <span class='ocrx_word' id='word_1_1112' title='bbox 1440 2121 1501 2139; x_wconf 85' lang='lat' dir='ltr'>cum</span> <span class='ocrx_word' id='word_1_1113' title='bbox 1521 2113 1597 2139; x_wconf 91' lang='lat' dir='ltr'>omni</span> <span class='ocrx_word' id='word_1_1114' title='bbox 1616 2121 1730 2148; x_wconf 86' lang='lat' dir='ltr'>corpore</span> <span class='ocrx_word' id='word_1_1115' title='bbox 1744 2113 1896 2141; x_wconf 89' lang='lat' dir='ltr'>membrum</span> <span class='ocrx_word' id='word_1_1116' title='bbox 1916 2112 1965 2142; x_wconf 72' lang='lat' dir='ltr'>etse</span> <span class='ocrx_word' id='word_1_1117' title='bbox 1979 2117 2112 2143; x_wconf 86' lang='lat' dir='ltr'>videatur.</span> <span class='ocrx_word' id='word_1_1118' title='bbox 2223 2119 2282 2146; x_wconf 88' lang='lat' dir='ltr'>Cic.</span> 
     </span>
     <span class='ocr_line' id='line_1_113' title="bbox 1208 2148 2282 2188; baseline 0.007 -14"><span class='ocrx_word' id='word_1_1119' title='bbox 1208 2148 1367 2183; x_wconf 85' lang='lat' dir='ltr'>Attie.16,6</span> <span class='ocrx_word' id='word_1_1120' title='bbox 1405 2149 1446 2175; x_wconf 86' lang='lat' dir='ltr'>De</span> <span class='ocrx_word' id='word_1_1121' title='bbox 1465 2148 1555 2183; x_wconf 87' lang='lat' dir='ltr'>gloria</span> <span class='ocrx_word' id='word_1_1122' title='bbox 1573 2149 1674 2175; x_wconf 91' lang='lat' dir='ltr'>librum</span> <span class='ocrx_word' id='word_1_1123' title='bbox 1693 2148 1726 2176; x_wconf 88' lang='lat' dir='ltr'>acl</span> <span class='ocrx_word' id='word_1_1124' title='bbox 1747 2155 1773 2175; x_wconf 88' lang='lat' dir='ltr'>te</span> <span class='ocrx_word' id='word_1_1125' title='bbox 1792 2149 1867 2176; x_wconf 87' lang='lat' dir='ltr'>mifi:</span> <span class='ocrx_word' id='word_1_1126' title='bbox 1912 2157 1938 2177; x_wconf 88' lang='lat' dir='ltr'>at</span> <span class='ocrx_word' id='word_1_1127' title='bbox 1957 2152 1987 2178; x_wconf 89' lang='lat' dir='ltr'>in</span> <span class='ocrx_word' id='word_1_1128' title='bbox 2007 2161 2041 2179; x_wconf 88' lang='lat' dir='ltr'>eo</span> <span class='ocrx_word' id='word_1_1129' title='bbox 2059 2153 2231 2188; x_wconf 89' lang='lat' dir='ltr'>prooemium</span> <span class='ocrx_word' id='word_1_1130' title='bbox 2251 2155 2282 2182; x_wconf 87' lang='lat' dir='ltr'>id</span> 
     </span>
     <span class='ocr_line' id='line_1_114' title="bbox 1208 2184 2280 2224; baseline 0.007 -14"><span class='ocrx_word' id='word_1_1131' title='bbox 1208 2184 1256 2217; x_wconf 88' lang='lat' dir='ltr'>est,</span> <span class='ocrx_word' id='word_1_1132' title='bbox 1281 2184 1353 2219; x_wconf 91' lang='lat' dir='ltr'>quod</span> <span class='ocrx_word' id='word_1_1133' title='bbox 1364 2184 1395 2211; x_wconf 88' lang='lat' dir='ltr'>in</span> <span class='ocrx_word' id='word_1_1134' title='bbox 1408 2185 1688 2219; x_wconf 58' lang='lat' dir='ltr'>Academicoqtertio:</span> <span class='ocrx_word' id='word_1_1135' title='bbox 1724 2185 1752 2212; x_wconf 88' lang='lat' dir='ltr'>id</span> <span class='ocrx_word' id='word_1_1136' title='bbox 1770 2186 1861 2212; x_wconf 88' lang='lat' dir='ltr'>euenit</span> <span class='ocrx_word' id='word_1_1137' title='bbox 1874 2185 1910 2213; x_wconf 92' lang='lat' dir='ltr'>ob</span> <span class='ocrx_word' id='word_1_1138' title='bbox 1925 2197 1983 2214; x_wconf 88' lang='lat' dir='ltr'>eain</span> <span class='ocrx_word' id='word_1_1139' title='bbox 1998 2198 2073 2220; x_wconf 90' lang='lat' dir='ltr'>rem,</span> <span class='ocrx_word' id='word_1_1140' title='bbox 2099 2190 2171 2224; x_wconf 90' lang='lat' dir='ltr'>quod</span> <span class='ocrx_word' id='word_1_1141' title='bbox 2190 2189 2280 2218; x_wconf 87' lang='lat' dir='ltr'>habeo</span> 
     </span>
    </p>
   </div>
   <div class='ocr_carea' id='block_1_30' title="bbox 74 2217 2282 2262">
    <p class='ocr_par' dir='ltr' id='par_1_39' title="bbox 74 2217 2282 2262">
     <span class='ocr_line' id='line_1_115' title="bbox 74 2217 2282 2262; baseline 0.002 -17"><span class='ocrx_word' id='word_1_1142' title='bbox 74 2219 162 2248; x_wconf 85' lang='lat' dir='ltr'>Trin.</span> <span class='ocrx_word' id='word_1_1143' title='bbox 175 2230 202 2254; x_wconf 88' lang='lat'>2,</span> <span class='ocrx_word' id='word_1_1144' title='bbox 215 2230 245 2255; x_wconf 91' lang='lat'>4,</span> <span class='ocrx_word' id='word_1_1145' title='bbox 258 2223 293 2248; x_wconf 89' lang='lat'>26</span> <span class='ocrx_word' id='word_1_1146' title='bbox 323 2222 384 2255; x_wconf 87' lang='lat' dir='ltr'>Qia</span> <span class='ocrx_word' id='word_1_1147' title='bbox 402 2219 541 2255; x_wconf 74' lang='lat' dir='ltr'>sponsione</span> <span class='ocrx_word' id='word_1_1148' title='bbox 554 2227 693 2255; x_wconf 86' lang='lat' dir='ltr'>pronuper</span> <span class='ocrx_word' id='word_1_1149' title='bbox 710 2225 740 2247; x_wconf 90' lang='lat' dir='ltr'>tu</span> <span class='ocrx_word' id='word_1_1150' title='bbox 753 2217 862 2246; x_wconf 73' lang='lat' dir='ltr'>exaCtus</span> <span class='ocrx_word' id='word_1_1151' title='bbox 874 2228 902 2246; x_wconf 86' lang='lat' dir='ltr'>es</span> <span class='ocrx_word' id='word_1_1152' title='bbox 920 2228 972 2254; x_wconf 89' lang='lat' dir='ltr'>pro</span> <span class='ocrx_word' id='word_1_1153' title='bbox 991 2219 1041 2246; x_wconf 93' lang='lat' dir='ltr'>illo</span> <span class='ocrx_word' id='word_1_1154' title='bbox 1053 2219 1145 2247; x_wconf 89' lang='lat' dir='ltr'>adole·</span> <span class='ocrx_word' id='word_1_1155' title='bbox 1159 2222 1189 2250; x_wconf 78' lang='lat'>55</span> <span class='ocrx_word' id='word_1_1156' title='bbox 1207 2220 1338 2247; x_wconf 88' lang='lat' dir='ltr'>volumen</span> <span class='ocrx_word' id='word_1_1157' title='bbox 1350 2221 1571 2256; x_wconf 87' lang='lat' dir='ltr'>prooemiorum:</span> <span class='ocrx_word' id='word_1_1158' title='bbox 1608 2230 1641 2248; x_wconf 81' lang='lat' dir='ltr'>ex</span> <span class='ocrx_word' id='word_1_1159' title='bbox 1657 2230 1690 2248; x_wconf 89' lang='lat' dir='ltr'>eo</span> <span class='ocrx_word' id='word_1_1160' title='bbox 1704 2221 1804 2256; x_wconf 83' lang='lat' dir='ltr'>eligere</span> <span class='ocrx_word' id='word_1_1161' title='bbox 1816 2222 1904 2254; x_wconf 85' lang='lat' dir='ltr'>soleo,</span> <span class='ocrx_word' id='word_1_1162' title='bbox 1924 2234 2007 2259; x_wconf 88' lang='lat' dir='ltr'>quum</span> <span class='ocrx_word' id='word_1_1163' title='bbox 2022 2225 2134 2260; x_wconf 88' lang='lat' dir='ltr'>aliquod</span> <span class='ocrx_word' id='word_1_1164' title='bbox 2149 2225 2282 2262; x_wconf 61' lang='grc' dir='ltr'>σύγγρημ.</span> 
     </span>
    </p>
   </div>
   <div class='ocr_carea' id='block_1_31' title="bbox 71 2254 1144 3121">
    <p class='ocr_par' dir='ltr' id='par_1_40' title="bbox 75 2254 547 2285">
     <span class='ocr_line' id='line_1_116' title="bbox 75 2254 547 2285; baseline 0 -3"><span class='ocrx_word' id='word_1_1165' title='bbox 75 2254 175 2285; x_wconf 80' lang='lat' dir='ltr'>scente.</span> <span class='ocrx_word' id='word_1_1166' title='bbox 200 2259 245 2284; x_wconf 88' lang='lat' dir='ltr'>AI.</span> <span class='ocrx_word' id='word_1_1167' title='bbox 259 2259 349 2284; x_wconf 79' lang='lat' dir='ltr'>aliter:</span> <span class='ocrx_word' id='word_1_1168' title='bbox 368 2257 422 2283; x_wconf 84' lang='lat' dir='ltr'>uid.</span> <span class='ocrx_word' id='word_1_1169' title='bbox 441 2256 547 2283; x_wconf 84' lang='lat' dir='ltr'>Taubm.</span> 
     </span>
    </p>

    <p class='ocr_par' dir='ltr' id='par_1_41' title="bbox 72 2290 1144 2400">
     <span class='ocr_line' id='line_1_117' title="bbox 110 2290 1144 2328; baseline -0.001 -9"><span class='ocrx_word' id='word_1_1170' title='bbox 110 2299 127 2319; x_wconf 78' lang='grc' dir='ltr'>Ρ</span> <span class='ocrx_word' id='word_1_1171' title='bbox 138 2300 156 2320; x_wconf 79' lang='lat' dir='ltr'>R</span> <span class='ocrx_word' id='word_1_1172' title='bbox 167 2295 219 2321; x_wconf 86' lang='lat' dir='ltr'>6N</span> <span class='ocrx_word' id='word_1_1173' title='bbox 229 2290 250 2320; x_wconf 62' lang='grc' dir='ltr'><strong><em>ὕ</em></strong></span> <span class='ocrx_word' id='word_1_1174' title='bbox 258 2299 277 2320; x_wconf 83' lang='lat' dir='ltr'>R</span> <span class='ocrx_word' id='word_1_1175' title='bbox 286 2300 307 2320; x_wconf 93' lang='lat' dir='ltr'>v</span> <span class='ocrx_word' id='word_1_1176' title='bbox 317 2300 330 2321; x_wconf 92' lang='lat' dir='ltr'>s</span> <span class='ocrx_word' id='word_1_1177' title='bbox 339 2313 347 2325; x_wconf 90' lang='lat'>,</span> <span class='ocrx_word' id='word_1_1178' title='bbox 368 2291 406 2319; x_wconf 76' lang='lat' dir='ltr'>fis.</span> <span class='ocrx_word' id='word_1_1179' title='bbox 432 2292 452 2319; x_wconf 80' lang='lat' dir='ltr'>f.</span> <span class='ocrx_word' id='word_1_1180' title='bbox 496 2291 629 2328; x_wconf 66' lang='grc' dir='ltr'>[κρόνους]</span> <span class='ocrx_word' id='word_1_1181' title='bbox 668 2293 778 2328; x_wconf 57' lang='lat' dir='ltr'>Nepotis·</span> <span class='ocrx_word' id='word_1_1182' title='bbox 799 2300 874 2318; x_wconf 83' lang='lat' dir='ltr'>vxor.</span> <span class='ocrx_word' id='word_1_1183' title='bbox 912 2290 996 2318; x_wconf 87' lang='lat' dir='ltr'>Ouid.</span> <span class='ocrx_word' id='word_1_1184' title='bbox 1009 2290 1091 2326; x_wconf 89' lang='lat' dir='ltr'>Epist.</span> <span class='ocrx_word' id='word_1_1185' title='bbox 1105 2299 1144 2327; x_wconf 87' lang='lat'>17,</span> 
     </span>
     <span class='ocr_line' id='line_1_118' title="bbox 73 2327 1144 2364; baseline -0.001 -9"><span class='ocrx_word' id='word_1_1186' title='bbox 73 2330 129 2355; x_wconf 82' lang='lat'>206</span> <span class='ocrx_word' id='word_1_1187' title='bbox 149 2330 286 2357; x_wconf 79' lang='lat' dir='ltr'>Pronurus</span> <span class='ocrx_word' id='word_1_1188' title='bbox 298 2335 325 2356; x_wconf 91' lang='lat' dir='ltr'>et</span> <span class='ocrx_word' id='word_1_1189' title='bbox 336 2328 428 2364; x_wconf 87' lang='lat' dir='ltr'>magni</span> <span class='ocrx_word' id='word_1_1190' title='bbox 440 2328 634 2356; x_wconf 81' lang='lat' dir='ltr'>Laomedontis</span> <span class='ocrx_word' id='word_1_1191' title='bbox 648 2337 706 2356; x_wconf 89' lang='lat' dir='ltr'>ero.</span> <span class='ocrx_word' id='word_1_1192' title='bbox 742 2327 910 2355; x_wconf 84' lang='lat' dir='ltr'>Modestinus</span> <span class='ocrx_word' id='word_1_1193' title='bbox 923 2328 953 2354; x_wconf 84' lang='lat' dir='ltr'>in</span> <span class='ocrx_word' id='word_1_1194' title='bbox 968 2327 986 2354; x_wconf 92' lang='lat' dir='ltr'>l.</span> <span class='ocrx_word' id='word_1_1195' title='bbox 1004 2328 1098 2354; x_wconf 90' lang='lat' dir='ltr'>Nurus</span> <span class='ocrx_word' id='word_1_1196' title='bbox 1108 2328 1144 2355; x_wconf 93' lang='lat' dir='ltr'>D.</span> 
     </span>
     <span class='ocr_line' id='line_1_119' title="bbox 72 2363 386 2400; baseline 0.003 -9"><span class='ocrx_word' id='word_1_1197' title='bbox 72 2363 109 2392; x_wconf 89' lang='lat' dir='ltr'>de</span> <span class='ocrx_word' id='word_1_1198' title='bbox 127 2366 232 2400; x_wconf 82' lang='lat' dir='ltr'>gradib.</span> <span class='ocrx_word' id='word_1_1199' title='bbox 246 2371 273 2392; x_wconf 89' lang='lat' dir='ltr'>et</span> <span class='ocrx_word' id='word_1_1200' title='bbox 283 2364 386 2393; x_wconf 83' lang='lat' dir='ltr'>affinib.</span> 
     </span>
    </p>

    <p class='ocr_par' dir='ltr' id='par_1_42' title="bbox 71 2399 1144 3121">
     <span class='ocr_line' id='line_1_120' title="bbox 110 2399 503 2437; baseline 0 -9"><span class='ocrx_word' id='word_1_1201' title='bbox 110 2408 127 2428; x_wconf 81' lang='lat' dir='ltr'><strong>P</strong></span> <span class='ocrx_word' id='word_1_1202' title='bbox 138 2409 158 2429; x_wconf 80' lang='lat' dir='ltr'>R</span> <span class='ocrx_word' id='word_1_1203' title='bbox 169 2408 189 2429; x_wconf 92' lang='lat' dir='ltr'>o</span> <span class='ocrx_word' id='word_1_1204' title='bbox 202 2409 295 2437; x_wconf 76' lang='grc' dir='ltr'>Ννε,</span> <span class='ocrx_word' id='word_1_1205' title='bbox 314 2411 345 2434; x_wconf 83' lang='lat' dir='ltr'>a,</span> <span class='ocrx_word' id='word_1_1206' title='bbox 363 2411 419 2428; x_wconf 87' lang='lat' dir='ltr'>uin.</span> <span class='ocrx_word' id='word_1_1207' title='bbox 439 2399 503 2428; x_wconf 86' lang='lat' dir='ltr'>Adi.</span> 
     </span>
     <span class='ocr_line' id='line_1_121' title="bbox 71 2435 1141 2475; baseline -0.003 -11"><span class='ocrx_word' id='word_1_1208' title='bbox 71 2440 192 2468; x_wconf 65' lang='lat' dir='ltr'>tei-iorem</span> <span class='ocrx_word' id='word_1_1209' title='bbox 207 2444 309 2474; x_wconf 81' lang='lat' dir='ltr'>partem</span> <span class='ocrx_word' id='word_1_1210' title='bbox 319 2437 415 2475; x_wconf 80' lang='lat' dir='ltr'>flexus.</span> <span class='ocrx_word' id='word_1_1211' title='bbox 451 2435 535 2465; x_wconf 87' lang='lat' dir='ltr'>Ouid.</span> <span class='ocrx_word' id='word_1_1212' title='bbox 551 2437 618 2464; x_wconf 89' lang='lat' dir='ltr'>Met.</span> <span class='ocrx_word' id='word_1_1213' title='bbox 641 2446 662 2470; x_wconf 88' lang='grc' dir='ltr'>ι,</span> <span class='ocrx_word' id='word_1_1214' title='bbox 680 2442 716 2470; x_wconf 88' lang='lat'>84</span> <span class='ocrx_word' id='word_1_1215' title='bbox 742 2437 883 2471; x_wconf 88' lang='lat' dir='ltr'>Pronaque</span> <span class='ocrx_word' id='word_1_1216' title='bbox 911 2445 996 2471; x_wconf 91' lang='lat' dir='ltr'>quum</span> <span class='ocrx_word' id='word_1_1217' title='bbox 1024 2435 1141 2470; x_wconf 69' lang='lat' dir='ltr'>speeiem</span> 
     </span>
     <span class='ocr_line' id='line_1_122' title="bbox 75 2472 1142 2505; baseline -0.001 -5"><span class='ocrx_word' id='word_1_1218' title='bbox 75 2473 204 2501; x_wconf 87' lang='lat' dir='ltr'>animalia</span> <span class='ocrx_word' id='word_1_1219' title='bbox 223 2480 326 2502; x_wconf 90' lang='lat' dir='ltr'>caetera</span> <span class='ocrx_word' id='word_1_1220' title='bbox 345 2480 460 2505; x_wconf 85' lang='lat' dir='ltr'>terram,</span> <span class='ocrx_word' id='word_1_1221' title='bbox 495 2473 534 2500; x_wconf 82' lang='lat' dir='ltr'>Os</span> <span class='ocrx_word' id='word_1_1222' title='bbox 554 2472 663 2500; x_wconf 87' lang='lat' dir='ltr'>homini</span> <span class='ocrx_word' id='word_1_1223' title='bbox 682 2472 796 2499; x_wconf 87' lang='lat' dir='ltr'>sublime</span> <span class='ocrx_word' id='word_1_1224' title='bbox 816 2472 906 2503; x_wconf 89' lang='lat' dir='ltr'>dedit,</span> <span class='ocrx_word' id='word_1_1225' title='bbox 924 2479 970 2498; x_wconf 82' lang='lat' dir='ltr'>etc.</span> <span class='ocrx_word' id='word_1_1226' title='bbox 1043 2473 1142 2499; x_wconf 88' lang='lat' dir='ltr'>Pecora</span> 
     </span>
     <span class='ocr_line' id='line_1_123' title="bbox 73 2508 1143 2546; baseline -0.002 -10"><span class='ocrx_word' id='word_1_1227' title='bbox 73 2516 169 2538; x_wconf 85' lang='lat' dir='ltr'>natura</span> <span class='ocrx_word' id='word_1_1228' title='bbox 183 2519 268 2546; x_wconf 88' lang='lat' dir='ltr'>prona</span> <span class='ocrx_word' id='word_1_1229' title='bbox 285 2510 365 2537; x_wconf 80' lang='lat' dir='ltr'>finxit</span> <span class='ocrx_word' id='word_1_1230' title='bbox 379 2509 481 2537; x_wconf 88' lang='lat' dir='ltr'>Sallust.</span> <span class='ocrx_word' id='word_1_1231' title='bbox 495 2509 577 2536; x_wconf 87' lang='lat' dir='ltr'>Catil.</span> <span class='ocrx_word' id='word_1_1232' title='bbox 585 2516 630 2545; x_wconf 83' lang='lat' dir='ltr'>pr.</span> <span class='ocrx_word' id='word_1_1233' title='bbox 703 2508 772 2536; x_wconf 89' lang='lat' dir='ltr'>Plin.</span> <span class='ocrx_word' id='word_1_1234' title='bbox 786 2515 816 2543; x_wconf 84' lang='lat'>7,</span> <span class='ocrx_word' id='word_1_1235' title='bbox 829 2515 858 2543; x_wconf 84' lang='lat'>17</span> <span class='ocrx_word' id='word_1_1236' title='bbox 884 2508 1018 2534; x_wconf 89' lang='lat' dir='ltr'>Virorum</span> <span class='ocrx_word' id='word_1_1237' title='bbox 1032 2508 1143 2535; x_wconf 85' lang='lat' dir='ltr'>cadaue-</span> 
     </span>
     <span class='ocr_line' id='line_1_124' title="bbox 71 2543 1144 2582; baseline -0.002 -9"><span class='ocrx_word' id='word_1_1238' title='bbox 71 2554 106 2578; x_wconf 70' lang='lat' dir='ltr'>ta</span> <span class='ocrx_word' id='word_1_1239' title='bbox 120 2546 215 2582; x_wconf 86' lang='lat' dir='ltr'>supina</span> <span class='ocrx_word' id='word_1_1240' title='bbox 232 2547 356 2580; x_wconf 87' lang='lat' dir='ltr'>fluitare,</span> <span class='ocrx_word' id='word_1_1241' title='bbox 369 2546 533 2573; x_wconf 87' lang='lat' dir='ltr'>feminarum</span> <span class='ocrx_word' id='word_1_1242' title='bbox 550 2554 650 2581; x_wconf 88' lang='lat' dir='ltr'>prona:</span> <span class='ocrx_word' id='word_1_1243' title='bbox 674 2544 749 2572; x_wconf 90' lang='lat' dir='ltr'>velut</span> <span class='ocrx_word' id='word_1_1244' title='bbox 765 2544 864 2579; x_wconf 89' lang='lat' dir='ltr'>pudori</span> <span class='ocrx_word' id='word_1_1245' title='bbox 883 2543 1071 2570; x_wconf 63' lang='lat' dir='ltr'>defunctarum</span> <span class='ocrx_word' id='word_1_1246' title='bbox 1085 2552 1144 2579; x_wconf 91' lang='lat' dir='ltr'>par-</span> 
     </span>
     <span class='ocr_line' id='line_1_125' title="bbox 74 2589 274 2610; baseline 0 -1"><span class='ocrx_word' id='word_1_1247' title='bbox 74 2589 151 2610; x_wconf 79' lang='lat' dir='ltr'>cente</span> <span class='ocrx_word' id='word_1_1248' title='bbox 170 2589 274 2610; x_wconf 88' lang='lat' dir='ltr'>natura.</span> 
     </span>
     <span class='ocr_line' id='line_1_126' title="bbox 71 2614 1143 2653; baseline -0.001 -9"><span class='ocrx_word' id='word_1_1249' title='bbox 71 2619 145 2650; x_wconf 71' lang='lat' dir='ltr'>Plin.</span> <span class='ocrx_word' id='word_1_1250' title='bbox 159 2618 239 2653; x_wconf 83' lang='lat' dir='ltr'>Epist.</span> <span class='ocrx_word' id='word_1_1251' title='bbox 252 2627 277 2652; x_wconf 85' lang='lat'>5,</span> <span class='ocrx_word' id='word_1_1252' title='bbox 290 2619 306 2644; x_wconf 89' lang='grc'>6</span> <span class='ocrx_word' id='word_1_1253' title='bbox 327 2617 458 2644; x_wconf 80' lang='lat' dir='ltr'>Demissus</span> <span class='ocrx_word' id='word_1_1254' title='bbox 472 2617 536 2644; x_wconf 86' lang='lat' dir='ltr'>inde</span> <span class='ocrx_word' id='word_1_1255' title='bbox 547 2626 702 2653; x_wconf 87' lang='lat' dir='ltr'>pronusque</span> <span class='ocrx_word' id='word_1_1256' title='bbox 717 2616 860 2652; x_wconf 84' lang='lat' dir='ltr'>puluinus‚</span> <span class='ocrx_word' id='word_1_1257' title='bbox 872 2617 916 2642; x_wconf 91' lang='lat' dir='ltr'>cui</span> <span class='ocrx_word' id='word_1_1258' title='bbox 930 2615 1073 2643; x_wconf 87' lang='lat' dir='ltr'>bestiarum</span> <span class='ocrx_word' id='word_1_1259' title='bbox 1087 2614 1143 2643; x_wconf 89' lang='lat' dir='ltr'>effi-</span> 
     </span>
     <span class='ocr_line' id='line_1_127' title="bbox 73 2652 1141 2687; baseline 0 -8"><span class='ocrx_word' id='word_1_1260' title='bbox 73 2654 136 2687; x_wconf 76' lang='lat' dir='ltr'>gies</span> <span class='ocrx_word' id='word_1_1261' title='bbox 150 2654 267 2680; x_wconf 86' lang='lat' dir='ltr'>inuicem</span> <span class='ocrx_word' id='word_1_1262' title='bbox 283 2653 395 2681; x_wconf 88' lang='lat' dir='ltr'>aduersa</span> <span class='ocrx_word' id='word_1_1263' title='bbox 413 2653 500 2680; x_wconf 85' lang='lat' dir='ltr'>buxus</span> <span class='ocrx_word' id='word_1_1264' title='bbox 518 2653 660 2687; x_wconf 83' lang='lat' dir='ltr'>inscripfit.</span> <span class='ocrx_word' id='word_1_1265' title='bbox 734 2653 817 2680; x_wconf 86' lang='lat' dir='ltr'>Proni</span> <span class='ocrx_word' id='word_1_1266' title='bbox 836 2652 979 2680; x_wconf 88' lang='lat' dir='ltr'>decurrere</span> <span class='ocrx_word' id='word_1_1267' title='bbox 991 2657 1083 2680; x_wconf 88' lang='lat' dir='ltr'>monte</span> <span class='ocrx_word' id='word_1_1268' title='bbox 1097 2661 1141 2687; x_wconf 91' lang='lat' dir='ltr'>pa-</span> 
     </span>
     <span class='ocr_line' id='line_1_128' title="bbox 78 2688 1140 2724; baseline 0 -8"><span class='ocrx_word' id='word_1_1269' title='bbox 78 2689 174 2717; x_wconf 78' lang='lat' dir='ltr'>rabant</span> <span class='ocrx_word' id='word_1_1270' title='bbox 185 2689 234 2715; x_wconf 84' lang='lat' dir='ltr'>Sil.</span> <span class='ocrx_word' id='word_1_1271' title='bbox 247 2696 274 2724; x_wconf 82' lang='lat'>7,</span> <span class='ocrx_word' id='word_1_1272' title='bbox 288 2691 340 2716; x_wconf 76' lang='lat'>216.</span> <span class='ocrx_word' id='word_1_1273' title='bbox 357 2704 361 2707; x_wconf 65' lang='grc'><em>«</em></span> <span class='ocrx_word' id='word_1_1274' title='bbox 411 2689 515 2716; x_wconf 82' lang='lat' dir='ltr'>Pronus</span> <span class='ocrx_word' id='word_1_1275' title='bbox 534 2688 568 2716; x_wconf 85' lang='lat' dir='ltr'>ad</span> <span class='ocrx_word' id='word_1_1276' title='bbox 580 2689 728 2716; x_wconf 86' lang='lat' dir='ltr'>Meridiem</span> <span class='ocrx_word' id='word_1_1277' title='bbox 745 2689 819 2715; x_wconf 88' lang='lat' dir='ltr'>locus</span> <span class='ocrx_word' id='word_1_1278' title='bbox 834 2689 912 2716; x_wconf 89' lang='lat' dir='ltr'>Varr.</span> <span class='ocrx_word' id='word_1_1279' title='bbox 927 2688 960 2715; x_wconf 87' lang='lat' dir='ltr'>de</span> <span class='ocrx_word' id='word_1_1280' title='bbox 974 2689 1004 2715; x_wconf 91' lang='lat' dir='ltr'>R.</span> <span class='ocrx_word' id='word_1_1281' title='bbox 1021 2689 1053 2715; x_wconf 89' lang='lat' dir='ltr'>R.</span> <span class='ocrx_word' id='word_1_1282' title='bbox 1066 2697 1088 2721; x_wconf 81' lang='lat'>3,</span> <span class='ocrx_word' id='word_1_1283' title='bbox 1102 2690 1140 2716; x_wconf 88' lang='lat'>16.</span> 
     </span>
     <span class='ocr_line' id='line_1_129' title="bbox 78 2723 1139 2758; baseline 0 -6"><span class='ocrx_word' id='word_1_1284' title='bbox 78 2725 181 2752; x_wconf 80' lang='lat' dir='ltr'>Pronus</span> <span class='ocrx_word' id='word_1_1285' title='bbox 193 2724 261 2757; x_wconf 91' lang='lat' dir='ltr'>soli,</span> <span class='ocrx_word' id='word_1_1286' title='bbox 274 2730 299 2750; x_wconf 81' lang='lat' dir='ltr'>et</span> <span class='ocrx_word' id='word_1_1287' title='bbox 309 2723 342 2751; x_wconf 91' lang='lat' dir='ltr'>ad</span> <span class='ocrx_word' id='word_1_1288' title='bbox 355 2724 440 2751; x_wconf 86' lang='lat' dir='ltr'>solem</span> <span class='ocrx_word' id='word_1_1289' title='bbox 457 2724 593 2752; x_wconf 91' lang='lat' dir='ltr'>Columel.</span> <span class='ocrx_word' id='word_1_1290' title='bbox 608 2734 634 2758; x_wconf 85' lang='lat'>2,</span> <span class='ocrx_word' id='word_1_1291' title='bbox 647 2733 674 2758; x_wconf 87' lang='lat'>9.</span> <span class='ocrx_word' id='word_1_1292' title='bbox 748 2726 851 2751; x_wconf 83' lang='lat' dir='ltr'>Pronus</span> <span class='ocrx_word' id='word_1_1293' title='bbox 871 2725 901 2752; x_wconf 89' lang='lat' dir='ltr'>in</span> <span class='ocrx_word' id='word_1_1294' title='bbox 919 2730 1042 2752; x_wconf 88' lang='lat' dir='ltr'>ventrem</span> <span class='ocrx_word' id='word_1_1295' title='bbox 1058 2726 1139 2752; x_wconf 83' lang='lat' dir='ltr'>Varr.</span> 
     </span>
     <span class='ocr_line' id='line_1_130' title="bbox 80 2759 874 2796; baseline -0.003 -8"><span class='ocrx_word' id='word_1_1296' title='bbox 80 2760 115 2788; x_wconf 85' lang='lat' dir='ltr'>de</span> <span class='ocrx_word' id='word_1_1297' title='bbox 127 2762 159 2788; x_wconf 82' lang='lat' dir='ltr'>R.</span> <span class='ocrx_word' id='word_1_1298' title='bbox 173 2761 205 2787; x_wconf 80' lang='lat' dir='ltr'>R.</span> <span class='ocrx_word' id='word_1_1299' title='bbox 219 2769 245 2792; x_wconf 89' lang='lat'>2,</span> <span class='ocrx_word' id='word_1_1300' title='bbox 259 2767 285 2795; x_wconf 86' lang='lat'>7.</span> <span class='ocrx_word' id='word_1_1301' title='bbox 354 2760 456 2786; x_wconf 87' lang='lat' dir='ltr'>Pronus</span> <span class='ocrx_word' id='word_1_1302' title='bbox 469 2759 542 2787; x_wconf 85' lang='lat' dir='ltr'>bibis</span> <span class='ocrx_word' id='word_1_1303' title='bbox 555 2769 651 2796; x_wconf 85' lang='lat' dir='ltr'>aquam</span> <span class='ocrx_word' id='word_1_1304' title='bbox 663 2759 782 2788; x_wconf 89' lang='lat' dir='ltr'>Martial.</span> <span class='ocrx_word' id='word_1_1305' title='bbox 798 2769 818 2793; x_wconf 86' lang='lat' dir='ltr'>i,</span> <span class='ocrx_word' id='word_1_1306' title='bbox 833 2768 874 2793; x_wconf 82' lang='lat'>93.</span> 
     </span>
     <span class='ocr_line' id='line_1_131' title="bbox 78 2795 1141 2832; baseline 0.001 -9"><span class='ocrx_word' id='word_1_1307' title='bbox 78 2795 144 2823; x_wconf 78' lang='lat' dir='ltr'>dent</span> <span class='ocrx_word' id='word_1_1308' title='bbox 158 2797 237 2832; x_wconf 90' lang='lat' dir='ltr'>proni</span> <span class='ocrx_word' id='word_1_1309' title='bbox 255 2796 284 2822; x_wconf 89' lang='lat' dir='ltr'>in</span> <span class='ocrx_word' id='word_1_1310' title='bbox 297 2795 412 2823; x_wconf 87' lang='lat' dir='ltr'>verbera</span> <span class='ocrx_word' id='word_1_1311' title='bbox 428 2796 504 2830; x_wconf 88' lang='lat' dir='ltr'>Virg.</span> <span class='ocrx_word' id='word_1_1312' title='bbox 519 2796 586 2823; x_wconf 86' lang='lat' dir='ltr'>Aen.</span> <span class='ocrx_word' id='word_1_1313' title='bbox 598 2804 623 2830; x_wconf 89' lang='lat'>5,</span> <span class='ocrx_word' id='word_1_1314' title='bbox 634 2804 692 2831; x_wconf 83' lang='lat'>147.</span> <span class='ocrx_word' id='word_1_1315' title='bbox 764 2796 876 2823; x_wconf 88' lang='lat' dir='ltr'>Mittere</span> <span class='ocrx_word' id='word_1_1316' title='bbox 890 2796 1009 2830; x_wconf 83' lang='lat' dir='ltr'>aliquem</span> <span class='ocrx_word' id='word_1_1317' title='bbox 1024 2806 1141 2831; x_wconf 85' lang='lat' dir='ltr'>pronum</span> 
     </span>
     <span class='ocr_line' id='line_1_132' title="bbox 78 2831 1140 2867; baseline 0.001 -7"><span class='ocrx_word' id='word_1_1318' title='bbox 78 2833 168 2861; x_wconf 85' lang='lat' dir='ltr'>Catul.</span> <span class='ocrx_word' id='word_1_1319' title='bbox 183 2838 218 2864; x_wconf 90' lang='lat'>18,</span> <span class='ocrx_word' id='word_1_1320' title='bbox 231 2840 269 2865; x_wconf 84' lang='lat'>23.</span> <span class='ocrx_word' id='word_1_1321' title='bbox 288 2835 307 2859; x_wconf 92' lang='lat' dir='ltr'>i.</span> <span class='ocrx_word' id='word_1_1322' title='bbox 329 2833 497 2867; x_wconf 78' lang='lat' dir='ltr'>Praecipitem</span> <span class='ocrx_word' id='word_1_1323' title='bbox 514 2831 582 2858; x_wconf 78' lang='lat' dir='ltr'>dare.</span> <span class='ocrx_word' id='word_1_1324' title='bbox 655 2833 686 2858; x_wconf 93' lang='lat' dir='ltr'>In</span> <span class='ocrx_word' id='word_1_1325' title='bbox 706 2840 823 2866; x_wconf 86' lang='lat' dir='ltr'>pronum</span> <span class='ocrx_word' id='word_1_1326' title='bbox 837 2832 964 2866; x_wconf 82' lang='lat' dir='ltr'>iaculari,</span> <span class='ocrx_word' id='word_1_1327' title='bbox 976 2832 1030 2860; x_wconf 86' lang='lat' dir='ltr'>vid.</span> <span class='ocrx_word' id='word_1_1328' title='bbox 1045 2840 1140 2861; x_wconf 86' lang='lat' dir='ltr'>1Acv-</span> 
     </span>
     <span class='ocr_line' id='line_1_133' title="bbox 76 2866 1141 2905; baseline 0.002 -9"><span class='ocrx_word' id='word_1_1329' title='bbox 76 2876 152 2899; x_wconf 71' lang='lat' dir='ltr'>LOR.</span> <span class='ocrx_word' id='word_1_1330' title='bbox 354 2876 371 2894; x_wconf 83' lang='lat'>2</span> <span class='ocrx_word' id='word_1_1331' title='bbox 414 2868 449 2895; x_wconf 87' lang='lat' dir='ltr'>Vt</span> <span class='ocrx_word' id='word_1_1332' title='bbox 471 2868 619 2900; x_wconf 87' lang='lat' dir='ltr'>Procliuis,</span> <span class='ocrx_word' id='word_1_1333' title='bbox 630 2866 672 2901; x_wconf 78' lang='lat' dir='ltr'>fic</span> <span class='ocrx_word' id='word_1_1334' title='bbox 691 2868 794 2894; x_wconf 89' lang='lat' dir='ltr'>Pronus</span> <span class='ocrx_word' id='word_1_1335' title='bbox 814 2866 848 2900; x_wconf 76' lang='lat' dir='ltr'>est*</span> <span class='ocrx_word' id='word_1_1336' title='bbox 865 2869 976 2895; x_wconf 77' lang='lat' dir='ltr'>Facilis:</span> <span class='ocrx_word' id='word_1_1337' title='bbox 1013 2869 1080 2897; x_wconf 89' lang='lat' dir='ltr'>Piin.</span> <span class='ocrx_word' id='word_1_1338' title='bbox 1095 2870 1141 2905; x_wconf 87' lang='lat' dir='ltr'>Ep.</span> 
     </span>
     <span class='ocr_line' id='line_1_134' title="bbox 74 2903 1142 2939; baseline 0.001 -7"><span class='ocrx_word' id='word_1_1339' title='bbox 74 2907 92 2938; x_wconf 69' lang='lat' dir='ltr'>v(</span> <span class='ocrx_word' id='word_1_1340' title='bbox 98 2910 123 2939; x_wconf 84' lang='lat'>8,</span> <span class='ocrx_word' id='word_1_1341' title='bbox 136 2907 184 2937; x_wconf 88' lang='grc' dir='ltr'>ιο)</span> <span class='ocrx_word' id='word_1_1342' title='bbox 211 2904 318 2939; x_wconf 83' lang='lat' dir='ltr'>Qiibus</span> <span class='ocrx_word' id='word_1_1343' title='bbox 333 2903 416 2931; x_wconf 87' lang='lat' dir='ltr'>video</span> <span class='ocrx_word' id='word_1_1344' title='bbox 428 2913 443 2931; x_wconf 86' lang='lat' dir='ltr'>a</span> <span class='ocrx_word' id='word_1_1345' title='bbox 457 2913 535 2937; x_wconf 87' lang='lat' dir='ltr'>meo,</span> <span class='ocrx_word' id='word_1_1346' title='bbox 551 2910 654 2939; x_wconf 86' lang='lat' dir='ltr'>tuoque</span> <span class='ocrx_word' id='word_1_1347' title='bbox 672 2903 754 2930; x_wconf 87' lang='lat' dir='ltr'>latere</span> <span class='ocrx_word' id='word_1_1348' title='bbox 769 2912 884 2938; x_wconf 87' lang='lat' dir='ltr'>pronum</span> <span class='ocrx_word' id='word_1_1349' title='bbox 897 2905 928 2934; x_wconf 86' lang='lat' dir='ltr'>ad</span> <span class='ocrx_word' id='word_1_1350' title='bbox 942 2904 1059 2933; x_wconf 83' lang='lat' dir='ltr'>honores</span> <span class='ocrx_word' id='word_1_1351' title='bbox 1078 2906 1142 2938; x_wconf 88' lang='lat' dir='ltr'>iter,</span> 
     </span>
     <span class='ocr_line' id='line_1_135' title="bbox 77 2939 987 2974; baseline -0.002 -5"><span class='ocrx_word' id='word_1_1352' title='bbox 77 2947 106 2969; x_wconf 86' lang='lat' dir='ltr'>et</span> <span class='ocrx_word' id='word_1_1353' title='bbox 120 2942 212 2968; x_wconf 88' lang='lat' dir='ltr'>audita</span> <span class='ocrx_word' id='word_1_1354' title='bbox 224 2941 303 2968; x_wconf 90' lang='lat' dir='ltr'>latius</span> <span class='ocrx_word' id='word_1_1355' title='bbox 315 2941 443 2974; x_wconf 85' lang='lat' dir='ltr'>nomina,</span> <span class='ocrx_word' id='word_1_1356' title='bbox 464 2946 490 2967; x_wconf 86' lang='lat' dir='ltr'>et</span> <span class='ocrx_word' id='word_1_1357' title='bbox 503 2949 559 2967; x_wconf 88' lang='lat' dir='ltr'>non</span> <span class='ocrx_word' id='word_1_1358' title='bbox 571 2939 675 2967; x_wconf 76' lang='lat' dir='ltr'>subitas,</span> <span class='ocrx_word' id='word_1_1359' title='bbox 684 2939 813 2974; x_wconf 81' lang='lat' dir='ltr'>imagines</span> <span class='ocrx_word' id='word_1_1360' title='bbox 832 2940 987 2968; x_wconf 70' lang='lat' dir='ltr'>relit&#39;iiurus.</span> 
     </span>
     <span class='ocr_line' id='line_1_136' title="bbox 73 2975 1140 3014; baseline -0.001 -10"><span class='ocrx_word' id='word_1_1361' title='bbox 73 2977 183 3014; x_wconf 58' lang='lat' dir='ltr'>priores</span> <span class='ocrx_word' id='word_1_1362' title='bbox 195 2985 273 3012; x_wconf 83' lang='lat' dir='ltr'>agere</span> <span class='ocrx_word' id='word_1_1363' title='bbox 293 2983 446 3003; x_wconf 90' lang='lat' dir='ltr'>memoratu</span> <span class='ocrx_word' id='word_1_1364' title='bbox 461 2976 556 3011; x_wconf 81' lang='lat' dir='ltr'>digna,</span> <span class='ocrx_word' id='word_1_1365' title='bbox 570 2985 687 3012; x_wconf 88' lang='lat' dir='ltr'>pronum</span> <span class='ocrx_word' id='word_1_1366' title='bbox 700 2975 833 3012; x_wconf 82' lang='lat' dir='ltr'>magisque</span> <span class='ocrx_word' id='word_1_1367' title='bbox 848 2977 876 3003; x_wconf 91' lang='lat' dir='ltr'>in</span> <span class='ocrx_word' id='word_1_1368' title='bbox 895 2983 988 3011; x_wconf 87' lang='lat' dir='ltr'>aperto</span> <span class='ocrx_word' id='word_1_1369' title='bbox 1001 2982 1057 3003; x_wconf 86' lang='lat' dir='ltr'>erat</span> <span class='ocrx_word' id='word_1_1370' title='bbox 1070 2977 1140 3003; x_wconf 88' lang='lat' dir='ltr'>Tac.</span> 
     </span>
     <span class='ocr_line' id='line_1_137' title="bbox 73 3011 1141 3051; baseline -0.002 -11"><span class='ocrx_word' id='word_1_1371' title='bbox 73 3015 170 3051; x_wconf 70' lang='lat' dir='ltr'>¹Agric.</span> <span class='ocrx_word' id='word_1_1372' title='bbox 185 3022 206 3046; x_wconf 91' lang='lat'>1,</span> <span class='ocrx_word' id='word_1_1373' title='bbox 218 3022 242 3040; x_wconf 84' lang='lat'>2.</span> <span class='ocrx_word' id='word_1_1374' title='bbox 313 3013 387 3040; x_wconf 88' lang='lat' dir='ltr'>Idem</span> <span class='ocrx_word' id='word_1_1375' title='bbox 403 3012 472 3039; x_wconf 86' lang='lat' dir='ltr'>ibid.</span> <span class='ocrx_word' id='word_1_1376' title='bbox 487 3021 525 3046; x_wconf 84' lang='lat'>33,</span> <span class='ocrx_word' id='word_1_1377' title='bbox 540 3020 558 3048; x_wconf 85' lang='lat'><strong>7</strong></span> <span class='ocrx_word' id='word_1_1378' title='bbox 586 3012 687 3040; x_wconf 88' lang='lat' dir='ltr'>Omnia</span> <span class='ocrx_word' id='word_1_1379' title='bbox 699 3020 783 3047; x_wconf 82' lang='lat' dir='ltr'>prona</span> <span class='ocrx_word' id='word_1_1380' title='bbox 795 3011 955 3040; x_wconf 65' lang='lat' dir='ltr'>victoribus.</span> <span class='ocrx_word' id='word_1_1381' title='bbox 1027 3013 1077 3039; x_wconf 88' lang='lat' dir='ltr'>Pro</span> <span class='ocrx_word' id='word_1_1382' title='bbox 1097 3013 1141 3039; x_wconf 90' lang='lat' dir='ltr'>Vi-</span> 
     </span>
     <span class='ocr_line' id='line_1_138' title="bbox 77 3048 1139 3084; baseline -0.002 -7"><span class='ocrx_word' id='word_1_1383' title='bbox 77 3053 144 3082; x_wconf 71' lang='grc' dir='ltr'><em>εἰηο,</em></span> <span class='ocrx_word' id='word_1_1384' title='bbox 165 3050 241 3081; x_wconf 77' lang='lat' dir='ltr'>Virg.</span> <span class='ocrx_word' id='word_1_1385' title='bbox 256 3050 324 3076; x_wconf 83' lang='lat' dir='ltr'>Aen.</span> <span class='ocrx_word' id='word_1_1386' title='bbox 340 3051 364 3082; x_wconf 66' lang='grc' dir='ltr'>ς,</span> <span class='ocrx_word' id='word_1_1387' title='bbox 377 3058 423 3076; x_wconf 87' lang='lat'>212</span> <span class='ocrx_word' id='word_1_1388' title='bbox 441 3064 488 3069; x_wconf 81' lang='lat'>——</span> <span class='ocrx_word' id='word_1_1389' title='bbox 505 3049 647 3084; x_wconf 80' lang='lat' dir='ltr'>ventisque</span> <span class='ocrx_word' id='word_1_1390' title='bbox 660 3049 763 3076; x_wconf 82' lang='lat' dir='ltr'>vocatis</span> <span class='ocrx_word' id='word_1_1391' title='bbox 796 3049 880 3076; x_wconf 84' lang='lat' dir='ltr'>Prona</span> <span class='ocrx_word' id='word_1_1392' title='bbox 895 3049 963 3083; x_wconf 83' lang='lat' dir='ltr'>petit</span> <span class='ocrx_word' id='word_1_1393' title='bbox 975 3048 1068 3075; x_wconf 84' lang='lat' dir='ltr'>niatia.</span> <span class='ocrx_word' id='word_1_1394' title='bbox 1089 3048 1139 3075; x_wconf 91' lang='lat' dir='ltr'>i.e.</span> 
     </span>
     <span class='ocr_line' id='line_1_139' title="bbox 71 3080 1140 3121; baseline -0.002 -8"><span class='ocrx_word' id='word_1_1395' title='bbox 71 3080 169 3121; x_wconf 35' lang='lat' dir='ltr'>,litori</span> <span class='ocrx_word' id='word_1_1396' title='bbox 187 3086 287 3112; x_wconf 83' lang='lat' dir='ltr'>vicina.</span> <span class='ocrx_word' id='word_1_1397' title='bbox 341 3085 465 3112; x_wconf 85' lang='lat' dir='ltr'>Seruius:</span> <span class='ocrx_word' id='word_1_1398' title='bbox 485 3085 571 3112; x_wconf 88' lang='lat' dir='ltr'>Prona</span> <span class='ocrx_word' id='word_1_1399' title='bbox 590 3084 692 3117; x_wconf 89' lang='lat' dir='ltr'>maria,</span> <span class='ocrx_word' id='word_1_1400' title='bbox 705 3087 804 3121; x_wconf 84' lang='lat' dir='ltr'>inquit,</span> <span class='ocrx_word' id='word_1_1401' title='bbox 820 3084 892 3121; x_wconf 86' lang='lat' dir='ltr'>quasi</span> <span class='ocrx_word' id='word_1_1402' title='bbox 913 3093 968 3111; x_wconf 90' lang='lat' dir='ltr'>non</span> <span class='ocrx_word' id='word_1_1403' title='bbox 987 3085 1042 3119; x_wconf 88' lang='lat' dir='ltr'>ipsa</span> <span class='ocrx_word' id='word_1_1404' title='bbox 1061 3085 1140 3111; x_wconf 78' lang='lat' dir='ltr'>essent</span> 
     </span>
    </p>
   </div>
   <div class='ocr_carea' id='block_1_32' title="bbox 540 2398 1893 2437">
    <p class='ocr_par' dir='ltr' id='par_1_43' title="bbox 540 2398 1893 2437">
     <span class='ocr_line' id='line_1_140' title="bbox 540 2398 1893 2437; baseline 0.002 -10"><span class='ocrx_word' id='word_1_1405' title='bbox 540 2399 658 2436; x_wconf 44' lang='lat' dir='ltr'>[nemin</span> <span class='ocrx_word' id='word_1_1406' title='bbox 673 2398 828 2435; x_wconf 76' lang='grc' dir='ltr'><strong><em>καταφερῆς,</em></strong></span> <span class='ocrx_word' id='word_1_1407' title='bbox 842 2399 1017 2435; x_wconf 50' lang='lat' dir='ltr'>narmi-ends]</span> <span class='ocrx_word' id='word_1_1408' title='bbox 1055 2401 1087 2427; x_wconf 87' lang='lat' dir='ltr'>In</span> <span class='ocrx_word' id='word_1_1409' title='bbox 1100 2409 1145 2426; x_wconf 84' lang='lat' dir='ltr'>an·</span> <span class='ocrx_word' id='word_1_1410' title='bbox 1157 2399 1193 2426; x_wconf 92' lang='lat'>60</span> <span class='ocrx_word' id='word_1_1411' title='bbox 1209 2401 1279 2435; x_wconf 85' lang='lat' dir='ltr'>gulis</span> <span class='ocrx_word' id='word_1_1412' title='bbox 1295 2401 1374 2428; x_wconf 83' lang='lat' dir='ltr'>libris</span> <span class='ocrx_word' id='word_1_1413' title='bbox 1388 2406 1452 2428; x_wconf 83' lang='lat' dir='ltr'>vtor</span> <span class='ocrx_word' id='word_1_1414' title='bbox 1469 2402 1617 2436; x_wconf 84' lang='lat' dir='ltr'>prooemiis</span> <span class='ocrx_word' id='word_1_1415' title='bbox 1651 2402 1708 2429; x_wconf 89' lang='lat' dir='ltr'>Cic.</span> <span class='ocrx_word' id='word_1_1416' title='bbox 1723 2403 1839 2437; x_wconf 83' lang='lat' dir='ltr'>Attic.4,</span> <span class='ocrx_word' id='word_1_1417' title='bbox 1856 2408 1893 2430; x_wconf 91' lang='lat'>16.</span> 
     </span>
    </p>
   </div>
   <div class='ocr_carea' id='block_1_33' title="bbox 946 2761 1902 2801">
    <p class='ocr_par' dir='ltr' id='par_1_44' title="bbox 946 2761 1902 2801">
     <span class='ocr_line' id='line_1_141' title="bbox 946 2761 1902 2801; baseline 0.001 -14"><span class='ocrx_word' id='word_1_1418' title='bbox 946 2761 1064 2796; x_wconf 83' lang='lat' dir='ltr'>Aurigae</span> <span class='ocrx_word' id='word_1_1419' title='bbox 1077 2770 1141 2796; x_wconf 82' lang='lat' dir='ltr'>pen·</span> <span class='ocrx_word' id='word_1_1420' title='bbox 1154 2774 1192 2801; x_wconf 80' lang='lat'>70</span> <span class='ocrx_word' id='word_1_1421' title='bbox 1206 2762 1306 2798; x_wconf 84' lang='lat' dir='ltr'>Virgil.</span> <span class='ocrx_word' id='word_1_1422' title='bbox 1320 2764 1420 2798; x_wconf 87' lang='lat' dir='ltr'>Georg.</span> <span class='ocrx_word' id='word_1_1423' title='bbox 1430 2772 1453 2797; x_wconf 90' lang='lat'>2,</span> <span class='ocrx_word' id='word_1_1424' title='bbox 1465 2766 1500 2790; x_wconf 89' lang='lat'>26</span> <span class='ocrx_word' id='word_1_1425' title='bbox 1538 2765 1636 2791; x_wconf 81' lang='lat' dir='ltr'>Preffos</span> <span class='ocrx_word' id='word_1_1426' title='bbox 1652 2773 1806 2799; x_wconf 78' lang='lat' dir='ltr'>propaginis</span> <span class='ocrx_word' id='word_1_1427' title='bbox 1819 2772 1902 2789; x_wconf 83' lang='lat' dir='ltr'>arcus.</span> 
     </span>
    </p>
   </div>
   <div class='ocr_carea' id='block_1_34' title="bbox 1061 2942 1978 2979">
    <p class='ocr_par' dir='ltr' id='par_1_45' title="bbox 1061 2942 1978 2979">
     <span class='ocr_line' id='line_1_142' title="bbox 1061 2942 1978 2979; baseline 0.004 -11"><span class='ocrx_word' id='word_1_1428' title='bbox 1061 2942 1141 2975; x_wconf 89' lang='lat' dir='ltr'>Apud</span> <span class='ocrx_word' id='word_1_1429' title='bbox 1155 2950 1188 2977; x_wconf 80' lang='lat'>75</span> <span class='ocrx_word' id='word_1_1430' title='bbox 1206 2942 1372 2977; x_wconf 85' lang='lat' dir='ltr'>Disciplinae</span> <span class='ocrx_word' id='word_1_1431' title='bbox 1390 2942 1550 2976; x_wconf 81' lang='lat' dir='ltr'>propagines</span> <span class='ocrx_word' id='word_1_1432' title='bbox 1588 2943 1675 2970; x_wconf 87' lang='lat' dir='ltr'>Varro</span> <span class='ocrx_word' id='word_1_1433' title='bbox 1695 2943 1728 2970; x_wconf 88' lang='lat' dir='ltr'>de</span> <span class='ocrx_word' id='word_1_1434' title='bbox 1750 2943 1818 2969; x_wconf 90' lang='lat' dir='ltr'>L.L.</span> <span class='ocrx_word' id='word_1_1435' title='bbox 1835 2951 1862 2979; x_wconf 84' lang='lat'>7,</span> <span class='ocrx_word' id='word_1_1436' title='bbox 1881 2952 1898 2977; x_wconf 90' lang='lat'><em>9</em></span> <span class='ocrx_word' id='word_1_1437' title='bbox 1911 2951 1978 2973; x_wconf 77' lang='lat' dir='ltr'>extr.</span> 
     </span>
    </p>
   </div>
   <div class='ocr_carea' id='block_1_35' title="bbox 1209 2256 2281 2399">
    <p class='ocr_par' dir='ltr' id='par_1_46' title="bbox 1209 2256 2281 2362">
     <span class='ocr_line' id='line_1_143' title="bbox 1209 2256 2281 2293; baseline 0.007 -10"><span class='ocrx_word' id='word_1_1438' title='bbox 1209 2267 1250 2290; x_wconf 80' lang='grc' dir='ltr'>μοι</span> <span class='ocrx_word' id='word_1_1439' title='bbox 1269 2256 1383 2284; x_wconf 84' lang='lat' dir='ltr'>institui.</span> <span class='ocrx_word' id='word_1_1440' title='bbox 1492 2257 1542 2284; x_wconf 84' lang='lat' dir='ltr'>His</span> <span class='ocrx_word' id='word_1_1441' title='bbox 1563 2256 1642 2284; x_wconf 89' lang='lat' dir='ltr'>libris</span> <span class='ocrx_word' id='word_1_1442' title='bbox 1663 2258 1746 2285; x_wconf 90' lang='lat' dir='ltr'>Noua</span> <span class='ocrx_word' id='word_1_1443' title='bbox 1760 2259 1900 2293; x_wconf 86' lang='lat' dir='ltr'>prooemia</span> <span class='ocrx_word' id='word_1_1444' title='bbox 1919 2261 1980 2288; x_wconf 87' lang='lat' dir='ltr'>sunt</span> <span class='ocrx_word' id='word_1_1445' title='bbox 1996 2261 2089 2289; x_wconf 85' lang='lat' dir='ltr'>addita</span> <span class='ocrx_word' id='word_1_1446' title='bbox 2128 2263 2185 2289; x_wconf 89' lang='lat' dir='ltr'>Cic.</span> <span class='ocrx_word' id='word_1_1447' title='bbox 2199 2263 2281 2290; x_wconf 81' lang='lat' dir='ltr'>Attic.</span> 
     </span>
     <span class='ocr_line' id='line_1_144' title="bbox 1212 2292 1908 2329; baseline 0.003 -9"><span class='ocrx_word' id='word_1_1448' title='bbox 1212 2301 1248 2325; x_wconf 84' lang='lat'>13,</span> <span class='ocrx_word' id='word_1_1449' title='bbox 1262 2302 1300 2325; x_wconf 82' lang='lat'>32.</span> <span class='ocrx_word' id='word_1_1450' title='bbox 1415 2292 1516 2320; x_wconf 86' lang='lat' dir='ltr'>Libera</span> <span class='ocrx_word' id='word_1_1451' title='bbox 1528 2294 1670 2329; x_wconf 87' lang='lat' dir='ltr'>prooemia</span> <span class='ocrx_word' id='word_1_1452' title='bbox 1706 2294 1839 2328; x_wconf 65' lang='lat' dir='ltr'>Qiinetil.</span> <span class='ocrx_word' id='word_1_1453' title='bbox 1849 2303 1871 2328; x_wconf 73' lang='grc' dir='ltr'>ς,</span> <span class='ocrx_word' id='word_1_1454' title='bbox 1885 2300 1908 2325; x_wconf 87' lang='lat'>8.</span> 
     </span>
     <span class='ocr_line' id='line_1_145' title="bbox 1210 2327 1505 2362; baseline 0.003 -7"><span class='ocrx_word' id='word_1_1455' title='bbox 1210 2329 1309 2356; x_wconf 88' lang='lat' dir='ltr'>Dicere</span> <span class='ocrx_word' id='word_1_1456' title='bbox 1349 2327 1389 2355; x_wconf 91' lang='lat' dir='ltr'>Id.</span> <span class='ocrx_word' id='word_1_1457' title='bbox 1409 2337 1440 2362; x_wconf 83' lang='lat'>2,</span> <span class='ocrx_word' id='word_1_1458' title='bbox 1461 2338 1505 2356; x_wconf 88' lang='lat'>20.</span> 
     </span>
    </p>

    <p class='ocr_par' dir='ltr' id='par_1_47' title="bbox 1209 2364 1579 2399">
     <span class='ocr_line' id='line_1_146' title="bbox 1209 2364 1579 2399; baseline 0.003 -7"><span class='ocrx_word' id='word_1_1459' title='bbox 1209 2365 1265 2392; x_wconf 87' lang='lat' dir='ltr'>Cic.</span> <span class='ocrx_word' id='word_1_1460' title='bbox 1281 2373 1332 2399; x_wconf 89' lang='lat' dir='ltr'>pro</span> <span class='ocrx_word' id='word_1_1461' title='bbox 1345 2364 1453 2392; x_wconf 89' lang='lat' dir='ltr'>Cluent.</span> <span class='ocrx_word' id='word_1_1462' title='bbox 1468 2371 1496 2398; x_wconf 85' lang='lat'>58</span> <span class='ocrx_word' id='word_1_1463' title='bbox 1514 2374 1537 2393; x_wconf 91' lang='lat' dir='ltr'>c.</span> <span class='ocrx_word' id='word_1_1464' title='bbox 1545 2375 1579 2393; x_wconf 83' lang='lat'>21.</span> 
     </span>
    </p>
   </div>
   <div class='ocr_carea' id='block_1_36' title="bbox 1616 2297 2284 2548">
    <p class='ocr_par' dir='ltr' id='par_1_48' title="bbox 1616 2297 2284 2548">
     <span class='ocr_line' id='line_1_147' title="bbox 2018 2297 2284 2333; baseline 0.015 -10"><span class='ocrx_word' id='word_1_1465' title='bbox 2018 2297 2155 2324; x_wconf 88' lang='lat' dir='ltr'>Vitiosum</span> <span class='ocrx_word' id='word_1_1466' title='bbox 2178 2299 2284 2333; x_wconf 82' lang='lat' dir='ltr'>Id.4,1.</span> 
     </span>
     <span class='ocr_line' id='line_1_148' title="bbox 1617 2331 2282 2370; baseline 0.009 -14"><span class='ocrx_word' id='word_1_1467' title='bbox 1617 2331 1714 2365; x_wconf 75' lang='lat' dir='ltr'>Longo</span> <span class='ocrx_word' id='word_1_1468' title='bbox 1735 2336 1762 2370; x_wconf 76' lang='lat' dir='ltr'>et</span> <span class='ocrx_word' id='word_1_1469' title='bbox 1782 2332 1835 2357; x_wconf 90' lang='lat' dir='ltr'>alte</span> <span class='ocrx_word' id='word_1_1470' title='bbox 1851 2332 1937 2366; x_wconf 87' lang='lat' dir='ltr'>petito</span> <span class='ocrx_word' id='word_1_1471' title='bbox 1956 2333 2100 2367; x_wconf 87' lang='lat' dir='ltr'>prooemio</span> <span class='ocrx_word' id='word_1_1472' title='bbox 2121 2335 2282 2370; x_wconf 82' lang='lat' dir='ltr'>respondere</span> 
     </span>
     <span class='ocr_line' id='line_1_149' title="bbox 1688 2366 2283 2403; baseline 0.008 -10"><span class='ocrx_word' id='word_1_1473' title='bbox 1688 2366 1812 2394; x_wconf 88' lang='lat' dir='ltr'>Scribere</span> <span class='ocrx_word' id='word_1_1474' title='bbox 1852 2368 2026 2403; x_wconf 65' lang='lat' dir='ltr'>Quinctil.3‚</span> <span class='ocrx_word' id='word_1_1475' title='bbox 2045 2378 2071 2403; x_wconf 91' lang='lat'>9.</span> <span class='ocrx_word' id='word_1_1476' title='bbox 2189 2373 2220 2398; x_wconf 88' lang='lat' dir='ltr'>In</span> <span class='ocrx_word' id='word_1_1477' title='bbox 2233 2371 2283 2398; x_wconf 85' lang='lat' dir='ltr'>fin—</span> 
     </span>
     <span class='ocr_line' id='line_1_150' title="bbox 2012 2405 2283 2438; baseline 0.007 -6"><span class='ocrx_word' id='word_1_1478' title='bbox 2012 2405 2050 2432; x_wconf 91' lang='lat' dir='ltr'>Id.</span> <span class='ocrx_word' id='word_1_1479' title='bbox 2068 2405 2147 2432; x_wconf 88' lang='lat' dir='ltr'>Acad.</span> <span class='ocrx_word' id='word_1_1480' title='bbox 2157 2415 2176 2438; x_wconf 88' lang='lat'>1,</span> <span class='ocrx_word' id='word_1_1481' title='bbox 2192 2413 2205 2438; x_wconf 85' lang='lat'><strong>8</strong></span> <span class='ocrx_word' id='word_1_1482' title='bbox 2250 2408 2283 2435; x_wconf 91' lang='lat' dir='ltr'>In</span> 
     </span>
     <span class='ocr_line' id='line_1_151' title="bbox 2228 2445 2283 2471; baseline 0 0"><span class='ocrx_word' id='word_1_1483' title='bbox 2228 2445 2283 2471; x_wconf 89' lang='lat' dir='ltr'>Ha-</span> 
     </span>
     <span class='ocr_line' id='line_1_152' title="bbox 2041 2479 2284 2512; baseline 0.016 -8"><span class='ocrx_word' id='word_1_1484' title='bbox 2041 2479 2126 2505; x_wconf 82' lang='lat' dir='ltr'>Rixae</span> <span class='ocrx_word' id='word_1_1485' title='bbox 2141 2480 2284 2512; x_wconf 76' lang='lat' dir='ltr'>prooemia</span> 
     </span>
     <span class='ocr_line' id='line_1_153' title="bbox 1616 2511 2246 2548; baseline 0.01 -11"><span class='ocrx_word' id='word_1_1486' title='bbox 1616 2511 1792 2538; x_wconf 87' lang='lat' dir='ltr'>Prooemium</span> <span class='ocrx_word' id='word_1_1487' title='bbox 1806 2511 2002 2540; x_wconf 87' lang='lat' dir='ltr'>mercenarium</span> <span class='ocrx_word' id='word_1_1488' title='bbox 2028 2515 2164 2541; x_wconf 58' lang='lat' dir='ltr'>cit-‚Vena</span> <span class='ocrx_word' id='word_1_1489' title='bbox 2173 2524 2193 2548; x_wconf 89' lang='lat' dir='ltr'>i,</span> <span class='ocrx_word' id='word_1_1490' title='bbox 2203 2524 2246 2543; x_wconf 85' lang='lat' dir='ltr'>iii.</span> 
     </span>
    </p>
   </div>
   <div class='ocr_carea' id='block_1_37' title="bbox 1610 2546 2280 2585">
    <p class='ocr_par' dir='ltr' id='par_1_49' title="bbox 1610 2546 2280 2585">
     <span class='ocr_line' id='line_1_154' title="bbox 1610 2546 2280 2585; baseline 0.009 -13"><span class='ocrx_word' id='word_1_1491' title='bbox 1610 2546 1623 2580; x_wconf 97' lang='lat'>[</span> <span class='ocrx_word' id='word_1_1492' title='bbox 1635 2547 1784 2583; x_wconf 66' lang='grc' dir='ltr'>πρασιμιάζω</span> <span class='ocrx_word' id='word_1_1493' title='bbox 1798 2550 1809 2581; x_wconf 94' lang='grc'>]</span> <span class='ocrx_word' id='word_1_1494' title='bbox 1846 2548 1978 2575; x_wconf 77' lang='lat' dir='ltr'>Exordiri.</span> <span class='ocrx_word' id='word_1_1495' title='bbox 2051 2551 2119 2577; x_wconf 83' lang='lat' dir='ltr'>Plin.</span> <span class='ocrx_word' id='word_1_1496' title='bbox 2135 2552 2214 2583; x_wconf 78' lang='lat' dir='ltr'>Epist.</span> <span class='ocrx_word' id='word_1_1497' title='bbox 2230 2561 2253 2585; x_wconf 74' lang='lat'>2,</span> <span class='ocrx_word' id='word_1_1498' title='bbox 2265 2561 2280 2585; x_wconf 84' lang='lat'>3</span> 
     </span>
    </p>
   </div>
   <div class='ocr_carea' id='block_1_38' title="bbox 1207 2437 2185 2579">
    <p class='ocr_par' dir='ltr' id='par_1_50' title="bbox 1207 2437 2185 2543">
     <span class='ocr_line' id='line_1_155' title="bbox 1210 2437 2185 2474; baseline 0.007 -11"><span class='ocrx_word' id='word_1_1499' title='bbox 1210 2438 1246 2464; x_wconf 89' lang='lat' dir='ltr'>iis</span> <span class='ocrx_word' id='word_1_1500' title='bbox 1258 2437 1319 2472; x_wconf 84' lang='lat' dir='ltr'>ipsis</span> <span class='ocrx_word' id='word_1_1501' title='bbox 1333 2438 1526 2472; x_wconf 87' lang='lat' dir='ltr'>antiquitatum</span> <span class='ocrx_word' id='word_1_1502' title='bbox 1541 2439 1691 2465; x_wconf 89' lang='lat' dir='ltr'>Prooemiis</span> <span class='ocrx_word' id='word_1_1503' title='bbox 1705 2438 1893 2474; x_wconf 84' lang='lat' dir='ltr'>philosophiae</span> <span class='ocrx_word' id='word_1_1504' title='bbox 1907 2440 2025 2468; x_wconf 84' lang='lat' dir='ltr'>scribere·</span> <span class='ocrx_word' id='word_1_1505' title='bbox 2038 2442 2185 2470; x_wconf 81' lang='lat' dir='ltr'>voluimus.</span> 
     </span>
     <span class='ocr_line' id='line_1_156' title="bbox 1209 2473 1923 2510; baseline 0.004 -11"><span class='ocrx_word' id='word_1_1506' title='bbox 1209 2473 1256 2500; x_wconf 84' lang='lat' dir='ltr'>bes</span> <span class='ocrx_word' id='word_1_1507' title='bbox 1276 2474 1448 2508; x_wconf 82' lang='lat' dir='ltr'>prooemium</span> <span class='ocrx_word' id='word_1_1508' title='bbox 1467 2474 1533 2509; x_wconf 87' lang='lat' dir='ltr'>legis</span> <span class='ocrx_word' id='word_1_1509' title='bbox 1555 2474 1607 2501; x_wconf 89' lang='lat' dir='ltr'>hoc</span> <span class='ocrx_word' id='word_1_1510' title='bbox 1644 2474 1683 2501; x_wconf 88' lang='lat' dir='ltr'>Id.</span> <span class='ocrx_word' id='word_1_1511' title='bbox 1699 2474 1732 2501; x_wconf 87' lang='lat' dir='ltr'>de</span> <span class='ocrx_word' id='word_1_1512' title='bbox 1744 2476 1873 2509; x_wconf 58' lang='lat' dir='ltr'>Legiba,</span> <span class='ocrx_word' id='word_1_1513' title='bbox 1887 2483 1923 2510; x_wconf 81' lang='lat'>17.</span> 
     </span>
     <span class='ocr_line' id='line_1_157' title="bbox 1207 2510 1499 2543; baseline 0 -6"><span class='ocrx_word' id='word_1_1514' title='bbox 1207 2510 1329 2537; x_wconf 89' lang='lat' dir='ltr'>quenal.</span> <span class='ocrx_word' id='word_1_1515' title='bbox 1345 2510 1428 2543; x_wconf 81' lang='lat' dir='ltr'>Sat.3,</span> <span class='ocrx_word' id='word_1_1516' title='bbox 1446 2516 1499 2541; x_wconf 86' lang='lat'>288.</span> 
     </span>
    </p>

    <p class='ocr_par' dir='ltr' id='par_1_51' title="bbox 1245 2546 1572 2579">
     <span class='ocr_line' id='line_1_158' title="bbox 1245 2546 1572 2579; baseline 0.006 -8"><span class='ocrx_word' id='word_1_1517' title='bbox 1245 2551 1261 2571; x_wconf 87' lang='lat' dir='ltr'>P</span> <span class='ocrx_word' id='word_1_1518' title='bbox 1273 2552 1460 2573; x_wconf 83' lang='lat' dir='ltr'>ROOEMIO</span> <span class='ocrx_word' id='word_1_1519' title='bbox 1472 2554 1502 2579; x_wconf 79' lang='lat' dir='ltr'>R,</span> <span class='ocrx_word' id='word_1_1520' title='bbox 1522 2546 1572 2573; x_wconf 71' lang='lat' dir='ltr'>ari.</span> 
     </span>
    </p>
   </div>
   <div class='ocr_carea' id='block_1_39' title="bbox 382 2579 2282 2620">
    <p class='ocr_par' dir='ltr' id='par_1_52' title="bbox 382 2579 2282 2620">
     <span class='ocr_line' id='line_1_159' title="bbox 382 2579 2282 2620; baseline 0.003 -12"><span class='ocrx_word' id='word_1_1521' title='bbox 382 2583 486 2609; x_wconf 83' lang='lat' dir='ltr'>Pronus</span> <span class='ocrx_word' id='word_1_1522' title='bbox 509 2587 536 2608; x_wconf 89' lang='lat' dir='ltr'>et</span> <span class='ocrx_word' id='word_1_1523' title='bbox 555 2581 689 2616; x_wconf 85' lang='lat' dir='ltr'>Superus,</span> <span class='ocrx_word' id='word_1_1524' title='bbox 716 2583 850 2608; x_wconf 75' lang='lat' dir='ltr'>contraria</span> <span class='ocrx_word' id='word_1_1525' title='bbox 871 2579 930 2606; x_wconf 85' lang='lat' dir='ltr'>Cic.</span> <span class='ocrx_word' id='word_1_1526' title='bbox 950 2580 1035 2606; x_wconf 87' lang='lat' dir='ltr'>Tusc.</span> <span class='ocrx_word' id='word_1_1527' title='bbox 1059 2589 1079 2613; x_wconf 93' lang='lat'>1,</span> <span class='ocrx_word' id='word_1_1528' title='bbox 1099 2588 1142 2614; x_wconf 85' lang='lat'>42-</span> <span class='ocrx_word' id='word_1_1529' title='bbox 1160 2583 1193 2616; x_wconf 84' lang='lat'>65</span> <span class='ocrx_word' id='word_1_1530' title='bbox 1209 2581 1399 2610; x_wconf 77' lang='lat' dir='ltr'>prooemiatur</span> <span class='ocrx_word' id='word_1_1531' title='bbox 1412 2589 1483 2617; x_wconf 83' lang='lat' dir='ltr'>apte,</span> <span class='ocrx_word' id='word_1_1532' title='bbox 1505 2588 1596 2609; x_wconf 88' lang='lat' dir='ltr'>narrat</span> <span class='ocrx_word' id='word_1_1533' title='bbox 1609 2589 1710 2618; x_wconf 87' lang='lat' dir='ltr'>aperte,</span> <span class='ocrx_word' id='word_1_1534' title='bbox 1730 2590 1830 2618; x_wconf 78' lang='lat' dir='ltr'>pugnat</span> <span class='ocrx_word' id='word_1_1535' title='bbox 1845 2584 1960 2618; x_wconf 85' lang='lat' dir='ltr'>acriter,</span> <span class='ocrx_word' id='word_1_1536' title='bbox 1977 2585 2081 2620; x_wconf 81' lang='lat' dir='ltr'>colligit</span> <span class='ocrx_word' id='word_1_1537' title='bbox 2093 2587 2218 2617; x_wconf 66' lang='lat' dir='ltr'>fortier,</span> <span class='ocrx_word' id='word_1_1538' title='bbox 2239 2597 2282 2615; x_wconf 90' lang='lat' dir='ltr'>or-</span> 
     </span>
    </p>
   </div>
   <div class='ocr_carea' id='block_1_40' title="bbox 1206 2618 2281 2837">
    <p class='ocr_par' dir='ltr' id='par_1_53' title="bbox 1208 2618 2280 2657">
     <span class='ocr_line' id='line_1_160' title="bbox 1208 2618 2280 2657; baseline 0.006 -13"><span class='ocrx_word' id='word_1_1539' title='bbox 1208 2623 1254 2644; x_wconf 90' lang='lat' dir='ltr'>nat</span> <span class='ocrx_word' id='word_1_1540' title='bbox 1268 2618 1380 2647; x_wconf 82' lang='lat' dir='ltr'>excelse.</span> <span class='ocrx_word' id='word_1_1541' title='bbox 1424 2619 1561 2646; x_wconf 87' lang='lat' dir='ltr'>Postremo</span> <span class='ocrx_word' id='word_1_1542' title='bbox 1576 2618 1665 2652; x_wconf 88' lang='lat' dir='ltr'>docet,</span> <span class='ocrx_word' id='word_1_1543' title='bbox 1684 2619 1808 2652; x_wconf 54' lang='lat' dir='ltr'>delet‘tan</span> <span class='ocrx_word' id='word_1_1544' title='bbox 1831 2619 1922 2647; x_wconf 77' lang='lat' dir='ltr'>afficit.</span> <span class='ocrx_word' id='word_1_1545' title='bbox 1960 2622 2018 2648; x_wconf 80' lang='lat' dir='ltr'>add.</span> <span class='ocrx_word' id='word_1_1546' title='bbox 2028 2623 2118 2648; x_wconf 83' lang='lat' dir='ltr'>Sidon.</span> <span class='ocrx_word' id='word_1_1547' title='bbox 2128 2623 2206 2656; x_wconf 81' lang='lat' dir='ltr'>Epist.</span> <span class='ocrx_word' id='word_1_1548' title='bbox 2216 2634 2243 2657; x_wconf 87' lang='lat'>4,</span> <span class='ocrx_word' id='word_1_1549' title='bbox 2257 2633 2280 2657; x_wconf 80' lang='lat'>3.</span> 
     </span>
    </p>

    <p class='ocr_par' dir='ltr' id='par_1_54' title="bbox 1206 2655 2281 2837">
     <span class='ocr_line' id='line_1_161' title="bbox 1247 2655 2280 2694; baseline 0.005 -13"><span class='ocrx_word' id='word_1_1550' title='bbox 1247 2660 1264 2680; x_wconf 88' lang='lat' dir='ltr'>P</span> <span class='ocrx_word' id='word_1_1551' title='bbox 1282 2661 1301 2681; x_wconf 81' lang='lat' dir='ltr'>R</span> <span class='ocrx_word' id='word_1_1552' title='bbox 1318 2656 1339 2682; x_wconf 83' lang='grc' dir='ltr'><em>ὀ</em></span> <span class='ocrx_word' id='word_1_1553' title='bbox 1355 2661 1372 2681; x_wconf 87' lang='lat' dir='ltr'>P</span> <span class='ocrx_word' id='word_1_1554' title='bbox 1387 2655 1409 2681; x_wconf 82' lang='grc' dir='ltr'><em>Ᾱ</em></span> <span class='ocrx_word' id='word_1_1555' title='bbox 1423 2660 1445 2681; x_wconf 91' lang='lat' dir='ltr'>G</span> <span class='ocrx_word' id='word_1_1556' title='bbox 1458 2661 1489 2688; x_wconf 86' lang='lat' dir='ltr'>O,</span> <span class='ocrx_word' id='word_1_1557' title='bbox 1510 2656 1571 2682; x_wconf 87' lang='lat' dir='ltr'>i&#39;nis.</span> <span class='ocrx_word' id='word_1_1558' title='bbox 1598 2656 1617 2682; x_wconf 87' lang='lat' dir='ltr'>f.</span> <span class='ocrx_word' id='word_1_1559' title='bbox 1663 2655 1800 2690; x_wconf 68' lang='lat' dir='ltr'>[dwoyo›r}‚</span> <span class='ocrx_word' id='word_1_1560' title='bbox 1820 2656 1962 2689; x_wconf 69' lang='grc' dir='ltr'>παραφωὶς,</span> <span class='ocrx_word' id='word_1_1561' title='bbox 1979 2657 2102 2694; x_wconf 41' lang='lat' dir='ltr'>impedi,</span> <span class='ocrx_word' id='word_1_1562' title='bbox 2119 2659 2280 2693; x_wconf 71' lang='lat' dir='ltr'>Propagines</span> 
     </span>
     <span class='ocr_line' id='line_1_162' title="bbox 1206 2688 2280 2729; baseline 0.006 -13"><span class='ocrx_word' id='word_1_1563' title='bbox 1206 2688 1330 2726; x_wconf 60' lang='grc' dir='ltr'>οἷπιίρυγες</span> <span class='ocrx_word' id='word_1_1564' title='bbox 1348 2690 1430 2718; x_wconf 78' lang='lat' dir='ltr'>Glots.</span> <span class='ocrx_word' id='word_1_1565' title='bbox 1444 2692 1504 2718; x_wconf 88' lang='lat' dir='ltr'>Vet.</span> <span class='ocrx_word' id='word_1_1566' title='bbox 1518 2693 1543 2727; x_wconf 82' lang='lat'>]-</span> <span class='ocrx_word' id='word_1_1567' title='bbox 1587 2692 1658 2719; x_wconf 88' lang='lat' dir='ltr'>Vitis</span> <span class='ocrx_word' id='word_1_1568' title='bbox 1676 2693 1783 2725; x_wconf 88' lang='lat' dir='ltr'>vetula,</span> <span class='ocrx_word' id='word_1_1569' title='bbox 1809 2698 1835 2719; x_wconf 88' lang='lat' dir='ltr'>et</span> <span class='ocrx_word' id='word_1_1570' title='bbox 1855 2693 1998 2727; x_wconf 72' lang='lat' dir='ltr'>suppressa,</span> <span class='ocrx_word' id='word_1_1571' title='bbox 2026 2700 2054 2720; x_wconf 85' lang='lat' dir='ltr'>vt</span> <span class='ocrx_word' id='word_1_1572' title='bbox 2072 2702 2104 2720; x_wconf 81' lang='lat' dir='ltr'>ex</span> <span class='ocrx_word' id='word_1_1573' title='bbox 2127 2704 2176 2722; x_wconf 88' lang='lat' dir='ltr'>vna</span> <span class='ocrx_word' id='word_1_1574' title='bbox 2192 2697 2280 2729; x_wconf 86' lang='lat' dir='ltr'>plures</span> 
     </span>
     <span class='ocr_line' id='line_1_163' title="bbox 1207 2726 2279 2764; baseline 0.006 -11"><span class='ocrx_word' id='word_1_1575' title='bbox 1207 2726 1288 2753; x_wconf 84' lang='lat' dir='ltr'>fiant:</span> <span class='ocrx_word' id='word_1_1576' title='bbox 1322 2726 1393 2754; x_wconf 66' lang='lat' dir='ltr'>dicta</span> <span class='ocrx_word' id='word_1_1577' title='bbox 1412 2727 1487 2763; x_wconf 88' lang='lat' dir='ltr'>quod</span> <span class='ocrx_word' id='word_1_1578' title='bbox 1507 2737 1590 2763; x_wconf 87' lang='lat' dir='ltr'>porro</span> <span class='ocrx_word' id='word_1_1579' title='bbox 1610 2735 1756 2763; x_wconf 85' lang='lat' dir='ltr'>pangatur,</span> <span class='ocrx_word' id='word_1_1580' title='bbox 1793 2728 1823 2754; x_wconf 87' lang='lat' dir='ltr'>id</span> <span class='ocrx_word' id='word_1_1581' title='bbox 1844 2728 1897 2760; x_wconf 81' lang='lat' dir='ltr'>est,</span> <span class='ocrx_word' id='word_1_1582' title='bbox 1934 2728 2014 2763; x_wconf 86' lang='lat' dir='ltr'>longe</span> <span class='ocrx_word' id='word_1_1583' title='bbox 2034 2729 2138 2764; x_wconf 84' lang='lat' dir='ltr'>figatur.</span> <span class='ocrx_word' id='word_1_1584' title='bbox 2181 2732 2279 2759; x_wconf 71' lang='lat' dir='ltr'>Festus.</span> 
     </span>
     <span class='ocr_line' id='line_1_164' title="bbox 1757 2764 2280 2802; baseline 0.015 -14"><span class='ocrx_word' id='word_1_1585' title='bbox 1757 2764 1762 2769; x_wconf 80' lang='lat'>&#39;</span> <span class='ocrx_word' id='word_1_1586' title='bbox 1787 2764 1791 2768; x_wconf 84' lang='grc'><strong>’</strong></span> <span class='ocrx_word' id='word_1_1587' title='bbox 1975 2771 2000 2791; x_wconf 81' lang='lat' dir='ltr'>et</span> <span class='ocrx_word' id='word_1_1588' title='bbox 2016 2770 2104 2801; x_wconf 86' lang='lat' dir='ltr'>prima</span> <span class='ocrx_word' id='word_1_1589' title='bbox 2118 2767 2280 2802; x_wconf 74' lang='lat' dir='ltr'>producitur.</span> 
     </span>
     <span class='ocr_line' id='line_1_165' title="bbox 1590 2800 2281 2837; baseline 0.006 -10"><span class='ocrx_word' id='word_1_1590' title='bbox 1590 2801 1729 2832; x_wconf 82' lang='lat' dir='ltr'>Malleoli,</span> <span class='ocrx_word' id='word_1_1591' title='bbox 1749 2800 1896 2832; x_wconf 83' lang='lat' dir='ltr'>sarmenta,</span> <span class='ocrx_word' id='word_1_1592' title='bbox 1917 2800 2005 2834; x_wconf 84' lang='lat' dir='ltr'>vites,</span> <span class='ocrx_word' id='word_1_1593' title='bbox 2025 2801 2204 2837; x_wconf 84' lang='lat' dir='ltr'>viuiradices,</span> <span class='ocrx_word' id='word_1_1594' title='bbox 2228 2811 2281 2831; x_wconf 84' lang='lat' dir='ltr'>tra-</span> 
     </span>
    </p>
   </div>
   <div class='ocr_carea' id='block_1_41' title="bbox 1208 2799 2278 2873">
    <p class='ocr_par' dir='ltr' id='par_1_55' title="bbox 1208 2799 2278 2873">
     <span class='ocr_line' id='line_1_166' title="bbox 1208 2799 2278 2873; baseline 0.008 -14"><span class='ocrx_word' id='word_1_1595' title='bbox 1208 2799 1266 2826; x_wconf 49' lang='lat' dir='ltr'>CK&#39;</span> <span class='ocrx_word' id='word_1_1596' title='bbox 1281 2800 1313 2827; x_wconf 66' lang='lat' dir='ltr'>de</span> <span class='ocrx_word' id='word_1_1597' title='bbox 1327 2800 1429 2828; x_wconf 46' lang='lat' dir='ltr'>sene&amp;</span> <span class='ocrx_word' id='word_1_1598' title='bbox 1444 2808 1472 2833; x_wconf 63' lang='lat'>5²</span> <span class='ocrx_word' id='word_1_1599' title='bbox 1493 2809 1548 2835; x_wconf 46' lang='grc' dir='ltr'>αἱ,</span> <span class='ocrx_word' id='word_1_1600' title='bbox 1594 2836 1664 2861; x_wconf 88' lang='lat' dir='ltr'>Vitis</span> <span class='ocrx_word' id='word_1_1601' title='bbox 1677 2835 1778 2861; x_wconf 86' lang='lat' dir='ltr'>vitium</span> <span class='ocrx_word' id='word_1_1602' title='bbox 1793 2834 1956 2869; x_wconf 82' lang='lat' dir='ltr'>deprimitur</span> <span class='ocrx_word' id='word_1_1603' title='bbox 1976 2837 2005 2863; x_wconf 91' lang='lat' dir='ltr'>in</span> <span class='ocrx_word' id='word_1_1604' title='bbox 2018 2839 2177 2873; x_wconf 79' lang='lat' dir='ltr'>propagines</span> <span class='ocrx_word' id='word_1_1605' title='bbox 2209 2841 2278 2868; x_wconf 85' lang='lat' dir='ltr'>Plin.</span> 
     </span>
    </p>
   </div>
   <div class='ocr_carea' id='block_1_42' title="bbox 1202 2835 2279 3122">
    <p class='ocr_par' dir='ltr' id='par_1_56' title="bbox 1202 2835 2279 3122">
     <span class='ocr_line' id='line_1_167' title="bbox 1202 2835 1484 2872; baseline 0 -10"><span class='ocrx_word' id='word_1_1606' title='bbox 1202 2835 1297 2870; x_wconf 79' lang='lat' dir='ltr'>duces,</span> <span class='ocrx_word' id='word_1_1607' title='bbox 1316 2837 1484 2872; x_wconf 84' lang='lat' dir='ltr'>propagines.</span> 
     </span>
     <span class='ocr_line' id='line_1_168' title="bbox 1207 2870 2277 2914; baseline 0.005 -15"><span class='ocrx_word' id='word_1_1608' title='bbox 1207 2880 1248 2906; x_wconf 89' lang='lat'>14,</span> <span class='ocrx_word' id='word_1_1609' title='bbox 1264 2881 1283 2899; x_wconf 92' lang='lat'>1.</span> <span class='ocrx_word' id='word_1_1610' title='bbox 1393 2872 1470 2898; x_wconf 87' lang='lat' dir='ltr'>Vites</span> <span class='ocrx_word' id='word_1_1611' title='bbox 1493 2870 1589 2896; x_wconf 89' lang='lat' dir='ltr'>melius</span> <span class='ocrx_word' id='word_1_1612' title='bbox 1603 2870 1762 2911; x_wconf 81' lang='lat' dir='ltr'>respondent</span> <span class='ocrx_word' id='word_1_1613' title='bbox 1783 2872 1928 2912; x_wconf 82' lang='lat' dir='ltr'>propagine</span> <span class='ocrx_word' id='word_1_1614' title='bbox 1961 2874 2059 2914; x_wconf 68' lang='lat' dir='ltr'>Virgil.</span> <span class='ocrx_word' id='word_1_1615' title='bbox 2073 2875 2146 2902; x_wconf 87' lang='lat' dir='ltr'>Geor</span> <span class='ocrx_word' id='word_1_1616' title='bbox 2166 2885 2217 2910; x_wconf 87' lang='lat'>.2‚</span> <span class='ocrx_word' id='word_1_1617' title='bbox 2237 2880 2277 2909; x_wconf 85' lang='lat'>63.</span> 
     </span>
     <span class='ocr_line' id='line_1_169' title="bbox 1206 2905 2279 2951; baseline 0.005 -17"><span class='ocrx_word' id='word_1_1618' title='bbox 1206 2908 1280 2934; x_wconf 87' lang='lat' dir='ltr'>Inter</span> <span class='ocrx_word' id='word_1_1619' title='bbox 1301 2906 1408 2933; x_wconf 78' lang='lat' dir='ltr'>suboles</span> <span class='ocrx_word' id='word_1_1620' title='bbox 1427 2905 1574 2932; x_wconf 88' lang='lat' dir='ltr'>herbarum</span> <span class='ocrx_word' id='word_1_1621' title='bbox 1595 2912 1621 2932; x_wconf 86' lang='lat' dir='ltr'>et</span> <span class='ocrx_word' id='word_1_1622' title='bbox 1641 2915 1800 2941; x_wconf 82' lang='lat' dir='ltr'>propagines</span> <span class='ocrx_word' id='word_1_1623' title='bbox 1815 2908 1921 2934; x_wconf 84' lang='lat' dir='ltr'>Vitium</span> <span class='ocrx_word' id='word_1_1624' title='bbox 1960 2910 2067 2945; x_wconf 78' lang='lat' dir='ltr'>Apulei.</span> <span class='ocrx_word' id='word_1_1625' title='bbox 2088 2913 2166 2951; x_wconf 71' lang='lat' dir='ltr'>Apo.</span> <span class='ocrx_word' id='word_1_1626' title='bbox 2187 2921 2279 2946; x_wconf 76' lang='lat' dir='ltr'>p.329.</span> 
     </span>
     <span class='ocr_line' id='line_1_170' title="bbox 1554 2948 2279 3026; baseline 0.01 -22"><span class='ocrx_word' id='word_1_1627' title='bbox 1554 3013 1562 3023; x_wconf 41' lang='grc' dir='ltr'><strong>ς</strong></span> <span class='ocrx_word' id='word_1_1628' title='bbox 1670 2979 1831 3026; x_wconf 59' lang='lat' dir='ltr'>Propagines</span> <span class='ocrx_word' id='word_1_1629' title='bbox 1850 2980 1992 3023; x_wconf 70' lang='lat' dir='ltr'>COh¹J¹¹=4›</span> <span class='ocrx_word' id='word_1_1630' title='bbox 2005 2984 2062 3015; x_wconf 81' lang='lat'>6,3.</span> <span class='ocrx_word' id='word_1_1631' title='bbox 2089 2948 2195 3026; x_wconf 35' lang='lat' dir='ltr'>&#39;Vltfflm</span> <span class='ocrx_word' id='word_1_1632' title='bbox 2216 2957 2279 3020; x_wconf 40' lang='lat'>{³⁰2</span> 
     </span>
     <span class='ocr_line' id='line_1_171' title="bbox 1204 3013 2278 3085; baseline 0.005 -8"><span class='ocrx_word' id='word_1_1633' title='bbox 1204 3015 1336 3085; x_wconf 40' lang='lat' dir='ltr'>aaa&amp;</span> <span class='ocrx_word' id='word_1_1634' title='bbox 1385 3015 1486 3077; x_wconf 51' lang='lat'>5:22²&amp;</span> <span class='ocrx_word' id='word_1_1635' title='bbox 1508 3013 2019 3082; x_wconf 49' lang='lat' dir='ltr'>J,²²0awsserviaiaz„⁷²12⁷2⁸2</span> <span class='ocrx_word' id='word_1_1636' title='bbox 2043 3019 2202 3081; x_wconf 52' lang='lat' dir='ltr'>eam</span> <span class='ocrx_word' id='word_1_1637' title='bbox 2218 3021 2278 3048; x_wconf 56' lang='lat' dir='ltr'>ffl-</span> 
     </span>
     <span class='ocr_line' id='line_1_172' title="bbox 1206 3061 2279 3122; baseline 0.005 -8"><span class='ocrx_word' id='word_1_1638' title='bbox 1206 3092 1263 3114; x_wconf 84' lang='lat' dir='ltr'>tens</span> <span class='ocrx_word' id='word_1_1639' title='bbox 1278 3070 1345 3113; x_wconf 76' lang='lat' dir='ltr'>Iiala</span> <span class='ocrx_word' id='word_1_1640' title='bbox 1358 3087 1461 3113; x_wconf 90' lang='lat' dir='ltr'>virtute</span> <span class='ocrx_word' id='word_1_1641' title='bbox 1475 3067 1614 3122; x_wconf 46' lang='lat' dir='ltr'>prb&#39;pago.&#39;</span> <span class='ocrx_word' id='word_1_1642' title='bbox 1639 3087 1698 3114; x_wconf 81' lang='lat' dir='ltr'>add.</span> <span class='ocrx_word' id='word_1_1643' title='bbox 1711 3087 1749 3114; x_wconf 90' lang='lat' dir='ltr'>Id.</span> <span class='ocrx_word' id='word_1_1644' title='bbox 1765 3061 1832 3114; x_wconf 47' lang='lat' dir='ltr'>ibid.</span> <span class='ocrx_word' id='word_1_1645' title='bbox 1841 3090 1867 3120; x_wconf 88' lang='lat'>6,</span> <span class='ocrx_word' id='word_1_1646' title='bbox 1881 3072 1949 3122; x_wconf 40' lang='lat'>8⁸70?</span> <span class='ocrx_word' id='word_1_1647' title='bbox 1992 3061 2010 3087; x_wconf 71' lang='lat'><em>7</em></span> <span class='ocrx_word' id='word_1_1648' title='bbox 2052 3063 2094 3116; x_wconf 60' lang='lat' dir='ltr'>Slic</span> <span class='ocrx_word' id='word_1_1649' title='bbox 2110 3064 2279 3120; x_wconf 49' lang='lat' dir='ltr'>gffiffffirg‘g</span> 
     </span>
    </p>
   </div>
   <div class='ocr_carea' id='block_1_43' title="bbox 1207 2977 1574 3013">
    <p class='ocr_par' dir='ltr' id='par_1_57' title="bbox 1207 2977 1574 3013">
     <span class='ocr_line' id='line_1_173' title="bbox 1207 2977 1574 3013; baseline 0 -9"><span class='ocrx_word' id='word_1_1650' title='bbox 1207 2986 1275 3012; x_wconf 86' lang='lat' dir='ltr'>pago</span> <span class='ocrx_word' id='word_1_1651' title='bbox 1314 2978 1410 3005; x_wconf 89' lang='lat' dir='ltr'>Horat.</span> <span class='ocrx_word' id='word_1_1652' title='bbox 1425 2977 1509 3013; x_wconf 73' lang='lat' dir='ltr'>Epod.</span> <span class='ocrx_word' id='word_1_1653' title='bbox 1517 2988 1539 3011; x_wconf 72' lang='grc' dir='ltr'>ε,</span> <span class='ocrx_word' id='word_1_1654' title='bbox 1548 2986 1574 3011; x_wconf 87' lang='lat'>9.</span> 
     </span>
    </p>
   </div>
   <div class='ocr_carea' id='block_1_44' title="bbox 73 3120 2278 3162">
    <p class='ocr_par' dir='ltr' id='par_1_58' title="bbox 73 3120 2278 3162">
     <span class='ocr_line' id='line_1_174' title="bbox 73 3120 2278 3162; baseline 0.003 -14"><span class='ocrx_word' id='word_1_1655' title='bbox 73 3131 128 3158; x_wconf 66' lang='lat' dir='ltr'>per</span> <span class='ocrx_word' id='word_1_1656' title='bbox 143 3131 211 3158; x_wconf 89' lang='lat' dir='ltr'>quae</span> <span class='ocrx_word' id='word_1_1657' title='bbox 223 3121 394 3148; x_wconf 76' lang='lat' dir='ltr'>transierant:</span> <span class='ocrx_word' id='word_1_1658' title='bbox 419 3127 466 3148; x_wconf 91' lang='lat' dir='ltr'>aut</span> <span class='ocrx_word' id='word_1_1659' title='bbox 485 3121 560 3156; x_wconf 86' lang='lat' dir='ltr'>pollit</span> <span class='ocrx_word' id='word_1_1660' title='bbox 574 3121 650 3154; x_wconf 87' lang='lat' dir='ltr'>fieri,</span> <span class='ocrx_word' id='word_1_1661' title='bbox 664 3126 694 3147; x_wconf 87' lang='lat' dir='ltr'>vt</span> <span class='ocrx_word' id='word_1_1662' title='bbox 706 3120 754 3148; x_wconf 84' lang='lat' dir='ltr'>smt</span> <span class='ocrx_word' id='word_1_1663' title='bbox 769 3123 852 3149; x_wconf 86' lang='lat' dir='ltr'>maria</span> <span class='ocrx_word' id='word_1_1664' title='bbox 866 3122 974 3148; x_wconf 83' lang='lat' dir='ltr'>deuexa.</span> <span class='ocrx_word' id='word_1_1665' title='bbox 1010 3121 1076 3147; x_wconf 87' lang='lat' dir='ltr'>Non</span> <span class='ocrx_word' id='word_1_1666' title='bbox 1090 3121 1141 3148; x_wconf 85' lang='lat' dir='ltr'>hoc</span> <span class='ocrx_word' id='word_1_1667' title='bbox 1159 3123 1192 3150; x_wconf 90' lang='lat'>80</span> <span class='ocrx_word' id='word_1_1668' title='bbox 1207 3123 1344 3158; x_wconf 84' lang='lat' dir='ltr'>originem</span> <span class='ocrx_word' id='word_1_1669' title='bbox 1362 3122 1516 3156; x_wconf 87' lang='lat' dir='ltr'>subtexuit,</span> <span class='ocrx_word' id='word_1_1670' title='bbox 1542 3130 1572 3150; x_wconf 89' lang='lat' dir='ltr'>vt</span> <span class='ocrx_word' id='word_1_1671' title='bbox 1591 3131 1623 3150; x_wconf 86' lang='lat' dir='ltr'>ex</span> <span class='ocrx_word' id='word_1_1672' title='bbox 1636 3132 1670 3150; x_wconf 88' lang='lat' dir='ltr'>eo</span> <span class='ocrx_word' id='word_1_1673' title='bbox 1684 3124 1817 3151; x_wconf 80' lang='lat' dir='ltr'>clarorum</span> <span class='ocrx_word' id='word_1_1674' title='bbox 1838 3125 1962 3150; x_wconf 84' lang='lat' dir='ltr'>virorum</span> <span class='ocrx_word' id='word_1_1675' title='bbox 1981 3127 2139 3161; x_wconf 80' lang='lat' dir='ltr'>propagines</span> <span class='ocrx_word' id='word_1_1676' title='bbox 2152 3127 2278 3162; x_wconf 71' lang='lat' dir='ltr'>possimus</span> 
     </span>
    </p>
   </div>
   <div class='ocr_carea' id='block_1_45' title="bbox 30 3157 1141 3193">
    <p class='ocr_par' dir='ltr' id='par_1_59' title="bbox 30 3157 1141 3193">
     <span class='ocr_line' id='line_1_175' title="bbox 30 3157 1141 3193; baseline -0.003 -8"><span class='ocrx_word' id='word_1_1677' title='bbox 30 3162 33 3167; x_wconf 93' lang='lat'>&#39;</span> <span class='ocrx_word' id='word_1_1678' title='bbox 76 3158 175 3193; x_wconf 69' lang='lat' dir='ltr'>sensit,</span> <span class='ocrx_word' id='word_1_1679' title='bbox 189 3158 232 3185; x_wconf 87' lang='lat' dir='ltr'>sed</span> <span class='ocrx_word' id='word_1_1680' title='bbox 247 3157 407 3185; x_wconf 78' lang='lat' dir='ltr'>facilitatem</span> <span class='ocrx_word' id='word_1_1681' title='bbox 427 3157 529 3184; x_wconf 88' lang='lat' dir='ltr'>reditus</span> <span class='ocrx_word' id='word_1_1682' title='bbox 547 3157 640 3184; x_wconf 88' lang='lat' dir='ltr'>voluit</span> <span class='ocrx_word' id='word_1_1683' title='bbox 653 3157 840 3186; x_wconf 86' lang='lat' dir='ltr'>demonstrare.</span> <span class='ocrx_word' id='word_1_1684' title='bbox 877 3159 992 3185; x_wconf 87' lang='lat' dir='ltr'>Pronum</span> <span class='ocrx_word' id='word_1_1685' title='bbox 1007 3157 1081 3183; x_wconf 88' lang='lat' dir='ltr'>enim</span> <span class='ocrx_word' id='word_1_1686' title='bbox 1101 3157 1141 3183; x_wconf 89' lang='lat' dir='ltr'>di-</span> 
     </span>
    </p>
   </div>
   <div class='ocr_carea' id='block_1_46' title="bbox 75 3192 1144 3586">
    <p class='ocr_par' dir='ltr' id='par_1_60' title="bbox 75 3192 1144 3586">
     <span class='ocr_line' id='line_1_176' title="bbox 75 3192 1142 3230; baseline -0.001 -10"><span class='ocrx_word' id='word_1_1687' title='bbox 75 3194 184 3227; x_wconf 61' lang='lat' dir='ltr'>Limus,</span> <span class='ocrx_word' id='word_1_1688' title='bbox 201 3194 337 3230; x_wconf 88' lang='lat' dir='ltr'>quidquid</span> <span class='ocrx_word' id='word_1_1689' title='bbox 350 3192 534 3221; x_wconf 87' lang='lat' dir='ltr'>difficultatem</span> <span class='ocrx_word' id='word_1_1690' title='bbox 547 3203 603 3220; x_wconf 90' lang='lat' dir='ltr'>non</span> <span class='ocrx_word' id='word_1_1691' title='bbox 616 3192 712 3220; x_wconf 86' lang='lat' dir='ltr'>habet:</span> <span class='ocrx_word' id='word_1_1692' title='bbox 733 3200 760 3221; x_wconf 86' lang='lat' dir='ltr'>et</span> <span class='ocrx_word' id='word_1_1693' title='bbox 772 3194 891 3222; x_wconf 86' lang='lat' dir='ltr'>Arduum</span> <span class='ocrx_word' id='word_1_1694' title='bbox 901 3214 909 3226; x_wconf 94' lang='lat'><strong>‚</strong></span> <span class='ocrx_word' id='word_1_1695' title='bbox 922 3193 1056 3228; x_wconf 82' lang='lat' dir='ltr'>quidquid</span> <span class='ocrx_word' id='word_1_1696' title='bbox 1072 3192 1142 3220; x_wconf 86' lang='lat' dir='ltr'>diffi-</span> 
     </span>
     <span class='ocr_line' id='line_1_177' title="bbox 76 3229 1142 3265; baseline -0.001 -8"><span class='ocrx_word' id='word_1_1697' title='bbox 76 3229 167 3257; x_wconf 78' lang='lat' dir='ltr'>culter</span> <span class='ocrx_word' id='word_1_1698' title='bbox 179 3231 326 3265; x_wconf 86' lang='lat' dir='ltr'>superatur.</span> <span class='ocrx_word' id='word_1_1699' title='bbox 350 3231 480 3258; x_wconf 88' lang='lat' dir='ltr'>Donatus.</span> <span class='ocrx_word' id='word_1_1700' title='bbox 554 3232 603 3258; x_wconf 86' lang='lat' dir='ltr'>Per</span> <span class='ocrx_word' id='word_1_1701' title='bbox 617 3231 822 3263; x_wconf 79' lang='lat' dir='ltr'>tram-lationem,</span> <span class='ocrx_word' id='word_1_1702' title='bbox 847 3232 989 3258; x_wconf 75' lang='lat' dir='ltr'>inclinatus</span> <span class='ocrx_word' id='word_1_1703' title='bbox 1006 3229 1041 3256; x_wconf 84' lang='lat' dir='ltr'>ad</span> <span class='ocrx_word' id='word_1_1704' title='bbox 1058 3233 1142 3256; x_wconf 80' lang='lat' dir='ltr'>virtu-</span> 
     </span>
     <span class='ocr_line' id='line_1_178' title="bbox 81 3265 1142 3301; baseline 0 -9"><span class='ocrx_word' id='word_1_1705' title='bbox 81 3273 137 3298; x_wconf 73' lang='lat' dir='ltr'>tes,</span> <span class='ocrx_word' id='word_1_1706' title='bbox 149 3267 191 3292; x_wconf 77' lang='lat' dir='ltr'>vet</span> <span class='ocrx_word' id='word_1_1707' title='bbox 206 3265 241 3292; x_wconf 82' lang='lat' dir='ltr'>ad</span> <span class='ocrx_word' id='word_1_1708' title='bbox 258 3269 341 3293; x_wconf 82' lang='lat' dir='ltr'>vitia:</span> <span class='ocrx_word' id='word_1_1709' title='bbox 376 3267 444 3294; x_wconf 90' lang='lat' dir='ltr'>Plin.</span> <span class='ocrx_word' id='word_1_1710' title='bbox 459 3267 489 3293; x_wconf 90' lang='lat' dir='ltr'>in</span> <span class='ocrx_word' id='word_1_1711' title='bbox 502 3267 598 3301; x_wconf 86' lang='lat' dir='ltr'>Paneg.</span> <span class='ocrx_word' id='word_1_1712' title='bbox 618 3275 640 3293; x_wconf 87' lang='lat' dir='ltr'>c.</span> <span class='ocrx_word' id='word_1_1713' title='bbox 656 3272 686 3298; x_wconf 83' lang='lat'>84</span> <span class='ocrx_word' id='word_1_1714' title='bbox 714 3266 794 3294; x_wconf 83' lang='lat' dir='ltr'>Nihil</span> <span class='ocrx_word' id='word_1_1715' title='bbox 812 3267 849 3294; x_wconf 84' lang='lat' dir='ltr'>est</span> <span class='ocrx_word' id='word_1_1716' title='bbox 869 3274 923 3294; x_wconf 87' lang='lat' dir='ltr'>tam</span> <span class='ocrx_word' id='word_1_1717' title='bbox 936 3275 1052 3301; x_wconf 83' lang='lat' dir='ltr'>pronum</span> <span class='ocrx_word' id='word_1_1718' title='bbox 1065 3265 1099 3293; x_wconf 90' lang='lat' dir='ltr'>ad</span> <span class='ocrx_word' id='word_1_1719' title='bbox 1111 3265 1142 3292; x_wconf 84' lang='lat' dir='ltr'>fi-</span> 
     </span>
     <span class='ocr_line' id='line_1_179' title="bbox 78 3302 860 3337; baseline 0.001 -8"><span class='ocrx_word' id='word_1_1720' title='bbox 78 3303 225 3334; x_wconf 81' lang='lat' dir='ltr'>-multates,</span> <span class='ocrx_word' id='word_1_1721' title='bbox 237 3310 317 3336; x_wconf 84' lang='lat' dir='ltr'>quani</span> <span class='ocrx_word' id='word_1_1722' title='bbox 337 3302 482 3330; x_wconf 72' lang='lat' dir='ltr'>aemulatio</span> <span class='ocrx_word' id='word_1_1723' title='bbox 493 3323 503 3336; x_wconf 92' lang='lat'>,</span> <span class='ocrx_word' id='word_1_1724' title='bbox 519 3303 548 3330; x_wconf 89' lang='lat' dir='ltr'>in</span> <span class='ocrx_word' id='word_1_1725' title='bbox 567 3302 677 3330; x_wconf 86' lang='lat' dir='ltr'>feminis</span> <span class='ocrx_word' id='word_1_1726' title='bbox 698 3304 860 3337; x_wconf 88' lang='lat' dir='ltr'>praesertim.</span> 
     </span>
     <span class='ocr_line' id='line_1_180' title="bbox 84 3337 1144 3374; baseline 0.001 -10"><span class='ocrx_word' id='word_1_1727' title='bbox 84 3337 145 3369; x_wconf 88' lang='lat' dir='ltr'>rei,</span> <span class='ocrx_word' id='word_1_1728' title='bbox 160 3344 209 3372; x_wconf 87' lang='lat' dir='ltr'>pro</span> <span class='ocrx_word' id='word_1_1729' title='bbox 224 3338 254 3364; x_wconf 83' lang='lat' dir='ltr'>ln</span> <span class='ocrx_word' id='word_1_1730' title='bbox 266 3337 332 3364; x_wconf 86' lang='lat' dir='ltr'>hanc</span> <span class='ocrx_word' id='word_1_1731' title='bbox 346 3347 414 3370; x_wconf 79' lang='lat' dir='ltr'>rem,</span> <span class='ocrx_word' id='word_1_1732' title='bbox 427 3339 495 3373; x_wconf 85' lang='lat' dir='ltr'>apud</span> <span class='ocrx_word' id='word_1_1733' title='bbox 507 3339 578 3366; x_wconf 91' lang='lat' dir='ltr'>Suet.</span> <span class='ocrx_word' id='word_1_1734' title='bbox 592 3340 698 3366; x_wconf 90' lang='lat' dir='ltr'>Neron.</span> <span class='ocrx_word' id='word_1_1735' title='bbox 712 3349 734 3366; x_wconf 88' lang='lat' dir='ltr'>c.</span> <span class='ocrx_word' id='word_1_1736' title='bbox 751 3348 788 3373; x_wconf 84' lang='lat'>40</span> <span class='ocrx_word' id='word_1_1737' title='bbox 807 3341 860 3367; x_wconf 90' lang='lat' dir='ltr'>Cui</span> <span class='ocrx_word' id='word_1_1738' title='bbox 875 3339 928 3374; x_wconf 88' lang='lat' dir='ltr'>spei</span> <span class='ocrx_word' id='word_1_1739' title='bbox 942 3340 1071 3373; x_wconf 85' lang='lat' dir='ltr'>pronior,</span> <span class='ocrx_word' id='word_1_1740' title='bbox 1085 3338 1144 3365; x_wconf 85' lang='lat' dir='ltr'>Bri-</span> 
     </span>
     <span class='ocr_line' id='line_1_181' title="bbox 81 3373 1143 3410; baseline 0.001 -10"><span class='ocrx_word' id='word_1_1741' title='bbox 81 3373 176 3401; x_wconf 79' lang='lat' dir='ltr'>tannia</span> <span class='ocrx_word' id='word_1_1742' title='bbox 188 3373 369 3409; x_wconf 82' lang='lat' dir='ltr'>Armeniaque</span> <span class='ocrx_word' id='word_1_1743' title='bbox 383 3375 489 3407; x_wconf 80' lang='lat' dir='ltr'>amilsa,</span> <span class='ocrx_word' id='word_1_1744' title='bbox 508 3384 538 3402; x_wconf 91' lang='lat' dir='ltr'>ac</span> <span class='ocrx_word' id='word_1_1745' title='bbox 550 3377 641 3403; x_wconf 87' lang='lat' dir='ltr'>rursus</span> <span class='ocrx_word' id='word_1_1746' title='bbox 661 3381 781 3410; x_wconf 80' lang='lat' dir='ltr'>recepta,</span> <span class='ocrx_word' id='word_1_1747' title='bbox 801 3375 957 3404; x_wconf 68' lang='lat' dir='ltr'>defunc&#39;tum</span> <span class='ocrx_word' id='word_1_1748' title='bbox 977 3375 1001 3401; x_wconf 86' lang='lat' dir='ltr'>se</span> <span class='ocrx_word' id='word_1_1749' title='bbox 1016 3375 1143 3402; x_wconf 86' lang='lat' dir='ltr'>fatalibus</span> 
     </span>
     <span class='ocr_line' id='line_1_182' title="bbox 83 3408 1144 3447; baseline -0.001 -10"><span class='ocrx_word' id='word_1_1750' title='bbox 83 3409 162 3437; x_wconf 86' lang='lat' dir='ltr'>malis</span> <span class='ocrx_word' id='word_1_1751' title='bbox 181 3408 358 3436; x_wconf 82' lang='lat' dir='ltr'>existimabat.</span> <span class='ocrx_word' id='word_1_1752' title='bbox 430 3411 541 3438; x_wconf 87' lang='lat' dir='ltr'>Honori</span> <span class='ocrx_word' id='word_1_1753' title='bbox 560 3412 676 3440; x_wconf 87' lang='lat' dir='ltr'>alicuius</span> <span class='ocrx_word' id='word_1_1754' title='bbox 702 3412 817 3447; x_wconf 89' lang='lat' dir='ltr'>pronior</span> <span class='ocrx_word' id='word_1_1755' title='bbox 841 3413 902 3439; x_wconf 87' lang='lat' dir='ltr'>Stat.</span> <span class='ocrx_word' id='word_1_1756' title='bbox 923 3411 989 3438; x_wconf 88' lang='lat' dir='ltr'>Silu.</span> <span class='ocrx_word' id='word_1_1757' title='bbox 1009 3420 1032 3444; x_wconf 83' lang='lat'>3,</span> <span class='ocrx_word' id='word_1_1758' title='bbox 1052 3420 1074 3443; x_wconf 81' lang='lat'>3,</span> <span class='ocrx_word' id='word_1_1759' title='bbox 1096 3419 1144 3444; x_wconf 73' lang='lat'>153-</span> 
     </span>
     <span class='ocr_line' id='line_1_183' title="bbox 84 3445 1144 3483; baseline 0.004 -12"><span class='ocrx_word' id='word_1_1760' title='bbox 84 3445 230 3474; x_wconf 83' lang='lat' dir='ltr'>Proniores</span> <span class='ocrx_word' id='word_1_1761' title='bbox 251 3445 311 3479; x_wconf 90' lang='lat' dir='ltr'>paci</span> <span class='ocrx_word' id='word_1_1762' title='bbox 322 3445 410 3473; x_wconf 88' lang='lat' dir='ltr'>Valer.</span> <span class='ocrx_word' id='word_1_1763' title='bbox 426 3451 449 3477; x_wconf 83' lang='lat'>8,</span> <span class='ocrx_word' id='word_1_1764' title='bbox 461 3454 474 3478; x_wconf 86' lang='lat'><em>3</em></span> <span class='ocrx_word' id='word_1_1765' title='bbox 488 3453 555 3474; x_wconf 81' lang='lat' dir='ltr'>extr.</span> <span class='ocrx_word' id='word_1_1766' title='bbox 628 3450 731 3475; x_wconf 88' lang='lat' dir='ltr'>Pronus</span> <span class='ocrx_word' id='word_1_1767' title='bbox 745 3448 777 3475; x_wconf 91' lang='lat' dir='ltr'>ad</span> <span class='ocrx_word' id='word_1_1768' title='bbox 797 3448 873 3479; x_wconf 89' lang='lat' dir='ltr'>haec,</span> <span class='ocrx_word' id='word_1_1769' title='bbox 887 3447 954 3483; x_wconf 83' lang='lat' dir='ltr'>apud</span> <span class='ocrx_word' id='word_1_1770' title='bbox 964 3448 1035 3474; x_wconf 80' lang='lat' dir='ltr'>Suet.</span> <span class='ocrx_word' id='word_1_1771' title='bbox 1051 3447 1144 3474; x_wconf 81' lang='lat' dir='ltr'>Vitell.</span> 
     </span>
     <span class='ocr_line' id='line_1_184' title="bbox 84 3481 563 3517; baseline 0.002 -9"><span class='ocrx_word' id='word_1_1772' title='bbox 84 3492 108 3508; x_wconf 83' lang='lat' dir='ltr'>c.</span> <span class='ocrx_word' id='word_1_1773' title='bbox 123 3489 140 3516; x_wconf 82' lang='lat'>7</span> <span class='ocrx_word' id='word_1_1774' title='bbox 159 3487 183 3507; x_wconf 84' lang='lat' dir='ltr'>et</span> <span class='ocrx_word' id='word_1_1775' title='bbox 203 3484 231 3507; x_wconf 82' lang='lat' dir='ltr'>in</span> <span class='ocrx_word' id='word_1_1776' title='bbox 244 3481 418 3517; x_wconf 84' lang='lat' dir='ltr'>superioribus</span> <span class='ocrx_word' id='word_1_1777' title='bbox 436 3483 563 3517; x_wconf 82' lang='lat' dir='ltr'>exemplis.</span> 
     </span>
     <span class='ocr_line' id='line_1_185' title="bbox 79 3516 681 3555; baseline 0.007 -12"><span class='ocrx_word' id='word_1_1778' title='bbox 79 3517 126 3550; x_wconf 28' lang='lat' dir='ltr'>‘Ad</span> <span class='ocrx_word' id='word_1_1779' title='bbox 147 3525 227 3544; x_wconf 89' lang='lat' dir='ltr'>omne</span> <span class='ocrx_word' id='word_1_1780' title='bbox 248 3516 319 3544; x_wconf 88' lang='lat' dir='ltr'>nefas</span> <span class='ocrx_word' id='word_1_1781' title='bbox 333 3526 433 3552; x_wconf 87' lang='lat' dir='ltr'>pronus</span> <span class='ocrx_word' id='word_1_1782' title='bbox 457 3518 557 3545; x_wconf 88' lang='lat' dir='ltr'>Lucan.</span> <span class='ocrx_word' id='word_1_1783' title='bbox 577 3521 605 3552; x_wconf 87' lang='lat'>6,</span> <span class='ocrx_word' id='word_1_1784' title='bbox 622 3528 681 3555; x_wconf 83' lang='lat'>147.</span> 
     </span>
     <span class='ocr_line' id='line_1_186' title="bbox 81 3555 264 3586; baseline -0.022 -3"><span class='ocrx_word' id='word_1_1785' title='bbox 81 3555 151 3583; x_wconf 87' lang='lat' dir='ltr'>Plin.</span> <span class='ocrx_word' id='word_1_1786' title='bbox 165 3562 208 3585; x_wconf 83' lang='lat'>22,</span> <span class='ocrx_word' id='word_1_1787' title='bbox 223 3561 264 3586; x_wconf 85' lang='lat'>24.</span> 
     </span>
    </p>
   </div>
   <div class='ocr_carea' id='block_1_47' title="bbox 80 3519 1144 3662">
    <p class='ocr_par' dir='ltr' id='par_1_61' title="bbox 80 3519 1144 3662">
     <span class='ocr_line' id='line_1_187' title="bbox 753 3519 1142 3549; baseline -0.008 0"><span class='ocrx_word' id='word_1_1788' title='bbox 753 3522 896 3549; x_wconf 84' lang='lat' dir='ltr'>Proniores</span> <span class='ocrx_word' id='word_1_1789' title='bbox 920 3520 951 3546; x_wconf 90' lang='lat' dir='ltr'>ad</span> <span class='ocrx_word' id='word_1_1790' title='bbox 974 3519 1142 3547; x_wconf 87' lang='lat' dir='ltr'>iracundiam</span> 
     </span>
     <span class='ocr_line' id='line_1_188' title="bbox 337 3554 1143 3590; baseline 0.005 -11"><span class='ocrx_word' id='word_1_1791' title='bbox 337 3554 438 3580; x_wconf 86' lang='lat' dir='ltr'>Pronus</span> <span class='ocrx_word' id='word_1_1792' title='bbox 457 3554 491 3581; x_wconf 92' lang='lat' dir='ltr'>ad</span> <span class='ocrx_word' id='word_1_1793' title='bbox 502 3554 583 3581; x_wconf 80' lang='lat' dir='ltr'>fidem</span> <span class='ocrx_word' id='word_1_1794' title='bbox 604 3555 665 3582; x_wconf 91' lang='lat' dir='ltr'>Liu.</span> <span class='ocrx_word' id='word_1_1795' title='bbox 681 3565 720 3590; x_wconf 86' lang='lat'>21,</span> <span class='ocrx_word' id='word_1_1796' title='bbox 735 3562 772 3588; x_wconf 87' lang='lat'>28.</span> <span class='ocrx_word' id='word_1_1797' title='bbox 793 3561 813 3585; x_wconf 83' lang='lat' dir='ltr'>i.</span> <span class='ocrx_word' id='word_1_1798' title='bbox 833 3556 976 3584; x_wconf 75' lang='lat' dir='ltr'>Credibilis.</span> <span class='ocrx_word' id='word_1_1799' title='bbox 1048 3557 1080 3583; x_wconf 89' lang='lat' dir='ltr'>In</span> <span class='ocrx_word' id='word_1_1800' title='bbox 1095 3555 1143 3583; x_wconf 88' lang='lat' dir='ltr'>ali-</span> 
     </span>
     <span class='ocr_line' id='line_1_189' title="bbox 84 3588 1144 3628; baseline 0.002 -11"><span class='ocrx_word' id='word_1_1801' title='bbox 84 3589 151 3626; x_wconf 84' lang='lat' dir='ltr'>quid</span> <span class='ocrx_word' id='word_1_1802' title='bbox 166 3588 279 3624; x_wconf 89' lang='lat' dir='ltr'>pronior</span> <span class='ocrx_word' id='word_1_1803' title='bbox 292 3588 424 3622; x_wconf 73' lang='lat' dir='ltr'>Qiinffll.</span> <span class='ocrx_word' id='word_1_1804' title='bbox 439 3598 461 3622; x_wconf 78' lang='lat'>2,</span> <span class='ocrx_word' id='word_1_1805' title='bbox 474 3595 498 3620; x_wconf 88' lang='lat'>8.</span> <span class='ocrx_word' id='word_1_1806' title='bbox 570 3591 603 3617; x_wconf 88' lang='lat' dir='ltr'>In</span> <span class='ocrx_word' id='word_1_1807' title='bbox 616 3590 718 3618; x_wconf 89' lang='lat' dir='ltr'>bellum</span> <span class='ocrx_word' id='word_1_1808' title='bbox 732 3602 831 3628; x_wconf 86' lang='lat' dir='ltr'>pronus</span> <span class='ocrx_word' id='word_1_1809' title='bbox 849 3594 948 3620; x_wconf 88' lang='lat' dir='ltr'>Lucan.</span> <span class='ocrx_word' id='word_1_1810' title='bbox 964 3601 984 3624; x_wconf 89' lang='grc' dir='ltr'>ι,</span> <span class='ocrx_word' id='word_1_1811' title='bbox 1000 3600 1055 3624; x_wconf 87' lang='lat'>292.</span> <span class='ocrx_word' id='word_1_1812' title='bbox 1110 3593 1144 3619; x_wconf 87' lang='lat' dir='ltr'>In</span> 
     </span>
     <span class='ocr_line' id='line_1_190' title="bbox 80 3623 1144 3662; baseline 0.002 -9"><span class='ocrx_word' id='word_1_1813' title='bbox 80 3626 247 3661; x_wconf 73' lang='lat' dir='ltr'>,obsequium</span> <span class='ocrx_word' id='word_1_1814' title='bbox 261 3623 319 3659; x_wconf 88' lang='lat' dir='ltr'>plus</span> <span class='ocrx_word' id='word_1_1815' title='bbox 337 3633 424 3659; x_wconf 85' lang='lat' dir='ltr'>aequo</span> <span class='ocrx_word' id='word_1_1816' title='bbox 439 3634 539 3660; x_wconf 85' lang='lat' dir='ltr'>pronus</span> <span class='ocrx_word' id='word_1_1817' title='bbox 557 3627 627 3654; x_wconf 89' lang='lat' dir='ltr'>Hor.</span> <span class='ocrx_word' id='word_1_1818' title='bbox 642 3628 721 3662; x_wconf 86' lang='lat' dir='ltr'>Epist.</span> <span class='ocrx_word' id='word_1_1819' title='bbox 737 3637 757 3660; x_wconf 93' lang='lat' dir='ltr'>i,</span> <span class='ocrx_word' id='word_1_1820' title='bbox 770 3634 806 3662; x_wconf 82' lang='lat'>18,</span> <span class='ocrx_word' id='word_1_1821' title='bbox 820 3632 856 3656; x_wconf 87' lang='lat'>16.</span> <span class='ocrx_word' id='word_1_1822' title='bbox 924 3628 1091 3656; x_wconf 81' lang='lat' dir='ltr'>Pronissinius</span> <span class='ocrx_word' id='word_1_1823' title='bbox 1111 3628 1144 3655; x_wconf 87' lang='lat' dir='ltr'>ad</span> 
     </span>
    </p>
   </div>
   <div class='ocr_carea' id='block_1_48' title="bbox 85 3660 1192 3701">
    <p class='ocr_par' dir='ltr' id='par_1_62' title="bbox 85 3660 1192 3701">
     <span class='ocr_line' id='line_1_191' title="bbox 85 3660 1192 3701; baseline -0.001 -11"><span class='ocrx_word' id='word_1_1824' title='bbox 85 3662 264 3697; x_wconf 84' lang='lat' dir='ltr'>indulgentias</span> <span class='ocrx_word' id='word_1_1825' title='bbox 283 3660 449 3695; x_wconf 87' lang='lat' dir='ltr'>Capitol.·in</span> <span class='ocrx_word' id='word_1_1826' title='bbox 468 3662 516 3688; x_wconf 86' lang='lat' dir='ltr'>Pio</span> <span class='ocrx_word' id='word_1_1827' title='bbox 536 3671 559 3690; x_wconf 87' lang='lat' dir='ltr'>c.</span> <span class='ocrx_word' id='word_1_1828' title='bbox 579 3671 618 3688; x_wconf 90' lang='lat'>10.</span> <span class='ocrx_word' id='word_1_1829' title='bbox 649 3683 652 3686; x_wconf 64' lang='lat'>.</span> <span class='ocrx_word' id='word_1_1830' title='bbox 674 3664 716 3690; x_wconf 85' lang='lat' dir='ltr'>Sic</span> <span class='ocrx_word' id='word_1_1831' title='bbox 735 3664 815 3693; x_wconf 84' lang='lat' dir='ltr'>Proui</span> <span class='ocrx_word' id='word_1_1832' title='bbox 828 3666 955 3695; x_wconf 81' lang='lat' dir='ltr'>dicuntur,</span> <span class='ocrx_word' id='word_1_1833' title='bbox 969 3665 1021 3699; x_wconf 69' lang='lat' dir='ltr'>Qui</span> <span class='ocrx_word' id='word_1_1834' title='bbox 1034 3665 1146 3701; x_wconf 75' lang='lat' dir='ltr'>fauent:</span> <span class='ocrx_word' id='word_1_1835' title='bbox 1158 3669 1192 3697; x_wconf 84' lang='lat'>95</span> 
     </span>
    </p>
   </div>
   <div class='ocr_carea' id='block_1_49' title="bbox 85 3697 1145 3807">
    <p class='ocr_par' dir='ltr' id='par_1_63' title="bbox 85 3697 1145 3807">
     <span class='ocr_line' id='line_1_192' title="bbox 86 3697 1145 3735; baseline 0.003 -10"><span class='ocrx_word' id='word_1_1836' title='bbox 86 3698 179 3725; x_wconf 84' lang='lat' dir='ltr'>Tacit.</span> <span class='ocrx_word' id='word_1_1837' title='bbox 193 3697 260 3725; x_wconf 86' lang='lat' dir='ltr'>Hist.</span> <span class='ocrx_word' id='word_1_1838' title='bbox 274 3705 294 3729; x_wconf 82' lang='grc' dir='ltr'>ι,</span> <span class='ocrx_word' id='word_1_1839' title='bbox 310 3705 345 3729; x_wconf 80' lang='lat'>13,</span> <span class='ocrx_word' id='word_1_1840' title='bbox 358 3699 375 3723; x_wconf 93' lang='lat'>6</span> <span class='ocrx_word' id='word_1_1841' title='bbox 402 3697 489 3724; x_wconf 88' lang='lat' dir='ltr'>Prona</span> <span class='ocrx_word' id='word_1_1842' title='bbox 501 3699 531 3724; x_wconf 89' lang='lat' dir='ltr'>in</span> <span class='ocrx_word' id='word_1_1843' title='bbox 541 3707 604 3725; x_wconf 89' lang='lat' dir='ltr'>eum</span> <span class='ocrx_word' id='word_1_1844' title='bbox 617 3698 678 3725; x_wconf 88' lang='lat' dir='ltr'>aula</span> <span class='ocrx_word' id='word_1_1845' title='bbox 690 3699 819 3730; x_wconf 80' lang='lat' dir='ltr'>Neronis.</span> <span class='ocrx_word' id='word_1_1846' title='bbox 859 3700 933 3727; x_wconf 86' lang='lat' dir='ltr'>Idem</span> <span class='ocrx_word' id='word_1_1847' title='bbox 945 3700 1013 3726; x_wconf 88' lang='lat' dir='ltr'>Hist.</span> <span class='ocrx_word' id='word_1_1848' title='bbox 1028 3709 1053 3732; x_wconf 87' lang='lat'>2,</span> <span class='ocrx_word' id='word_1_1849' title='bbox 1067 3708 1114 3735; x_wconf 88' lang='lat'>74,</span> <span class='ocrx_word' id='word_1_1850' title='bbox 1128 3709 1145 3728; x_wconf 76' lang='lat'>2</span> 
     </span>
     <span class='ocr_line' id='line_1_193' title="bbox 85 3733 1143 3772; baseline 0.003 -11"><span class='ocrx_word' id='word_1_1851' title='bbox 85 3734 207 3761; x_wconf 89' lang='lat' dir='ltr'>Muciani</span> <span class='ocrx_word' id='word_1_1852' title='bbox 219 3733 322 3760; x_wconf 83' lang='lat' dir='ltr'>animus</span> <span class='ocrx_word' id='word_1_1853' title='bbox 334 3741 383 3759; x_wconf 86' lang='lat' dir='ltr'>nec</span> <span class='ocrx_word' id='word_1_1854' title='bbox 396 3733 554 3767; x_wconf 76' lang='lat' dir='ltr'>Vespasiano</span> <span class='ocrx_word' id='word_1_1855' title='bbox 569 3733 686 3765; x_wconf 45' lang='lat' dir='ltr'>alienun</span> <span class='ocrx_word' id='word_1_1856' title='bbox 699 3741 725 3762; x_wconf 88' lang='lat' dir='ltr'>et</span> <span class='ocrx_word' id='word_1_1857' title='bbox 739 3736 768 3762; x_wconf 86' lang='lat' dir='ltr'>in</span> <span class='ocrx_word' id='word_1_1858' title='bbox 782 3737 880 3765; x_wconf 89' lang='lat' dir='ltr'>Titum</span> <span class='ocrx_word' id='word_1_1859' title='bbox 895 3737 1017 3772; x_wconf 89' lang='lat' dir='ltr'>pronior.</span> <span class='ocrx_word' id='word_1_1860' title='bbox 1071 3737 1143 3764; x_wconf 87' lang='lat' dir='ltr'>Suet.</span> 
     </span>
     <span class='ocr_line' id='line_1_194' title="bbox 87 3768 1143 3807; baseline 0.005 -13"><span class='ocrx_word' id='word_1_1861' title='bbox 87 3769 167 3797; x_wconf 84' lang='lat' dir='ltr'>Galb.</span> <span class='ocrx_word' id='word_1_1862' title='bbox 178 3779 202 3797; x_wconf 82' lang='lat' dir='ltr'>e.</span> <span class='ocrx_word' id='word_1_1863' title='bbox 215 3778 243 3797; x_wconf 85' lang='lat'>12</span> <span class='ocrx_word' id='word_1_1864' title='bbox 264 3768 375 3797; x_wconf 82' lang='lat' dir='ltr'>Remifit</span> <span class='ocrx_word' id='word_1_1865' title='bbox 389 3768 419 3795; x_wconf 88' lang='lat' dir='ltr'>in</span> <span class='ocrx_word' id='word_1_1866' title='bbox 433 3770 546 3803; x_wconf 88' lang='lat' dir='ltr'>patriam</span> <span class='ocrx_word' id='word_1_1867' title='bbox 559 3769 630 3805; x_wconf 82' lang='lat' dir='ltr'>quali</span> <span class='ocrx_word' id='word_1_1868' title='bbox 646 3771 695 3797; x_wconf 89' lang='lat' dir='ltr'>Cn.</span> <span class='ocrx_word' id='word_1_1869' title='bbox 709 3771 864 3800; x_wconf 89' lang='lat' dir='ltr'>Dolabellae</span> <span class='ocrx_word' id='word_1_1870' title='bbox 877 3772 1043 3807; x_wconf 86' lang='lat' dir='ltr'>proniorem.</span> <span class='ocrx_word' id='word_1_1871' title='bbox 1097 3773 1143 3799; x_wconf 86' lang='lat' dir='ltr'>Pa·</span> 
     </span>
    </p>
   </div>
   <div class='ocr_carea' id='block_1_50' title="bbox 90 3805 1143 3845">
    <p class='ocr_par' dir='ltr' id='par_1_64' title="bbox 90 3805 1143 3845">
     <span class='ocr_line' id='line_1_195' title="bbox 90 3805 1143 3845; baseline 0.003 -13"><span class='ocrx_word' id='word_1_1872' title='bbox 90 3812 155 3833; x_wconf 89' lang='lat' dir='ltr'>terc.</span> <span class='ocrx_word' id='word_1_1873' title='bbox 170 3813 192 3836; x_wconf 90' lang='lat'>2,</span> <span class='ocrx_word' id='word_1_1874' title='bbox 203 3808 249 3845; x_wconf 73' lang='lat'>69,</span> <span class='ocrx_word' id='word_1_1875' title='bbox 261 3808 279 3834; x_wconf 89' lang='lat'>6</span> <span class='ocrx_word' id='word_1_1876' title='bbox 305 3807 394 3839; x_wconf 72' lang='lat' dir='ltr'>Quem</span> <span class='ocrx_word' id='word_1_1877' title='bbox 415 3805 528 3840; x_wconf 87' lang='lat' dir='ltr'>pronior</span> <span class='ocrx_word' id='word_1_1878' title='bbox 541 3806 650 3833; x_wconf 75' lang='lat' dir='ltr'>Fortuna</span> <span class='ocrx_word' id='word_1_1879' title='bbox 662 3807 813 3838; x_wconf 72' lang='lat' dir='ltr'>comitatur.</span> <span class='ocrx_word' id='word_1_1880' title='bbox 991 3805 1012 3844; x_wconf 59' lang='lat' dir='ltr'>fl</span> <span class='ocrx_word' id='word_1_1881' title='bbox 1032 3816 1045 3840; x_wconf 82' lang='lat'>3</span> <span class='ocrx_word' id='word_1_1882' title='bbox 1085 3808 1143 3835; x_wconf 86' lang='lat' dir='ltr'>Sub-</span> 
     </span>
    </p>
   </div>
   <div class='ocr_carea' id='block_1_51' title="bbox 943 3302 1766 3339">
    <p class='ocr_par' dir='ltr' id='par_1_65' title="bbox 943 3302 1766 3339">
     <span class='ocr_line' id='line_1_196' title="bbox 943 3302 1766 3339; baseline 0.002 -11"><span class='ocrx_word' id='word_1_1883' title='bbox 943 3302 1056 3329; x_wconf 90' lang='lat' dir='ltr'>Pronior</span> <span class='ocrx_word' id='word_1_1884' title='bbox 1077 3302 1142 3329; x_wconf 88' lang='lat' dir='ltr'>huic</span> <span class='ocrx_word' id='word_1_1885' title='bbox 1155 3307 1186 3336; x_wconf 91' lang='lat'>85</span> <span class='ocrx_word' id='word_1_1886' title='bbox 1208 3305 1314 3332; x_wconf 86' lang='lat' dir='ltr'>Lucret.</span> <span class='ocrx_word' id='word_1_1887' title='bbox 1324 3313 1344 3338; x_wconf 92' lang='lat' dir='ltr'>i,</span> <span class='ocrx_word' id='word_1_1888' title='bbox 1358 3313 1391 3338; x_wconf 84' lang='lat'>43</span> <span class='ocrx_word' id='word_1_1889' title='bbox 1426 3304 1540 3332; x_wconf 81' lang='lat' dir='ltr'>Memmi</span> <span class='ocrx_word' id='word_1_1890' title='bbox 1556 3305 1625 3331; x_wconf 90' lang='lat' dir='ltr'>clara</span> <span class='ocrx_word' id='word_1_1891' title='bbox 1639 3311 1766 3339; x_wconf 86' lang='lat' dir='ltr'>propago.</span> 
     </span>
    </p>
   </div>
   <div class='ocr_carea' id='block_1_52' title="bbox 630 3484 1194 3520">
    <p class='ocr_par' dir='ltr' id='par_1_66' title="bbox 630 3484 1194 3520">
     <span class='ocr_line' id='line_1_197' title="bbox 630 3484 1194 3520; baseline -0.002 -9"><span class='ocrx_word' id='word_1_1892' title='bbox 630 3484 672 3511; x_wconf 82' lang='lat' dir='ltr'>Ad</span> <span class='ocrx_word' id='word_1_1893' title='bbox 691 3485 772 3512; x_wconf 84' lang='lat' dir='ltr'>fidem</span> <span class='ocrx_word' id='word_1_1894' title='bbox 791 3486 900 3520; x_wconf 88' lang='lat' dir='ltr'>pronius</span> <span class='ocrx_word' id='word_1_1895' title='bbox 918 3484 955 3511; x_wconf 90' lang='lat' dir='ltr'>est</span> <span class='ocrx_word' id='word_1_1896' title='bbox 975 3484 1036 3511; x_wconf 91' lang='lat' dir='ltr'>Liu.</span> <span class='ocrx_word' id='word_1_1897' title='bbox 1051 3492 1089 3515; x_wconf 87' lang='lat'>21,</span> <span class='ocrx_word' id='word_1_1898' title='bbox 1102 3488 1143 3514; x_wconf 86' lang='lat'>28·</span> <span class='ocrx_word' id='word_1_1899' title='bbox 1157 3494 1194 3520; x_wconf 92' lang='lat'>90</span> 
     </span>
    </p>
   </div>
   <div class='ocr_carea' id='block_1_53' title="bbox 1207 3160 2276 3200">
    <p class='ocr_par' dir='ltr' id='par_1_67' title="bbox 1207 3160 2276 3200">
     <span class='ocr_line' id='line_1_198' title="bbox 1207 3160 2276 3200; baseline 0.006 -14"><span class='ocrx_word' id='word_1_1900' title='bbox 1207 3160 1367 3194; x_wconf 84' lang='lat' dir='ltr'>cognoscere</span> <span class='ocrx_word' id='word_1_1901' title='bbox 1392 3160 1484 3195; x_wconf 81' lang='lat' dir='ltr'>Nepos</span> <span class='ocrx_word' id='word_1_1902' title='bbox 1493 3167 1532 3192; x_wconf 85' lang='lat'>25,</span> <span class='ocrx_word' id='word_1_1903' title='bbox 1541 3165 1577 3192; x_wconf 89' lang='lat'>18,</span> <span class='ocrx_word' id='word_1_1904' title='bbox 1585 3168 1608 3186; x_wconf 86' lang='lat'>2.</span> <span class='ocrx_word' id='word_1_1905' title='bbox 1714 3160 1816 3187; x_wconf 76' lang='lat' dir='ltr'>Au6tor</span> <span class='ocrx_word' id='word_1_1906' title='bbox 1831 3160 1985 3194; x_wconf 82' lang='lat' dir='ltr'>propaginis</span> <span class='ocrx_word' id='word_1_1907' title='bbox 2022 3162 2211 3197; x_wconf 83' lang='lat' dir='ltr'>Ouid.Fast.3,</span> <span class='ocrx_word' id='word_1_1908' title='bbox 2222 3173 2276 3200; x_wconf 86' lang='lat'>157.</span> 
     </span>
    </p>
   </div>
   <div class='ocr_carea' id='block_1_54' title="bbox 1182 3195 2278 3236">
    <p class='ocr_par' dir='ltr' id='par_1_68' title="bbox 1182 3195 2278 3236">
     <span class='ocr_line' id='line_1_199' title="bbox 1182 3195 2278 3236; baseline 0.005 -13"><span class='ocrx_word' id='word_1_1909' title='bbox 1182 3216 1186 3219; x_wconf 88' lang='lat'>-</span> <span class='ocrx_word' id='word_1_1910' title='bbox 1207 3196 1248 3223; x_wconf 91' lang='lat' dir='ltr'>Id.</span> <span class='ocrx_word' id='word_1_1911' title='bbox 1269 3197 1334 3222; x_wconf 92' lang='lat' dir='ltr'>Met.</span> <span class='ocrx_word' id='word_1_1912' title='bbox 1350 3204 1370 3228; x_wconf 91' lang='lat' dir='ltr'>i,</span> <span class='ocrx_word' id='word_1_1913' title='bbox 1384 3198 1430 3223; x_wconf 87' lang='lat'>160</span> <span class='ocrx_word' id='word_1_1914' title='bbox 1469 3196 1520 3223; x_wconf 87' lang='lat' dir='ltr'>Sed</span> <span class='ocrx_word' id='word_1_1915' title='bbox 1534 3202 1560 3223; x_wconf 86' lang='lat' dir='ltr'>et</span> <span class='ocrx_word' id='word_1_1916' title='bbox 1574 3195 1620 3223; x_wconf 89' lang='lat' dir='ltr'>illa</span> <span class='ocrx_word' id='word_1_1917' title='bbox 1638 3205 1756 3232; x_wconf 84' lang='lat' dir='ltr'>propago</span> <span class='ocrx_word' id='word_1_1918' title='bbox 1777 3196 1948 3223; x_wconf 79' lang='lat' dir='ltr'>Contemtrix</span> <span class='ocrx_word' id='word_1_1919' title='bbox 1965 3198 2104 3232; x_wconf 68' lang='lat' dir='ltr'>supersim,</span> <span class='ocrx_word' id='word_1_1920' title='bbox 2131 3200 2278 3236; x_wconf 85' lang='lat' dir='ltr'>saeuaeque</span> 
     </span>
    </p>
   </div>
   <div class='ocr_carea' id='block_1_55' title="bbox 1205 3231 2279 3846">
    <p class='ocr_par' dir='ltr' id='par_1_69' title="bbox 1208 3231 2279 3487">
     <span class='ocr_line' id='line_1_200' title="bbox 1208 3231 2277 3272; baseline 0.002 -13"><span class='ocrx_word' id='word_1_1921' title='bbox 1208 3231 1357 3259; x_wconf 84' lang='lat' dir='ltr'>auidissima</span> <span class='ocrx_word' id='word_1_1922' title='bbox 1377 3231 1474 3259; x_wconf 88' lang='lat' dir='ltr'>caedis.</span> <span class='ocrx_word' id='word_1_1923' title='bbox 1576 3232 1680 3267; x_wconf 81' lang='lat' dir='ltr'>Plin.7,</span> <span class='ocrx_word' id='word_1_1924' title='bbox 1698 3240 1728 3265; x_wconf 77' lang='lat'>14</span> <span class='ocrx_word' id='word_1_1925' title='bbox 1766 3231 1927 3258; x_wconf 89' lang='lat' dir='ltr'>Liberorum</span> <span class='ocrx_word' id='word_1_1926' title='bbox 1948 3234 2008 3267; x_wconf 91' lang='lat' dir='ltr'>pius</span> <span class='ocrx_word' id='word_1_1927' title='bbox 2020 3235 2138 3262; x_wconf 90' lang='lat' dir='ltr'>aliorum</span> <span class='ocrx_word' id='word_1_1928' title='bbox 2156 3245 2277 3272; x_wconf 79' lang='lat' dir='ltr'>propago</span> 
     </span>
     <span class='ocr_line' id='line_1_201' title="bbox 1209 3267 2278 3307; baseline 0.005 -12"><span class='ocrx_word' id='word_1_1929' title='bbox 1209 3269 1270 3295; x_wconf 88' lang='lat' dir='ltr'>sunt</span> <span class='ocrx_word' id='word_1_1930' title='bbox 1290 3268 1426 3295; x_wconf 90' lang='lat' dir='ltr'>Liciniani</span> <span class='ocrx_word' id='word_1_1931' title='bbox 1444 3268 1643 3303; x_wconf 74' lang='lat' dir='ltr'>cognominati.</span> <span class='ocrx_word' id='word_1_1932' title='bbox 1751 3267 1850 3295; x_wconf 89' lang='lat' dir='ltr'>Blanda</span> <span class='ocrx_word' id='word_1_1933' title='bbox 1871 3269 2020 3296; x_wconf 89' lang='lat' dir='ltr'>catulorum</span> <span class='ocrx_word' id='word_1_1934' title='bbox 2051 3271 2198 3305; x_wconf 80' lang='lat' dir='ltr'>Lucret.4,</span> <span class='ocrx_word' id='word_1_1935' title='bbox 2218 3281 2278 3307; x_wconf 83' lang='lat'>995.</span> 
     </span>
     <span class='ocr_line' id='line_1_202' title="bbox 1877 3305 2276 3337; baseline 0.008 -7"><span class='ocrx_word' id='word_1_1936' title='bbox 1877 3305 2003 3337; x_wconf 75' lang='lat' dir='ltr'>Versata,</span> <span class='ocrx_word' id='word_1_1937' title='bbox 2020 3308 2154 3334; x_wconf 79' lang='lat' dir='ltr'>Autolicus</span> <span class='ocrx_word' id='word_1_1938' title='bbox 2191 3308 2276 3336; x_wconf 82' lang='lat' dir='ltr'>Ouid.</span> 
     </span>
     <span class='ocr_line' id='line_1_203' title="bbox 1208 3340 1720 3376; baseline -0.002 -9"><span class='ocrx_word' id='word_1_1939' title='bbox 1208 3342 1275 3368; x_wconf 90' lang='lat' dir='ltr'>Met.</span> <span class='ocrx_word' id='word_1_1940' title='bbox 1286 3350 1316 3371; x_wconf 86' lang='lat'>11,</span> <span class='ocrx_word' id='word_1_1941' title='bbox 1331 3350 1380 3373; x_wconf 80' lang='lat'><strong>3¹²·</strong></span> <span class='ocrx_word' id='word_1_1942' title='bbox 1539 3340 1700 3376; x_wconf 83' lang='lat' dir='ltr'>Obseruemus</span> <span class='ocrx_word' id='word_1_1943' title='bbox 1712 3350 1720 3366; x_wconf 89' lang='lat'><em>:</em></span> 
     </span>
     <span class='ocr_line' id='line_1_204' title="bbox 1209 3376 2279 3416; baseline 0 -13"><span class='ocrx_word' id='word_1_1944' title='bbox 1209 3387 1275 3404; x_wconf 77' lang='lat' dir='ltr'>nunc</span> <span class='ocrx_word' id='word_1_1945' title='bbox 1283 3377 1406 3413; x_wconf 80' lang='lat' dir='ltr'>produci,</span> <span class='ocrx_word' id='word_1_1946' title='bbox 1430 3387 1496 3405; x_wconf 84' lang='lat' dir='ltr'>nunc</span> <span class='ocrx_word' id='word_1_1947' title='bbox 1509 3379 1622 3411; x_wconf 83' lang='lat' dir='ltr'>corripi:</span> <span class='ocrx_word' id='word_1_1948' title='bbox 1728 3376 1799 3403; x_wconf 83' lang='lat' dir='ltr'>Certe</span> <span class='ocrx_word' id='word_1_1949' title='bbox 1837 3377 1944 3404; x_wconf 86' lang='lat' dir='ltr'>Lucrct.</span> <span class='ocrx_word' id='word_1_1950' title='bbox 1954 3385 1975 3410; x_wconf 90' lang='lat'>5,</span> <span class='ocrx_word' id='word_1_1951' title='bbox 1989 3383 2041 3411; x_wconf 78' lang='lat'>848</span> <span class='ocrx_word' id='word_1_1952' title='bbox 2078 3380 2114 3406; x_wconf 87' lang='lat' dir='ltr'>Vt</span> <span class='ocrx_word' id='word_1_1953' title='bbox 2133 3389 2279 3416; x_wconf 68' lang='lat' dir='ltr'>propagan.</span> 
     </span>
     <span class='ocr_line' id='line_1_205' title="bbox 1210 3412 2278 3450; baseline 0.005 -10"><span class='ocrx_word' id='word_1_1954' title='bbox 1210 3414 1246 3441; x_wconf 92' lang='lat' dir='ltr'>do</span> <span class='ocrx_word' id='word_1_1955' title='bbox 1260 3413 1334 3448; x_wconf 83' lang='lat' dir='ltr'>possit</span> <span class='ocrx_word' id='word_1_1956' title='bbox 1346 3414 1494 3449; x_wconf 84' lang='lat' dir='ltr'>producere</span> <span class='ocrx_word' id='word_1_1957' title='bbox 1507 3412 1598 3439; x_wconf 87' lang='lat' dir='ltr'>saecla.</span> <span class='ocrx_word' id='word_1_1958' title='bbox 1654 3412 1687 3439; x_wconf 83' lang='lat' dir='ltr'>In</span> <span class='ocrx_word' id='word_1_1959' title='bbox 1696 3415 1785 3447; x_wconf 81' lang='lat' dir='ltr'>priore</span> <span class='ocrx_word' id='word_1_1960' title='bbox 1799 3419 1880 3439; x_wconf 80' lang='lat' dir='ltr'>tamen</span> <span class='ocrx_word' id='word_1_1961' title='bbox 1887 3412 2037 3450; x_wconf 74' lang='lat' dir='ltr'>significatu</span> <span class='ocrx_word' id='word_1_1962' title='bbox 2057 3419 2177 3443; x_wconf 75' lang='lat' dir='ltr'>neminem</span> <span class='ocrx_word' id='word_1_1963' title='bbox 2191 3426 2220 3444; x_wconf 82' lang='lat' dir='ltr'>ex</span> <span class='ocrx_word' id='word_1_1964' title='bbox 2232 3427 2278 3445; x_wconf 82' lang='lat' dir='ltr'>an-</span> 
     </span>
     <span class='ocr_line' id='line_1_206' title="bbox 1209 3448 2219 3487; baseline -0.005 -10"><span class='ocrx_word' id='word_1_1965' title='bbox 1209 3453 1291 3487; x_wconf 77' lang='lat' dir='ltr'>tiquis</span> <span class='ocrx_word' id='word_1_1966' title='bbox 1303 3453 1346 3486; x_wconf 86' lang='lat' dir='ltr'>qui</span> <span class='ocrx_word' id='word_1_1967' title='bbox 1358 3452 1525 3486; x_wconf 83' lang='lat' dir='ltr'>corripuerit,</span> <span class='ocrx_word' id='word_1_1968' title='bbox 1545 3448 1647 3475; x_wconf 85' lang='lat' dir='ltr'>laudari</span> <span class='ocrx_word' id='word_1_1969' title='bbox 1659 3448 1740 3475; x_wconf 82' lang='lat' dir='ltr'>video.</span> <span class='ocrx_word' id='word_1_1970' title='bbox 2217 3457 2219 3461; x_wconf 61' lang='lat'><em>⁴</em></span> 
     </span>
    </p>

    <p class='ocr_par' dir='ltr' id='par_1_70' title="bbox 1209 3484 2278 3667">
     <span class='ocr_line' id='line_1_207' title="bbox 1247 3484 2278 3520; baseline 0.005 -8"><span class='ocrx_word' id='word_1_1971' title='bbox 1247 3492 1262 3512; x_wconf 81' lang='grc' dir='ltr'><em>Ρ</em></span> <span class='ocrx_word' id='word_1_1972' title='bbox 1274 3492 1293 3513; x_wconf 87' lang='lat' dir='ltr'>R</span> <span class='ocrx_word' id='word_1_1973' title='bbox 1305 3492 1349 3514; x_wconf 85' lang='lat' dir='ltr'>oP</span> <span class='ocrx_word' id='word_1_1974' title='bbox 1358 3493 1410 3514; x_wconf 88' lang='lat' dir='ltr'>AG</span> <span class='ocrx_word' id='word_1_1975' title='bbox 1422 3493 1439 3513; x_wconf 82' lang='lat' dir='ltr'>E</span> <span class='ocrx_word' id='word_1_1976' title='bbox 1450 3494 1473 3518; x_wconf 85' lang='lat' dir='ltr'>s,</span> <span class='ocrx_word' id='word_1_1977' title='bbox 1486 3485 1519 3511; x_wconf 81' lang='lat' dir='ltr'>is.</span> <span class='ocrx_word' id='word_1_1978' title='bbox 1541 3485 1560 3511; x_wconf 91' lang='lat' dir='ltr'>f.</span> <span class='ocrx_word' id='word_1_1979' title='bbox 1616 3486 1702 3518; x_wconf 75' lang='lat' dir='ltr'>inquit</span> <span class='ocrx_word' id='word_1_1980' title='bbox 1716 3484 1825 3511; x_wconf 89' lang='lat' dir='ltr'>Nonius</span> <span class='ocrx_word' id='word_1_1981' title='bbox 1833 3493 1853 3517; x_wconf 89' lang='grc' dir='ltr'>ι,</span> <span class='ocrx_word' id='word_1_1982' title='bbox 1868 3492 1915 3520; x_wconf 80' lang='lat'>327</span> <span class='ocrx_word' id='word_1_1983' title='bbox 1929 3485 2055 3513; x_wconf 86' lang='lat' dir='ltr'>cstSeries</span> <span class='ocrx_word' id='word_1_1984' title='bbox 2070 3493 2096 3514; x_wconf 86' lang='lat' dir='ltr'>et</span> <span class='ocrx_word' id='word_1_1985' title='bbox 2110 3487 2201 3516; x_wconf 82' lang='lat' dir='ltr'>affixio</span> <span class='ocrx_word' id='word_1_1986' title='bbox 2215 3498 2278 3516; x_wconf 85' lang='lat' dir='ltr'>con-</span> 
     </span>
     <span class='ocr_line' id='line_1_208' title="bbox 1209 3520 2275 3560; baseline 0.002 -10"><span class='ocrx_word' id='word_1_1987' title='bbox 1209 3522 1302 3556; x_wconf 84' lang='lat' dir='ltr'>tinua,</span> <span class='ocrx_word' id='word_1_1988' title='bbox 1329 3523 1372 3550; x_wconf 91' lang='lat' dir='ltr'>vel</span> <span class='ocrx_word' id='word_1_1989' title='bbox 1393 3523 1472 3556; x_wconf 85' lang='lat' dir='ltr'>longe</span> <span class='ocrx_word' id='word_1_1990' title='bbox 1493 3520 1581 3547; x_wconf 69' lang='lat' dir='ltr'>dut‘fta.</span> <span class='ocrx_word' id='word_1_1991' title='bbox 1638 3521 1717 3554; x_wconf 84' lang='lat' dir='ltr'>Pages</span> <span class='ocrx_word' id='word_1_1992' title='bbox 1742 3520 1815 3547; x_wconf 87' lang='lat' dir='ltr'>enim</span> <span class='ocrx_word' id='word_1_1993' title='bbox 1829 3521 1995 3555; x_wconf 68' lang='lat' dir='ltr'>compatffio:</span> <span class='ocrx_word' id='word_1_1994' title='bbox 2030 3523 2102 3550; x_wconf 86' lang='lat' dir='ltr'>vnde</span> <span class='ocrx_word' id='word_1_1995' title='bbox 2115 3524 2275 3560; x_wconf 84' lang='lat' dir='ltr'>Compages,</span> 
     </span>
     <span class='ocr_line' id='line_1_209' title="bbox 1210 3556 2278 3596; baseline -0.003 -11"><span class='ocrx_word' id='word_1_1996' title='bbox 1210 3564 1236 3585; x_wconf 90' lang='lat' dir='ltr'>et</span> <span class='ocrx_word' id='word_1_1997' title='bbox 1250 3560 1415 3594; x_wconf 71' lang='lat' dir='ltr'>Propagare‚</span> <span class='ocrx_word' id='word_1_1998' title='bbox 1437 3556 1465 3583; x_wconf 89' lang='lat' dir='ltr'>id</span> <span class='ocrx_word' id='word_1_1999' title='bbox 1480 3556 1517 3583; x_wconf 88' lang='lat' dir='ltr'>est</span> <span class='ocrx_word' id='word_1_2000' title='bbox 1532 3565 1614 3591; x_wconf 87' lang='lat' dir='ltr'>genus</span> <span class='ocrx_word' id='word_1_2001' title='bbox 1629 3556 1721 3591; x_wconf 84' lang='lat' dir='ltr'>Longe</span> <span class='ocrx_word' id='word_1_2002' title='bbox 1734 3556 1851 3583; x_wconf 88' lang='lat' dir='ltr'>mittere.</span> <span class='ocrx_word' id='word_1_2003' title='bbox 1906 3557 2053 3591; x_wconf 85' lang='lat' dir='ltr'>Pacuuius,</span> <span class='ocrx_word' id='word_1_2004' title='bbox 2073 3559 2179 3587; x_wconf 81' lang='lat' dir='ltr'>Saluete</span> <span class='ocrx_word' id='word_1_2005' title='bbox 2194 3562 2278 3596; x_wconf 76' lang='lat' dir='ltr'>gemi.</span> 
     </span>
     <span class='ocr_line' id='line_1_210' title="bbox 1211 3592 2277 3630; baseline 0.002 -8"><span class='ocrx_word' id='word_1_2006' title='bbox 1211 3595 1240 3621; x_wconf 88' lang='lat' dir='ltr'>ni</span> <span class='ocrx_word' id='word_1_2007' title='bbox 1260 3604 1317 3622; x_wconf 88' lang='lat' dir='ltr'>mea</span> <span class='ocrx_word' id='word_1_2008' title='bbox 1339 3602 1467 3630; x_wconf 84' lang='lat' dir='ltr'>propages</span> <span class='ocrx_word' id='word_1_2009' title='bbox 1484 3593 1628 3627; x_wconf 83' lang='lat' dir='ltr'>sanguinis.</span> <span class='ocrx_word' id='word_1_2010' title='bbox 1721 3593 1837 3626; x_wconf 83' lang='lat' dir='ltr'>Ennius,</span> <span class='ocrx_word' id='word_1_2011' title='bbox 1873 3592 1963 3620; x_wconf 84' lang='lat' dir='ltr'>Nobis</span> <span class='ocrx_word' id='word_1_2012' title='bbox 1976 3593 2047 3622; x_wconf 88' lang='lat' dir='ltr'>vnde</span> <span class='ocrx_word' id='word_1_2013' title='bbox 2059 3595 2149 3623; x_wconf 86' lang='lat' dir='ltr'>forent</span> <span class='ocrx_word' id='word_1_2014' title='bbox 2162 3597 2277 3630; x_wconf 56' lang='lat' dir='ltr'>trudas,</span> 
     </span>
     <span class='ocr_line' id='line_1_211' title="bbox 1210 3630 1746 3667; baseline -0.009 -8"><span class='ocrx_word' id='word_1_2015' title='bbox 1210 3631 1339 3667; x_wconf 89' lang='lat' dir='ltr'>vitaeque</span> <span class='ocrx_word' id='word_1_2016' title='bbox 1352 3638 1498 3665; x_wconf 85' lang='lat' dir='ltr'>propages,</span> <span class='ocrx_word' id='word_1_2017' title='bbox 1522 3631 1555 3656; x_wconf 85' lang='lat' dir='ltr'>al.</span> <span class='ocrx_word' id='word_1_2018' title='bbox 1570 3630 1746 3663; x_wconf 85' lang='lat' dir='ltr'>Propagnien.</span> 
     </span>
    </p>

    <p class='ocr_par' dir='ltr' id='par_1_71' title="bbox 1205 3664 2277 3846">
     <span class='ocr_line' id='line_1_212' title="bbox 1247 3664 2277 3704; baseline -0.001 -11"><span class='ocrx_word' id='word_1_2019' title='bbox 1247 3674 1263 3694; x_wconf 83' lang='grc' dir='ltr'>Ρ</span> <span class='ocrx_word' id='word_1_2020' title='bbox 1271 3675 1291 3695; x_wconf 84' lang='lat' dir='ltr'>R</span> <span class='ocrx_word' id='word_1_2021' title='bbox 1301 3674 1319 3693; x_wconf 87' lang='lat' dir='ltr'>O</span> <span class='ocrx_word' id='word_1_2022' title='bbox 1331 3673 1346 3692; x_wconf 85' lang='lat' dir='ltr'>P</span> <span class='ocrx_word' id='word_1_2023' title='bbox 1358 3667 1380 3692; x_wconf 66' lang='lat' dir='ltr'><strong><em>A</em></strong></span> <span class='ocrx_word' id='word_1_2024' title='bbox 1389 3672 1411 3692; x_wconf 90' lang='lat' dir='ltr'>G</span> <span class='ocrx_word' id='word_1_2025' title='bbox 1423 3673 1443 3692; x_wconf 91' lang='lat'>0</span> <span class='ocrx_word' id='word_1_2026' title='bbox 1452 3685 1461 3698; x_wconf 87' lang='lat'>,</span> <span class='ocrx_word' id='word_1_2027' title='bbox 1478 3669 1532 3692; x_wconf 74' lang='lat' dir='ltr'>are.</span> <span class='ocrx_word' id='word_1_2028' title='bbox 1589 3665 1763 3699; x_wconf 69' lang='grc' dir='ltr'>[κατατίθημι</span> <span class='ocrx_word' id='word_1_2029' title='bbox 1775 3664 1788 3698; x_wconf 90' lang='grc'>]</span> <span class='ocrx_word' id='word_1_2030' title='bbox 1849 3665 1931 3691; x_wconf 80' lang='lat' dir='ltr'>Vitem</span> <span class='ocrx_word' id='word_1_2031' title='bbox 1945 3668 2055 3693; x_wconf 77' lang='lat' dir='ltr'>vetulam</span> <span class='ocrx_word' id='word_1_2032' title='bbox 2067 3667 2232 3704; x_wconf 66' lang='lat' dir='ltr'>supprimere,</span> <span class='ocrx_word' id='word_1_2033' title='bbox 2245 3672 2277 3692; x_wconf 82' lang='lat' dir='ltr'>vt</span> 
     </span>
     <span class='ocr_line' id='line_1_213' title="bbox 1211 3700 2275 3737; baseline 0.001 -7"><span class='ocrx_word' id='word_1_2034' title='bbox 1211 3713 1240 3731; x_wconf 85' lang='lat' dir='ltr'>ex</span> <span class='ocrx_word' id='word_1_2035' title='bbox 1254 3713 1283 3730; x_wconf 85' lang='lat' dir='ltr'>ea</span> <span class='ocrx_word' id='word_1_2036' title='bbox 1295 3712 1346 3729; x_wconf 84' lang='lat' dir='ltr'>vna</span> <span class='ocrx_word' id='word_1_2037' title='bbox 1354 3700 1528 3737; x_wconf 78' lang='lat' dir='ltr'>pluresfiant.</span> <span class='ocrx_word' id='word_1_2038' title='bbox 1585 3702 1654 3727; x_wconf 90' lang='lat' dir='ltr'>Cato</span> <span class='ocrx_word' id='word_1_2039' title='bbox 1668 3710 1730 3734; x_wconf 78' lang='lat' dir='ltr'>c.32</span> <span class='ocrx_word' id='word_1_2040' title='bbox 1765 3700 1840 3727; x_wconf 78' lang='lat' dir='ltr'>Vites</span> <span class='ocrx_word' id='word_1_2041' title='bbox 1853 3709 1980 3736; x_wconf 84' lang='lat' dir='ltr'>propages</span> <span class='ocrx_word' id='word_1_2042' title='bbox 1995 3703 2023 3729; x_wconf 92' lang='lat' dir='ltr'>in</span> <span class='ocrx_word' id='word_1_2043' title='bbox 2038 3704 2130 3730; x_wconf 84' lang='lat' dir='ltr'>sulcos.</span> <span class='ocrx_word' id='word_1_2044' title='bbox 2221 3703 2275 3728; x_wconf 82' lang='lat' dir='ltr'>Hu-</span> 
     </span>
     <span class='ocr_line' id='line_1_214' title="bbox 1209 3736 2275 3773; baseline -0.003 -7"><span class='ocrx_word' id='word_1_2045' title='bbox 1209 3743 1250 3767; x_wconf 79' lang='lat' dir='ltr'>ius</span> <span class='ocrx_word' id='word_1_2046' title='bbox 1263 3739 1333 3766; x_wconf 76' lang='lat' dir='ltr'>verbi</span> <span class='ocrx_word' id='word_1_2047' title='bbox 1341 3740 1453 3773; x_wconf 87' lang='lat' dir='ltr'>primam</span> <span class='ocrx_word' id='word_1_2048' title='bbox 1459 3737 1584 3773; x_wconf 52' lang='grc' dir='ltr'>μβκΙΙιιῦαιη</span> <span class='ocrx_word' id='word_1_2049' title='bbox 1599 3737 1740 3764; x_wconf 86' lang='lat' dir='ltr'>Lucretius</span> <span class='ocrx_word' id='word_1_2050' title='bbox 1753 3736 1823 3763; x_wconf 84' lang='lat' dir='ltr'>modo</span> <span class='ocrx_word' id='word_1_2051' title='bbox 1831 3737 1963 3771; x_wconf 78' lang='lat' dir='ltr'>producit,</span> <span class='ocrx_word' id='word_1_2052' title='bbox 1983 3739 2052 3766; x_wconf 82' lang='lat' dir='ltr'>modo</span> <span class='ocrx_word' id='word_1_2053' title='bbox 2065 3741 2178 3773; x_wconf 82' lang='lat' dir='ltr'>corripit,</span> <span class='ocrx_word' id='word_1_2054' title='bbox 2200 3739 2275 3763; x_wconf 74' lang='lat' dir='ltr'>Prae—</span> 
     </span>
     <span class='ocr_line' id='line_1_215' title="bbox 1205 3772 2276 3812; baseline -0.004 -10"><span class='ocrx_word' id='word_1_2055' title='bbox 1205 3775 1352 3812; x_wconf 81' lang='lat' dir='ltr'>pofitionem</span> <span class='ocrx_word' id='word_1_2056' title='bbox 1365 3774 1416 3801; x_wconf 86' lang='lat' dir='ltr'>Pro</span> <span class='ocrx_word' id='word_1_2057' title='bbox 1429 3777 1457 3800; x_wconf 82' lang='lat' dir='ltr'>in</span> <span class='ocrx_word' id='word_1_2058' title='bbox 1465 3775 1593 3809; x_wconf 76' lang='lat' dir='ltr'>plerisque</span> <span class='ocrx_word' id='word_1_2059' title='bbox 1605 3773 1746 3809; x_wconf 69' lang='lat' dir='ltr'>compositis</span> <span class='ocrx_word' id='word_1_2060' title='bbox 1753 3772 1858 3808; x_wconf 73' lang='lat' dir='ltr'>faciens</span> <span class='ocrx_word' id='word_1_2061' title='bbox 1867 3777 2010 3809; x_wconf 75' lang='lat' dir='ltr'>ancipitem.</span> <span class='ocrx_word' id='word_1_2062' title='bbox 2078 3776 2200 3800; x_wconf 63' lang='lat' dir='ltr'>Caeterum</span> <span class='ocrx_word' id='word_1_2063' title='bbox 2213 3774 2276 3799; x_wconf 83' lang='lat' dir='ltr'>Pro-</span> 
     </span>
     <span class='ocr_line' id='line_1_216' title="bbox 1210 3809 2274 3846; baseline -0.002 -9"><span class='ocrx_word' id='word_1_2064' title='bbox 1210 3819 1316 3846; x_wconf 82' lang='lat' dir='ltr'>pagare,</span> <span class='ocrx_word' id='word_1_2065' title='bbox 1330 3817 1379 3845; x_wconf 82' lang='lat' dir='ltr'>per</span> <span class='ocrx_word' id='word_1_2066' title='bbox 1391 3812 1583 3837; x_wconf 81' lang='lat' dir='ltr'>translationem</span> <span class='ocrx_word' id='word_1_2067' title='bbox 1592 3829 1601 3842; x_wconf 86' lang='lat'>,</span> <span class='ocrx_word' id='word_1_2068' title='bbox 1617 3813 1724 3845; x_wconf 85' lang='lat' dir='ltr'>ponitur</span> <span class='ocrx_word' id='word_1_2069' title='bbox 1731 3815 1781 3843; x_wconf 86' lang='lat' dir='ltr'>pro</span> <span class='ocrx_word' id='word_1_2070' title='bbox 1795 3809 1932 3841; x_wconf 68' lang='lat' dir='ltr'>extendere,</span> <span class='ocrx_word' id='word_1_2071' title='bbox 1950 3818 1973 3836; x_wconf 83' lang='lat' dir='ltr'>et</span> <span class='ocrx_word' id='word_1_2072' title='bbox 1988 3811 2102 3836; x_wconf 74' lang='lat' dir='ltr'>dilatare.</span> <span class='ocrx_word' id='word_1_2073' title='bbox 2215 3809 2274 3835; x_wconf 91' lang='lat' dir='ltr'>Cic.</span> 
     </span>
    </p>
   </div>
   <div class='ocr_carea' id='block_1_56' title="bbox 1778 3340 2295 3381">
    <p class='ocr_par' dir='ltr' id='par_1_72' title="bbox 1778 3340 2295 3381">
     <span class='ocr_line' id='line_1_217' title="bbox 1778 3340 2295 3381; baseline 0.012 -15"><span class='ocrx_word' id='word_1_2074' title='bbox 1778 3340 1900 3375; x_wconf 87' lang='lat' dir='ltr'>Propago</span> <span class='ocrx_word' id='word_1_2075' title='bbox 1908 3360 1915 3372; x_wconf 91' lang='lat'>,</span> <span class='ocrx_word' id='word_1_2076' title='bbox 1935 3344 1963 3367; x_wconf 86' lang='lat' dir='ltr'>in</span> <span class='ocrx_word' id='word_1_2077' title='bbox 1976 3349 2083 3378; x_wconf 71' lang='lat' dir='ltr'>viraque</span> <span class='ocrx_word' id='word_1_2078' title='bbox 2092 3342 2278 3381; x_wconf 74' lang='lat' dir='ltr'>significatione</span> <span class='ocrx_word' id='word_1_2079' title='bbox 2293 3376 2295 3378; x_wconf 31' lang='lat'>¹</span> 
     </span>
    </p>
   </div>
   <div class='ocr_carea' id='block_1_57' title="bbox 81 3836 2274 3883">
    <p class='ocr_par' dir='ltr' id='par_1_73' title="bbox 81 3836 2274 3883">
     <span class='ocr_line' id='line_1_218' title="bbox 81 3836 2274 3883; baseline 0.001 -15"><span class='ocrx_word' id='word_1_2080' title='bbox 81 3840 215 3876; x_wconf 74' lang='lat' dir='ltr'>staiitiua:</span> <span class='ocrx_word' id='word_1_2081' title='bbox 248 3841 332 3868; x_wconf 89' lang='lat' dir='ltr'>Ouid.</span> <span class='ocrx_word' id='word_1_2082' title='bbox 346 3841 410 3868; x_wconf 85' lang='lat' dir='ltr'>Met.</span> <span class='ocrx_word' id='word_1_2083' title='bbox 426 3850 468 3874; x_wconf 90' lang='lat'>14,</span> <span class='ocrx_word' id='word_1_2084' title='bbox 481 3846 519 3871; x_wconf 86' lang='lat'>821</span> <span class='ocrx_word' id='word_1_2085' title='bbox 545 3842 778 3883; x_wconf 46' lang='lat' dir='ltr'>Frenumque-per</span> <span class='ocrx_word' id='word_1_2086' title='bbox 793 3845 862 3872; x_wconf 71' lang='lat' dir='ltr'>Aera</span> <span class='ocrx_word' id='word_1_2087' title='bbox 881 3844 984 3878; x_wconf 79' lang='lat' dir='ltr'>lapsus,</span> <span class='ocrx_word' id='word_1_2088' title='bbox 997 3851 1043 3870; x_wconf 76' lang='lat' dir='ltr'>etc.</span> <span class='ocrx_word' id='word_1_2089' title='bbox 1064 3846 1083 3870; x_wconf 88' lang='lat' dir='ltr'>i.</span> <span class='ocrx_word' id='word_1_2090' title='bbox 1101 3845 1143 3871; x_wconf 84' lang='lat' dir='ltr'>Ce-</span> <span class='ocrx_word' id='word_1_2091' title='bbox 1153 3854 1201 3873; x_wconf 89' lang='lat'>100</span> <span class='ocrx_word' id='word_1_2092' title='bbox 1209 3849 1288 3874; x_wconf 83' lang='lat' dir='ltr'>verr.</span> <span class='ocrx_word' id='word_1_2093' title='bbox 1299 3854 1320 3879; x_wconf 78' lang='grc' dir='ltr'>ς,</span> <span class='ocrx_word' id='word_1_2094' title='bbox 1335 3852 1382 3880; x_wconf 87' lang='lat'>179</span> <span class='ocrx_word' id='word_1_2095' title='bbox 1417 3846 1510 3879; x_wconf 75' lang='lat' dir='ltr'>Quum</span> <span class='ocrx_word' id='word_1_2096' title='bbox 1524 3845 1580 3879; x_wconf 87' lang='lat' dir='ltr'>ipse</span> <span class='ocrx_word' id='word_1_2097' title='bbox 1601 3846 1641 3872; x_wconf 86' lang='lat' dir='ltr'>sui</span> <span class='ocrx_word' id='word_1_2098' title='bbox 1655 3846 1759 3880; x_wconf 88' lang='lat' dir='ltr'>generis</span> <span class='ocrx_word' id='word_1_2099' title='bbox 1775 3844 1884 3872; x_wconf 87' lang='lat' dir='ltr'>initium</span> <span class='ocrx_word' id='word_1_2100' title='bbox 1900 3855 1928 3872; x_wconf 89' lang='lat' dir='ltr'>ac</span> <span class='ocrx_word' id='word_1_2101' title='bbox 1942 3846 2057 3872; x_wconf 82' lang='lat' dir='ltr'>nominis</span> <span class='ocrx_word' id='word_1_2102' title='bbox 2072 3836 2104 3870; x_wconf 83' lang='lat' dir='ltr'>ab</span> <span class='ocrx_word' id='word_1_2103' title='bbox 2120 3844 2145 3869; x_wconf 87' lang='lat' dir='ltr'>se</span> <span class='ocrx_word' id='word_1_2104' title='bbox 2158 3843 2235 3877; x_wconf 82' lang='lat' dir='ltr'>gigni</span> <span class='ocrx_word' id='word_1_2105' title='bbox 2249 3852 2274 3871; x_wconf 86' lang='lat' dir='ltr'>ct</span> 
     </span>
    </p>
   </div>
   <div class='ocr_carea' id='block_1_58' title="bbox 86 3876 1143 4023">
    <p class='ocr_par' dir='ltr' id='par_1_74' title="bbox 86 3876 1143 4023">
     <span class='ocr_line' id='line_1_219' title="bbox 87 3876 1143 3914; baseline 0.005 -12"><span class='ocrx_word' id='word_1_2106' title='bbox 87 3877 185 3904; x_wconf 77' lang='lat' dir='ltr'>dentem</span> <span class='ocrx_word' id='word_1_2107' title='bbox 203 3881 228 3902; x_wconf 79' lang='lat' dir='ltr'>et</span> <span class='ocrx_word' id='word_1_2108' title='bbox 245 3876 353 3912; x_wconf 76' lang='lat' dir='ltr'>tranfitu</span> <span class='ocrx_word' id='word_1_2109' title='bbox 367 3877 483 3913; x_wconf 85' lang='lat' dir='ltr'>facilem.</span> <span class='ocrx_word' id='word_1_2110' title='bbox 555 3877 634 3904; x_wconf 85' lang='lat' dir='ltr'>Aetas</span> <span class='ocrx_word' id='word_1_2111' title='bbox 648 3878 682 3904; x_wconf 91' lang='lat' dir='ltr'>ad</span> <span class='ocrx_word' id='word_1_2112' title='bbox 700 3879 768 3905; x_wconf 79' lang='lat' dir='ltr'>Vitia</span> <span class='ocrx_word' id='word_1_2113' title='bbox 781 3882 897 3908; x_wconf 83' lang='lat' dir='ltr'>maxime</span> <span class='ocrx_word' id='word_1_2114' title='bbox 910 3888 993 3914; x_wconf 81' lang='lat' dir='ltr'>prona</span> <span class='ocrx_word' id='word_1_2115' title='bbox 1008 3879 1143 3912; x_wconf 68' lang='lat' dir='ltr'>Quinffil.</span> 
     </span>
     <span class='ocr_line' id='line_1_220' title="bbox 90 3911 1143 3951; baseline 0.003 -11"><span class='ocrx_word' id='word_1_2116' title='bbox 90 3922 112 3944; x_wconf 91' lang='lat'>1,</span> <span class='ocrx_word' id='word_1_2117' title='bbox 125 3921 147 3938; x_wconf 89' lang='lat'>2.</span> <span class='ocrx_word' id='word_1_2118' title='bbox 218 3911 294 3947; x_wconf 83' lang='lat' dir='ltr'>Virg.</span> <span class='ocrx_word' id='word_1_2119' title='bbox 308 3914 407 3949; x_wconf 77' lang='lat' dir='ltr'>Georg.</span> <span class='ocrx_word' id='word_1_2120' title='bbox 421 3921 442 3947; x_wconf 83' lang='lat'>1,</span> <span class='ocrx_word' id='word_1_2121' title='bbox 455 3921 504 3945; x_wconf 85' lang='lat'>203</span> <span class='ocrx_word' id='word_1_2122' title='bbox 529 3913 617 3948; x_wconf 85' lang='lat' dir='ltr'>Atque</span> <span class='ocrx_word' id='word_1_2123' title='bbox 631 3914 710 3940; x_wconf 89' lang='lat' dir='ltr'>illum</span> <span class='ocrx_word' id='word_1_2124' title='bbox 730 3915 760 3941; x_wconf 88' lang='lat' dir='ltr'>in</span> <span class='ocrx_word' id='word_1_2125' title='bbox 773 3924 894 3951; x_wconf 86' lang='lat' dir='ltr'>praeceps</span> <span class='ocrx_word' id='word_1_2126' title='bbox 914 3924 1000 3949; x_wconf 81' lang='lat' dir='ltr'>prono</span> <span class='ocrx_word' id='word_1_2127' title='bbox 1016 3915 1085 3949; x_wconf 90' lang='lat' dir='ltr'>rapit</span> <span class='ocrx_word' id='word_1_2128' title='bbox 1099 3916 1143 3943; x_wconf 86' lang='lat' dir='ltr'>Al-</span> 
     </span>
     <span class='ocr_line' id='line_1_221' title="bbox 87 3949 1142 3985; baseline 0.002 -9"><span class='ocrx_word' id='word_1_2129' title='bbox 87 3957 153 3975; x_wconf 81' lang='lat' dir='ltr'>veus</span> <span class='ocrx_word' id='word_1_2130' title='bbox 165 3955 251 3974; x_wconf 69' lang='lat' dir='ltr'>amne·</span> <span class='ocrx_word' id='word_1_2131' title='bbox 322 3951 394 3977; x_wconf 87' lang='lat' dir='ltr'>Anni</span> <span class='ocrx_word' id='word_1_2132' title='bbox 414 3949 509 3985; x_wconf 84' lang='lat' dir='ltr'>proni,</span> <span class='ocrx_word' id='word_1_2133' title='bbox 522 3949 662 3976; x_wconf 88' lang='lat' dir='ltr'>Volubiles</span> <span class='ocrx_word' id='word_1_2134' title='bbox 676 3956 703 3976; x_wconf 88' lang='lat' dir='ltr'>et</span> <span class='ocrx_word' id='word_1_2135' title='bbox 723 3949 836 3985; x_wconf 78' lang='lat' dir='ltr'>declini,</span> <span class='ocrx_word' id='word_1_2136' title='bbox 848 3951 983 3980; x_wconf 84' lang='lat' dir='ltr'>instabiles</span> <span class='ocrx_word' id='word_1_2137' title='bbox 998 3956 1024 3977; x_wconf 90' lang='lat' dir='ltr'>ct</span> <span class='ocrx_word' id='word_1_2138' title='bbox 1038 3951 1093 3977; x_wconf 92' lang='lat' dir='ltr'>cito</span> <span class='ocrx_word' id='word_1_2139' title='bbox 1106 3951 1142 3979; x_wconf 85' lang='lat' dir='ltr'>la—</span> 
     </span>
     <span class='ocr_line' id='line_1_222' title="bbox 86 3983 1142 4023; baseline 0.004 -12"><span class='ocrx_word' id='word_1_2140' title='bbox 86 3984 195 4012; x_wconf 89' lang='lat' dir='ltr'>bentes:</span> <span class='ocrx_word' id='word_1_2141' title='bbox 232 3983 335 4010; x_wconf 79' lang='lat' dir='ltr'>Acron:</span> <span class='ocrx_word' id='word_1_2142' title='bbox 353 3987 421 4014; x_wconf 87' lang='lat' dir='ltr'>Hor.</span> <span class='ocrx_word' id='word_1_2143' title='bbox 443 3987 471 4013; x_wconf 88' lang='lat' dir='ltr'>in</span> <span class='ocrx_word' id='word_1_2144' title='bbox 486 3986 550 4012; x_wconf 88' lang='lat' dir='ltr'>Arte</span> <span class='ocrx_word' id='word_1_2145' title='bbox 571 3985 645 4012; x_wconf 75' lang='lat' dir='ltr'>Poe‘t.</span> <span class='ocrx_word' id='word_1_2146' title='bbox 664 3987 709 4012; x_wconf 89' lang='lat'>60.</span> <span class='ocrx_word' id='word_1_2147' title='bbox 782 3987 857 4023; x_wconf 86' lang='lat' dir='ltr'>Aqua</span> <span class='ocrx_word' id='word_1_2148' title='bbox 872 3989 946 4022; x_wconf 85' lang='lat' dir='ltr'>Virg.</span> <span class='ocrx_word' id='word_1_2149' title='bbox 965 3988 1031 4015; x_wconf 83' lang='lat' dir='ltr'>Aen.</span> <span class='ocrx_word' id='word_1_2150' title='bbox 1046 3992 1070 4019; x_wconf 89' lang='lat'>8,</span> <span class='ocrx_word' id='word_1_2151' title='bbox 1084 3992 1142 4021; x_wconf 83' lang='lat'>548.</span> 
     </span>
    </p>
   </div>
   <div class='ocr_carea' id='block_1_59' title="bbox 87 4020 950 4059">
    <p class='ocr_par' dir='ltr' id='par_1_75' title="bbox 87 4020 950 4059">
     <span class='ocr_line' id='line_1_223' title="bbox 87 4020 950 4059; baseline 0.007 -13"><span class='ocrx_word' id='word_1_2152' title='bbox 87 4022 173 4050; x_wconf 75' lang='lat' dir='ltr'>Aures</span> <span class='ocrx_word' id='word_1_2153' title='bbox 187 4027 289 4059; x_wconf 76' lang='lat' dir='ltr'>pronas</span> <span class='ocrx_word' id='word_1_2154' title='bbox 301 4023 500 4052; x_wconf 83' lang='lat' dir='ltr'>accommodare</span> <span class='ocrx_word' id='word_1_2155' title='bbox 521 4020 616 4050; x_wconf 86' lang='lat' dir='ltr'>Claud.</span> <span class='ocrx_word' id='word_1_2156' title='bbox 637 4021 671 4049; x_wconf 81' lang='lat' dir='ltr'>de</span> <span class='ocrx_word' id='word_1_2157' title='bbox 684 4021 750 4049; x_wconf 84' lang='lat' dir='ltr'>Bell.</span> <span class='ocrx_word' id='word_1_2158' title='bbox 764 4022 874 4053; x_wconf 84' lang='lat' dir='ltr'>Gildon.</span> <span class='ocrx_word' id='word_1_2159' title='bbox 888 4026 950 4058; x_wconf 80' lang='lat'>426.</span> 
     </span>
    </p>
   </div>
   <div class='ocr_carea' id='block_1_60' title="bbox 1021 4023 1812 4065">
    <p class='ocr_par' dir='ltr' id='par_1_76' title="bbox 1021 4023 1812 4065">
     <span class='ocr_line' id='line_1_224' title="bbox 1021 4023 1812 4065; baseline -0.008 -8"><span class='ocrx_word' id='word_1_2160' title='bbox 1021 4023 1142 4052; x_wconf 68' lang='lat' dir='ltr'>Auribus</span> <span class='ocrx_word' id='word_1_2161' title='bbox 1154 4035 1202 4065; x_wconf 82' lang='lat'>105</span> <span class='ocrx_word' id='word_1_2162' title='bbox 1209 4031 1260 4056; x_wconf 76' lang='lat' dir='ltr'>ciat</span> <span class='ocrx_word' id='word_1_2163' title='bbox 1278 4026 1313 4054; x_wconf 80' lang='lat' dir='ltr'>ad</span> <span class='ocrx_word' id='word_1_2164' title='bbox 1332 4026 1409 4054; x_wconf 82' lang='lat' dir='ltr'>alium</span> <span class='ocrx_word' id='word_1_2165' title='bbox 1428 4025 1555 4052; x_wconf 85' lang='lat' dir='ltr'>arbitrum</span> <span class='ocrx_word' id='word_1_2166' title='bbox 1571 4034 1625 4053; x_wconf 79' lang='lat' dir='ltr'>rem</span> <span class='ocrx_word' id='word_1_2167' title='bbox 1641 4024 1812 4054; x_wconf 63' lang='lat' dir='ltr'>reita-tendum.</span> 
     </span>
    </p>
   </div>
   <div class='ocr_carea' id='block_1_61' title="bbox 1210 3879 2276 4057">
    <p class='ocr_par' dir='ltr' id='par_1_77' title="bbox 1210 3879 2276 4057">
     <span class='ocr_line' id='line_1_225' title="bbox 1210 3879 2275 3918; baseline -0.003 -9"><span class='ocrx_word' id='word_1_2168' title='bbox 1210 3881 1352 3918; x_wconf 87' lang='lat' dir='ltr'>propagari</span> <span class='ocrx_word' id='word_1_2169' title='bbox 1385 3882 1469 3908; x_wconf 87' lang='lat' dir='ltr'>vellet</span> <span class='ocrx_word' id='word_1_2170' title='bbox 1483 3901 1490 3913; x_wconf 91' lang='lat'>,</span> <span class='ocrx_word' id='word_1_2171' title='bbox 1530 3880 1673 3908; x_wconf 88' lang='lat' dir='ltr'>hominum</span> <span class='ocrx_word' id='word_1_2172' title='bbox 1704 3880 1943 3915; x_wconf 80' lang='lat' dir='ltr'>potentissiinorum</span> <span class='ocrx_word' id='word_1_2173' title='bbox 1972 3879 2079 3912; x_wconf 80' lang='lat' dir='ltr'>suscepit</span> <span class='ocrx_word' id='word_1_2174' title='bbox 2107 3879 2275 3906; x_wconf 80' lang='lat' dir='ltr'>inimicitias.</span> 
     </span>
     <span class='ocr_line' id='line_1_226' title="bbox 1210 3916 2273 3952; baseline -0.004 -6"><span class='ocrx_word' id='word_1_2175' title='bbox 1210 3920 1284 3946; x_wconf 87' lang='lat' dir='ltr'>Haec</span> <span class='ocrx_word' id='word_1_2176' title='bbox 1298 3918 1480 3944; x_wconf 86' lang='lat' dir='ltr'>monumentis</span> <span class='ocrx_word' id='word_1_2177' title='bbox 1497 3917 1634 3944; x_wconf 90' lang='lat' dir='ltr'>annalium</span> <span class='ocrx_word' id='word_1_2178' title='bbox 1653 3916 1820 3948; x_wconf 89' lang='lat' dir='ltr'>mandantur,</span> <span class='ocrx_word' id='word_1_2179' title='bbox 1840 3917 1989 3952; x_wconf 80' lang='lat' dir='ltr'>posteritati</span> <span class='ocrx_word' id='word_1_2180' title='bbox 2001 3921 2180 3949; x_wconf 78' lang='lat' dir='ltr'>propagantur</span> <span class='ocrx_word' id='word_1_2181' title='bbox 2216 3917 2273 3942; x_wconf 83' lang='lat' dir='ltr'>Cic.</span> 
     </span>
     <span class='ocr_line' id='line_1_227' title="bbox 1210 3950 2275 3990; baseline -0.004 -9"><span class='ocrx_word' id='word_1_2182' title='bbox 1210 3964 1260 3990; x_wconf 86' lang='lat' dir='ltr'>pro</span> <span class='ocrx_word' id='word_1_2183' title='bbox 1276 3955 1346 3981; x_wconf 88' lang='lat' dir='ltr'>Sext.</span> <span class='ocrx_word' id='word_1_2184' title='bbox 1368 3961 1424 3980; x_wconf 90' lang='lat'>102.</span> <span class='ocrx_word' id='word_1_2185' title='bbox 1542 3953 1662 3980; x_wconf 88' lang='lat' dir='ltr'>Arbitria</span> <span class='ocrx_word' id='word_1_2186' title='bbox 1684 3961 1830 3987; x_wconf 82' lang='lat' dir='ltr'>propagare</span> <span class='ocrx_word' id='word_1_2187' title='bbox 1885 3952 1987 3980; x_wconf 80' lang='lat' dir='ltr'>Paullus</span> <span class='ocrx_word' id='word_1_2188' title='bbox 2023 3950 2039 3976; x_wconf 95' lang='lat' dir='ltr'>l.</span> <span class='ocrx_word' id='word_1_2189' title='bbox 2056 3959 2086 3982; x_wconf 81' lang='lat'>32</span> <span class='ocrx_word' id='word_1_2190' title='bbox 2101 3960 2154 3977; x_wconf 87' lang='lat' dir='ltr'>uon</span> <span class='ocrx_word' id='word_1_2191' title='bbox 2169 3951 2275 3986; x_wconf 78' lang='lat' dir='ltr'>disting.</span> 
     </span>
     <span class='ocr_line' id='line_1_228' title="bbox 1211 3985 2275 4029; baseline -0.004 -12"><span class='ocrx_word' id='word_1_2192' title='bbox 1211 3990 1234 4029; x_wconf 84' lang='lat'>§.</span> <span class='ocrx_word' id='word_1_2193' title='bbox 1246 3993 1275 4018; x_wconf 89' lang='lat'>16</span> <span class='ocrx_word' id='word_1_2194' title='bbox 1288 3989 1444 4023; x_wconf 84' lang='lat' dir='ltr'>Qiaesstum</span> <span class='ocrx_word' id='word_1_2195' title='bbox 1458 3989 1490 4015; x_wconf 92' lang='lat' dir='ltr'>D.</span> <span class='ocrx_word' id='word_1_2196' title='bbox 1499 3988 1532 4015; x_wconf 91' lang='lat' dir='ltr'>de</span> <span class='ocrx_word' id='word_1_2197' title='bbox 1545 3995 1641 4024; x_wconf 87' lang='lat' dir='ltr'>recept.</span> <span class='ocrx_word' id='word_1_2198' title='bbox 1663 3989 1712 4024; x_wconf 90' lang='lat' dir='ltr'>qui</span> <span class='ocrx_word' id='word_1_2199' title='bbox 1727 3988 1808 4015; x_wconf 86' lang='lat' dir='ltr'>arbit.</span> <span class='ocrx_word' id='word_1_2200' title='bbox 1840 3996 1929 4021; x_wconf 74' lang='lat' dir='ltr'>vocat,</span> <span class='ocrx_word' id='word_1_2201' title='bbox 1951 3985 2049 4021; x_wconf 67' lang='lat' dir='ltr'>quando</span> <span class='ocrx_word' id='word_1_2202' title='bbox 2062 3986 2275 4021; x_wconf 66' lang='lat' dir='ltr'>arbiterpronun-</span> 
     </span>
     <span class='ocr_line' id='line_1_229' title="bbox 1935 4021 2276 4057; baseline -0.003 -8"><span class='ocrx_word' id='word_1_2203' title='bbox 1935 4022 2008 4049; x_wconf 80' lang='lat' dir='ltr'>Bona</span> <span class='ocrx_word' id='word_1_2204' title='bbox 2027 4021 2114 4057; x_wconf 83' lang='lat' dir='ltr'>plura,</span> <span class='ocrx_word' id='word_1_2205' title='bbox 2130 4031 2162 4048; x_wconf 81' lang='lat' dir='ltr'>ex</span> <span class='ocrx_word' id='word_1_2206' title='bbox 2178 4022 2276 4055; x_wconf 81' lang='lat' dir='ltr'>quibus</span> 
     </span>
    </p>
   </div>
   <div class='ocr_carea' id='block_1_62' title="bbox 1438 4061 2276 4097">
    <p class='ocr_par' dir='ltr' id='par_1_78' title="bbox 1438 4061 2276 4097">
     <span class='ocr_line' id='line_1_230' title="bbox 1438 4061 2276 4097; baseline 0.004 -15"><span class='ocrx_word' id='word_1_2207' title='bbox 1438 4068 1456 4097; x_wconf 80' lang='lat'>7</span> <span class='ocrx_word' id='word_1_2208' title='bbox 1472 4061 1492 4089; x_wconf 78' lang='grc' dir='ltr'><strong>Β</strong></span> <span class='ocrx_word' id='word_1_2209' title='bbox 1530 4070 1544 4088; x_wconf 75' lang='lat'><em>2</em></span> <span class='ocrx_word' id='word_1_2210' title='bbox 2182 4067 2276 4094; x_wconf 76' lang='lat' dir='ltr'>propa·</span> 
     </span>
    </p>
   </div>
   <div class='ocr_carea' id='block_1_63' title="bbox 1355 1968 2332 2010">
    <p class='ocr_par' dir='ltr' id='par_1_79' title="bbox 1355 1968 2332 2010">
     <span class='ocr_line' id='line_1_231' title="bbox 1355 1968 2332 2010; baseline 0.007 -15"><span class='ocrx_word' id='word_1_2211' title='bbox 1355 1969 1426 1995; x_wconf 81' lang='lat' dir='ltr'>Haec</span> <span class='ocrx_word' id='word_1_2212' title='bbox 1442 1969 1550 2000; x_wconf 84' lang='lat' dir='ltr'>Fabius,</span> <span class='ocrx_word' id='word_1_2213' title='bbox 1570 1971 1613 2004; x_wconf 86' lang='lat' dir='ltr'>qui</span> <span class='ocrx_word' id='word_1_2214' title='bbox 1625 1975 1678 1995; x_wconf 85' lang='lat' dir='ltr'>toto</span> <span class='ocrx_word' id='word_1_2215' title='bbox 1692 1972 1774 2004; x_wconf 81' lang='lat' dir='ltr'>capite</span> <span class='ocrx_word' id='word_1_2216' title='bbox 1791 1968 1834 1996; x_wconf 77' lang='lat' dir='ltr'>illo</span> <span class='ocrx_word' id='word_1_2217' title='bbox 1848 1968 1992 1997; x_wconf 63' lang='lat' dir='ltr'>doffrinam</span> <span class='ocrx_word' id='word_1_2218' title='bbox 1999 1976 2182 2008; x_wconf 76' lang='lat' dir='ltr'>prooemiorum</span> <span class='ocrx_word' id='word_1_2219' title='bbox 2198 1974 2283 2010; x_wconf 75' lang='lat' dir='ltr'>perfi-</span> <span class='ocrx_word' id='word_1_2220' title='bbox 2327 1998 2332 2002; x_wconf 78' lang='grc'><em>,</em></span> 
     </span>
    </p>
   </div>
  </div>
 </body>
</html>
