<?xml version="1.0" encoding="UTF-8"?>
<!DOCTYPE html PUBLIC "-//W3C//DTD XHTML 1.0 Transitional//EN"
    "http://www.w3.org/TR/xhtml1/DTD/xhtml1-transitional.dtd">
<html xmlns="http://www.w3.org/1999/xhtml" xml:lang="en" lang="en">
 <head>
  <title>
</title>
<meta http-equiv="Content-Type" content="text/html;charset=utf-8" />
  <meta name='ocr-system' content='tesseract 3.04.00' />
  <meta name='ocr-capabilities' content='ocr_page ocr_carea ocr_par ocr_line ocrx_word'/>
</head>
<body>
  <div class='ocr_page' id='page_1' title='image "./novuslinguaeeter03gesn/novuslinguaeeter03gesn_0576.png"; bbox 0 0 2517 4231; ppageno 0'>
   <div class='ocr_carea' id='block_1_1' title="bbox 237 202 2481 265">
    <p class='ocr_par' dir='ltr' id='par_1_1' title="bbox 237 202 2481 265">
     <span class='ocr_line' id='line_1_1' title="bbox 237 202 2481 265; baseline -0.004 -11"><span class='ocrx_word' id='word_1_1' title='bbox 237 226 308 265; x_wconf 83' lang='lat'>1131</span> <span class='ocrx_word' id='word_1_2' title='bbox 622 207 651 247; x_wconf 93' lang='lat' dir='ltr'><strong>P</strong></span> <span class='ocrx_word' id='word_1_3' title='bbox 732 205 764 244; x_wconf 93' lang='lat' dir='ltr'>R</span> <span class='ocrx_word' id='word_1_4' title='bbox 845 203 883 243; x_wconf 90' lang='lat' dir='ltr'>O</span> <span class='ocrx_word' id='word_1_5' title='bbox 1571 237 1574 241; x_wconf 91' lang='grc'>.</span> <span class='ocrx_word' id='word_1_6' title='bbox 1767 202 1797 246; x_wconf 91' lang='grc' dir='ltr'><strong>Ρ</strong></span> <span class='ocrx_word' id='word_1_7' title='bbox 1881 205 1914 245; x_wconf 92' lang='lat' dir='ltr'><strong>R</strong></span> <span class='ocrx_word' id='word_1_8' title='bbox 1996 207 2033 246; x_wconf 93' lang='lat' dir='ltr'>O</span> <span class='ocrx_word' id='word_1_9' title='bbox 2347 210 2481 256; x_wconf 59' lang='lat' dir='ltr'>1132st</span> 
     </span>
    </p>
   </div>
   <div class='ocr_carea' id='block_1_2' title="bbox 238 292 2517 406">
    <p class='ocr_par' dir='ltr' id='par_1_2' title="bbox 238 292 2517 406">
     <span class='ocr_line' id='line_1_2' title="bbox 239 292 2481 336; baseline -0.002 -11"><span class='ocrx_word' id='word_1_10' title='bbox 239 310 317 336; x_wconf 76' lang='lat' dir='ltr'>quam</span> <span class='ocrx_word' id='word_1_11' title='bbox 331 304 438 334; x_wconf 82' lang='lat' dir='ltr'>propter</span> <span class='ocrx_word' id='word_1_12' title='bbox 450 298 525 324; x_wconf 87' lang='lat' dir='ltr'>vsum</span> <span class='ocrx_word' id='word_1_13' title='bbox 539 305 630 324; x_wconf 86' lang='lat' dir='ltr'>meum</span> <span class='ocrx_word' id='word_1_14' title='bbox 654 296 710 322; x_wconf 85' lang='lat' dir='ltr'>Cic.</span> <span class='ocrx_word' id='word_1_15' title='bbox 735 295 788 319; x_wconf 82' lang='lat' dir='ltr'>Att.</span> <span class='ocrx_word' id='word_1_16' title='bbox 800 299 827 327; x_wconf 88' lang='lat'>7,</span> <span class='ocrx_word' id='word_1_17' title='bbox 839 300 862 324; x_wconf 83' lang='grc' dir='ltr'>ς.</span> <span class='ocrx_word' id='word_1_18' title='bbox 936 293 1187 334; x_wconf 29' lang='lat' dir='ltr'>Propter-‘reliquae</span> <span class='ocrx_word' id='word_1_19' title='bbox 1205 294 1296 334; x_wconf 72' lang='lat' dir='ltr'>aetatis</span> <span class='ocrx_word' id='word_1_20' title='bbox 1358 301 1395 325; x_wconf 73' lang='lat'>37.</span> <span class='ocrx_word' id='word_1_21' title='bbox 1467 292 1576 320; x_wconf 84' lang='lat' dir='ltr'>Senatus</span> <span class='ocrx_word' id='word_1_22' title='bbox 1588 295 1864 336; x_wconf 21' lang='lat' dir='ltr'>propugnatorhidem</span> <span class='ocrx_word' id='word_1_23' title='bbox 1887 304 1938 330; x_wconf 88' lang='lat' dir='ltr'>pro</span> <span class='ocrx_word' id='word_1_24' title='bbox 1957 295 2058 324; x_wconf 86' lang='lat' dir='ltr'>Milon.</span> <span class='ocrx_word' id='word_1_25' title='bbox 2077 296 2101 324; x_wconf 86' lang='lat'>6.</span> <span class='ocrx_word' id='word_1_26' title='bbox 2182 294 2334 322; x_wconf 81' lang='lat' dir='ltr'>Acerrimus</span> <span class='ocrx_word' id='word_1_27' title='bbox 2360 302 2429 328; x_wconf 70' lang='lat' dir='ltr'>pro-r</span> <span class='ocrx_word' id='word_1_28' title='bbox 2476 321 2481 331; x_wconf 26' lang='grc' dir='ltr'>Ι,</span> 
     </span>
     <span class='ocr_line' id='line_1_3' title="bbox 238 328 2517 382; baseline -0.006 -19"><span class='ocrx_word' id='word_1_29' title='bbox 238 336 377 376; x_wconf 77' lang='lat' dir='ltr'>infamiam</span> <span class='ocrx_word' id='word_1_30' title='bbox 390 342 487 368; x_wconf 83' lang='lat' dir='ltr'>poenas</span> <span class='ocrx_word' id='word_1_31' title='bbox 500 333 557 368; x_wconf 86' lang='lat' dir='ltr'>lege</span> <span class='ocrx_word' id='word_1_32' title='bbox 570 339 596 360; x_wconf 90' lang='lat' dir='ltr'>et</span> <span class='ocrx_word' id='word_1_33' title='bbox 610 333 668 359; x_wconf 90' lang='lat' dir='ltr'>iure</span> <span class='ocrx_word' id='word_1_34' title='bbox 681 329 832 364; x_wconf 83' lang='lat' dir='ltr'>persoluere</span> <span class='ocrx_word' id='word_1_35' title='bbox 851 328 926 369; x_wconf 80' lang='lat' dir='ltr'>Idem</span> <span class='ocrx_word' id='word_1_36' title='bbox 943 331 1035 364; x_wconf 79' lang='lat' dir='ltr'>Anteq.</span> <span class='ocrx_word' id='word_1_37' title='bbox 1055 335 1108 355; x_wconf 79' lang='lat' dir='ltr'>iret</span> <span class='ocrx_word' id='word_1_38' title='bbox 1127 337 1156 355; x_wconf 82' lang='lat' dir='ltr'>in</span> <span class='ocrx_word' id='word_1_39' title='bbox 1177 330 1238 356; x_wconf 81' lang='lat' dir='ltr'>exil.</span> <span class='ocrx_word' id='word_1_40' title='bbox 1257 335 1297 359; x_wconf 73' lang='lat'>28.</span> <span class='ocrx_word' id='word_1_41' title='bbox 1359 334 1491 364; x_wconf 83' lang='lat' dir='ltr'>pugnator</span> <span class='ocrx_word' id='word_1_42' title='bbox 1504 337 1654 371; x_wconf 79' lang='lat' dir='ltr'>communis</span> <span class='ocrx_word' id='word_1_43' title='bbox 1669 330 1800 372; x_wconf 74' lang='lat' dir='ltr'>libertatis</span> <span class='ocrx_word' id='word_1_44' title='bbox 1821 331 1892 358; x_wconf 81' lang='lat' dir='ltr'>Idem</span> <span class='ocrx_word' id='word_1_45' title='bbox 1907 331 1938 358; x_wconf 89' lang='lat' dir='ltr'>ad</span> <span class='ocrx_word' id='word_1_46' title='bbox 1956 332 2028 358; x_wconf 75' lang='lat' dir='ltr'>Brut.</span> <span class='ocrx_word' id='word_1_47' title='bbox 2042 341 2074 359; x_wconf 86' lang='grc' dir='ltr'>ιι.</span> <span class='ocrx_word' id='word_1_48' title='bbox 2146 331 2278 359; x_wconf 80' lang='lat' dir='ltr'>Defensor</span> <span class='ocrx_word' id='word_1_49' title='bbox 2301 336 2328 357; x_wconf 88' lang='lat' dir='ltr'>et</span> <span class='ocrx_word' id='word_1_50' title='bbox 2353 330 2425 365; x_wconf 74' lang='lat' dir='ltr'>quast</span> <span class='ocrx_word' id='word_1_51' title='bbox 2478 328 2517 382; x_wconf 42' lang='lat' dir='ltr'>eb</span> 
     </span>
     <span class='ocr_line' id='line_1_4' title="bbox 238 364 2509 406; baseline -0.002 -10"><span class='ocrx_word' id='word_1_52' title='bbox 238 370 354 406; x_wconf 79' lang='lat' dir='ltr'>Legibus</span> <span class='ocrx_word' id='word_1_53' title='bbox 368 379 423 396; x_wconf 90' lang='lat' dir='ltr'>non</span> <span class='ocrx_word' id='word_1_54' title='bbox 438 375 549 404; x_wconf 90' lang='lat' dir='ltr'>propter</span> <span class='ocrx_word' id='word_1_55' title='bbox 562 375 660 396; x_wconf 83' lang='lat' dir='ltr'>metum</span> <span class='ocrx_word' id='word_1_56' title='bbox 678 374 771 400; x_wconf 84' lang='lat' dir='ltr'>parere</span> <span class='ocrx_word' id='word_1_57' title='bbox 790 364 865 392; x_wconf 87' lang='lat' dir='ltr'>Idem</span> <span class='ocrx_word' id='word_1_58' title='bbox 879 373 908 391; x_wconf 81' lang='lat' dir='ltr'>in</span> <span class='ocrx_word' id='word_1_59' title='bbox 922 365 1014 392; x_wconf 82' lang='lat' dir='ltr'>Parad.</span> <span class='ocrx_word' id='word_1_60' title='bbox 1034 374 1055 397; x_wconf 86' lang='lat'>5,</span> <span class='ocrx_word' id='word_1_61' title='bbox 1074 374 1093 392; x_wconf 90' lang='grc' dir='ltr'>ι.</span> <span class='ocrx_word' id='word_1_62' title='bbox 1167 365 1204 392; x_wconf 88' lang='lat' dir='ltr'>Ex</span> <span class='ocrx_word' id='word_1_63' title='bbox 1226 366 1252 392; x_wconf 89' lang='lat' dir='ltr'>se</span> <span class='ocrx_word' id='word_1_64' title='bbox 1272 371 1298 391; x_wconf 88' lang='lat' dir='ltr'>ct</span> <span class='ocrx_word' id='word_1_65' title='bbox 1360 370 1544 400; x_wconf 78' lang='lat' dir='ltr'>propugnator</span> <span class='ocrx_word' id='word_1_66' title='bbox 1558 372 1714 399; x_wconf 79' lang='lat' dir='ltr'>patrimonii</span> <span class='ocrx_word' id='word_1_67' title='bbox 1726 368 1765 394; x_wconf 79' lang='lat' dir='ltr'>sui</span> <span class='ocrx_word' id='word_1_68' title='bbox 1784 367 1857 394; x_wconf 85' lang='lat' dir='ltr'><strong>Idem</strong></span> <span class='ocrx_word' id='word_1_69' title='bbox 1869 367 1902 394; x_wconf 85' lang='lat' dir='ltr'>de</span> <span class='ocrx_word' id='word_1_70' title='bbox 1917 368 1990 394; x_wconf 86' lang='lat' dir='ltr'>Orat.</span> <span class='ocrx_word' id='word_1_71' title='bbox 2009 377 2026 398; x_wconf 78' lang='grc' dir='ltr'>ι,</span> <span class='ocrx_word' id='word_1_72' title='bbox 2040 376 2099 401; x_wconf 87' lang='grc'>244.</span> <span class='ocrx_word' id='word_1_73' title='bbox 2172 369 2357 402; x_wconf 80' lang='lat' dir='ltr'>Propngnator</span> <span class='ocrx_word' id='word_1_74' title='bbox 2375 365 2425 392; x_wconf 78' lang='lat' dir='ltr'>stu-</span> <span class='ocrx_word' id='word_1_75' title='bbox 2505 371 2509 389; x_wconf 73' lang='grc' dir='ltr'>ι</span> 
     </span>
    </p>
   </div>
   <div class='ocr_carea' id='block_1_3' title="bbox 2388 438 2517 3912">
    <p class='ocr_par' dir='ltr' id='par_1_3' title="bbox 2388 438 2517 3912">
     <span class='ocr_line' id='line_1_5' title="bbox 2466 438 2517 564; baseline 0 0"><span class='ocrx_word' id='word_1_76' title='bbox 2466 438 2517 564; x_wconf 95' lang='lat' dir='ltr'>    </span> 
     </span>
     <span class='ocr_line' id='line_1_6' title="bbox 2466 564 2517 782; baseline 0 0"><span class='ocrx_word' id='word_1_77' title='bbox 2466 564 2517 782; x_wconf 95' lang='lat' dir='ltr'>    </span> 
     </span>
     <span class='ocr_line' id='line_1_7' title="bbox 2466 782 2517 818; baseline 0 3413"><span class='ocrx_word' id='word_1_78' title='bbox 2466 782 2517 818; x_wconf 95' lang='lat' dir='ltr'> </span> 
     </span>
     <span class='ocr_line' id='line_1_8' title="bbox 2463 818 2517 1003; baseline 0 -77"><span class='ocrx_word' id='word_1_79' title='bbox 2463 818 2517 1003; x_wconf 95' lang='lat' dir='ltr'>    </span> 
     </span>
     <span class='ocr_line' id='line_1_9' title="bbox 2470 1003 2517 1032; baseline 0 3199"><span class='ocrx_word' id='word_1_80' title='bbox 2470 1003 2517 1032; x_wconf 95' lang='lat' dir='ltr'> </span> 
     </span>
     <span class='ocr_line' id='line_1_10' title="bbox 2464 1032 2517 1141; baseline 0 -73"><span class='ocrx_word' id='word_1_81' title='bbox 2464 1032 2517 1141; x_wconf 95' lang='lat' dir='ltr'>  </span> 
     </span>
     <span class='ocr_line' id='line_1_11' title="bbox 2464 1141 2517 1210; baseline 0 3021"><span class='ocrx_word' id='word_1_82' title='bbox 2464 1141 2517 1210; x_wconf 95' lang='lat' dir='ltr'> </span> 
     </span>
     <span class='ocr_line' id='line_1_12' title="bbox 2455 1210 2517 1428; baseline 0 0"><span class='ocrx_word' id='word_1_83' title='bbox 2455 1210 2517 1428; x_wconf 95' lang='lat' dir='ltr'>     </span> 
     </span>
     <span class='ocr_line' id='line_1_13' title="bbox 2455 1428 2517 1574; baseline 0 0"><span class='ocrx_word' id='word_1_84' title='bbox 2455 1428 2517 1574; x_wconf 95' lang='lat' dir='ltr'>   </span> 
     </span>
     <span class='ocr_line' id='line_1_14' title="bbox 2455 1574 2517 1651; baseline 0 2580"><span class='ocrx_word' id='word_1_85' title='bbox 2455 1574 2517 1651; x_wconf 95' lang='lat' dir='ltr'> </span> 
     </span>
     <span class='ocr_line' id='line_1_15' title="bbox 2430 1651 2517 1857; baseline 0 0"><span class='ocrx_word' id='word_1_86' title='bbox 2430 1651 2517 1857; x_wconf 95' lang='lat' dir='ltr'>     </span> 
     </span>
     <span class='ocr_line' id='line_1_16' title="bbox 2416 1857 2517 2001; baseline 0 -64"><span class='ocrx_word' id='word_1_87' title='bbox 2416 1857 2517 2001; x_wconf 95' lang='lat' dir='ltr'>    </span> 
     </span>
     <span class='ocr_line' id='line_1_17' title="bbox 2451 2001 2517 2073; baseline 0 2158"><span class='ocrx_word' id='word_1_88' title='bbox 2451 2001 2517 2073; x_wconf 95' lang='lat' dir='ltr'> </span> 
     </span>
     <span class='ocr_line' id='line_1_18' title="bbox 2430 2073 2517 2261; baseline 0 -9"><span class='ocrx_word' id='word_1_89' title='bbox 2430 2073 2517 2261; x_wconf 95' lang='lat' dir='ltr'>      </span> 
     </span>
     <span class='ocr_line' id='line_1_19' title="bbox 2422 2261 2517 2400; baseline 0 0"><span class='ocrx_word' id='word_1_90' title='bbox 2422 2261 2517 2400; x_wconf 95' lang='lat' dir='ltr'>     </span> 
     </span>
     <span class='ocr_line' id='line_1_20' title="bbox 2404 2400 2517 2469; baseline 0 -35"><span class='ocrx_word' id='word_1_91' title='bbox 2404 2400 2517 2469; x_wconf 95' lang='lat' dir='ltr'>   </span> 
     </span>
     <span class='ocr_line' id='line_1_21' title="bbox 2388 2469 2517 2654; baseline 0 -141"><span class='ocrx_word' id='word_1_92' title='bbox 2388 2469 2517 2654; x_wconf 95' lang='lat' dir='ltr'>      </span> 
     </span>
     <span class='ocr_line' id='line_1_22' title="bbox 2429 2654 2517 2815; baseline 0 -59"><span class='ocrx_word' id='word_1_93' title='bbox 2429 2654 2517 2815; x_wconf 95' lang='lat' dir='ltr'>    </span> 
     </span>
     <span class='ocr_line' id='line_1_23' title="bbox 2429 2815 2517 3020; baseline 0 -47"><span class='ocrx_word' id='word_1_94' title='bbox 2429 2815 2517 3020; x_wconf 95' lang='lat' dir='ltr'>   </span> 
     </span>
     <span class='ocr_line' id='line_1_24' title="bbox 2428 3020 2517 3185; baseline 0 0"><span class='ocrx_word' id='word_1_95' title='bbox 2428 3020 2517 3185; x_wconf 95' lang='lat' dir='ltr'>    </span> 
     </span>
     <span class='ocr_line' id='line_1_25' title="bbox 2416 3185 2517 3912; baseline 0 0"><span class='ocrx_word' id='word_1_96' title='bbox 2416 3185 2517 3912; x_wconf 95' lang='lat' dir='ltr'>    </span> 
     </span>
    </p>
   </div>
   <div class='ocr_carea' id='block_1_4' title="bbox 230 396 2516 982">
    <p class='ocr_par' dir='ltr' id='par_1_4' title="bbox 236 396 2516 654">
     <span class='ocr_line' id='line_1_26' title="bbox 238 396 2506 443; baseline -0.001 -10"><span class='ocrx_word' id='word_1_97' title='bbox 238 414 347 443; x_wconf 82' lang='lat' dir='ltr'>propter</span> <span class='ocrx_word' id='word_1_98' title='bbox 358 405 487 440; x_wconf 79' lang='lat' dir='ltr'>seexpeti</span> <span class='ocrx_word' id='word_1_99' title='bbox 508 405 580 432; x_wconf 84' lang='lat' dir='ltr'>Idem</span> <span class='ocrx_word' id='word_1_100' title='bbox 597 404 629 429; x_wconf 88' lang='lat' dir='ltr'>de</span> <span class='ocrx_word' id='word_1_101' title='bbox 643 401 730 428; x_wconf 79' lang='lat' dir='ltr'>Finib.</span> <span class='ocrx_word' id='word_1_102' title='bbox 746 410 769 435; x_wconf 87' lang='lat'>2,</span> <span class='ocrx_word' id='word_1_103' title='bbox 783 406 811 430; x_wconf 89' lang='lat'>82</span> <span class='ocrx_word' id='word_1_104' title='bbox 830 410 852 427; x_wconf 86' lang='lat' dir='ltr'>c.</span> <span class='ocrx_word' id='word_1_105' title='bbox 866 403 904 427; x_wconf 76' lang='lat'>26.</span> <span class='ocrx_word' id='word_1_106' title='bbox 979 396 1072 426; x_wconf 32' lang='lat' dir='ltr'>Vnum*</span> <span class='ocrx_word' id='word_1_107' title='bbox 1088 400 1156 427; x_wconf 85' lang='lat' dir='ltr'>illud</span> <span class='ocrx_word' id='word_1_108' title='bbox 1176 401 1255 434; x_wconf 86' lang='lat' dir='ltr'>dico,</span> <span class='ocrx_word' id='word_1_109' title='bbox 1279 400 1297 427; x_wconf 85' lang='lat' dir='ltr'>si</span> <span class='ocrx_word' id='word_1_110' title='bbox 1361 400 1516 428; x_wconf 84' lang='lat' dir='ltr'>diosissimus</span> <span class='ocrx_word' id='word_1_111' title='bbox 1532 400 1605 427; x_wconf 84' lang='lat' dir='ltr'><strong>Idem</strong></span> <span class='ocrx_word' id='word_1_112' title='bbox 1624 403 1701 430; x_wconf 90' lang='lat' dir='ltr'>Verr.</span> <span class='ocrx_word' id='word_1_113' title='bbox 1721 412 1746 437; x_wconf 85' lang='lat'>2,</span> <span class='ocrx_word' id='word_1_114' title='bbox 1761 413 1804 436; x_wconf 82' lang='lat'>¹¹7-</span> <span class='ocrx_word' id='word_1_115' title='bbox 2481 406 2506 442; x_wconf 53' lang='lat' dir='ltr'>*fs</span> 
     </span>
     <span class='ocr_line' id='line_1_27' title="bbox 236 436 2511 478; baseline -0.001 -10"><span class='ocrx_word' id='word_1_116' title='bbox 236 449 347 478; x_wconf 85' lang='lat' dir='ltr'>propter</span> <span class='ocrx_word' id='word_1_117' title='bbox 360 442 476 477; x_wconf 89' lang='lat' dir='ltr'>partium</span> <span class='ocrx_word' id='word_1_118' title='bbox 489 441 603 468; x_wconf 89' lang='lat' dir='ltr'>studium</span> <span class='ocrx_word' id='word_1_119' title='bbox 617 443 711 471; x_wconf 88' lang='lat' dir='ltr'>potens</span> <span class='ocrx_word' id='word_1_120' title='bbox 727 442 782 463; x_wconf 88' lang='lat' dir='ltr'>erat</span> <span class='ocrx_word' id='word_1_121' title='bbox 801 436 954 471; x_wconf 84' lang='lat' dir='ltr'>Alphenus,</span> <span class='ocrx_word' id='word_1_122' title='bbox 974 436 1166 472; x_wconf 81' lang='lat' dir='ltr'>potentill&#39;imus</span> <span class='ocrx_word' id='word_1_123' title='bbox 1179 436 1300 465; x_wconf 85' lang='lat' dir='ltr'>Naeuius</span> <span class='ocrx_word' id='word_1_124' title='bbox 1322 442 1336 469; x_wconf 78' lang='grc' dir='ltr'><em>ς</em></span> <span class='ocrx_word' id='word_1_125' title='bbox 1398 444 1413 463; x_wconf 83' lang='grc' dir='ltr'>Ρ</span> <span class='ocrx_word' id='word_1_126' title='bbox 1422 443 1441 462; x_wconf 99' lang='lat' dir='ltr'>R</span> <span class='ocrx_word' id='word_1_127' title='bbox 1450 442 1493 463; x_wconf 85' lang='lat' dir='ltr'>OP</span> <span class='ocrx_word' id='word_1_128' title='bbox 1504 443 1526 463; x_wconf 92' lang='lat' dir='ltr'>v</span> <span class='ocrx_word' id='word_1_129' title='bbox 1536 442 1556 462; x_wconf 87' lang='lat' dir='ltr'>G</span> <span class='ocrx_word' id='word_1_130' title='bbox 1569 443 1592 463; x_wconf 80' lang='lat' dir='ltr'>N</span> <span class='ocrx_word' id='word_1_131' title='bbox 1601 443 1623 463; x_wconf 85' lang='lat' dir='ltr'>A</span> <span class='ocrx_word' id='word_1_132' title='bbox 1634 444 1656 463; x_wconf 85' lang='lat' dir='ltr'>T</span> <span class='ocrx_word' id='word_1_133' title='bbox 1668 445 1688 464; x_wconf 84' lang='lat' dir='ltr'>R</span> <span class='ocrx_word' id='word_1_134' title='bbox 1699 447 1753 473; x_wconf 87' lang='lat' dir='ltr'>lx,</span> <span class='ocrx_word' id='word_1_135' title='bbox 1773 439 1830 466; x_wconf 83' lang='lat' dir='ltr'>icis.</span> <span class='ocrx_word' id='word_1_136' title='bbox 1851 439 1870 465; x_wconf 85' lang='lat' dir='ltr'>f.</span> <span class='ocrx_word' id='word_1_137' title='bbox 1891 439 1996 467; x_wconf 81' lang='lat' dir='ltr'>Fabret.</span> <span class='ocrx_word' id='word_1_138' title='bbox 2018 439 2140 473; x_wconf 74' lang='lat' dir='ltr'>Inscript.</span> <span class='ocrx_word' id='word_1_139' title='bbox 2160 449 2186 474; x_wconf 92' lang='lat' dir='ltr'>p.</span> <span class='ocrx_word' id='word_1_140' title='bbox 2201 442 2255 473; x_wconf 82' lang='lat'>169.</span> <span class='ocrx_word' id='word_1_141' title='bbox 2508 437 2511 442; x_wconf 77' lang='lat'>&#39;</span> 
     </span>
     <span class='ocr_line' id='line_1_28' title="bbox 236 471 2423 512; baseline -0 -12"><span class='ocrx_word' id='word_1_142' title='bbox 236 478 311 507; x_wconf 74' lang='lat' dir='ltr'>Idem</span> <span class='ocrx_word' id='word_1_143' title='bbox 324 486 374 512; x_wconf 81' lang='lat' dir='ltr'>pro</span> <span class='ocrx_word' id='word_1_144' title='bbox 387 477 481 511; x_wconf 71' lang='lat' dir='ltr'>Qiint,</span> <span class='ocrx_word' id='word_1_145' title='bbox 495 484 539 510; x_wconf 90' lang='lat'>70.</span> <span class='ocrx_word' id='word_1_146' title='bbox 612 473 684 500; x_wconf 89' lang='lat' dir='ltr'>Nam</span> <span class='ocrx_word' id='word_1_147' title='bbox 698 481 747 499; x_wconf 89' lang='lat' dir='ltr'>nec</span> <span class='ocrx_word' id='word_1_148' title='bbox 761 473 841 499; x_wconf 82' lang='lat' dir='ltr'>castra</span> <span class='ocrx_word' id='word_1_149' title='bbox 862 478 972 508; x_wconf 86' lang='lat' dir='ltr'>propter</span> <span class='ocrx_word' id='word_1_150' title='bbox 991 472 1056 498; x_wconf 86' lang='lat' dir='ltr'>anni</span> <span class='ocrx_word' id='word_1_151' title='bbox 1080 478 1184 508; x_wconf 87' lang='lat' dir='ltr'>tempus</span> <span class='ocrx_word' id='word_1_152' title='bbox 1211 474 1300 500; x_wconf 84' lang='lat' dir='ltr'>facere</span> <span class='ocrx_word' id='word_1_153' title='bbox 1396 480 1412 499; x_wconf 97' lang='lat' dir='ltr'>P</span> <span class='ocrx_word' id='word_1_154' title='bbox 1422 479 1469 500; x_wconf 88' lang='lat' dir='ltr'>Ro</span> <span class='ocrx_word' id='word_1_155' title='bbox 1481 479 1497 499; x_wconf 81' lang='lat' dir='ltr'>x·</span> <span class='ocrx_word' id='word_1_156' title='bbox 1508 479 1529 499; x_wconf 90' lang='lat' dir='ltr'>V</span> <span class='ocrx_word' id='word_1_157' title='bbox 1540 478 1561 499; x_wconf 88' lang='lat' dir='ltr'>G</span> <span class='ocrx_word' id='word_1_158' title='bbox 1571 480 1624 500; x_wconf 86' lang='lat' dir='ltr'>NA</span> <span class='ocrx_word' id='word_1_159' title='bbox 1633 479 1651 500; x_wconf 89' lang='lat' dir='ltr'>C</span> <span class='ocrx_word' id='word_1_160' title='bbox 1663 480 1684 500; x_wconf 94' lang='lat' dir='ltr'>v</span> <span class='ocrx_word' id='word_1_161' title='bbox 1698 482 1716 501; x_wconf 89' lang='lat' dir='ltr'>L</span> <span class='ocrx_word' id='word_1_162' title='bbox 1726 483 1747 502; x_wconf 96' lang='lat' dir='ltr'><strong>v</strong></span> <span class='ocrx_word' id='word_1_163' title='bbox 1757 483 1798 509; x_wconf 85' lang='lat' dir='ltr'>M,</span> <span class='ocrx_word' id='word_1_164' title='bbox 1818 476 1837 502; x_wconf 89' lang='lat' dir='ltr'>i.</span> <span class='ocrx_word' id='word_1_165' title='bbox 1858 486 1884 502; x_wconf 88' lang='lat' dir='ltr'>n.</span> <span class='ocrx_word' id='word_1_166' title='bbox 1921 476 2056 509; x_wconf 53' lang='grc' dir='ltr'>[προβολὴ</span> <span class='ocrx_word' id='word_1_167' title='bbox 2068 477 2230 507; x_wconf 47' lang='lat' dir='ltr'>summm«.</span> <span class='ocrx_word' id='word_1_168' title='bbox 2246 473 2331 508; x_wconf 71' lang='grc' dir='ltr'><strong>ἔρυμα,</strong></span> <span class='ocrx_word' id='word_1_169' title='bbox 2349 471 2423 500; x_wconf 75' lang='grc' dir='ltr'>ἕκαλ-</span> 
     </span>
     <span class='ocr_line' id='line_1_29' title="bbox 236 508 2423 550; baseline -0.003 -9"><span class='ocrx_word' id='word_1_170' title='bbox 236 515 340 550; x_wconf 83' lang='lat' dir='ltr'>poffum</span> <span class='ocrx_word' id='word_1_171' title='bbox 359 513 432 541; x_wconf 89' lang='lat' dir='ltr'><strong>Idem</strong></span> <span class='ocrx_word' id='word_1_172' title='bbox 448 514 498 538; x_wconf 88' lang='lat' dir='ltr'>Att.</span> <span class='ocrx_word' id='word_1_173' title='bbox 513 517 535 543; x_wconf 84' lang='lat'>8,</span> <span class='ocrx_word' id='word_1_174' title='bbox 552 518 589 542; x_wconf 89' lang='lat'>19.</span> <span class='ocrx_word' id='word_1_175' title='bbox 661 510 774 543; x_wconf 83' lang='lat' dir='ltr'>Propter</span> <span class='ocrx_word' id='word_1_176' title='bbox 788 508 877 543; x_wconf 87' lang='lat' dir='ltr'>quod,</span> <span class='ocrx_word' id='word_1_177' title='bbox 892 510 913 534; x_wconf 71' lang='lat' dir='ltr'>i.</span> <span class='ocrx_word' id='word_1_178' title='bbox 933 510 1070 544; x_wconf 78' lang='lat' dir='ltr'><em>Propterea</em></span> <span class='ocrx_word' id='word_1_179' title='bbox 1090 512 1162 545; x_wconf 83' lang='lat' dir='ltr'>quod.</span> <span class='ocrx_word' id='word_1_180' title='bbox 1221 510 1299 544; x_wconf 88' lang='lat' dir='ltr'>Apul.</span> <span class='ocrx_word' id='word_1_181' title='bbox 1361 510 1416 544; x_wconf 75' lang='grc' dir='ltr'>ξις]</span> <span class='ocrx_word' id='word_1_182' title='bbox 1452 509 1528 535; x_wconf 81' lang='lat' dir='ltr'>Locus</span> <span class='ocrx_word' id='word_1_183' title='bbox 1540 510 1666 541; x_wconf 66' lang='lat' dir='ltr'>numinis,</span> <span class='ocrx_word' id='word_1_184' title='bbox 1685 512 1751 535; x_wconf 79' lang='lat' dir='ltr'>vnde</span> <span class='ocrx_word' id='word_1_185' title='bbox 1768 513 1871 545; x_wconf 66' lang='lat' dir='ltr'>defendi</span> <span class='ocrx_word' id='word_1_186' title='bbox 1884 514 1958 544; x_wconf 73' lang='lat' dir='ltr'>vrbs,</span> <span class='ocrx_word' id='word_1_187' title='bbox 1977 511 2073 548; x_wconf 73' lang='lat' dir='ltr'>castra,</span> <span class='ocrx_word' id='word_1_188' title='bbox 2094 513 2158 547; x_wconf 77' lang='lat' dir='ltr'>fines</span> <span class='ocrx_word' id='word_1_189' title='bbox 2180 509 2274 545; x_wconf 53' lang='lat' dir='ltr'>pcffint.</span> <span class='ocrx_word' id='word_1_190' title='bbox 2346 509 2423 543; x_wconf 75' lang='lat' dir='ltr'>Virg.</span> 
     </span>
     <span class='ocr_line' id='line_1_30' title="bbox 237 544 2424 585; baseline -0.001 -12"><span class='ocrx_word' id='word_1_191' title='bbox 237 550 317 585; x_wconf 79' lang='lat' dir='ltr'>Apol,</span> <span class='ocrx_word' id='word_1_192' title='bbox 332 559 357 584; x_wconf 88' lang='lat' dir='ltr'>p.</span> <span class='ocrx_word' id='word_1_193' title='bbox 371 558 422 581; x_wconf 72' lang='lat'>275,</span> <span class='ocrx_word' id='word_1_194' title='bbox 435 556 447 580; x_wconf 82' lang='grc' dir='ltr'><em>ς</em></span> <span class='ocrx_word' id='word_1_195' title='bbox 465 546 587 573; x_wconf 87' lang='lat' dir='ltr'>Sustineo</span> <span class='ocrx_word' id='word_1_196' title='bbox 600 553 655 571; x_wconf 91' lang='lat' dir='ltr'>non</span> <span class='ocrx_word' id='word_1_197' title='bbox 668 553 756 571; x_wconf 87' lang='lat' dir='ltr'>meam</span> <span class='ocrx_word' id='word_1_198' title='bbox 768 544 868 581; x_wconf 84' lang='lat' dir='ltr'>modo,</span> <span class='ocrx_word' id='word_1_199' title='bbox 891 553 987 571; x_wconf 85' lang='lat' dir='ltr'>verum</span> <span class='ocrx_word' id='word_1_200' title='bbox 1006 545 1086 572; x_wconf 82' lang='lat' dir='ltr'>etiam</span> <span class='ocrx_word' id='word_1_201' title='bbox 1112 545 1299 581; x_wconf 80' lang='lat' dir='ltr'>Philosophiae</span> <span class='ocrx_word' id='word_1_202' title='bbox 1361 548 1427 572; x_wconf 82' lang='lat' dir='ltr'>Aen.</span> <span class='ocrx_word' id='word_1_203' title='bbox 1443 555 1471 578; x_wconf 90' lang='lat'>4,</span> <span class='ocrx_word' id='word_1_204' title='bbox 1486 551 1517 579; x_wconf 80' lang='lat'>87</span> <span class='ocrx_word' id='word_1_205' title='bbox 1535 545 1566 570; x_wconf 85' lang='lat' dir='ltr'>Et</span> <span class='ocrx_word' id='word_1_206' title='bbox 1580 547 1777 580; x_wconf 82' lang='lat' dir='ltr'>propugnacula</span> <span class='ocrx_word' id='word_1_207' title='bbox 1788 547 1860 574; x_wconf 89' lang='lat' dir='ltr'>bello</span> <span class='ocrx_word' id='word_1_208' title='bbox 1881 548 1957 574; x_wconf 83' lang='lat' dir='ltr'>Tuta</span> <span class='ocrx_word' id='word_1_209' title='bbox 1971 549 2074 582; x_wconf 79' lang='lat' dir='ltr'>parant.</span> <span class='ocrx_word' id='word_1_210' title='bbox 2166 547 2223 574; x_wconf 78' lang='lat' dir='ltr'>Cic.</span> <span class='ocrx_word' id='word_1_211' title='bbox 2250 555 2302 582; x_wconf 88' lang='lat' dir='ltr'>pro</span> <span class='ocrx_word' id='word_1_212' title='bbox 2318 546 2395 572; x_wconf 88' lang='lat' dir='ltr'>Font.</span> <span class='ocrx_word' id='word_1_213' title='bbox 2413 554 2424 576; x_wconf 82' lang='lat'><em>3</em></span> 
     </span>
     <span class='ocr_line' id='line_1_31' title="bbox 237 581 2516 616; baseline -0.003 -3"><span class='ocrx_word' id='word_1_214' title='bbox 237 585 417 613; x_wconf 78' lang='lat' dir='ltr'>defensionem</span> <span class='ocrx_word' id='word_1_215' title='bbox 434 597 480 602; x_wconf 91' lang='lat'>—-</span> <span class='ocrx_word' id='word_1_216' title='bbox 500 583 612 616; x_wconf 84' lang='lat' dir='ltr'><strong>Propter</strong></span> <span class='ocrx_word' id='word_1_217' title='bbox 625 581 698 615; x_wconf 86' lang='lat' dir='ltr'>quod</span> <span class='ocrx_word' id='word_1_218' title='bbox 723 596 769 600; x_wconf 90' lang='lat'>—</span> <span class='ocrx_word' id='word_1_219' title='bbox 792 581 901 616; x_wconf 87' lang='lat' dir='ltr'>patroni</span> <span class='ocrx_word' id='word_1_220' title='bbox 926 596 972 600; x_wconf 87' lang='lat'>—</span> <span class='ocrx_word' id='word_1_221' title='bbox 997 581 1081 608; x_wconf 88' lang='lat' dir='ltr'>multa</span> <span class='ocrx_word' id='word_1_222' title='bbox 1100 581 1130 608; x_wconf 88' lang='lat' dir='ltr'>in</span> <span class='ocrx_word' id='word_1_223' title='bbox 1150 590 1192 608; x_wconf 87' lang='lat' dir='ltr'>me</span> <span class='ocrx_word' id='word_1_224' title='bbox 1207 587 1253 602; x_wconf 78' lang='lat'>——&#39;</span> <span class='ocrx_word' id='word_1_225' title='bbox 1274 587 1301 608; x_wconf 91' lang='lat' dir='ltr'>et</span> <span class='ocrx_word' id='word_1_226' title='bbox 1360 591 1384 609; x_wconf 89' lang='lat' dir='ltr'>c.</span> <span class='ocrx_word' id='word_1_227' title='bbox 1399 591 1407 608; x_wconf 87' lang='lat'><em>1</em></span> <span class='ocrx_word' id='word_1_228' title='bbox 1429 581 1470 607; x_wconf 83' lang='lat' dir='ltr'>Est</span> <span class='ocrx_word' id='word_1_229' title='bbox 1486 582 1514 607; x_wconf 90' lang='lat' dir='ltr'>in</span> <span class='ocrx_word' id='word_1_230' title='bbox 1528 581 1620 606; x_wconf 87' lang='lat' dir='ltr'>eadem</span> <span class='ocrx_word' id='word_1_231' title='bbox 1638 581 1778 615; x_wconf 86' lang='lat' dir='ltr'>prouincia</span> <span class='ocrx_word' id='word_1_232' title='bbox 1791 583 1885 610; x_wconf 81' lang='lat' dir='ltr'>Narbo</span> <span class='ocrx_word' id='word_1_233' title='bbox 1894 583 2006 611; x_wconf 80' lang='lat' dir='ltr'>Martius</span> <span class='ocrx_word' id='word_1_234' title='bbox 2023 583 2130 610; x_wconf 83' lang='lat' dir='ltr'>colonia</span> <span class='ocrx_word' id='word_1_235' title='bbox 2142 583 2297 610; x_wconf 86' lang='lat' dir='ltr'>nostrorum</span> <span class='ocrx_word' id='word_1_236' title='bbox 2311 581 2426 615; x_wconf 79' lang='lat' dir='ltr'>ciuium,</span> <span class='ocrx_word' id='word_1_237' title='bbox 2471 602 2473 608; x_wconf 91' lang='grc'><strong>,</strong></span> <span class='ocrx_word' id='word_1_238' title='bbox 2511 594 2516 598; x_wconf 86' lang='grc'>·</span> 
     </span>
     <span class='ocr_line' id='line_1_32' title="bbox 237 616 2425 654; baseline -0.003 -5"><span class='ocrx_word' id='word_1_239' title='bbox 237 621 268 648; x_wconf 87' lang='lat' dir='ltr'>in</span> <span class='ocrx_word' id='word_1_240' title='bbox 283 619 454 653; x_wconf 85' lang='lat' dir='ltr'>Philosophos</span> <span class='ocrx_word' id='word_1_241' title='bbox 480 617 543 645; x_wconf 66' lang='lat' dir='ltr'>fieta</span> <span class='ocrx_word' id='word_1_242' title='bbox 561 633 608 637; x_wconf 97' lang='lat'><strong>—</strong></span> <span class='ocrx_word' id='word_1_243' title='bbox 626 616 793 644; x_wconf 84' lang='lat' dir='ltr'>effutierunt.</span> <span class='ocrx_word' id='word_1_244' title='bbox 866 617 908 643; x_wconf 83' lang='lat' dir='ltr'>Sic</span> <span class='ocrx_word' id='word_1_245' title='bbox 921 618 1027 644; x_wconf 77' lang='lat' dir='ltr'>Praeter</span> <span class='ocrx_word' id='word_1_246' title='bbox 1040 624 1085 652; x_wconf 85' lang='lat' dir='ltr'>pro</span> <span class='ocrx_word' id='word_1_247' title='bbox 1098 619 1235 645; x_wconf 88' lang='lat' dir='ltr'>Praeterea</span> <span class='ocrx_word' id='word_1_248' title='bbox 1248 618 1300 644; x_wconf 74' lang='lat' dir='ltr'>dici</span> <span class='ocrx_word' id='word_1_249' title='bbox 1316 625 1344 643; x_wconf 88' lang='grc' dir='ltr'>ιο</span> <span class='ocrx_word' id='word_1_250' title='bbox 1360 617 1462 652; x_wconf 82' lang='lat' dir='ltr'>specula</span> <span class='ocrx_word' id='word_1_251' title='bbox 1482 617 1576 651; x_wconf 87' lang='lat' dir='ltr'>Populi</span> <span class='ocrx_word' id='word_1_252' title='bbox 1592 618 1669 644; x_wconf 78' lang='lat' dir='ltr'>Rom.</span> <span class='ocrx_word' id='word_1_253' title='bbox 1682 625 1710 643; x_wconf 89' lang='lat' dir='ltr'>ac</span> <span class='ocrx_word' id='word_1_254' title='bbox 1731 621 1960 652; x_wconf 79' lang='lat' dir='ltr'>propugnaculum</span> <span class='ocrx_word' id='word_1_255' title='bbox 1984 619 2039 647; x_wconf 83' lang='lat' dir='ltr'>istis</span> <span class='ocrx_word' id='word_1_256' title='bbox 2065 619 2125 654; x_wconf 85' lang='lat' dir='ltr'>ipsis</span> <span class='ocrx_word' id='word_1_257' title='bbox 2149 618 2304 645; x_wconf 86' lang='lat' dir='ltr'>nationibus</span> <span class='ocrx_word' id='word_1_258' title='bbox 2323 616 2425 652; x_wconf 92' lang='lat' dir='ltr'>opposi-</span> 
     </span>
    </p>

    <p class='ocr_par' dir='ltr' id='par_1_5' title="bbox 230 652 2473 833">
     <span class='ocr_line' id='line_1_33' title="bbox 230 652 2469 693; baseline -0.002 -9"><span class='ocrx_word' id='word_1_259' title='bbox 230 657 279 693; x_wconf 81' lang='lat' dir='ltr'>suo</span> <span class='ocrx_word' id='word_1_260' title='bbox 292 659 340 683; x_wconf 78' lang='lat' dir='ltr'>loco</span> <span class='ocrx_word' id='word_1_261' title='bbox 353 655 493 680; x_wconf 72' lang='lat' dir='ltr'>monuimus.</span> <span class='ocrx_word' id='word_1_262' title='bbox 567 653 671 680; x_wconf 84' lang='lat' dir='ltr'><strong>Paullus</strong></span> <span class='ocrx_word' id='word_1_263' title='bbox 685 653 714 679; x_wconf 91' lang='lat' dir='ltr'>in</span> <span class='ocrx_word' id='word_1_264' title='bbox 729 653 744 680; x_wconf 97' lang='lat' dir='ltr'>l.</span> <span class='ocrx_word' id='word_1_265' title='bbox 765 652 822 686; x_wconf 73' lang='lat' dir='ltr'>Qii</span> <span class='ocrx_word' id='word_1_266' title='bbox 835 652 864 679; x_wconf 89' lang='lat' dir='ltr'>in</span> <span class='ocrx_word' id='word_1_267' title='bbox 877 653 910 680; x_wconf 92' lang='lat' dir='ltr'>D.</span> <span class='ocrx_word' id='word_1_268' title='bbox 930 653 963 680; x_wconf 88' lang='lat' dir='ltr'>de</span> <span class='ocrx_word' id='word_1_269' title='bbox 983 654 1072 689; x_wconf 80' lang='lat' dir='ltr'>adopt.</span> <span class='ocrx_word' id='word_1_270' title='bbox 1145 655 1221 681; x_wconf 85' lang='lat' dir='ltr'>onr</span> <span class='ocrx_word' id='word_1_271' title='bbox 1240 662 1298 680; x_wconf 84' lang='lat' dir='ltr'>mea</span> <span class='ocrx_word' id='word_1_272' title='bbox 1361 660 1418 680; x_wconf 89' lang='lat' dir='ltr'>tum</span> <span class='ocrx_word' id='word_1_273' title='bbox 1437 658 1463 679; x_wconf 87' lang='lat' dir='ltr'>et</span> <span class='ocrx_word' id='word_1_274' title='bbox 1478 653 1625 679; x_wconf 61' lang='lat' dir='ltr'>obiectum.</span> <span class='ocrx_word' id='word_1_275' title='bbox 1698 653 1847 687; x_wconf 83' lang='lat' dir='ltr'>Pontesque</span> <span class='ocrx_word' id='word_1_276' title='bbox 1865 662 1890 682; x_wconf 83' lang='lat' dir='ltr'>et</span> <span class='ocrx_word' id='word_1_277' title='bbox 1914 655 2241 690; x_wconf 76' lang='lat' dir='ltr'>propugnaculaiungunt</span> <span class='ocrx_word' id='word_1_278' title='bbox 2262 655 2338 688; x_wconf 83' lang='lat' dir='ltr'>Virg.</span> <span class='ocrx_word' id='word_1_279' title='bbox 2358 655 2423 679; x_wconf 86' lang='lat' dir='ltr'>Aen.</span> <span class='ocrx_word' id='word_1_280' title='bbox 2466 680 2469 687; x_wconf 76' lang='lat'>.</span> 
     </span>
     <span class='ocr_line' id='line_1_34' title="bbox 237 689 2426 725; baseline -0.003 -5"><span class='ocrx_word' id='word_1_281' title='bbox 237 693 280 720; x_wconf 85' lang='lat' dir='ltr'>illi</span> <span class='ocrx_word' id='word_1_282' title='bbox 299 690 388 718; x_wconf 76' lang='lat' dir='ltr'>matris</span> <span class='ocrx_word' id='word_1_283' title='bbox 403 690 463 716; x_wconf 86' lang='lat' dir='ltr'>loco</span> <span class='ocrx_word' id='word_1_284' title='bbox 476 698 532 716; x_wconf 87' lang='lat' dir='ltr'>non</span> <span class='ocrx_word' id='word_1_285' title='bbox 546 689 598 723; x_wconf 84' lang='lat' dir='ltr'>est,</span> <span class='ocrx_word' id='word_1_286' title='bbox 617 698 665 716; x_wconf 90' lang='lat' dir='ltr'>nec</span> <span class='ocrx_word' id='word_1_287' title='bbox 679 689 753 715; x_wconf 88' lang='lat' dir='ltr'>enim</span> <span class='ocrx_word' id='word_1_288' title='bbox 767 689 920 724; x_wconf 79' lang='lat' dir='ltr'>agnoscitur</span> <span class='ocrx_word' id='word_1_289' title='bbox 933 689 972 716; x_wconf 89' lang='lat' dir='ltr'>ei:</span> <span class='ocrx_word' id='word_1_290' title='bbox 992 695 1104 725; x_wconf 88' lang='lat' dir='ltr'>propter</span> <span class='ocrx_word' id='word_1_291' title='bbox 1121 690 1193 725; x_wconf 89' lang='lat' dir='ltr'>quod</span> <span class='ocrx_word' id='word_1_292' title='bbox 1207 699 1254 717; x_wconf 89' lang='lat' dir='ltr'>nec</span> <span class='ocrx_word' id='word_1_293' title='bbox 1271 690 1297 716; x_wconf 89' lang='lat' dir='ltr'>ei</span> <span class='ocrx_word' id='word_1_294' title='bbox 1360 698 1387 723; x_wconf 86' lang='lat'>9,</span> <span class='ocrx_word' id='word_1_295' title='bbox 1402 698 1455 721; x_wconf 89' lang='lat'>170.</span> <span class='ocrx_word' id='word_1_296' title='bbox 1529 689 1661 722; x_wconf 85' lang='lat' dir='ltr'>Aequoris</span> <span class='ocrx_word' id='word_1_297' title='bbox 1674 690 1874 725; x_wconf 83' lang='lat' dir='ltr'>propugnacula</span> <span class='ocrx_word' id='word_1_298' title='bbox 1895 692 1955 719; x_wconf 83' lang='lat' dir='ltr'>Stat.</span> <span class='ocrx_word' id='word_1_299' title='bbox 1971 693 2034 719; x_wconf 78' lang='lat' dir='ltr'>suu.</span> <span class='ocrx_word' id='word_1_300' title='bbox 2056 701 2077 723; x_wconf 84' lang='grc'><strong>3,</strong></span> <span class='ocrx_word' id='word_1_301' title='bbox 2098 701 2120 724; x_wconf 86' lang='grc'>3,</span> <span class='ocrx_word' id='word_1_302' title='bbox 2140 700 2188 718; x_wconf 84' lang='grc' dir='ltr'>ιοι.</span> <span class='ocrx_word' id='word_1_303' title='bbox 2280 690 2426 716; x_wconf 85' lang='lat' dir='ltr'>Murorum</span> 
     </span>
     <span class='ocr_line' id='line_1_35' title="bbox 237 722 2424 763; baseline -0.003 -10"><span class='ocrx_word' id='word_1_304' title='bbox 237 733 359 763; x_wconf 74' lang='lat' dir='ltr'>cognatus</span> <span class='ocrx_word' id='word_1_305' title='bbox 372 725 410 752; x_wconf 87' lang='lat' dir='ltr'>fit.</span> <span class='ocrx_word' id='word_1_306' title='bbox 611 722 632 763; x_wconf 59' lang='lat' dir='ltr'><strong>ff</strong></span> <span class='ocrx_word' id='word_1_307' title='bbox 656 734 668 751; x_wconf 92' lang='grc'><strong>2</strong></span> <span class='ocrx_word' id='word_1_308' title='bbox 705 726 836 760; x_wconf 80' lang='lat' dir='ltr'>Propter,</span> <span class='ocrx_word' id='word_1_309' title='bbox 861 732 909 761; x_wconf 87' lang='lat' dir='ltr'>pro</span> <span class='ocrx_word' id='word_1_310' title='bbox 929 727 1024 761; x_wconf 69' lang='lat' dir='ltr'>Prope,</span> <span class='ocrx_word' id='word_1_311' title='bbox 1046 726 1139 752; x_wconf 68' lang='lat' dir='ltr'>iuxta.-</span> <span class='ocrx_word' id='word_1_312' title='bbox 1163 726 1300 761; x_wconf 76' lang='lat' dir='ltr'>aliquando</span> <span class='ocrx_word' id='word_1_313' title='bbox 1359 725 1558 760; x_wconf 83' lang='lat' dir='ltr'>propugnacula</span> <span class='ocrx_word' id='word_1_314' title='bbox 1578 726 1655 760; x_wconf 87' lang='lat' dir='ltr'>Virg.</span> <span class='ocrx_word' id='word_1_315' title='bbox 1669 729 1735 752; x_wconf 83' lang='lat' dir='ltr'>Aen.</span> <span class='ocrx_word' id='word_1_316' title='bbox 1749 735 1776 759; x_wconf 88' lang='lat'>9,</span> <span class='ocrx_word' id='word_1_317' title='bbox 1788 728 1847 758; x_wconf 78' lang='lat'>664.</span> <span class='ocrx_word' id='word_1_318' title='bbox 1918 728 1986 755; x_wconf 85' lang='lat' dir='ltr'>Hor.</span> <span class='ocrx_word' id='word_1_319' title='bbox 2001 729 2084 763; x_wconf 87' lang='lat' dir='ltr'>Epod.</span> <span class='ocrx_word' id='word_1_320' title='bbox 2100 738 2118 761; x_wconf 84' lang='lat'>1,</span> <span class='ocrx_word' id='word_1_321' title='bbox 2133 736 2153 753; x_wconf 54' lang='lat'>2*</span> <span class='ocrx_word' id='word_1_322' title='bbox 2165 726 2221 754; x_wconf 81' lang='lat' dir='ltr'>Ibis</span> <span class='ocrx_word' id='word_1_323' title='bbox 2237 725 2364 753; x_wconf 75' lang='lat' dir='ltr'>Liburnis</span> <span class='ocrx_word' id='word_1_324' title='bbox 2383 725 2424 750; x_wconf 74' lang='lat' dir='ltr'>in.</span> 
     </span>
     <span class='ocr_line' id='line_1_36' title="bbox 237 760 2473 799; baseline 0 -10"><span class='ocrx_word' id='word_1_325' title='bbox 237 762 388 791; x_wconf 80' lang='lat' dir='ltr'>Aduerbium</span> <span class='ocrx_word' id='word_1_326' title='bbox 401 761 498 797; x_wconf 66' lang='lat' dir='ltr'>estsine</span> <span class='ocrx_word' id='word_1_327' title='bbox 511 760 590 796; x_wconf 88' lang='lat' dir='ltr'>Casu:</span> <span class='ocrx_word' id='word_1_328' title='bbox 627 761 697 788; x_wconf 89' lang='lat' dir='ltr'>Ter.</span> <span class='ocrx_word' id='word_1_329' title='bbox 712 760 824 796; x_wconf 81' lang='lat' dir='ltr'>Adelph.</span> <span class='ocrx_word' id='word_1_330' title='bbox 837 771 860 795; x_wconf 80' lang='grc'><strong>4,</strong></span> <span class='ocrx_word' id='word_1_331' title='bbox 873 770 895 791; x_wconf 87' lang='grc'>2,</span> <span class='ocrx_word' id='word_1_332' title='bbox 907 771 938 797; x_wconf 83' lang='lat'>39</span> <span class='ocrx_word' id='word_1_333' title='bbox 957 762 1048 789; x_wconf 84' lang='lat' dir='ltr'>Postea</span> <span class='ocrx_word' id='word_1_334' title='bbox 1060 762 1096 789; x_wconf 90' lang='lat' dir='ltr'>est</span> <span class='ocrx_word' id='word_1_335' title='bbox 1109 762 1141 789; x_wconf 87' lang='lat' dir='ltr'>ad</span> <span class='ocrx_word' id='word_1_336' title='bbox 1161 762 1228 790; x_wconf 87' lang='lat' dir='ltr'>hanc</span> <span class='ocrx_word' id='word_1_337' title='bbox 1247 770 1301 788; x_wconf 86' lang='lat' dir='ltr'>ma-</span> <span class='ocrx_word' id='word_1_338' title='bbox 1361 768 1403 788; x_wconf 89' lang='lat' dir='ltr'>ter</span> <span class='ocrx_word' id='word_1_339' title='bbox 1416 761 1468 788; x_wconf 86' lang='lat' dir='ltr'>alta</span> <span class='ocrx_word' id='word_1_340' title='bbox 1481 761 1593 788; x_wconf 85' lang='lat' dir='ltr'>nauium</span> <span class='ocrx_word' id='word_1_341' title='bbox 1615 762 1708 788; x_wconf 81' lang='lat' dir='ltr'>Amice</span> <span class='ocrx_word' id='word_1_342' title='bbox 1729 762 1934 796; x_wconf 86' lang='lat' dir='ltr'>propugnacula.</span> <span class='ocrx_word' id='word_1_343' title='bbox 2006 765 2093 791; x_wconf 82' lang='lat' dir='ltr'>Classis</span> <span class='ocrx_word' id='word_1_344' title='bbox 2119 763 2301 799; x_wconf 80' lang='lat' dir='ltr'>pulcherrima</span> <span class='ocrx_word' id='word_1_345' title='bbox 2320 760 2435 790; x_wconf 68' lang='lat' dir='ltr'>Siciliae,</span> <span class='ocrx_word' id='word_1_346' title='bbox 2472 788 2473 793; x_wconf 67' lang='grc'><strong>,</strong></span> 
     </span>
     <span class='ocr_line' id='line_1_37' title="bbox 236 796 2457 833; baseline -0 -9"><span class='ocrx_word' id='word_1_347' title='bbox 236 808 301 826; x_wconf 89' lang='lat' dir='ltr'>num</span> <span class='ocrx_word' id='word_1_348' title='bbox 314 797 451 830; x_wconf 87' lang='lat' dir='ltr'>sacellum:</span> <span class='ocrx_word' id='word_1_349' title='bbox 488 796 528 823; x_wconf 89' lang='lat' dir='ltr'>ibi</span> <span class='ocrx_word' id='word_1_350' title='bbox 540 797 714 832; x_wconf 82' lang='lat' dir='ltr'>angiportum</span> <span class='ocrx_word' id='word_1_351' title='bbox 729 804 838 832; x_wconf 89' lang='lat' dir='ltr'>propter</span> <span class='ocrx_word' id='word_1_352' title='bbox 858 797 903 824; x_wconf 80' lang='lat' dir='ltr'>est.</span> <span class='ocrx_word' id='word_1_353' title='bbox 977 798 1124 825; x_wconf 86' lang='lat' dir='ltr'>Aedificato</span> <span class='ocrx_word' id='word_1_354' title='bbox 1136 798 1300 825; x_wconf 84' lang='lat' dir='ltr'>monasterio</span> <span class='ocrx_word' id='word_1_355' title='bbox 1317 804 1340 830; x_wconf 83' lang='grc'>15</span> <span class='ocrx_word' id='word_1_356' title='bbox 1360 798 1606 832; x_wconf 76' lang='lat' dir='ltr'>propugnaculum,</span> <span class='ocrx_word' id='word_1_357' title='bbox 1627 798 1785 832; x_wconf 78' lang='lat' dir='ltr'>praesidium</span> <span class='ocrx_word' id='word_1_358' title='bbox 1798 797 1959 832; x_wconf 86' lang='lat' dir='ltr'>prouinciae</span> <span class='ocrx_word' id='word_1_359' title='bbox 1974 799 2030 826; x_wconf 87' lang='lat' dir='ltr'>Cic.</span> <span class='ocrx_word' id='word_1_360' title='bbox 2045 802 2122 827; x_wconf 87' lang='lat' dir='ltr'>Verr.</span> <span class='ocrx_word' id='word_1_361' title='bbox 2142 809 2165 833; x_wconf 81' lang='lat'>3,</span> <span class='ocrx_word' id='word_1_362' title='bbox 2181 801 2233 829; x_wconf 74' lang='lat'>186.</span> <span class='ocrx_word' id='word_1_363' title='bbox 2325 798 2425 831; x_wconf 80' lang='lat' dir='ltr'>Propu-</span> <span class='ocrx_word' id='word_1_364' title='bbox 2456 803 2457 807; x_wconf 63' lang='lat'>¹</span> 
     </span>
    </p>

    <p class='ocr_par' dir='ltr' id='par_1_6' title="bbox 232 832 2482 982">
     <span class='ocr_line' id='line_1_38' title="bbox 233 832 2427 871; baseline -0.001 -10"><span class='ocrx_word' id='word_1_365' title='bbox 233 841 260 861; x_wconf 88' lang='lat' dir='ltr'>et</span> <span class='ocrx_word' id='word_1_366' title='bbox 273 833 424 860; x_wconf 88' lang='lat' dir='ltr'>diuersorio</span> <span class='ocrx_word' id='word_1_367' title='bbox 437 839 547 868; x_wconf 87' lang='lat' dir='ltr'>propter</span> <span class='ocrx_word' id='word_1_368' title='bbox 561 832 696 860; x_wconf 64' lang='lat' dir='ltr'>exsti-ufto</span> <span class='ocrx_word' id='word_1_369' title='bbox 715 834 832 860; x_wconf 84' lang='lat' dir='ltr'>Hieron.</span> <span class='ocrx_word' id='word_1_370' title='bbox 853 834 899 868; x_wconf 86' lang='lat' dir='ltr'>Ep.</span> <span class='ocrx_word' id='word_1_371' title='bbox 919 835 950 860; x_wconf 90' lang='grc'>26</span> <span class='ocrx_word' id='word_1_372' title='bbox 969 834 1001 861; x_wconf 86' lang='lat' dir='ltr'>ad</span> <span class='ocrx_word' id='word_1_373' title='bbox 1023 834 1171 861; x_wconf 89' lang='lat' dir='ltr'>Pammach.</span> <span class='ocrx_word' id='word_1_374' title='bbox 1183 835 1232 869; x_wconf 78' lang='lat' dir='ltr'>sub</span> <span class='ocrx_word' id='word_1_375' title='bbox 1249 835 1298 869; x_wconf 84' lang='lat' dir='ltr'>fin.</span> <span class='ocrx_word' id='word_1_376' title='bbox 1359 833 1473 869; x_wconf 87' lang='lat' dir='ltr'>gnaculo</span> <span class='ocrx_word' id='word_1_377' title='bbox 1486 835 1535 860; x_wconf 76' lang='lat' dir='ltr'>esl&#39;e</span> <span class='ocrx_word' id='word_1_378' title='bbox 1547 834 1628 861; x_wconf 88' lang='lat' dir='ltr'>alicui</span> <span class='ocrx_word' id='word_1_379' title='bbox 1645 833 1719 861; x_wconf 83' lang='lat' dir='ltr'>Idem</span> <span class='ocrx_word' id='word_1_380' title='bbox 1732 833 1798 862; x_wconf 86' lang='lat' dir='ltr'>ibid.</span> <span class='ocrx_word' id='word_1_381' title='bbox 1813 843 1836 866; x_wconf 84' lang='lat'>5,</span> <span class='ocrx_word' id='word_1_382' title='bbox 1850 839 1878 863; x_wconf 73' lang='lat'>88</span> <span class='ocrx_word' id='word_1_383' title='bbox 1899 843 1920 859; x_wconf 90' lang='lat' dir='ltr'>c.</span> <span class='ocrx_word' id='word_1_384' title='bbox 1943 844 1979 867; x_wconf 78' lang='lat'>34.</span> <span class='ocrx_word' id='word_1_385' title='bbox 2069 834 2277 871; x_wconf 69' lang='lat' dir='ltr'>propugnaculis</span> <span class='ocrx_word' id='word_1_386' title='bbox 2304 832 2427 868; x_wconf 82' lang='lat' dir='ltr'>imperii,</span> 
     </span>
     <span class='ocr_line' id='line_1_39' title="bbox 232 869 2473 907; baseline -0.001 -11"><span class='ocrx_word' id='word_1_387' title='bbox 232 871 340 898; x_wconf 88' lang='lat' dir='ltr'>Lucret.</span> <span class='ocrx_word' id='word_1_388' title='bbox 354 878 377 902; x_wconf 87' lang='grc'><strong>3,</strong></span> <span class='ocrx_word' id='word_1_389' title='bbox 390 872 433 901; x_wconf 81' lang='grc' dir='ltr'>6ς3</span> <span class='ocrx_word' id='word_1_390' title='bbox 452 869 517 897; x_wconf 88' lang='lat' dir='ltr'>Inde</span> <span class='ocrx_word' id='word_1_391' title='bbox 530 869 596 896; x_wconf 87' lang='lat' dir='ltr'>alius</span> <span class='ocrx_word' id='word_1_392' title='bbox 611 875 723 896; x_wconf 85' lang='lat' dir='ltr'>conatur</span> <span class='ocrx_word' id='word_1_393' title='bbox 741 869 848 898; x_wconf 87' lang='lat' dir='ltr'>ademto</span> <span class='ocrx_word' id='word_1_394' title='bbox 860 870 968 904; x_wconf 83' lang='lat' dir='ltr'>surgere</span> <span class='ocrx_word' id='word_1_395' title='bbox 980 879 1074 904; x_wconf 89' lang='lat' dir='ltr'>crure,</span> <span class='ocrx_word' id='word_1_396' title='bbox 1095 872 1185 904; x_wconf 86' lang='lat' dir='ltr'>Qmm</span> <span class='ocrx_word' id='word_1_397' title='bbox 1201 870 1299 904; x_wconf 84' lang='lat' dir='ltr'>digitos</span> <span class='ocrx_word' id='word_1_398' title='bbox 1360 870 1495 897; x_wconf 80' lang='lat' dir='ltr'>sociorum</span> <span class='ocrx_word' id='word_1_399' title='bbox 1510 870 1648 903; x_wconf 83' lang='lat' dir='ltr'>fortunas,</span> <span class='ocrx_word' id='word_1_400' title='bbox 1669 880 1724 897; x_wconf 92' lang='lat' dir='ltr'>non</span> <span class='ocrx_word' id='word_1_401' title='bbox 1736 870 1781 897; x_wconf 86' lang='lat' dir='ltr'>sua</span> <span class='ocrx_word' id='word_1_402' title='bbox 1795 869 1863 900; x_wconf 57' lang='lat' dir='ltr'>tedia</span> <span class='ocrx_word' id='word_1_403' title='bbox 1878 869 2023 897; x_wconf 85' lang='lat' dir='ltr'>defendere</span> <span class='ocrx_word' id='word_1_404' title='bbox 2039 872 2112 899; x_wconf 84' lang='lat' dir='ltr'>Idem</span> <span class='ocrx_word' id='word_1_405' title='bbox 2126 882 2176 907; x_wconf 81' lang='lat' dir='ltr'>pro</span> <span class='ocrx_word' id='word_1_406' title='bbox 2191 873 2260 907; x_wconf 83' lang='lat' dir='ltr'>Lege</span> <span class='ocrx_word' id='word_1_407' title='bbox 2274 869 2369 897; x_wconf 87' lang='lat' dir='ltr'>Manil.</span> <span class='ocrx_word' id='word_1_408' title='bbox 2385 878 2425 901; x_wconf 72' lang='lat'>32.</span> <span class='ocrx_word' id='word_1_409' title='bbox 2470 869 2473 878; x_wconf 70' lang='lat'>¹</span> 
     </span>
     <span class='ocr_line' id='line_1_40' title="bbox 233 904 2482 944; baseline -0.001 -11"><span class='ocrx_word' id='word_1_410' title='bbox 233 906 315 941; x_wconf 81' lang='lat' dir='ltr'>agitat</span> <span class='ocrx_word' id='word_1_411' title='bbox 332 911 442 941; x_wconf 89' lang='lat' dir='ltr'>propter</span> <span class='ocrx_word' id='word_1_412' title='bbox 454 904 633 932; x_wconf 86' lang='lat' dir='ltr'>moribundus</span> <span class='ocrx_word' id='word_1_413' title='bbox 651 905 727 931; x_wconf 83' lang='lat' dir='ltr'>humi</span> <span class='ocrx_word' id='word_1_414' title='bbox 747 915 801 940; x_wconf 89' lang='lat' dir='ltr'>pes.</span> <span class='ocrx_word' id='word_1_415' title='bbox 873 906 974 933; x_wconf 90' lang='lat' dir='ltr'>Cibum</span> <span class='ocrx_word' id='word_1_416' title='bbox 998 915 1194 942; x_wconf 84' lang='lat' dir='ltr'>nonnunquam</span> <span class='ocrx_word' id='word_1_417' title='bbox 1213 906 1299 941; x_wconf 83' lang='lat' dir='ltr'>capiet</span> <span class='ocrx_word' id='word_1_418' title='bbox 1360 907 1594 941; x_wconf 83' lang='lat' dir='ltr'>Propugnacnlum</span> <span class='ocrx_word' id='word_1_419' title='bbox 1618 914 1711 933; x_wconf 89' lang='lat' dir='ltr'>contra</span> <span class='ocrx_word' id='word_1_420' title='bbox 1725 906 1842 933; x_wconf 87' lang='lat' dir='ltr'>hostium</span> <span class='ocrx_word' id='word_1_421' title='bbox 1859 906 1974 941; x_wconf 83' lang='lat' dir='ltr'>impetus</span> <span class='ocrx_word' id='word_1_422' title='bbox 1994 906 2068 934; x_wconf 85' lang='lat' dir='ltr'>Idem</span> <span class='ocrx_word' id='word_1_423' title='bbox 2082 909 2160 935; x_wconf 89' lang='lat' dir='ltr'>Verr.</span> <span class='ocrx_word' id='word_1_424' title='bbox 2177 918 2196 940; x_wconf 83' lang='lat'>3,</span> <span class='ocrx_word' id='word_1_425' title='bbox 2212 917 2253 939; x_wconf 74' lang='lat'>40.</span> <span class='ocrx_word' id='word_1_426' title='bbox 2326 906 2428 940; x_wconf 88' lang='lat' dir='ltr'>Propu-</span> <span class='ocrx_word' id='word_1_427' title='bbox 2476 933 2482 944; x_wconf 28' lang='grc' dir='ltr'><em>ὀ</em></span> 
     </span>
     <span class='ocr_line' id='line_1_41' title="bbox 234 940 2467 982; baseline -0.001 -14"><span class='ocrx_word' id='word_1_428' title='bbox 234 951 296 969; x_wconf 85' lang='lat' dir='ltr'>cum</span> <span class='ocrx_word' id='word_1_429' title='bbox 312 951 358 974; x_wconf 84' lang='lat' dir='ltr'>ea,</span> <span class='ocrx_word' id='word_1_430' title='bbox 377 941 512 968; x_wconf 85' lang='lat' dir='ltr'>interdum</span> <span class='ocrx_word' id='word_1_431' title='bbox 527 948 637 977; x_wconf 86' lang='lat' dir='ltr'>propter</span> <span class='ocrx_word' id='word_1_432' title='bbox 649 941 767 968; x_wconf 81' lang='lat' dir='ltr'>dormiet</span> <span class='ocrx_word' id='word_1_433' title='bbox 785 942 856 968; x_wconf 85' lang='lat' dir='ltr'>Ter.</span> <span class='ocrx_word' id='word_1_434' title='bbox 868 942 934 969; x_wconf 86' lang='lat' dir='ltr'>Eun.</span> <span class='ocrx_word' id='word_1_435' title='bbox 947 952 969 975; x_wconf 83' lang='lat'>2,</span> <span class='ocrx_word' id='word_1_436' title='bbox 983 945 1065 977; x_wconf 49' lang='lat'>3576.</span> <span class='ocrx_word' id='word_1_437' title='bbox 1138 943 1259 978; x_wconf 75' lang='lat' dir='ltr'>Iungitur</span> <span class='ocrx_word' id='word_1_438' title='bbox 1275 949 1299 967; x_wconf 81' lang='lat' dir='ltr'>et</span> <span class='ocrx_word' id='word_1_439' title='bbox 1359 942 1501 978; x_wconf 83' lang='lat' dir='ltr'>gnaculum</span> <span class='ocrx_word' id='word_1_440' title='bbox 1522 950 1547 969; x_wconf 93' lang='lat' dir='ltr'>et</span> <span class='ocrx_word' id='word_1_441' title='bbox 1562 943 1720 977; x_wconf 75' lang='lat' dir='ltr'>praesidium</span> <span class='ocrx_word' id='word_1_442' title='bbox 1739 942 1814 970; x_wconf 85' lang='lat' dir='ltr'>Idem</span> <span class='ocrx_word' id='word_1_443' title='bbox 1834 942 1907 969; x_wconf 92' lang='lat' dir='ltr'>Fam.</span> <span class='ocrx_word' id='word_1_444' title='bbox 1925 951 1962 977; x_wconf 75' lang='lat'>1⁴,</span> <span class='ocrx_word' id='word_1_445' title='bbox 1983 948 2020 973; x_wconf 83' lang='lat'>18.</span> <span class='ocrx_word' id='word_1_446' title='bbox 2130 942 2370 982; x_wconf 39' lang='lat' dir='ltr'>Propugnaculum&#39;</span> <span class='ocrx_word' id='word_1_447' title='bbox 2382 940 2427 967; x_wconf 84' lang='lat' dir='ltr'>fir·</span> <span class='ocrx_word' id='word_1_448' title='bbox 2462 960 2467 966; x_wconf 63' lang='grc'><strong>,</strong></span> 
     </span>
    </p>
   </div>
   <div class='ocr_carea' id='block_1_5' title="bbox 231 975 2475 1231">
    <p class='ocr_par' dir='ltr' id='par_1_7' title="bbox 232 975 2475 1087">
     <span class='ocr_line' id='line_1_42' title="bbox 233 975 2474 1014; baseline -0.002 -8"><span class='ocrx_word' id='word_1_449' title='bbox 233 975 525 1013; x_wconf 65' lang='lat' dir='ltr'>Acctq&#39;atiuosaeptffime</span> <span class='ocrx_word' id='word_1_450' title='bbox 537 977 564 1002; x_wconf 84' lang='lat' dir='ltr'>in</span> <span class='ocrx_word' id='word_1_451' title='bbox 578 975 870 1012; x_wconf 62' lang='lat' dir='ltr'>eadeinfiqnificatione:</span> <span class='ocrx_word' id='word_1_452' title='bbox 906 978 1103 1014; x_wconf 32' lang='lat' dir='ltr'>Ter.‘Adelph.</span> <span class='ocrx_word' id='word_1_453' title='bbox 1119 987 1143 1012; x_wconf 85' lang='lat'>2,</span> <span class='ocrx_word' id='word_1_454' title='bbox 1160 988 1178 1010; x_wconf 87' lang='grc' dir='ltr'>ι,</span> <span class='ocrx_word' id='word_1_455' title='bbox 1196 987 1220 1009; x_wconf 81' lang='grc' dir='ltr'>ι)-</span> <span class='ocrx_word' id='word_1_456' title='bbox 1248 977 1297 1005; x_wconf 91' lang='lat' dir='ltr'>Ni-</span> <span class='ocrx_word' id='word_1_457' title='bbox 1313 988 1346 1007; x_wconf 84' lang='lat'>20</span> <span class='ocrx_word' id='word_1_458' title='bbox 1360 978 1503 1005; x_wconf 78' lang='lat' dir='ltr'>minimum</span> <span class='ocrx_word' id='word_1_459' title='bbox 1525 979 1584 1006; x_wconf 86' lang='lat' dir='ltr'>Liu.</span> <span class='ocrx_word' id='word_1_460' title='bbox 1600 988 1639 1012; x_wconf 81' lang='grc'><strong>34,</strong></span> <span class='ocrx_word' id='word_1_461' title='bbox 1654 982 1691 1006; x_wconf 86' lang='grc' dir='ltr'>6ι.</span> <span class='ocrx_word' id='word_1_462' title='bbox 1771 979 1826 1005; x_wconf 87' lang='lat' dir='ltr'>Lex</span> <span class='ocrx_word' id='word_1_463' title='bbox 1840 978 1913 1005; x_wconf 88' lang='lat' dir='ltr'>Aelia</span> <span class='ocrx_word' id='word_1_464' title='bbox 1928 984 1954 1005; x_wconf 87' lang='lat' dir='ltr'>et</span> <span class='ocrx_word' id='word_1_465' title='bbox 1971 978 2059 1012; x_wconf 84' lang='lat' dir='ltr'>Fufia,</span> <span class='ocrx_word' id='word_1_466' title='bbox 2085 979 2281 1014; x_wconf 81' lang='lat' dir='ltr'>propugnacula</span> <span class='ocrx_word' id='word_1_467' title='bbox 2300 985 2426 1011; x_wconf 78' lang='lat' dir='ltr'>murique</span> <span class='ocrx_word' id='word_1_468' title='bbox 2465 975 2474 1014; x_wconf 37' lang='lat'>,⁴</span> 
     </span>
     <span class='ocr_line' id='line_1_43' title="bbox 233 1012 2475 1050; baseline -0.001 -10"><span class='ocrx_word' id='word_1_469' title='bbox 233 1013 319 1041; x_wconf 90' lang='lat' dir='ltr'>mium</span> <span class='ocrx_word' id='word_1_470' title='bbox 331 1013 396 1039; x_wconf 88' lang='lat' dir='ltr'>istoc</span> <span class='ocrx_word' id='word_1_471' title='bbox 409 1012 500 1046; x_wconf 79' lang='lat' dir='ltr'>abisti,</span> <span class='ocrx_word' id='word_1_472' title='bbox 521 1013 564 1040; x_wconf 88' lang='lat' dir='ltr'>hic</span> <span class='ocrx_word' id='word_1_473' title='bbox 578 1019 688 1048; x_wconf 86' lang='lat' dir='ltr'>propter</span> <span class='ocrx_word' id='word_1_474' title='bbox 703 1013 773 1039; x_wconf 90' lang='lat' dir='ltr'>hunc</span> <span class='ocrx_word' id='word_1_475' title='bbox 783 1013 872 1040; x_wconf 83' lang='lat' dir='ltr'>assiste.</span> <span class='ocrx_word' id='word_1_476' title='bbox 945 1014 1002 1042; x_wconf 86' lang='lat' dir='ltr'>Cic.</span> <span class='ocrx_word' id='word_1_477' title='bbox 1030 1015 1062 1042; x_wconf 90' lang='lat' dir='ltr'>de</span> <span class='ocrx_word' id='word_1_478' title='bbox 1082 1015 1154 1041; x_wconf 90' lang='lat' dir='ltr'>Clar.</span> <span class='ocrx_word' id='word_1_479' title='bbox 1174 1014 1250 1041; x_wconf 84' lang='lat' dir='ltr'>Orat.</span> <span class='ocrx_word' id='word_1_480' title='bbox 1270 1023 1299 1046; x_wconf 90' lang='grc'>24</span> <span class='ocrx_word' id='word_1_481' title='bbox 1361 1016 1565 1050; x_wconf 79' lang='lat' dir='ltr'>tranquillitatis</span> <span class='ocrx_word' id='word_1_482' title='bbox 1583 1016 1641 1042; x_wconf 81' lang='lat' dir='ltr'>Cic.</span> <span class='ocrx_word' id='word_1_483' title='bbox 1655 1017 1683 1042; x_wconf 91' lang='lat' dir='ltr'>in</span> <span class='ocrx_word' id='word_1_484' title='bbox 1698 1015 1785 1042; x_wconf 89' lang='lat' dir='ltr'>Pison.</span> <span class='ocrx_word' id='word_1_485' title='bbox 1798 1024 1822 1047; x_wconf 82' lang='lat'>9.</span> <span class='ocrx_word' id='word_1_486' title='bbox 1895 1015 2127 1050; x_wconf 78' lang='lat' dir='ltr'>Propngnaculum</span> <span class='ocrx_word' id='word_1_487' title='bbox 2142 1014 2292 1050; x_wconf 77' lang='lat' dir='ltr'>oppositum</span> <span class='ocrx_word' id='word_1_488' title='bbox 2305 1013 2435 1042; x_wconf 81' lang='lat' dir='ltr'>barbaris·</span> <span class='ocrx_word' id='word_1_489' title='bbox 2465 1026 2475 1046; x_wconf 68' lang='lat'>⁴:</span> 
     </span>
     <span class='ocr_line' id='line_1_44' title="bbox 232 1049 2355 1087; baseline -0 -10"><span class='ocrx_word' id='word_1_490' title='bbox 232 1050 345 1085; x_wconf 81' lang='lat' dir='ltr'>Propter</span> <span class='ocrx_word' id='word_1_491' title='bbox 360 1049 478 1076; x_wconf 83' lang='lat' dir='ltr'>Platonis</span> <span class='ocrx_word' id='word_1_492' title='bbox 492 1049 601 1076; x_wconf 87' lang='lat' dir='ltr'>statuam</span> <span class='ocrx_word' id='word_1_493' title='bbox 616 1049 792 1076; x_wconf 86' lang='lat' dir='ltr'>consedimus.</span> <span class='ocrx_word' id='word_1_494' title='bbox 866 1050 978 1085; x_wconf 85' lang='lat' dir='ltr'>Propter</span> <span class='ocrx_word' id='word_1_495' title='bbox 997 1051 1090 1078; x_wconf 87' lang='lat' dir='ltr'>aedem</span> <span class='ocrx_word' id='word_1_496' title='bbox 1115 1051 1221 1077; x_wconf 84' lang='lat' dir='ltr'>Saturni</span> <span class='ocrx_word' id='word_1_497' title='bbox 1241 1050 1299 1077; x_wconf 76' lang='lat' dir='ltr'>Ta.</span> <span class='ocrx_word' id='word_1_498' title='bbox 1360 1051 1453 1087; x_wconf 87' lang='lat' dir='ltr'>Nepos</span> <span class='ocrx_word' id='word_1_499' title='bbox 1469 1061 1491 1084; x_wconf 88' lang='grc'>2,</span> <span class='ocrx_word' id='word_1_500' title='bbox 1505 1055 1533 1085; x_wconf 87' lang='grc'><strong>6,</strong></span> <span class='ocrx_word' id='word_1_501' title='bbox 1547 1059 1568 1084; x_wconf 76' lang='grc' dir='ltr'>ς.</span> <span class='ocrx_word' id='word_1_502' title='bbox 1622 1051 1823 1087; x_wconf 81' lang='lat' dir='ltr'>Propugnacula</span> <span class='ocrx_word' id='word_1_503' title='bbox 1837 1051 1987 1082; x_wconf 78' lang='lat' dir='ltr'>tyrannidis</span> <span class='ocrx_word' id='word_1_504' title='bbox 2001 1051 2127 1078; x_wconf 83' lang='lat' dir='ltr'>demoliri</span> <span class='ocrx_word' id='word_1_505' title='bbox 2150 1051 2221 1077; x_wconf 80' lang='lat' dir='ltr'>[dem</span> <span class='ocrx_word' id='word_1_506' title='bbox 2235 1059 2279 1084; x_wconf 78' lang='lat'>20,</span> <span class='ocrx_word' id='word_1_507' title='bbox 2292 1059 2315 1084; x_wconf 82' lang='grc'>3,</span> <span class='ocrx_word' id='word_1_508' title='bbox 2335 1059 2355 1082; x_wconf 78' lang='lat'>3.</span> 
     </span>
    </p>

    <p class='ocr_par' dir='ltr' id='par_1_8' title="bbox 233 1084 2047 1122">
     <span class='ocr_line' id='line_1_45' title="bbox 233 1084 2047 1122; baseline 0.001 -10"><span class='ocrx_word' id='word_1_509' title='bbox 233 1086 278 1112; x_wconf 87' lang='lat' dir='ltr'>cit.</span> <span class='ocrx_word' id='word_1_510' title='bbox 293 1087 359 1112; x_wconf 86' lang='lat' dir='ltr'>Ann.</span> <span class='ocrx_word' id='word_1_511' title='bbox 373 1095 395 1117; x_wconf 84' lang='lat'>2,</span> <span class='ocrx_word' id='word_1_512' title='bbox 410 1095 444 1117; x_wconf 74' lang='lat'>4¹-</span> <span class='ocrx_word' id='word_1_513' title='bbox 516 1086 627 1120; x_wconf 85' lang='lat' dir='ltr'>Propter</span> <span class='ocrx_word' id='word_1_514' title='bbox 639 1094 734 1120; x_wconf 87' lang='lat' dir='ltr'>aquam</span> <span class='ocrx_word' id='word_1_515' title='bbox 747 1084 830 1112; x_wconf 84' lang='lat' dir='ltr'>Ouid.</span> <span class='ocrx_word' id='word_1_516' title='bbox 838 1085 902 1114; x_wconf 83' lang='lat' dir='ltr'>Met.</span> <span class='ocrx_word' id='word_1_517' title='bbox 917 1093 942 1119; x_wconf 89' lang='lat'>8,</span> <span class='ocrx_word' id='word_1_518' title='bbox 952 1094 1004 1117; x_wconf 61' lang='grc'>253.</span> <span class='ocrx_word' id='word_1_519' title='bbox 1072 1087 1149 1122; x_wconf 85' lang='lat' dir='ltr'>Virg.</span> <span class='ocrx_word' id='word_1_520' title='bbox 1163 1087 1250 1121; x_wconf 83' lang='lat' dir='ltr'>Ecl.7,</span> <span class='ocrx_word' id='word_1_521' title='bbox 1259 1092 1297 1118; x_wconf 73' lang='lat'>87.</span> <span class='ocrx_word' id='word_1_522' title='bbox 1397 1094 1414 1114; x_wconf 81' lang='grc' dir='ltr'><strong>Ρ</strong></span> <span class='ocrx_word' id='word_1_523' title='bbox 1427 1093 1446 1113; x_wconf 89' lang='lat' dir='ltr'>R</span> <span class='ocrx_word' id='word_1_524' title='bbox 1459 1093 1479 1114; x_wconf 93' lang='grc' dir='ltr'>Ο</span> <span class='ocrx_word' id='word_1_525' title='bbox 1490 1094 1504 1114; x_wconf 88' lang='lat' dir='ltr'>P</span> <span class='ocrx_word' id='word_1_526' title='bbox 1515 1095 1534 1114; x_wconf 92' lang='lat' dir='ltr'>V</span> <span class='ocrx_word' id='word_1_527' title='bbox 1547 1095 1564 1114; x_wconf 87' lang='lat' dir='ltr'>L</span> <span class='ocrx_word' id='word_1_528' title='bbox 1578 1094 1592 1114; x_wconf 80' lang='lat' dir='ltr'>S</span> <span class='ocrx_word' id='word_1_529' title='bbox 1606 1094 1626 1115; x_wconf 89' lang='lat' dir='ltr'>O</span> <span class='ocrx_word' id='word_1_530' title='bbox 1635 1109 1643 1122; x_wconf 91' lang='lat'>,</span> <span class='ocrx_word' id='word_1_531' title='bbox 1660 1096 1707 1115; x_wconf 83' lang='lat' dir='ltr'>etc.</span> <span class='ocrx_word' id='word_1_532' title='bbox 1731 1088 1787 1114; x_wconf 79' lang='lat' dir='ltr'>vid.</span> <span class='ocrx_word' id='word_1_533' title='bbox 1809 1094 1825 1113; x_wconf 83' lang='lat' dir='ltr'>P</span> <span class='ocrx_word' id='word_1_534' title='bbox 1834 1094 1852 1114; x_wconf 79' lang='lat' dir='ltr'>R</span> <span class='ocrx_word' id='word_1_535' title='bbox 1863 1094 1882 1114; x_wconf 92' lang='lat'>0</span> <span class='ocrx_word' id='word_1_536' title='bbox 1892 1094 1907 1113; x_wconf 79' lang='grc' dir='ltr'><strong><em>Ρ</em></strong></span> <span class='ocrx_word' id='word_1_537' title='bbox 1917 1094 1933 1113; x_wconf 79' lang='lat' dir='ltr'>E</span> <span class='ocrx_word' id='word_1_538' title='bbox 1942 1094 1958 1113; x_wconf 94' lang='lat' dir='ltr'>L</span> <span class='ocrx_word' id='word_1_539' title='bbox 1969 1094 1984 1114; x_wconf 86' lang='lat' dir='ltr'>L</span> <span class='ocrx_word' id='word_1_540' title='bbox 1996 1093 2026 1114; x_wconf 90' lang='lat' dir='ltr'>o.</span> <span class='ocrx_word' id='word_1_541' title='bbox 2045 1110 2047 1112; x_wconf 89' lang='lat'>.</span> 
     </span>
    </p>

    <p class='ocr_par' dir='ltr' id='par_1_9' title="bbox 231 1120 2429 1231">
     <span class='ocr_line' id='line_1_46' title="bbox 231 1120 2429 1159; baseline -0 -11"><span class='ocrx_word' id='word_1_542' title='bbox 231 1122 345 1157; x_wconf 86' lang='lat' dir='ltr'>Propter</span> <span class='ocrx_word' id='word_1_543' title='bbox 356 1121 449 1148; x_wconf 86' lang='lat' dir='ltr'>aedem</span> <span class='ocrx_word' id='word_1_544' title='bbox 463 1122 576 1148; x_wconf 81' lang='lat' dir='ltr'>Vulcani</span> <span class='ocrx_word' id='word_1_545' title='bbox 596 1122 652 1149; x_wconf 90' lang='lat' dir='ltr'>Cic.</span> <span class='ocrx_word' id='word_1_546' title='bbox 668 1123 744 1148; x_wconf 89' lang='lat' dir='ltr'>Verr.</span> <span class='ocrx_word' id='word_1_547' title='bbox 758 1130 780 1155; x_wconf 83' lang='grc'>2,</span> <span class='ocrx_word' id='word_1_548' title='bbox 794 1131 846 1152; x_wconf 85' lang='grc' dir='ltr'>ιςο.</span> <span class='ocrx_word' id='word_1_549' title='bbox 917 1122 1029 1150; x_wconf 83' lang='lat' dir='ltr'>Fluuius</span> <span class='ocrx_word' id='word_1_550' title='bbox 1043 1124 1154 1150; x_wconf 79' lang='lat' dir='ltr'>Eurotas</span> <span class='ocrx_word' id='word_1_551' title='bbox 1167 1123 1214 1158; x_wconf 89' lang='lat' dir='ltr'>qui</span> <span class='ocrx_word' id='word_1_552' title='bbox 1235 1131 1297 1157; x_wconf 87' lang='lat' dir='ltr'>pro·</span> <span class='ocrx_word' id='word_1_553' title='bbox 1398 1130 1415 1150; x_wconf 85' lang='lat' dir='ltr'>P</span> <span class='ocrx_word' id='word_1_554' title='bbox 1428 1129 1448 1150; x_wconf 80' lang='lat' dir='ltr'>R</span> <span class='ocrx_word' id='word_1_555' title='bbox 1460 1130 1479 1151; x_wconf 93' lang='lat'>0</span> <span class='ocrx_word' id='word_1_556' title='bbox 1491 1130 1506 1150; x_wconf 82' lang='lat' dir='ltr'>P</span> <span class='ocrx_word' id='word_1_557' title='bbox 1516 1131 1534 1150; x_wconf 81' lang='lat' dir='ltr'>Y</span> <span class='ocrx_word' id='word_1_558' title='bbox 1544 1131 1560 1151; x_wconf 87' lang='lat' dir='ltr'>L</span> <span class='ocrx_word' id='word_1_559' title='bbox 1572 1131 1593 1151; x_wconf 77' lang='grc' dir='ltr'>Α</span> <span class='ocrx_word' id='word_1_560' title='bbox 1605 1132 1623 1152; x_wconf 83' lang='grc' dir='ltr'><strong><em>Ε</em></strong></span> <span class='ocrx_word' id='word_1_561' title='bbox 1633 1131 1653 1150; x_wconf 85' lang='grc' dir='ltr'><strong><em>ν</em></strong></span> <span class='ocrx_word' id='word_1_562' title='bbox 1666 1131 1692 1151; x_wconf 85' lang='grc' dir='ltr'><strong>Μ</strong></span> <span class='ocrx_word' id='word_1_563' title='bbox 1703 1145 1712 1157; x_wconf 88' lang='grc'>,</span> <span class='ocrx_word' id='word_1_564' title='bbox 1731 1124 1750 1150; x_wconf 91' lang='lat' dir='ltr'>i.</span> <span class='ocrx_word' id='word_1_565' title='bbox 1770 1133 1797 1150; x_wconf 90' lang='lat' dir='ltr'>n.</span> <span class='ocrx_word' id='word_1_566' title='bbox 1835 1123 1847 1157; x_wconf 91' lang='lat'>[</span> <span class='ocrx_word' id='word_1_567' title='bbox 1859 1128 2001 1155; x_wconf 67' lang='grc' dir='ltr'>προπύλαιον</span> <span class='ocrx_word' id='word_1_568' title='bbox 2014 1127 2025 1157; x_wconf 86' lang='grc'>]</span> <span class='ocrx_word' id='word_1_569' title='bbox 2064 1124 2155 1149; x_wconf 81' lang='lat' dir='ltr'>Latine</span> <span class='ocrx_word' id='word_1_570' title='bbox 2181 1122 2327 1159; x_wconf 77' lang='lat' dir='ltr'>Vestibulum</span> <span class='ocrx_word' id='word_1_571' title='bbox 2339 1143 2348 1156; x_wconf 87' lang='lat'>‚</span> <span class='ocrx_word' id='word_1_572' title='bbox 2385 1120 2429 1147; x_wconf 80' lang='lat' dir='ltr'>vel</span> 
     </span>
     <span class='ocr_line' id='line_1_47' title="bbox 231 1157 2427 1195; baseline 0 -11"><span class='ocrx_word' id='word_1_573' title='bbox 231 1164 293 1193; x_wconf 84' lang='lat' dir='ltr'>pter</span> <span class='ocrx_word' id='word_1_574' title='bbox 306 1158 528 1184; x_wconf 84' lang='lat' dir='ltr'>Lacedaemonem</span> <span class='ocrx_word' id='word_1_575' title='bbox 543 1157 602 1184; x_wconf 90' lang='lat' dir='ltr'>fluit</span> <span class='ocrx_word' id='word_1_576' title='bbox 614 1158 687 1185; x_wconf 87' lang='lat' dir='ltr'>Idem</span> <span class='ocrx_word' id='word_1_577' title='bbox 702 1157 734 1184; x_wconf 87' lang='lat' dir='ltr'>de</span> <span class='ocrx_word' id='word_1_578' title='bbox 749 1158 854 1184; x_wconf 88' lang='lat' dir='ltr'>Inuent.</span> <span class='ocrx_word' id='word_1_579' title='bbox 875 1166 898 1192; x_wconf 83' lang='lat'>2,</span> <span class='ocrx_word' id='word_1_580' title='bbox 918 1161 961 1192; x_wconf 88' lang='lat'>96.</span> <span class='ocrx_word' id='word_1_581' title='bbox 1034 1160 1096 1186; x_wconf 90' lang='lat' dir='ltr'>Duo</span> <span class='ocrx_word' id='word_1_582' title='bbox 1115 1159 1166 1186; x_wconf 86' lang='lat' dir='ltr'>filii</span> <span class='ocrx_word' id='word_1_583' title='bbox 1185 1164 1297 1193; x_wconf 86' lang='lat' dir='ltr'>propter</span> <span class='ocrx_word' id='word_1_584' title='bbox 1310 1163 1340 1190; x_wconf 77' lang='lat'>²3</span> <span class='ocrx_word' id='word_1_585' title='bbox 1352 1160 1464 1195; x_wconf 72' lang='lat' dir='ltr'>porticus</span> <span class='ocrx_word' id='word_1_586' title='bbox 1478 1167 1538 1186; x_wconf 83' lang='lat' dir='ltr'>ante</span> <span class='ocrx_word' id='word_1_587' title='bbox 1548 1167 1634 1194; x_wconf 76' lang='lat' dir='ltr'>portas</span> <span class='ocrx_word' id='word_1_588' title='bbox 1652 1161 1805 1195; x_wconf 84' lang='lat' dir='ltr'>templorum.</span> <span class='ocrx_word' id='word_1_589' title='bbox 1879 1160 1936 1186; x_wconf 88' lang='lat' dir='ltr'>Cic.</span> <span class='ocrx_word' id='word_1_590' title='bbox 1953 1158 2030 1186; x_wconf 82' lang='lat' dir='ltr'>offic.</span> <span class='ocrx_word' id='word_1_591' title='bbox 2042 1169 2064 1192; x_wconf 83' lang='lat'>2,</span> <span class='ocrx_word' id='word_1_592' title='bbox 2085 1162 2120 1186; x_wconf 88' lang='lat'>60</span> <span class='ocrx_word' id='word_1_593' title='bbox 2141 1169 2162 1186; x_wconf 88' lang='lat' dir='ltr'>c.</span> <span class='ocrx_word' id='word_1_594' title='bbox 2178 1167 2205 1193; x_wconf 65' lang='grc' dir='ltr'>ιγ</span> <span class='ocrx_word' id='word_1_595' title='bbox 2225 1158 2365 1185; x_wconf 83' lang='lat' dir='ltr'>Phalereus</span> <span class='ocrx_word' id='word_1_596' title='bbox 2376 1158 2427 1184; x_wconf 83' lang='lat' dir='ltr'>De-</span> 
     </span>
     <span class='ocr_line' id='line_1_48' title="bbox 234 1193 2426 1231; baseline 0 -11"><span class='ocrx_word' id='word_1_597' title='bbox 234 1200 336 1228; x_wconf 90' lang='lat' dir='ltr'>patrem</span> <span class='ocrx_word' id='word_1_598' title='bbox 351 1193 474 1220; x_wconf 83' lang='lat' dir='ltr'>cubantes</span> <span class='ocrx_word' id='word_1_599' title='bbox 498 1194 572 1221; x_wconf 85' lang='lat' dir='ltr'>Idem</span> <span class='ocrx_word' id='word_1_600' title='bbox 584 1203 635 1229; x_wconf 89' lang='lat' dir='ltr'>pro</span> <span class='ocrx_word' id='word_1_601' title='bbox 643 1194 718 1221; x_wconf 83' lang='lat' dir='ltr'>Rosc.</span> <span class='ocrx_word' id='word_1_602' title='bbox 732 1195 823 1220; x_wconf 84' lang='lat' dir='ltr'>Ainer.</span> <span class='ocrx_word' id='word_1_603' title='bbox 840 1196 871 1226; x_wconf 87' lang='lat'>64</span> <span class='ocrx_word' id='word_1_604' title='bbox 892 1204 914 1221; x_wconf 90' lang='lat' dir='ltr'>c.</span> <span class='ocrx_word' id='word_1_605' title='bbox 927 1204 961 1226; x_wconf 83' lang='lat'>23.</span> <span class='ocrx_word' id='word_1_606' title='bbox 1031 1195 1177 1231; x_wconf 84' lang='lat' dir='ltr'>Inpratulo</span> <span class='ocrx_word' id='word_1_607' title='bbox 1185 1201 1297 1230; x_wconf 87' lang='lat' dir='ltr'>propter</span> <span class='ocrx_word' id='word_1_608' title='bbox 1356 1196 1485 1227; x_wconf 89' lang='lat' dir='ltr'>metrius‚</span> <span class='ocrx_word' id='word_1_609' title='bbox 1505 1197 1553 1229; x_wconf 89' lang='lat' dir='ltr'>qui</span> <span class='ocrx_word' id='word_1_610' title='bbox 1578 1196 1707 1224; x_wconf 87' lang='lat' dir='ltr'>Periclem</span> <span class='ocrx_word' id='word_1_611' title='bbox 1727 1195 1877 1231; x_wconf 80' lang='lat' dir='ltr'>principem</span> <span class='ocrx_word' id='word_1_612' title='bbox 1905 1196 2031 1222; x_wconf 85' lang='lat' dir='ltr'>Graeciae</span> <span class='ocrx_word' id='word_1_613' title='bbox 2051 1196 2203 1231; x_wconf 82' lang='lat' dir='ltr'>vituperat,</span> <span class='ocrx_word' id='word_1_614' title='bbox 2228 1193 2301 1230; x_wconf 88' lang='lat' dir='ltr'>quod</span> <span class='ocrx_word' id='word_1_615' title='bbox 2327 1200 2426 1221; x_wconf 81' lang='lat' dir='ltr'>tantam</span> 
     </span>
    </p>
   </div>
   <div class='ocr_carea' id='block_1_6' title="bbox 223 1225 2505 2132">
    <p class='ocr_par' dir='ltr' id='par_1_10' title="bbox 223 1225 2505 2132">
     <span class='ocr_line' id='line_1_49' title="bbox 232 1225 2491 1267; baseline 0 -10"><span class='ocrx_word' id='word_1_616' title='bbox 232 1230 351 1258; x_wconf 84' lang='lat' dir='ltr'>Platonis</span> <span class='ocrx_word' id='word_1_617' title='bbox 363 1230 472 1257; x_wconf 88' lang='lat' dir='ltr'>statuam</span> <span class='ocrx_word' id='word_1_618' title='bbox 485 1230 651 1257; x_wconf 81' lang='lat' dir='ltr'>oonsedimus</span> <span class='ocrx_word' id='word_1_619' title='bbox 672 1231 745 1257; x_wconf 86' lang='lat' dir='ltr'>Idem</span> <span class='ocrx_word' id='word_1_620' title='bbox 765 1229 798 1256; x_wconf 88' lang='lat' dir='ltr'>dc</span> <span class='ocrx_word' id='word_1_621' title='bbox 826 1230 897 1258; x_wconf 89' lang='lat' dir='ltr'>Clar.</span> <span class='ocrx_word' id='word_1_622' title='bbox 911 1231 986 1258; x_wconf 83' lang='lat' dir='ltr'>Orat.</span> <span class='ocrx_word' id='word_1_623' title='bbox 1000 1241 1036 1264; x_wconf 78' lang='lat'>24.</span> <span class='ocrx_word' id='word_1_624' title='bbox 1109 1231 1191 1258; x_wconf 85' lang='lat' dir='ltr'>Plaut.</span> <span class='ocrx_word' id='word_1_625' title='bbox 1210 1231 1295 1257; x_wconf 88' lang='lat' dir='ltr'>Milit.</span> <span class='ocrx_word' id='word_1_626' title='bbox 1356 1232 1498 1266; x_wconf 87' lang='lat' dir='ltr'>pecuniam</span> <span class='ocrx_word' id='word_1_627' title='bbox 1511 1232 1540 1258; x_wconf 89' lang='lat' dir='ltr'>in</span> <span class='ocrx_word' id='word_1_628' title='bbox 1557 1233 1691 1267; x_wconf 83' lang='lat' dir='ltr'>praeclara</span> <span class='ocrx_word' id='word_1_629' title='bbox 1711 1232 1756 1258; x_wconf 86' lang='lat' dir='ltr'>illa</span> <span class='ocrx_word' id='word_1_630' title='bbox 1773 1232 1914 1267; x_wconf 83' lang='lat' dir='ltr'>propylaea</span> <span class='ocrx_word' id='word_1_631' title='bbox 1929 1232 2083 1259; x_wconf 88' lang='lat' dir='ltr'>coniecerit.</span> <span class='ocrx_word' id='word_1_632' title='bbox 2156 1231 2225 1257; x_wconf 79' lang='lat' dir='ltr'>Plin.</span> <span class='ocrx_word' id='word_1_633' title='bbox 2246 1238 2290 1264; x_wconf 77' lang='lat'>35,</span> <span class='ocrx_word' id='word_1_634' title='bbox 2316 1239 2344 1257; x_wconf 89' lang='lat'>10</span> <span class='ocrx_word' id='word_1_635' title='bbox 2362 1230 2427 1256; x_wconf 85' lang='lat' dir='ltr'>Pro·</span> <span class='ocrx_word' id='word_1_636' title='bbox 2470 1225 2491 1258; x_wconf 60' lang='grc' dir='ltr'>Ϊ</span> 
     </span>
     <span class='ocr_line' id='line_1_50' title="bbox 233 1265 2485 1302; baseline 0 -9"><span class='ocrx_word' id='word_1_637' title='bbox 233 1276 254 1297; x_wconf 84' lang='lat'>1,</span> <span class='ocrx_word' id='word_1_638' title='bbox 269 1276 287 1299; x_wconf 82' lang='grc' dir='ltr'>ι,</span> <span class='ocrx_word' id='word_1_639' title='bbox 302 1275 318 1299; x_wconf 92' lang='lat'>9</span> <span class='ocrx_word' id='word_1_640' title='bbox 338 1266 389 1292; x_wconf 89' lang='lat' dir='ltr'>Hic</span> <span class='ocrx_word' id='word_1_641' title='bbox 402 1265 454 1299; x_wconf 81' lang='lat' dir='ltr'>est,</span> <span class='ocrx_word' id='word_1_642' title='bbox 474 1266 521 1294; x_wconf 84' lang='lat' dir='ltr'>stat</span> <span class='ocrx_word' id='word_1_643' title='bbox 534 1273 646 1302; x_wconf 88' lang='lat' dir='ltr'>propter</span> <span class='ocrx_word' id='word_1_644' title='bbox 661 1267 758 1292; x_wconf 89' lang='lat' dir='ltr'>Virum</span> <span class='ocrx_word' id='word_1_645' title='bbox 773 1267 880 1293; x_wconf 85' lang='lat' dir='ltr'>fortem.</span> <span class='ocrx_word' id='word_1_646' title='bbox 957 1268 1070 1302; x_wconf 85' lang='lat' dir='ltr'>Propter</span> <span class='ocrx_word' id='word_1_647' title='bbox 1090 1268 1163 1294; x_wconf 87' lang='lat' dir='ltr'>viam</span> <span class='ocrx_word' id='word_1_648' title='bbox 1183 1267 1297 1302; x_wconf 83' lang='lat' dir='ltr'>Appiam</span> <span class='ocrx_word' id='word_1_649' title='bbox 1355 1273 1464 1302; x_wconf 84' lang='lat' dir='ltr'>togenes</span> <span class='ocrx_word' id='word_1_650' title='bbox 1478 1277 1560 1302; x_wconf 88' lang='lat' dir='ltr'>quum</span> <span class='ocrx_word' id='word_1_651' title='bbox 1576 1268 1688 1296; x_wconf 78' lang='lat' dir='ltr'>Athenis</span> <span class='ocrx_word' id='word_1_652' title='bbox 1705 1267 1881 1295; x_wconf 86' lang='lat' dir='ltr'>celeberrimo</span> <span class='ocrx_word' id='word_1_653' title='bbox 1896 1269 1957 1295; x_wconf 81' lang='lat' dir='ltr'>loco</span> <span class='ocrx_word' id='word_1_654' title='bbox 1972 1268 2113 1295; x_wconf 75' lang='lat' dir='ltr'>Mineruae</span> <span class='ocrx_word' id='word_1_655' title='bbox 2125 1266 2238 1294; x_wconf 85' lang='lat' dir='ltr'>delubro</span> <span class='ocrx_word' id='word_1_656' title='bbox 2261 1266 2427 1302; x_wconf 88' lang='lat' dir='ltr'>propylacon</span> <span class='ocrx_word' id='word_1_657' title='bbox 2462 1273 2485 1298; x_wconf 62' lang='grc'><strong>··,,</strong></span> 
     </span>
     <span class='ocr_line' id='line_1_51' title="bbox 231 1302 1486 1340; baseline 0.002 -12"><span class='ocrx_word' id='word_1_658' title='bbox 231 1302 332 1337; x_wconf 85' lang='lat' dir='ltr'>oppida</span> <span class='ocrx_word' id='word_1_659' title='bbox 353 1302 411 1330; x_wconf 89' lang='lat' dir='ltr'>Liu.</span> <span class='ocrx_word' id='word_1_660' title='bbox 426 1309 464 1336; x_wconf 81' lang='lat'>28,</span> <span class='ocrx_word' id='word_1_661' title='bbox 479 1308 501 1332; x_wconf 81' lang='lat'>8.</span> <span class='ocrx_word' id='word_1_662' title='bbox 573 1304 684 1338; x_wconf 77' lang='lat' dir='ltr'>Propter</span> <span class='ocrx_word' id='word_1_663' title='bbox 696 1302 769 1329; x_wconf 79' lang='lat' dir='ltr'>viam</span> <span class='ocrx_word' id='word_1_664' title='bbox 781 1302 955 1336; x_wconf 83' lang='lat' dir='ltr'>sacrificium,</span> <span class='ocrx_word' id='word_1_665' title='bbox 974 1306 1005 1330; x_wconf 77' lang='lat' dir='ltr'>de</span> <span class='ocrx_word' id='word_1_666' title='bbox 1017 1304 1118 1340; x_wconf 79' lang='lat' dir='ltr'>quosub</span> <span class='ocrx_word' id='word_1_667' title='bbox 1136 1311 1196 1331; x_wconf 69' lang='lat' dir='ltr'>vm</span> <span class='ocrx_word' id='word_1_668' title='bbox 1218 1304 1296 1330; x_wconf 77' lang='lat' dir='ltr'>Face·</span> <span class='ocrx_word' id='word_1_669' title='bbox 1355 1304 1486 1338; x_wconf 83' lang='lat' dir='ltr'>pingeret.</span> 
     </span>
     <span class='ocr_line' id='line_1_52' title="bbox 234 1337 2485 1376; baseline -0.001 -11"><span class='ocrx_word' id='word_1_670' title='bbox 234 1347 267 1366; x_wconf 83' lang='lat' dir='ltr'>rc</span> <span class='ocrx_word' id='word_1_671' title='bbox 283 1344 392 1373; x_wconf 87' lang='lat' dir='ltr'>propter</span> <span class='ocrx_word' id='word_1_672' title='bbox 405 1339 485 1366; x_wconf 86' lang='lat' dir='ltr'>viam.</span> <span class='ocrx_word' id='word_1_673' title='bbox 562 1339 563 1342; x_wconf 76' lang='grc'>’</span> <span class='ocrx_word' id='word_1_674' title='bbox 996 1337 1001 1340; x_wconf 14' lang='grc' dir='ltr'>χ</span> <span class='ocrx_word' id='word_1_675' title='bbox 1269 1367 1275 1370; x_wconf 63' lang='grc'><strong>,</strong></span> <span class='ocrx_word' id='word_1_676' title='bbox 1307 1348 1341 1373; x_wconf 83' lang='grc'>30</span> <span class='ocrx_word' id='word_1_677' title='bbox 1397 1345 1413 1366; x_wconf 83' lang='lat' dir='ltr'>P</span> <span class='ocrx_word' id='word_1_678' title='bbox 1425 1346 1444 1366; x_wconf 89' lang='lat' dir='ltr'>R</span> <span class='ocrx_word' id='word_1_679' title='bbox 1457 1346 1477 1366; x_wconf 90' lang='lat' dir='ltr'>o</span> <span class='ocrx_word' id='word_1_680' title='bbox 1488 1346 1508 1364; x_wconf 79' lang='lat' dir='ltr'>o</span> <span class='ocrx_word' id='word_1_681' title='bbox 1519 1346 1540 1365; x_wconf 88' lang='lat' dir='ltr'><strong>v</strong></span> <span class='ocrx_word' id='word_1_682' title='bbox 1549 1347 1571 1366; x_wconf 84' lang='lat' dir='ltr'>A</span> <span class='ocrx_word' id='word_1_683' title='bbox 1580 1345 1597 1366; x_wconf 78' lang='lat' dir='ltr'>E</span> <span class='ocrx_word' id='word_1_684' title='bbox 1606 1346 1619 1366; x_wconf 88' lang='lat' dir='ltr'>s</span> <span class='ocrx_word' id='word_1_685' title='bbox 1631 1345 1653 1366; x_wconf 89' lang='lat' dir='ltr'>&#39;r</span> <span class='ocrx_word' id='word_1_686' title='bbox 1666 1345 1685 1366; x_wconf 93' lang='lat' dir='ltr'>o</span> <span class='ocrx_word' id='word_1_687' title='bbox 1695 1346 1714 1365; x_wconf 83' lang='lat' dir='ltr'>R</span> <span class='ocrx_word' id='word_1_688' title='bbox 1723 1361 1732 1374; x_wconf 92' lang='lat'>‚</span> <span class='ocrx_word' id='word_1_689' title='bbox 1753 1340 1819 1368; x_wconf 73' lang='lat' dir='ltr'>oris.</span> <span class='ocrx_word' id='word_1_690' title='bbox 1841 1350 1876 1367; x_wconf 88' lang='lat' dir='ltr'>m.</span> <span class='ocrx_word' id='word_1_691' title='bbox 1914 1341 2076 1373; x_wconf 66' lang='grc' dir='ltr'>[ἀντιταμίας</span> <span class='ocrx_word' id='word_1_692' title='bbox 2089 1342 2100 1374; x_wconf 94' lang='grc'>]</span> <span class='ocrx_word' id='word_1_693' title='bbox 2137 1340 2192 1376; x_wconf 67' lang='lat' dir='ltr'>‚Qn&#39;</span> <span class='ocrx_word' id='word_1_694' title='bbox 2218 1337 2367 1374; x_wconf 75' lang='lat' dir='ltr'>Qaeflom‘a</span> <span class='ocrx_word' id='word_1_695' title='bbox 2385 1347 2427 1363; x_wconf 81' lang='lat' dir='ltr'>au-</span> <span class='ocrx_word' id='word_1_696' title='bbox 2463 1345 2485 1374; x_wconf 45' lang='lat'>,⁴</span> 
     </span>
     <span class='ocr_line' id='line_1_53' title="bbox 270 1365 2479 1411; baseline -0 -10"><span class='ocrx_word' id='word_1_697' title='bbox 270 1381 286 1401; x_wconf 87' lang='lat' dir='ltr'>P</span> <span class='ocrx_word' id='word_1_698' title='bbox 298 1381 318 1401; x_wconf 78' lang='lat' dir='ltr'>R</span> <span class='ocrx_word' id='word_1_699' title='bbox 329 1381 348 1402; x_wconf 93' lang='lat' dir='ltr'>O</span> <span class='ocrx_word' id='word_1_700' title='bbox 358 1381 456 1401; x_wconf 83' lang='lat' dir='ltr'>PTER</span> <span class='ocrx_word' id='word_1_701' title='bbox 468 1380 486 1401; x_wconf 83' lang='lat' dir='ltr'>E</span> <span class='ocrx_word' id='word_1_702' title='bbox 496 1381 528 1401; x_wconf 85' lang='lat' dir='ltr'>A.</span> <span class='ocrx_word' id='word_1_703' title='bbox 564 1373 632 1400; x_wconf 89' lang='lat' dir='ltr'>Adu.</span> <span class='ocrx_word' id='word_1_704' title='bbox 667 1374 724 1408; x_wconf 62' lang='grc' dir='ltr'>[διὰ</span> <span class='ocrx_word' id='word_1_705' title='bbox 743 1375 821 1409; x_wconf 60' lang='lat' dir='ltr'>viii-o,</span> <span class='ocrx_word' id='word_1_706' title='bbox 842 1373 906 1402; x_wconf 67' lang='grc' dir='ltr'><em>’τὲ-ης</em></span> <span class='ocrx_word' id='word_1_707' title='bbox 926 1372 1016 1406; x_wconf 79' lang='grc' dir='ltr'><strong>ἕνεκεν,</strong></span> <span class='ocrx_word' id='word_1_708' title='bbox 1036 1375 1067 1402; x_wconf 77' lang='grc' dir='ltr'>δι’</span> <span class='ocrx_word' id='word_1_709' title='bbox 1085 1373 1122 1402; x_wconf 58' lang='lat' dir='ltr'>iri</span> <span class='ocrx_word' id='word_1_710' title='bbox 1136 1376 1150 1410; x_wconf 93' lang='lat'>]</span> <span class='ocrx_word' id='word_1_711' title='bbox 1186 1375 1223 1401; x_wconf 82' lang='lat' dir='ltr'>Ob</span> <span class='ocrx_word' id='word_1_712' title='bbox 1243 1384 1295 1400; x_wconf 79' lang='lat' dir='ltr'>eam</span> <span class='ocrx_word' id='word_1_713' title='bbox 1355 1377 1472 1402; x_wconf 72' lang='lat' dir='ltr'>Horitate</span> <span class='ocrx_word' id='word_1_714' title='bbox 1493 1365 1594 1410; x_wconf 36' lang='lat' dir='ltr'>acepta</span> <span class='ocrx_word' id='word_1_715' title='bbox 1607 1376 1721 1401; x_wconf 78' lang='lat' dir='ltr'>mittitur</span> <span class='ocrx_word' id='word_1_716' title='bbox 1733 1379 1762 1402; x_wconf 83' lang='lat' dir='ltr'>in</span> <span class='ocrx_word' id='word_1_717' title='bbox 1776 1378 1887 1411; x_wconf 79' lang='lat' dir='ltr'>aliquam</span> <span class='ocrx_word' id='word_1_718' title='bbox 1901 1377 2035 1411; x_wconf 75' lang='lat' dir='ltr'>regionem.</span> <span class='ocrx_word' id='word_1_719' title='bbox 2108 1376 2167 1402; x_wconf 85' lang='lat' dir='ltr'>Cic.</span> <span class='ocrx_word' id='word_1_720' title='bbox 2183 1376 2263 1402; x_wconf 84' lang='lat' dir='ltr'>Acad.</span> <span class='ocrx_word' id='word_1_721' title='bbox 2280 1384 2305 1407; x_wconf 80' lang='lat'>4,</span> <span class='ocrx_word' id='word_1_722' title='bbox 2320 1379 2356 1408; x_wconf 69' lang='lat'>84¹</span> <span class='ocrx_word' id='word_1_723' title='bbox 2365 1373 2424 1410; x_wconf 78' lang='lat' dir='ltr'>Nec</span> <span class='ocrx_word' id='word_1_724' title='bbox 2458 1375 2479 1394; x_wconf 73' lang='grc'>’-</span> 
     </span>
     <span class='ocr_line' id='line_1_54' title="bbox 233 1410 2487 1447; baseline 0 -11"><span class='ocrx_word' id='word_1_725' title='bbox 233 1411 340 1445; x_wconf 77' lang='lat' dir='ltr'>causam.</span> <span class='ocrx_word' id='word_1_726' title='bbox 413 1410 481 1437; x_wconf 87' lang='lat' dir='ltr'>Ter.</span> <span class='ocrx_word' id='word_1_727' title='bbox 497 1410 561 1436; x_wconf 86' lang='lat' dir='ltr'>Hec.</span> <span class='ocrx_word' id='word_1_728' title='bbox 576 1421 598 1442; x_wconf 80' lang='lat'>4,</span> <span class='ocrx_word' id='word_1_729' title='bbox 612 1420 636 1442; x_wconf 74' lang='grc'><strong>4,</strong></span> <span class='ocrx_word' id='word_1_730' title='bbox 651 1415 679 1440; x_wconf 85' lang='lat'>88</span> <span class='ocrx_word' id='word_1_731' title='bbox 701 1412 813 1438; x_wconf 89' lang='lat' dir='ltr'>Amarae</span> <span class='ocrx_word' id='word_1_732' title='bbox 826 1410 951 1438; x_wconf 88' lang='lat' dir='ltr'>mulieres</span> <span class='ocrx_word' id='word_1_733' title='bbox 964 1411 1039 1444; x_wconf 86' lang='lat' dir='ltr'>sunt,</span> <span class='ocrx_word' id='word_1_734' title='bbox 1058 1420 1113 1438; x_wconf 90' lang='lat' dir='ltr'>non</span> <span class='ocrx_word' id='word_1_735' title='bbox 1129 1410 1209 1438; x_wconf 85' lang='lat' dir='ltr'>facile</span> <span class='ocrx_word' id='word_1_736' title='bbox 1230 1410 1294 1436; x_wconf 81' lang='lat' dir='ltr'>haec</span> <span class='ocrx_word' id='word_1_737' title='bbox 1357 1420 1425 1438; x_wconf 86' lang='lat' dir='ltr'>vero</span> <span class='ocrx_word' id='word_1_738' title='bbox 1447 1412 1558 1438; x_wconf 85' lang='lat' dir='ltr'>ineunte</span> <span class='ocrx_word' id='word_1_739' title='bbox 1578 1418 1661 1438; x_wconf 88' lang='lat' dir='ltr'>aetate</span> <span class='ocrx_word' id='word_1_740' title='bbox 1677 1412 1762 1438; x_wconf 90' lang='lat' dir='ltr'>solum</span> <span class='ocrx_word' id='word_1_741' title='bbox 1773 1432 1782 1445; x_wconf 87' lang='lat'>,</span> <span class='ocrx_word' id='word_1_742' title='bbox 1802 1412 1846 1439; x_wconf 86' lang='lat' dir='ltr'>sed</span> <span class='ocrx_word' id='word_1_743' title='bbox 1865 1418 1890 1438; x_wconf 88' lang='lat' dir='ltr'>et</span> <span class='ocrx_word' id='word_1_744' title='bbox 1905 1412 2081 1447; x_wconf 86' lang='lat' dir='ltr'>Proquaestor</span> <span class='ocrx_word' id='word_1_745' title='bbox 2101 1412 2205 1446; x_wconf 84' lang='lat' dir='ltr'>aliquot</span> <span class='ocrx_word' id='word_1_746' title='bbox 2230 1419 2325 1437; x_wconf 80' lang='lat' dir='ltr'>annos.</span> <span class='ocrx_word' id='word_1_747' title='bbox 2381 1411 2426 1437; x_wconf 85' lang='lat' dir='ltr'>Al.</span> <span class='ocrx_word' id='word_1_748' title='bbox 2470 1411 2487 1427; x_wconf 80' lang='grc'>’-</span> 
     </span>
     <span class='ocr_line' id='line_1_55' title="bbox 232 1444 2483 1485; baseline 0 -13"><span class='ocrx_word' id='word_1_749' title='bbox 232 1446 335 1472; x_wconf 81' lang='lat' dir='ltr'>ferunt:</span> <span class='ocrx_word' id='word_1_750' title='bbox 373 1452 512 1481; x_wconf 89' lang='lat' dir='ltr'>propterea</span> <span class='ocrx_word' id='word_1_751' title='bbox 528 1445 591 1472; x_wconf 89' lang='lat' dir='ltr'>haec</span> <span class='ocrx_word' id='word_1_752' title='bbox 605 1446 645 1472; x_wconf 84' lang='lat' dir='ltr'>ira</span> <span class='ocrx_word' id='word_1_753' title='bbox 659 1446 704 1474; x_wconf 91' lang='lat' dir='ltr'>est.</span> <span class='ocrx_word' id='word_1_754' title='bbox 777 1447 846 1475; x_wconf 81' lang='lat' dir='ltr'>Ter.</span> <span class='ocrx_word' id='word_1_755' title='bbox 861 1447 942 1473; x_wconf 88' lang='lat' dir='ltr'>Andr.</span> <span class='ocrx_word' id='word_1_756' title='bbox 959 1457 976 1480; x_wconf 83' lang='lat'>1,</span> <span class='ocrx_word' id='word_1_757' title='bbox 994 1457 1012 1480; x_wconf 87' lang='lat'>1,</span> <span class='ocrx_word' id='word_1_758' title='bbox 1027 1456 1048 1474; x_wconf 83' lang='lat'>11</span> <span class='ocrx_word' id='word_1_759' title='bbox 1069 1447 1130 1474; x_wconf 83' lang='lat' dir='ltr'>Feci</span> <span class='ocrx_word' id='word_1_760' title='bbox 1144 1456 1158 1473; x_wconf 88' lang='lat' dir='ltr'>e</span> <span class='ocrx_word' id='word_1_761' title='bbox 1174 1447 1252 1473; x_wconf 87' lang='lat' dir='ltr'>seruo</span> <span class='ocrx_word' id='word_1_762' title='bbox 1266 1452 1295 1472; x_wconf 85' lang='lat' dir='ltr'>vt</span> <span class='ocrx_word' id='word_1_763' title='bbox 1356 1448 1490 1481; x_wconf 68' lang='lat' dir='ltr'>Quaestor</span> <span class='ocrx_word' id='word_1_764' title='bbox 1502 1469 1508 1480; x_wconf 90' lang='lat'><strong>‚</strong></span> <span class='ocrx_word' id='word_1_765' title='bbox 1528 1449 1563 1474; x_wconf 80' lang='lat' dir='ltr'>al.</span> <span class='ocrx_word' id='word_1_766' title='bbox 1580 1449 1632 1474; x_wconf 85' lang='lat' dir='ltr'>Pro</span> <span class='ocrx_word' id='word_1_767' title='bbox 1648 1448 1805 1481; x_wconf 68' lang='lat' dir='ltr'>Quaestorc.</span> <span class='ocrx_word' id='word_1_768' title='bbox 1860 1450 1953 1481; x_wconf 74' lang='lat' dir='ltr'>Quum</span> <span class='ocrx_word' id='word_1_769' title='bbox 1968 1448 2143 1475; x_wconf 81' lang='lat' dir='ltr'>Alexandriae</span> <span class='ocrx_word' id='word_1_770' title='bbox 2157 1446 2335 1482; x_wconf 86' lang='lat' dir='ltr'>Proquaestor</span> <span class='ocrx_word' id='word_1_771' title='bbox 2348 1446 2426 1472; x_wconf 78' lang='lat' dir='ltr'>essem</span> <span class='ocrx_word' id='word_1_772' title='bbox 2452 1444 2483 1485; x_wconf 44' lang='lat'>¹¹²</span> 
     </span>
     <span class='ocr_line' id='line_1_56' title="bbox 232 1481 2478 1519; baseline 0 -11"><span class='ocrx_word' id='word_1_773' title='bbox 232 1482 294 1508; x_wconf 84' lang='lat' dir='ltr'>esses</span> <span class='ocrx_word' id='word_1_774' title='bbox 308 1481 419 1508; x_wconf 83' lang='lat' dir='ltr'>libertus</span> <span class='ocrx_word' id='word_1_775' title='bbox 433 1481 500 1508; x_wconf 87' lang='lat' dir='ltr'>mihi</span> <span class='ocrx_word' id='word_1_776' title='bbox 521 1487 660 1515; x_wconf 89' lang='lat' dir='ltr'>propterea</span> <span class='ocrx_word' id='word_1_777' title='bbox 675 1482 748 1517; x_wconf 86' lang='lat' dir='ltr'>quod</span> <span class='ocrx_word' id='word_1_778' title='bbox 764 1483 899 1515; x_wconf 80' lang='lat' dir='ltr'>seruiebas</span> <span class='ocrx_word' id='word_1_779' title='bbox 911 1483 1071 1510; x_wconf 82' lang='lat' dir='ltr'>liberaliter.</span> <span class='ocrx_word' id='word_1_780' title='bbox 1144 1483 1236 1517; x_wconf 68' lang='lat' dir='ltr'>Quum</span> <span class='ocrx_word' id='word_1_781' title='bbox 1256 1482 1294 1509; x_wconf 87' lang='lat' dir='ltr'>es-</span> <span class='ocrx_word' id='word_1_782' title='bbox 1356 1484 1432 1511; x_wconf 88' lang='lat' dir='ltr'>Idem</span> <span class='ocrx_word' id='word_1_783' title='bbox 1446 1484 1515 1511; x_wconf 84' lang='lat' dir='ltr'>ibid.</span> <span class='ocrx_word' id='word_1_784' title='bbox 1527 1492 1556 1517; x_wconf 85' lang='lat'>4,</span> <span class='ocrx_word' id='word_1_785' title='bbox 1573 1493 1590 1510; x_wconf 90' lang='grc' dir='ltr'>ιι</span> <span class='ocrx_word' id='word_1_786' title='bbox 1612 1493 1634 1510; x_wconf 93' lang='lat' dir='ltr'>c.</span> <span class='ocrx_word' id='word_1_787' title='bbox 1655 1496 1677 1517; x_wconf 77' lang='lat'>4·</span> <span class='ocrx_word' id='word_1_788' title='bbox 1698 1485 1733 1510; x_wconf 78' lang='lat' dir='ltr'>nl.</span> <span class='ocrx_word' id='word_1_789' title='bbox 1754 1493 1805 1519; x_wconf 89' lang='lat' dir='ltr'>pro</span> <span class='ocrx_word' id='word_1_790' title='bbox 1823 1484 1979 1517; x_wconf 66' lang='lat' dir='ltr'>Quaestore.</span> <span class='ocrx_word' id='word_1_791' title='bbox 2071 1487 2142 1510; x_wconf 81' lang='lat' dir='ltr'>Add.</span> <span class='ocrx_word' id='word_1_792' title='bbox 2164 1483 2202 1511; x_wconf 87' lang='lat' dir='ltr'>Id.</span> <span class='ocrx_word' id='word_1_793' title='bbox 2228 1484 2304 1509; x_wconf 88' lang='lat' dir='ltr'>Verr.</span> <span class='ocrx_word' id='word_1_794' title='bbox 2320 1492 2328 1508; x_wconf 89' lang='grc' dir='ltr'>ι</span> <span class='ocrx_word' id='word_1_795' title='bbox 2350 1491 2372 1510; x_wconf 91' lang='lat' dir='ltr'>c.</span> <span class='ocrx_word' id='word_1_796' title='bbox 2393 1489 2427 1514; x_wconf 78' lang='grc' dir='ltr'>ις.</span> <span class='ocrx_word' id='word_1_797' title='bbox 2476 1498 2478 1500; x_wconf 42' lang='lat' dir='ltr'>v</span> 
     </span>
     <span class='ocr_line' id='line_1_57' title="bbox 230 1514 2475 1555; baseline 0 -11"><span class='ocrx_word' id='word_1_798' title='bbox 230 1518 284 1545; x_wconf 84' lang='lat' dir='ltr'>sem</span> <span class='ocrx_word' id='word_1_799' title='bbox 297 1517 398 1543; x_wconf 88' lang='lat' dir='ltr'>otiosus</span> <span class='ocrx_word' id='word_1_800' title='bbox 410 1518 439 1543; x_wconf 91' lang='lat' dir='ltr'>in</span> <span class='ocrx_word' id='word_1_801' title='bbox 453 1517 627 1551; x_wconf 86' lang='lat' dir='ltr'>Tusculano,</span> <span class='ocrx_word' id='word_1_802' title='bbox 648 1525 789 1553; x_wconf 87' lang='lat' dir='ltr'>propterea</span> <span class='ocrx_word' id='word_1_803' title='bbox 801 1519 874 1554; x_wconf 89' lang='lat' dir='ltr'>quod</span> <span class='ocrx_word' id='word_1_804' title='bbox 887 1519 1030 1554; x_wconf 86' lang='lat' dir='ltr'>discipulos</span> <span class='ocrx_word' id='word_1_805' title='bbox 1043 1519 1153 1546; x_wconf 87' lang='lat' dir='ltr'>obuiam</span> <span class='ocrx_word' id='word_1_806' title='bbox 1162 1519 1296 1551; x_wconf 85' lang='lat' dir='ltr'>miseram,</span> <span class='ocrx_word' id='word_1_807' title='bbox 1311 1526 1341 1553; x_wconf 80' lang='grc'>35</span> <span class='ocrx_word' id='word_1_808' title='bbox 1356 1521 1452 1555; x_wconf 80' lang='lat' dir='ltr'>Nempe</span> <span class='ocrx_word' id='word_1_809' title='bbox 1466 1521 1549 1546; x_wconf 79' lang='lat' dir='ltr'>eadem</span> <span class='ocrx_word' id='word_1_810' title='bbox 1566 1520 1604 1545; x_wconf 79' lang='lat' dir='ltr'>hic</span> <span class='ocrx_word' id='word_1_811' title='bbox 1618 1520 1750 1553; x_wconf 78' lang='lat' dir='ltr'>varietus,</span> <span class='ocrx_word' id='word_1_812' title='bbox 1771 1530 1844 1555; x_wconf 80' lang='lat' dir='ltr'>quam</span> <span class='ocrx_word' id='word_1_813' title='bbox 1865 1521 1893 1546; x_wconf 86' lang='lat' dir='ltr'>in</span> <span class='ocrx_word' id='word_1_814' title='bbox 1914 1525 2121 1551; x_wconf 75' lang='lat' dir='ltr'>PROCONSVL</span> <span class='ocrx_word' id='word_1_815' title='bbox 2152 1528 2176 1547; x_wconf 82' lang='lat' dir='ltr'>et</span> <span class='ocrx_word' id='word_1_816' title='bbox 2197 1523 2428 1548; x_wconf 80' lang='lat' dir='ltr'>PROPRAETOR</span> <span class='ocrx_word' id='word_1_817' title='bbox 2460 1514 2475 1544; x_wconf 57' lang='lat' dir='ltr'>f*</span> 
     </span>
     <span class='ocr_line' id='line_1_58' title="bbox 229 1553 2220 1590; baseline 0.002 -10"><span class='ocrx_word' id='word_1_818' title='bbox 229 1560 275 1586; x_wconf 85' lang='lat' dir='ltr'>vt,</span> <span class='ocrx_word' id='word_1_819' title='bbox 295 1560 339 1579; x_wconf 80' lang='lat' dir='ltr'>etc.</span> <span class='ocrx_word' id='word_1_820' title='bbox 412 1553 468 1579; x_wconf 88' lang='lat' dir='ltr'>Cic.</span> <span class='ocrx_word' id='word_1_821' title='bbox 482 1553 553 1579; x_wconf 87' lang='lat' dir='ltr'>Fam.</span> <span class='ocrx_word' id='word_1_822' title='bbox 566 1563 592 1588; x_wconf 89' lang='lat'>9,</span> <span class='ocrx_word' id='word_1_823' title='bbox 608 1560 631 1583; x_wconf 78' lang='lat'>18</span> <span class='ocrx_word' id='word_1_824' title='bbox 650 1562 692 1589; x_wconf 85' lang='lat' dir='ltr'>pr.</span> <span class='ocrx_word' id='word_1_825' title='bbox 787 1557 859 1582; x_wconf 76' lang='lat' dir='ltr'>Add.</span> <span class='ocrx_word' id='word_1_826' title='bbox 874 1556 912 1582; x_wconf 89' lang='lat' dir='ltr'>Id.</span> <span class='ocrx_word' id='word_1_827' title='bbox 926 1565 976 1590; x_wconf 91' lang='lat' dir='ltr'>pro</span> <span class='ocrx_word' id='word_1_828' title='bbox 991 1556 1066 1582; x_wconf 88' lang='lat' dir='ltr'>Rosc.</span> <span class='ocrx_word' id='word_1_829' title='bbox 1082 1557 1140 1582; x_wconf 85' lang='lat' dir='ltr'>Am.</span> <span class='ocrx_word' id='word_1_830' title='bbox 1154 1564 1176 1581; x_wconf 87' lang='lat' dir='ltr'>c.</span> <span class='ocrx_word' id='word_1_831' title='bbox 1191 1561 1227 1587; x_wconf 84' lang='lat'>38.</span> <span class='ocrx_word' id='word_1_832' title='bbox 1265 1555 1293 1581; x_wconf 89' lang='lat' dir='ltr'>Si</span> <span class='ocrx_word' id='word_1_833' title='bbox 1354 1557 1501 1582; x_wconf 72' lang='lat' dir='ltr'>nozauimus.</span> <span class='ocrx_word' id='word_1_834' title='bbox 1539 1555 1612 1589; x_wconf 85' lang='lat' dir='ltr'>Conf.</span> <span class='ocrx_word' id='word_1_835' title='bbox 1630 1562 1849 1583; x_wconf 78' lang='lat' dir='ltr'>EXCONSVLL</span> <span class='ocrx_word' id='word_1_836' title='bbox 2216 1585 2220 1586; x_wconf 21' lang='lat'><em>⁷</em></span> 
     </span>
     <span class='ocr_line' id='line_1_59' title="bbox 228 1588 2477 1629; baseline 0 -13"><span class='ocrx_word' id='word_1_837' title='bbox 228 1588 369 1616; x_wconf 85' lang='lat' dir='ltr'>notionem</span> <span class='ocrx_word' id='word_1_838' title='bbox 383 1589 441 1615; x_wconf 89' lang='lat' dir='ltr'>veri</span> <span class='ocrx_word' id='word_1_839' title='bbox 455 1593 480 1628; x_wconf 72' lang='lat' dir='ltr'>et</span> <span class='ocrx_word' id='word_1_840' title='bbox 493 1588 564 1622; x_wconf 86' lang='lat' dir='ltr'>falsi,</span> <span class='ocrx_word' id='word_1_841' title='bbox 585 1596 727 1625; x_wconf 86' lang='lat' dir='ltr'>propterea</span> <span class='ocrx_word' id='word_1_842' title='bbox 740 1591 812 1625; x_wconf 86' lang='lat' dir='ltr'>quod</span> <span class='ocrx_word' id='word_1_843' title='bbox 826 1601 856 1619; x_wconf 85' lang='lat' dir='ltr'>ea</span> <span class='ocrx_word' id='word_1_844' title='bbox 871 1601 926 1618; x_wconf 93' lang='lat' dir='ltr'>non</span> <span class='ocrx_word' id='word_1_845' title='bbox 939 1592 1043 1626; x_wconf 85' lang='lat' dir='ltr'>possunt</span> <span class='ocrx_word' id='word_1_846' title='bbox 1057 1591 1213 1624; x_wconf 85' lang='lat' dir='ltr'>internosci,</span> <span class='ocrx_word' id='word_1_847' title='bbox 1233 1591 1292 1616; x_wconf 86' lang='lat' dir='ltr'>nul-</span> <span class='ocrx_word' id='word_1_848' title='bbox 1392 1598 1407 1617; x_wconf 88' lang='lat' dir='ltr'>P</span> <span class='ocrx_word' id='word_1_849' title='bbox 1420 1597 1439 1617; x_wconf 77' lang='lat' dir='ltr'>R</span> <span class='ocrx_word' id='word_1_850' title='bbox 1452 1597 1471 1617; x_wconf 93' lang='grc' dir='ltr'>ο</span> <span class='ocrx_word' id='word_1_851' title='bbox 1482 1598 1535 1629; x_wconf 56' lang='lat' dir='ltr'>qv</span> <span class='ocrx_word' id='word_1_852' title='bbox 1545 1599 1567 1618; x_wconf 80' lang='grc' dir='ltr'>Α</span> <span class='ocrx_word' id='word_1_853' title='bbox 1577 1598 1615 1618; x_wconf 87' lang='grc' dir='ltr'>Μ.</span> <span class='ocrx_word' id='word_1_854' title='bbox 1635 1591 1702 1618; x_wconf 88' lang='lat' dir='ltr'>Adu.</span> <span class='ocrx_word' id='word_1_855' title='bbox 1740 1594 1848 1619; x_wconf 88' lang='lat' dir='ltr'>Lucret.</span> <span class='ocrx_word' id='word_1_856' title='bbox 1864 1602 1886 1623; x_wconf 76' lang='grc'>2,</span> <span class='ocrx_word' id='word_1_857' title='bbox 1902 1595 1952 1625; x_wconf 76' lang='grc' dir='ltr'>ιι36</span> <span class='ocrx_word' id='word_1_858' title='bbox 1973 1593 2032 1619; x_wconf 83' lang='lat' dir='ltr'>Nee</span> <span class='ocrx_word' id='word_1_859' title='bbox 2046 1592 2106 1619; x_wconf 83' lang='lat' dir='ltr'>satis</span> <span class='ocrx_word' id='word_1_860' title='bbox 2119 1591 2171 1624; x_wconf 83' lang='lat' dir='ltr'>est,</span> <span class='ocrx_word' id='word_1_861' title='bbox 2190 1588 2323 1626; x_wconf 83' lang='lat' dir='ltr'>proquam</span> <span class='ocrx_word' id='word_1_862' title='bbox 2338 1589 2426 1625; x_wconf 79' lang='lat' dir='ltr'>largos</span> <span class='ocrx_word' id='word_1_863' title='bbox 2475 1618 2477 1621; x_wconf 57' lang='grc'><strong>,</strong></span> 
     </span>
     <span class='ocr_line' id='line_1_60' title="bbox 228 1624 2475 1664; baseline 0 -13"><span class='ocrx_word' id='word_1_864' title='bbox 228 1625 280 1652; x_wconf 89' lang='lat' dir='ltr'>lam</span> <span class='ocrx_word' id='word_1_865' title='bbox 296 1624 422 1651; x_wconf 83' lang='lat' dir='ltr'>habemus</span> <span class='ocrx_word' id='word_1_866' title='bbox 440 1625 497 1651; x_wconf 74' lang='lat' dir='ltr'>Cic.</span> <span class='ocrx_word' id='word_1_867' title='bbox 512 1625 590 1652; x_wconf 88' lang='lat' dir='ltr'>Acad.</span> <span class='ocrx_word' id='word_1_868' title='bbox 605 1635 629 1659; x_wconf 78' lang='lat'>4,</span> <span class='ocrx_word' id='word_1_869' title='bbox 643 1636 676 1658; x_wconf 81' lang='lat'>33.</span> <span class='ocrx_word' id='word_1_870' title='bbox 744 1627 823 1654; x_wconf 84' lang='lat' dir='ltr'>¹Seru.</span> <span class='ocrx_word' id='word_1_871' title='bbox 842 1628 914 1662; x_wconf 86' lang='lat' dir='ltr'>Sulp.</span> <span class='ocrx_word' id='word_1_872' title='bbox 932 1627 964 1653; x_wconf 89' lang='lat' dir='ltr'>ad</span> <span class='ocrx_word' id='word_1_873' title='bbox 986 1627 1044 1653; x_wconf 91' lang='lat' dir='ltr'>Cic.</span> <span class='ocrx_word' id='word_1_874' title='bbox 1065 1628 1137 1654; x_wconf 87' lang='lat' dir='ltr'>Fam.</span> <span class='ocrx_word' id='word_1_875' title='bbox 1160 1638 1190 1662; x_wconf 77' lang='lat'>4,</span> <span class='ocrx_word' id='word_1_876' title='bbox 1208 1636 1220 1658; x_wconf 85' lang='lat'>5</span> <span class='ocrx_word' id='word_1_877' title='bbox 1241 1626 1292 1653; x_wconf 86' lang='lat' dir='ltr'>Etsi</span> <span class='ocrx_word' id='word_1_878' title='bbox 1353 1627 1488 1654; x_wconf 84' lang='lat' dir='ltr'>exaestuat</span> <span class='ocrx_word' id='word_1_879' title='bbox 1500 1628 1582 1654; x_wconf 81' lang='lat' dir='ltr'>aestus</span> <span class='ocrx_word' id='word_1_880' title='bbox 1594 1648 1602 1663; x_wconf 78' lang='lat'>‚</span> <span class='ocrx_word' id='word_1_881' title='bbox 1621 1628 1698 1654; x_wconf 90' lang='lat' dir='ltr'>Vnde</span> <span class='ocrx_word' id='word_1_882' title='bbox 1709 1634 1788 1663; x_wconf 79' lang='lat' dir='ltr'>queat</span> <span class='ocrx_word' id='word_1_883' title='bbox 1805 1634 1908 1655; x_wconf 82' lang='lat' dir='ltr'>tanturn</span> <span class='ocrx_word' id='word_1_884' title='bbox 1921 1628 2059 1664; x_wconf 85' lang='lat' dir='ltr'>suboriri,</span> <span class='ocrx_word' id='word_1_885' title='bbox 2077 1627 2309 1663; x_wconf 69' lang='lat' dir='ltr'>ac,8i1ppcditare‚</span> <span class='ocrx_word' id='word_1_886' title='bbox 2335 1628 2437 1660; x_wconf 68' lang='lat' dir='ltr'>Quam,</span> <span class='ocrx_word' id='word_1_887' title='bbox 2454 1633 2475 1664; x_wconf 48' lang='grc' dir='ltr'><strong>ᾗ</strong></span> 
     </span>
     <span class='ocr_line' id='line_1_61' title="bbox 227 1660 2505 1701; baseline 0.001 -15"><span class='ocrx_word' id='word_1_888' title='bbox 227 1669 307 1696; x_wconf 84' lang='lat' dir='ltr'>genus</span> <span class='ocrx_word' id='word_1_889' title='bbox 323 1660 373 1686; x_wconf 85' lang='lat' dir='ltr'>hoc</span> <span class='ocrx_word' id='word_1_890' title='bbox 386 1660 576 1688; x_wconf 82' lang='lat' dir='ltr'>consolationis</span> <span class='ocrx_word' id='word_1_891' title='bbox 590 1662 715 1690; x_wconf 83' lang='lat' dir='ltr'>acerbum</span> <span class='ocrx_word' id='word_1_892' title='bbox 728 1663 766 1690; x_wconf 90' lang='lat' dir='ltr'>est</span> <span class='ocrx_word' id='word_1_893' title='bbox 779 1669 920 1698; x_wconf 82' lang='lat' dir='ltr'>propterea</span> <span class='ocrx_word' id='word_1_894' title='bbox 933 1663 1008 1697; x_wconf 88' lang='lat' dir='ltr'>quia,</span> <span class='ocrx_word' id='word_1_895' title='bbox 1023 1672 1070 1697; x_wconf 88' lang='lat' dir='ltr'>per</span> <span class='ocrx_word' id='word_1_896' title='bbox 1077 1672 1208 1697; x_wconf 73' lang='lat' dir='ltr'>quos,etc.</span> <span class='ocrx_word' id='word_1_897' title='bbox 1227 1664 1293 1689; x_wconf 87' lang='lat' dir='ltr'>Pro·</span> <span class='ocrx_word' id='word_1_898' title='bbox 1355 1669 1413 1691; x_wconf 90' lang='lat' dir='ltr'>tum</span> <span class='ocrx_word' id='word_1_899' title='bbox 1425 1672 1492 1698; x_wconf 85' lang='lat' dir='ltr'>opus</span> <span class='ocrx_word' id='word_1_900' title='bbox 1506 1664 1551 1690; x_wconf 82' lang='lat' dir='ltr'>est.</span> <span class='ocrx_word' id='word_1_901' title='bbox 1626 1666 1720 1690; x_wconf 79' lang='lat' dir='ltr'>Melius</span> <span class='ocrx_word' id='word_1_902' title='bbox 1732 1665 1861 1690; x_wconf 80' lang='lat' dir='ltr'>diuiditur</span> <span class='ocrx_word' id='word_1_903' title='bbox 1871 1676 1878 1689; x_wconf 91' lang='lat'>.·</span> <span class='ocrx_word' id='word_1_904' title='bbox 1915 1665 1946 1699; x_wconf 75' lang='lat' dir='ltr'>esi</span> <span class='ocrx_word' id='word_1_905' title='bbox 1959 1666 2023 1690; x_wconf 81' lang='lat' dir='ltr'>enim</span> <span class='ocrx_word' id='word_1_906' title='bbox 2038 1673 2088 1699; x_wconf 88' lang='lat' dir='ltr'>pro</span> <span class='ocrx_word' id='word_1_907' title='bbox 2108 1672 2141 1690; x_wconf 91' lang='lat' dir='ltr'>eo</span> <span class='ocrx_word' id='word_1_908' title='bbox 2162 1673 2251 1699; x_wconf 80' lang='lat' dir='ltr'>quam.</span> <span class='ocrx_word' id='word_1_909' title='bbox 2336 1662 2378 1695; x_wconf 81' lang='lat' dir='ltr'>Id.</span> <span class='ocrx_word' id='word_1_910' title='bbox 2404 1671 2427 1695; x_wconf 84' lang='lat'>3,</span> <span class='ocrx_word' id='word_1_911' title='bbox 2470 1665 2476 1678; x_wconf 91' lang='lat'>&#39;·</span> <span class='ocrx_word' id='word_1_912' title='bbox 2504 1694 2505 1701; x_wconf 15' lang='grc' dir='ltr'>ἵ</span> 
     </span>
     <span class='ocr_line' id='line_1_62' title="bbox 227 1696 2499 1736; baseline 0 -12"><span class='ocrx_word' id='word_1_913' title='bbox 227 1702 314 1732; x_wconf 82' lang='lat' dir='ltr'>pterea</span> <span class='ocrx_word' id='word_1_914' title='bbox 328 1696 391 1736; x_wconf 75' lang='lat' dir='ltr'>quia</span> <span class='ocrx_word' id='word_1_915' title='bbox 406 1697 511 1724; x_wconf 87' lang='lat' dir='ltr'>Lucret.</span> <span class='ocrx_word' id='word_1_916' title='bbox 527 1707 546 1731; x_wconf 86' lang='grc' dir='ltr'>ι,</span> <span class='ocrx_word' id='word_1_917' title='bbox 560 1699 613 1729; x_wconf 82' lang='grc'>625.</span> <span class='ocrx_word' id='word_1_918' title='bbox 686 1699 742 1726; x_wconf 90' lang='lat' dir='ltr'>Cic.</span> <span class='ocrx_word' id='word_1_919' title='bbox 758 1708 808 1734; x_wconf 92' lang='lat' dir='ltr'>pro</span> <span class='ocrx_word' id='word_1_920' title='bbox 821 1699 910 1734; x_wconf 88' lang='lat' dir='ltr'>Ligar.</span> <span class='ocrx_word' id='word_1_921' title='bbox 925 1705 939 1728; x_wconf 85' lang='lat'><em>8</em></span> <span class='ocrx_word' id='word_1_922' title='bbox 960 1700 1048 1733; x_wconf 80' lang='lat' dir='ltr'>Atque</span> <span class='ocrx_word' id='word_1_923' title='bbox 1068 1698 1131 1725; x_wconf 86' lang='lat' dir='ltr'>haec</span> <span class='ocrx_word' id='word_1_924' title='bbox 1151 1706 1291 1734; x_wconf 85' lang='lat' dir='ltr'>propterea</span> <span class='ocrx_word' id='word_1_925' title='bbox 1303 1707 1342 1732; x_wconf 91' lang='lat'>40</span> <span class='ocrx_word' id='word_1_926' title='bbox 1356 1709 1410 1727; x_wconf 86' lang='lat'>200</span> <span class='ocrx_word' id='word_1_927' title='bbox 1427 1700 1514 1734; x_wconf 85' lang='lat' dir='ltr'>Igitur</span> <span class='ocrx_word' id='word_1_928' title='bbox 1532 1699 1683 1734; x_wconf 78' lang='lat' dir='ltr'>paruislima</span> <span class='ocrx_word' id='word_1_929' title='bbox 1703 1709 1835 1735; x_wconf 82' lang='lat' dir='ltr'>proquam</span> <span class='ocrx_word' id='word_1_930' title='bbox 1856 1702 1887 1727; x_wconf 85' lang='lat' dir='ltr'>Et</span> <span class='ocrx_word' id='word_1_931' title='bbox 1912 1697 2039 1727; x_wconf 80' lang='lat' dir='ltr'>l&#39;euiffima</span> <span class='ocrx_word' id='word_1_932' title='bbox 2056 1701 2132 1730; x_wconf 87' lang='lat' dir='ltr'>sunt,</span> <span class='ocrx_word' id='word_1_933' title='bbox 2154 1700 2192 1727; x_wconf 87' lang='lat' dir='ltr'>ita</span> <span class='ocrx_word' id='word_1_934' title='bbox 2210 1698 2361 1727; x_wconf 84' lang='lat' dir='ltr'>mobilitata</span> <span class='ocrx_word' id='word_1_935' title='bbox 2385 1698 2425 1725; x_wconf 82' lang='lat' dir='ltr'>fe·</span> <span class='ocrx_word' id='word_1_936' title='bbox 2455 1702 2467 1726; x_wconf 61' lang='lat' dir='ltr'>s</span> <span class='ocrx_word' id='word_1_937' title='bbox 2491 1697 2499 1719; x_wconf 83' lang='lat'>·&#39;</span> 
     </span>
     <span class='ocr_line' id='line_1_63' title="bbox 228 1731 2154 1772; baseline 0.002 -13"><span class='ocrx_word' id='word_1_938' title='bbox 228 1732 260 1759; x_wconf 90' lang='lat' dir='ltr'>de</span> <span class='ocrx_word' id='word_1_939' title='bbox 271 1741 313 1760; x_wconf 89' lang='lat' dir='ltr'>me</span> <span class='ocrx_word' id='word_1_940' title='bbox 327 1731 401 1766; x_wconf 80' lang='lat' dir='ltr'>dixr,</span> <span class='ocrx_word' id='word_1_941' title='bbox 422 1738 450 1760; x_wconf 89' lang='lat' dir='ltr'>vt</span> <span class='ocrx_word' id='word_1_942' title='bbox 466 1733 537 1761; x_wconf 90' lang='lat' dir='ltr'>mihi</span> <span class='ocrx_word' id='word_1_943' title='bbox 554 1733 688 1769; x_wconf 85' lang='lat' dir='ltr'>Tubero,</span> <span class='ocrx_word' id='word_1_944' title='bbox 725 1744 809 1770; x_wconf 90' lang='lat' dir='ltr'>quum</span> <span class='ocrx_word' id='word_1_945' title='bbox 828 1735 861 1762; x_wconf 91' lang='lat' dir='ltr'>de</span> <span class='ocrx_word' id='word_1_946' title='bbox 880 1735 905 1762; x_wconf 87' lang='lat' dir='ltr'>se</span> <span class='ocrx_word' id='word_1_947' title='bbox 925 1734 1018 1762; x_wconf 87' lang='lat' dir='ltr'>eadem</span> <span class='ocrx_word' id='word_1_948' title='bbox 1044 1733 1178 1770; x_wconf 85' lang='lat' dir='ltr'>dicerem,</span> <span class='ocrx_word' id='word_1_949' title='bbox 1216 1734 1293 1769; x_wconf 86' lang='lat' dir='ltr'>igno·</span> <span class='ocrx_word' id='word_1_950' title='bbox 1354 1742 1461 1763; x_wconf 82' lang='lat' dir='ltr'>runtur.</span> <span class='ocrx_word' id='word_1_951' title='bbox 1535 1737 1585 1761; x_wconf 66' lang='lat' dir='ltr'>Sed</span> <span class='ocrx_word' id='word_1_952' title='bbox 1595 1737 1635 1761; x_wconf 67' lang='lat' dir='ltr'>hi.-</span> <span class='ocrx_word' id='word_1_953' title='bbox 1649 1746 1713 1762; x_wconf 78' lang='lat' dir='ltr'>nunc</span> <span class='ocrx_word' id='word_1_954' title='bbox 1731 1738 1815 1763; x_wconf 81' lang='lat' dir='ltr'>editur</span> <span class='ocrx_word' id='word_1_955' title='bbox 1834 1744 1950 1771; x_wconf 83' lang='lat' dir='ltr'>quanto,</span> <span class='ocrx_word' id='word_1_956' title='bbox 1970 1737 2046 1772; x_wconf 75' lang='lat' dir='ltr'>sensu</span> <span class='ocrx_word' id='word_1_957' title='bbox 2066 1739 2154 1763; x_wconf 80' lang='lat' dir='ltr'>eodem.</span> 
     </span>
     <span class='ocr_line' id='line_1_64' title="bbox 228 1767 2494 1811; baseline 0 -15"><span class='ocrx_word' id='word_1_958' title='bbox 228 1770 315 1796; x_wconf 84' lang='lat' dir='ltr'>sceret.</span> <span class='ocrx_word' id='word_1_959' title='bbox 383 1801 393 1810; x_wconf 86' lang='lat'>..</span> <span class='ocrx_word' id='word_1_960' title='bbox 1391 1778 1465 1798; x_wconf 84' lang='lat' dir='ltr'>PRO</span> <span class='ocrx_word' id='word_1_961' title='bbox 1476 1779 1528 1811; x_wconf 57' lang='lat' dir='ltr'>qv</span> <span class='ocrx_word' id='word_1_962' title='bbox 1540 1779 1593 1798; x_wconf 85' lang='lat' dir='ltr'>1R1</span> <span class='ocrx_word' id='word_1_963' title='bbox 1606 1778 1628 1798; x_wconf 86' lang='lat' dir='ltr'>T</span> <span class='ocrx_word' id='word_1_964' title='bbox 1641 1778 1678 1805; x_wconf 89' lang='grc' dir='ltr'>ο,</span> <span class='ocrx_word' id='word_1_965' title='bbox 1704 1777 1758 1799; x_wconf 64' lang='lat' dir='ltr'>are.</span> <span class='ocrx_word' id='word_1_966' title='bbox 1795 1775 1862 1799; x_wconf 70' lang='lat' dir='ltr'>Idem</span> <span class='ocrx_word' id='word_1_967' title='bbox 1881 1776 1948 1808; x_wconf 75' lang='lat' dir='ltr'>quod</span> <span class='ocrx_word' id='word_1_968' title='bbox 1966 1773 2112 1809; x_wconf 76' lang='lat' dir='ltr'>Qirieare.</span> <span class='ocrx_word' id='word_1_969' title='bbox 2137 1771 2216 1807; x_wconf 86' lang='lat' dir='ltr'>Apul.</span> <span class='ocrx_word' id='word_1_970' title='bbox 2233 1767 2317 1807; x_wconf 74' lang='lat' dir='ltr'>Aphl:</span> <span class='ocrx_word' id='word_1_971' title='bbox 2332 1780 2358 1806; x_wconf 85' lang='lat' dir='ltr'>p.</span> <span class='ocrx_word' id='word_1_972' title='bbox 2379 1772 2423 1805; x_wconf 78' lang='lat'>326</span> <span class='ocrx_word' id='word_1_973' title='bbox 2440 1792 2444 1801; x_wconf 72' lang='lat'>.</span> <span class='ocrx_word' id='word_1_974' title='bbox 2458 1795 2460 1798; x_wconf 79' lang='grc'>,</span> <span class='ocrx_word' id='word_1_975' title='bbox 2488 1772 2494 1803; x_wconf 77' lang='grc'>’,</span> 
     </span>
     <span class='ocr_line' id='line_1_65' title="bbox 262 1806 2442 1843; baseline 0.001 -12"><span class='ocrx_word' id='word_1_976' title='bbox 262 1811 301 1831; x_wconf 83' lang='lat' dir='ltr'>PR</span> <span class='ocrx_word' id='word_1_977' title='bbox 313 1810 332 1831; x_wconf 92' lang='grc' dir='ltr'>ο</span> <span class='ocrx_word' id='word_1_978' title='bbox 344 1811 360 1831; x_wconf 82' lang='grc' dir='ltr'>Ρ</span> <span class='ocrx_word' id='word_1_979' title='bbox 370 1811 419 1832; x_wconf 90' lang='lat' dir='ltr'>VD</span> <span class='ocrx_word' id='word_1_980' title='bbox 430 1812 519 1839; x_wconf 89' lang='lat' dir='ltr'>1VM,</span> <span class='ocrx_word' id='word_1_981' title='bbox 538 1806 558 1834; x_wconf 90' lang='lat' dir='ltr'>i.</span> <span class='ocrx_word' id='word_1_982' title='bbox 580 1817 607 1834; x_wconf 91' lang='lat' dir='ltr'>n.</span> <span class='ocrx_word' id='word_1_983' title='bbox 643 1807 826 1843; x_wconf 68' lang='grc' dir='ltr'>[ἂναίεχυντσς]</span> <span class='ocrx_word' id='word_1_984' title='bbox 864 1809 903 1834; x_wconf 80' lang='lat' dir='ltr'>De</span> <span class='ocrx_word' id='word_1_985' title='bbox 916 1807 958 1833; x_wconf 82' lang='lat' dir='ltr'>hoc</span> <span class='ocrx_word' id='word_1_986' title='bbox 981 1809 1080 1833; x_wconf 82' lang='lat' dir='ltr'>nomine</span> <span class='ocrx_word' id='word_1_987' title='bbox 1092 1806 1181 1833; x_wconf 81' lang='lat' dir='ltr'>Festus</span> <span class='ocrx_word' id='word_1_988' title='bbox 1197 1806 1293 1839; x_wconf 82' lang='lat' dir='ltr'>Paulli,</span> <span class='ocrx_word' id='word_1_989' title='bbox 1353 1807 1498 1841; x_wconf 82' lang='lat' dir='ltr'>Epistolam</span> <span class='ocrx_word' id='word_1_990' title='bbox 1516 1808 1591 1840; x_wconf 84' lang='lat' dir='ltr'>saepe</span> <span class='ocrx_word' id='word_1_991' title='bbox 1604 1809 1726 1841; x_wconf 85' lang='lat' dir='ltr'>aperiens</span> <span class='ocrx_word' id='word_1_992' title='bbox 1734 1809 1943 1843; x_wconf 86' lang='lat' dir='ltr'>proquiritabat‚</span> <span class='ocrx_word' id='word_1_993' title='bbox 1955 1817 2001 1835; x_wconf 82' lang='lat' dir='ltr'>etc.</span> <span class='ocrx_word' id='word_1_994' title='bbox 2405 1806 2407 1811; x_wconf 79' lang='grc'><em>“</em></span> <span class='ocrx_word' id='word_1_995' title='bbox 2440 1808 2442 1810; x_wconf 72' lang='grc'>’</span> 
     </span>
     <span class='ocr_line' id='line_1_66' title="bbox 225 1839 2487 1881; baseline 0 -12"><span class='ocrx_word' id='word_1_996' title='bbox 225 1840 388 1876; x_wconf 85' lang='lat' dir='ltr'>Propudium</span> <span class='ocrx_word' id='word_1_997' title='bbox 402 1840 541 1873; x_wconf 84' lang='lat' dir='ltr'>dicebant,</span> <span class='ocrx_word' id='word_1_998' title='bbox 561 1853 622 1870; x_wconf 89' lang='lat' dir='ltr'>cum</span> <span class='ocrx_word' id='word_1_999' title='bbox 641 1842 787 1870; x_wconf 69' lang='lat' dir='ltr'>maledi&amp;o</span> <span class='ocrx_word' id='word_1_1000' title='bbox 804 1842 905 1869; x_wconf 88' lang='lat' dir='ltr'>nudare</span> <span class='ocrx_word' id='word_1_1001' title='bbox 934 1842 1130 1878; x_wconf 87' lang='lat' dir='ltr'>turpitudinem</span> <span class='ocrx_word' id='word_1_1002' title='bbox 1155 1841 1292 1874; x_wconf 85' lang='lat' dir='ltr'>volebant,</span> <span class='ocrx_word' id='word_1_1003' title='bbox 1394 1848 1409 1868; x_wconf 88' lang='lat' dir='ltr'>P</span> <span class='ocrx_word' id='word_1_1004' title='bbox 1422 1848 1442 1868; x_wconf 84' lang='lat' dir='ltr'>R</span> <span class='ocrx_word' id='word_1_1005' title='bbox 1454 1848 1473 1869; x_wconf 90' lang='grc' dir='ltr'>ο</span> <span class='ocrx_word' id='word_1_1006' title='bbox 1484 1849 1535 1881; x_wconf 63' lang='lat' dir='ltr'>Qv</span> <span class='ocrx_word' id='word_1_1007' title='bbox 1545 1849 1554 1866; x_wconf 84' lang='grc' dir='ltr'>ι</span> <span class='ocrx_word' id='word_1_1008' title='bbox 1564 1848 1583 1867; x_wconf 76' lang='lat' dir='ltr'>R</span> <span class='ocrx_word' id='word_1_1009' title='bbox 1594 1849 1632 1868; x_wconf 84' lang='lat' dir='ltr'>IT</span> <span class='ocrx_word' id='word_1_1010' title='bbox 1644 1849 1665 1867; x_wconf 81' lang='grc' dir='ltr'>Α</span> <span class='ocrx_word' id='word_1_1011' title='bbox 1675 1849 1727 1868; x_wconf 86' lang='lat' dir='ltr'>Tv</span> <span class='ocrx_word' id='word_1_1012' title='bbox 1737 1850 1750 1869; x_wconf 88' lang='lat' dir='ltr'>s</span> <span class='ocrx_word' id='word_1_1013' title='bbox 1760 1863 1769 1875; x_wconf 81' lang='lat'>,</span> <span class='ocrx_word' id='word_1_1014' title='bbox 1787 1852 1812 1874; x_wconf 85' lang='lat' dir='ltr'>a,</span> <span class='ocrx_word' id='word_1_1015' title='bbox 1825 1853 1880 1870; x_wconf 85' lang='lat' dir='ltr'>um.</span> <span class='ocrx_word' id='word_1_1016' title='bbox 1919 1845 2104 1879; x_wconf 76' lang='lat' dir='ltr'>Promulgatus.</span> <span class='ocrx_word' id='word_1_1017' title='bbox 2131 1845 2234 1871; x_wconf 71' lang='lat' dir='ltr'>Verbum</span> <span class='ocrx_word' id='word_1_1018' title='bbox 2245 1842 2299 1871; x_wconf 88' lang='lat' dir='ltr'>LL.</span> <span class='ocrx_word' id='word_1_1019' title='bbox 2308 1843 2359 1871; x_wconf 84' lang='lat' dir='ltr'>XII</span> <span class='ocrx_word' id='word_1_1020' title='bbox 2371 1839 2424 1870; x_wconf 61' lang='lat' dir='ltr'>tabss</span> <span class='ocrx_word' id='word_1_1021' title='bbox 2439 1876 2441 1878; x_wconf 26' lang='grc' dir='ltr'>Ι</span> <span class='ocrx_word' id='word_1_1022' title='bbox 2484 1857 2487 1866; x_wconf 76' lang='grc' dir='ltr'>ι</span> 
     </span>
     <span class='ocr_line' id='line_1_67' title="bbox 224 1877 2424 1914; baseline 0.001 -11"><span class='ocrx_word' id='word_1_1023' title='bbox 224 1877 292 1911; x_wconf 86' lang='lat' dir='ltr'>quasi</span> <span class='ocrx_word' id='word_1_1024' title='bbox 307 1886 389 1912; x_wconf 92' lang='lat' dir='ltr'>porro</span> <span class='ocrx_word' id='word_1_1025' title='bbox 405 1877 570 1911; x_wconf 80' lang='lat' dir='ltr'>pudendum.</span> <span class='ocrx_word' id='word_1_1026' title='bbox 643 1879 760 1913; x_wconf 72' lang='lat' dir='ltr'>Quidam</span> <span class='ocrx_word' id='word_1_1027' title='bbox 781 1879 945 1914; x_wconf 87' lang='lat' dir='ltr'>propudium</span> <span class='ocrx_word' id='word_1_1028' title='bbox 960 1884 1052 1913; x_wconf 84' lang='lat' dir='ltr'>putant</span> <span class='ocrx_word' id='word_1_1029' title='bbox 1065 1879 1133 1912; x_wconf 88' lang='lat' dir='ltr'>dici,</span> <span class='ocrx_word' id='word_1_1030' title='bbox 1151 1886 1166 1904; x_wconf 85' lang='lat' dir='ltr'>a</span> <span class='ocrx_word' id='word_1_1031' title='bbox 1176 1887 1231 1912; x_wconf 90' lang='lat' dir='ltr'>quo</span> <span class='ocrx_word' id='word_1_1032' title='bbox 1246 1887 1292 1912; x_wconf 88' lang='lat' dir='ltr'>pu-</span> <span class='ocrx_word' id='word_1_1033' title='bbox 1304 1885 1339 1912; x_wconf 78' lang='lat'>45¹</span> <span class='ocrx_word' id='word_1_1034' title='bbox 1353 1877 1444 1905; x_wconf 89' lang='lat' dir='ltr'>Sidon.</span> <span class='ocrx_word' id='word_1_1035' title='bbox 1460 1877 1610 1912; x_wconf 87' lang='lat' dir='ltr'>Apollinar.</span> <span class='ocrx_word' id='word_1_1036' title='bbox 1625 1884 1649 1909; x_wconf 79' lang='lat'>8,</span> <span class='ocrx_word' id='word_1_1037' title='bbox 1664 1879 1679 1904; x_wconf 90' lang='lat'><strong>6</strong></span> <span class='ocrx_word' id='word_1_1038' title='bbox 1700 1879 1749 1904; x_wconf 86' lang='lat' dir='ltr'>Per</span> <span class='ocrx_word' id='word_1_1039' title='bbox 1762 1878 1847 1912; x_wconf 89' lang='lat' dir='ltr'>ipsum</span> <span class='ocrx_word' id='word_1_1040' title='bbox 1863 1880 1919 1905; x_wconf 81' lang='lat' dir='ltr'>fere</span> <span class='ocrx_word' id='word_1_1041' title='bbox 1933 1886 2053 1914; x_wconf 82' lang='lat' dir='ltr'>tempus,</span> <span class='ocrx_word' id='word_1_1042' title='bbox 2080 1886 2109 1906; x_wconf 82' lang='lat' dir='ltr'>vt</span> <span class='ocrx_word' id='word_1_1043' title='bbox 2139 1880 2357 1907; x_wconf 85' lang='lat' dir='ltr'>decemuiraliter</span> <span class='ocrx_word' id='word_1_1044' title='bbox 2385 1879 2424 1906; x_wconf 90' lang='lat' dir='ltr'>lo-</span> 
     </span>
     <span class='ocr_line' id='line_1_68' title="bbox 224 1912 2413 1950; baseline 0 -10"><span class='ocrx_word' id='word_1_1045' title='bbox 224 1913 273 1940; x_wconf 88' lang='lat' dir='ltr'>dor</span> <span class='ocrx_word' id='word_1_1046' title='bbox 286 1919 310 1939; x_wconf 85' lang='lat' dir='ltr'>et</span> <span class='ocrx_word' id='word_1_1047' title='bbox 324 1912 455 1947; x_wconf 89' lang='lat' dir='ltr'>pudicitia</span> <span class='ocrx_word' id='word_1_1048' title='bbox 474 1915 568 1949; x_wconf 88' lang='lat' dir='ltr'>procul</span> <span class='ocrx_word' id='word_1_1049' title='bbox 582 1914 646 1947; x_wconf 87' lang='lat' dir='ltr'>sint,</span> <span class='ocrx_word' id='word_1_1050' title='bbox 666 1915 751 1949; x_wconf 83' lang='lat' dir='ltr'>inquit</span> <span class='ocrx_word' id='word_1_1051' title='bbox 769 1914 867 1942; x_wconf 81' lang='lat' dir='ltr'>Festus.</span> <span class='ocrx_word' id='word_1_1052' title='bbox 936 1915 1020 1941; x_wconf 88' lang='lat' dir='ltr'>Plaut.</span> <span class='ocrx_word' id='word_1_1053' title='bbox 1036 1915 1097 1942; x_wconf 92' lang='lat' dir='ltr'>Mil.</span> <span class='ocrx_word' id='word_1_1054' title='bbox 1111 1923 1134 1948; x_wconf 87' lang='lat'>2,</span> <span class='ocrx_word' id='word_1_1055' title='bbox 1147 1924 1171 1947; x_wconf 82' lang='grc'><strong>4,</strong></span> <span class='ocrx_word' id='word_1_1056' title='bbox 1187 1923 1205 1940; x_wconf 87' lang='grc' dir='ltr'>ιι</span> <span class='ocrx_word' id='word_1_1057' title='bbox 1234 1913 1291 1947; x_wconf 73' lang='lat' dir='ltr'>Qui</span> <span class='ocrx_word' id='word_1_1058' title='bbox 1354 1923 1421 1949; x_wconf 80' lang='lat' dir='ltr'>quar</span> <span class='ocrx_word' id='word_1_1059' title='bbox 1437 1914 1479 1940; x_wconf 60' lang='lat' dir='ltr'>lex:</span> <span class='ocrx_word' id='word_1_1060' title='bbox 1499 1913 1530 1939; x_wconf 81' lang='lat' dir='ltr'>de</span> <span class='ocrx_word' id='word_1_1061' title='bbox 1550 1913 1758 1948; x_wconf 82' lang='lat' dir='ltr'>praescriptione</span> <span class='ocrx_word' id='word_1_1062' title='bbox 1773 1914 1901 1941; x_wconf 86' lang='lat' dir='ltr'>tricennii</span> <span class='ocrx_word' id='word_1_1063' title='bbox 1915 1915 2003 1942; x_wconf 86' lang='lat' dir='ltr'>fuerat</span> <span class='ocrx_word' id='word_1_1064' title='bbox 2017 1916 2208 1950; x_wconf 86' lang='lat' dir='ltr'>proquiritata.</span> <span class='ocrx_word' id='word_1_1065' title='bbox 2246 1917 2340 1950; x_wconf 78' lang='lat' dir='ltr'>Nempe</span> <span class='ocrx_word' id='word_1_1066' title='bbox 2357 1916 2413 1948; x_wconf 80' lang='lat' dir='ltr'>Qii</span> 
     </span>
     <span class='ocr_line' id='line_1_69' title="bbox 224 1949 2481 1984; baseline 0.001 -9"><span class='ocrx_word' id='word_1_1067' title='bbox 224 1949 350 1984; x_wconf 85' lang='lat' dir='ltr'>propudii</span> <span class='ocrx_word' id='word_1_1068' title='bbox 366 1958 410 1976; x_wconf 89' lang='lat' dir='ltr'>me</span> <span class='ocrx_word' id='word_1_1069' title='bbox 423 1949 594 1977; x_wconf 80' lang='lat' dir='ltr'>innocentem</span> <span class='ocrx_word' id='word_1_1070' title='bbox 608 1951 675 1977; x_wconf 92' lang='lat' dir='ltr'>falso</span> <span class='ocrx_word' id='word_1_1071' title='bbox 689 1950 862 1978; x_wconf 87' lang='lat' dir='ltr'>insimulauit.</span> <span class='ocrx_word' id='word_1_1072' title='bbox 935 1951 1009 1978; x_wconf 90' lang='lat' dir='ltr'>Idem</span> <span class='ocrx_word' id='word_1_1073' title='bbox 1022 1951 1102 1978; x_wconf 87' lang='lat' dir='ltr'>Curc.</span> <span class='ocrx_word' id='word_1_1074' title='bbox 1116 1959 1136 1984; x_wconf 87' lang='lat'>1,</span> <span class='ocrx_word' id='word_1_1075' title='bbox 1149 1959 1172 1983; x_wconf 86' lang='lat'>3,</span> <span class='ocrx_word' id='word_1_1076' title='bbox 1186 1958 1214 1982; x_wconf 80' lang='lat'>34</span> <span class='ocrx_word' id='word_1_1077' title='bbox 1235 1951 1291 1976; x_wconf 88' lang='lat' dir='ltr'>Iam</span> <span class='ocrx_word' id='word_1_1078' title='bbox 1353 1950 1445 1983; x_wconf 80' lang='lat' dir='ltr'>ritate,</span> <span class='ocrx_word' id='word_1_1079' title='bbox 1462 1950 1545 1975; x_wconf 62' lang='lat' dir='ltr'>bidem</span> <span class='ocrx_word' id='word_1_1080' title='bbox 1565 1951 1655 1984; x_wconf 63' lang='lat' dir='ltr'>Populi</span> <span class='ocrx_word' id='word_1_1081' title='bbox 1669 1952 1736 1977; x_wconf 84' lang='lat' dir='ltr'>Rom.</span> <span class='ocrx_word' id='word_1_1082' title='bbox 1754 1951 1899 1984; x_wconf 70' lang='lat' dir='ltr'>implorare.</span> <span class='ocrx_word' id='word_1_1083' title='bbox 2442 1972 2444 1974; x_wconf 74' lang='grc'><strong>,</strong></span> <span class='ocrx_word' id='word_1_1084' title='bbox 2480 1975 2481 1978; x_wconf 74' lang='grc'>,</span> 
     </span>
     <span class='ocr_line' id='line_1_70' title="bbox 224 1985 2465 2025; baseline 0 -14"><span class='ocrx_word' id='word_1_1085' title='bbox 224 1985 286 2012; x_wconf 92' lang='lat' dir='ltr'>huic</span> <span class='ocrx_word' id='word_1_1086' title='bbox 298 1985 429 2025; x_wconf 55' lang='lat' dir='ltr'>voiuptati</span> <span class='ocrx_word' id='word_1_1087' title='bbox 444 1985 496 2013; x_wconf 90' lang='lat' dir='ltr'>hoc</span> <span class='ocrx_word' id='word_1_1088' title='bbox 514 1986 690 2014; x_wconf 81' lang='lat' dir='ltr'>adintientum</span> <span class='ocrx_word' id='word_1_1089' title='bbox 704 1986 799 2013; x_wconf 86' lang='lat' dir='ltr'>odium</span> <span class='ocrx_word' id='word_1_1090' title='bbox 813 1987 860 2016; x_wconf 82' lang='lat' dir='ltr'>est.</span> <span class='ocrx_word' id='word_1_1091' title='bbox 878 1993 929 2013; x_wconf 87' lang='lat' dir='ltr'>PA.</span> <span class='ocrx_word' id='word_1_1092' title='bbox 968 1987 1034 2022; x_wconf 87' lang='lat' dir='ltr'>quid</span> <span class='ocrx_word' id='word_1_1093' title='bbox 1051 1986 1089 2013; x_wconf 83' lang='lat' dir='ltr'>ais</span> <span class='ocrx_word' id='word_1_1094' title='bbox 1108 1985 1291 2022; x_wconf 69' lang='lat' dir='ltr'>propudium?</span> <span class='ocrx_word' id='word_1_1095' title='bbox 1389 1993 1431 2013; x_wconf 84' lang='lat' dir='ltr'>PR</span> <span class='ocrx_word' id='word_1_1096' title='bbox 1441 1988 1462 2013; x_wconf 82' lang='grc' dir='ltr'><strong><em>ὁ</em></strong></span> <span class='ocrx_word' id='word_1_1097' title='bbox 1472 1992 1490 2011; x_wconf 79' lang='lat' dir='ltr'>R</span> <span class='ocrx_word' id='word_1_1098' title='bbox 1500 1991 1523 2011; x_wconf 84' lang='lat' dir='ltr'>A</span> <span class='ocrx_word' id='word_1_1099' title='bbox 1533 2006 1542 2017; x_wconf 95' lang='lat'>,</span> <span class='ocrx_word' id='word_1_1100' title='bbox 1560 1994 1599 2011; x_wconf 85' lang='lat' dir='ltr'>ae.</span> <span class='ocrx_word' id='word_1_1101' title='bbox 1618 1986 1637 2011; x_wconf 94' lang='lat' dir='ltr'>f.</span> <span class='ocrx_word' id='word_1_1102' title='bbox 1675 1985 1794 2021; x_wconf 66' lang='grc' dir='ltr'>[πρῶςα]</span> <span class='ocrx_word' id='word_1_1103' title='bbox 1830 1987 1956 2012; x_wconf 71' lang='lat' dir='ltr'>Antei-ior</span> <span class='ocrx_word' id='word_1_1104' title='bbox 1968 1992 2029 2021; x_wconf 85' lang='lat' dir='ltr'>pars</span> <span class='ocrx_word' id='word_1_1105' title='bbox 2043 1987 2123 2013; x_wconf 78' lang='lat' dir='ltr'>nauis.</span> <span class='ocrx_word' id='word_1_1106' title='bbox 2160 1987 2222 2012; x_wconf 88' lang='lat' dir='ltr'>Liu.</span> <span class='ocrx_word' id='word_1_1107' title='bbox 2243 1993 2285 2018; x_wconf 80' lang='lat'>24,</span> <span class='ocrx_word' id='word_1_1108' title='bbox 2300 1993 2332 2016; x_wconf 86' lang='lat'>34</span> <span class='ocrx_word' id='word_1_1109' title='bbox 2352 1985 2423 2012; x_wconf 83' lang='lat' dir='ltr'>Tol.</span> <span class='ocrx_word' id='word_1_1110' title='bbox 2464 2014 2465 2018; x_wconf 44' lang='lat'>,</span> 
     </span>
     <span class='ocr_line' id='line_1_71' title="bbox 227 2019 2501 2058; baseline -0.001 -8"><span class='ocrx_word' id='word_1_1111' title='bbox 227 2022 310 2047; x_wconf 81' lang='lat' dir='ltr'>Vtitur</span> <span class='ocrx_word' id='word_1_1112' title='bbox 323 2022 398 2048; x_wconf 78' lang='lat' dir='ltr'>etiam</span> <span class='ocrx_word' id='word_1_1113' title='bbox 410 2028 457 2056; x_wconf 82' lang='lat' dir='ltr'>pro</span> <span class='ocrx_word' id='word_1_1114' title='bbox 470 2023 577 2049; x_wconf 82' lang='lat' dir='ltr'>conuicio</span> <span class='ocrx_word' id='word_1_1115' title='bbox 586 2023 680 2058; x_wconf 76' lang='lat' dir='ltr'>seruili</span> <span class='ocrx_word' id='word_1_1116' title='bbox 691 2023 718 2048; x_wconf 81' lang='lat' dir='ltr'>in</span> <span class='ocrx_word' id='word_1_1117' title='bbox 732 2023 884 2049; x_wconf 80' lang='lat' dir='ltr'>meretricem</span> <span class='ocrx_word' id='word_1_1118' title='bbox 904 2023 985 2050; x_wconf 87' lang='lat' dir='ltr'>Poen.</span> <span class='ocrx_word' id='word_1_1119' title='bbox 998 2033 1017 2057; x_wconf 87' lang='grc' dir='ltr'>ι,</span> <span class='ocrx_word' id='word_1_1120' title='bbox 1032 2031 1065 2056; x_wconf 84' lang='grc'>2,</span> <span class='ocrx_word' id='word_1_1121' title='bbox 1084 2025 1128 2050; x_wconf 88' lang='lat'>60.</span> <span class='ocrx_word' id='word_1_1122' title='bbox 1203 2024 1289 2057; x_wconf 75' lang='lat' dir='ltr'>Negat</span> <span class='ocrx_word' id='word_1_1123' title='bbox 1352 2023 1450 2049; x_wconf 79' lang='lat' dir='ltr'>lenone</span> <span class='ocrx_word' id='word_1_1124' title='bbox 1464 2022 1541 2055; x_wconf 85' lang='lat' dir='ltr'>super</span> <span class='ocrx_word' id='word_1_1125' title='bbox 1554 2030 1662 2047; x_wconf 89' lang='lat' dir='ltr'>murum</span> <span class='ocrx_word' id='word_1_1126' title='bbox 1676 2022 1812 2057; x_wconf 74' lang='lat' dir='ltr'>eminente</span> <span class='ocrx_word' id='word_1_1127' title='bbox 1837 2022 1923 2047; x_wconf 86' lang='lat' dir='ltr'>ferrea</span> <span class='ocrx_word' id='word_1_1128' title='bbox 1943 2030 2037 2048; x_wconf 83' lang='lat' dir='ltr'>manus</span> <span class='ocrx_word' id='word_1_1129' title='bbox 2059 2021 2152 2047; x_wconf 81' lang='lat' dir='ltr'>firmae</span> <span class='ocrx_word' id='word_1_1130' title='bbox 2178 2026 2285 2046; x_wconf 82' lang='lat' dir='ltr'>catenae</span> <span class='ocrx_word' id='word_1_1131' title='bbox 2312 2019 2421 2055; x_wconf 79' lang='lat' dir='ltr'>illigata,</span> <span class='ocrx_word' id='word_1_1132' title='bbox 2500 2019 2501 2027; x_wconf 65' lang='lat'>¹</span> 
     </span>
     <span class='ocr_line' id='line_1_72' title="bbox 223 2055 2479 2094; baseline 0 -12"><span class='ocrx_word' id='word_1_1133' title='bbox 223 2057 334 2092; x_wconf 81' lang='lat' dir='ltr'>Scaliger</span> <span class='ocrx_word' id='word_1_1134' title='bbox 347 2059 383 2084; x_wconf 84' lang='lat' dir='ltr'>ad</span> <span class='ocrx_word' id='word_1_1135' title='bbox 393 2057 503 2093; x_wconf 73' lang='lat' dir='ltr'>Festum,</span> <span class='ocrx_word' id='word_1_1136' title='bbox 522 2059 623 2085; x_wconf 73' lang='lat' dir='ltr'>dubium</span> <span class='ocrx_word' id='word_1_1137' title='bbox 640 2058 701 2094; x_wconf 74' lang='lat' dir='ltr'>ff,</span> <span class='ocrx_word' id='word_1_1138' title='bbox 731 2068 796 2093; x_wconf 81' lang='lat' dir='ltr'>quae</span> <span class='ocrx_word' id='word_1_1139' title='bbox 818 2060 922 2085; x_wconf 76' lang='lat' dir='ltr'>Graecis</span> <span class='ocrx_word' id='word_1_1140' title='bbox 945 2061 1110 2093; x_wconf 68' lang='grc' dir='ltr'><strong>καθάρματα,</strong></span> <span class='ocrx_word' id='word_1_1141' title='bbox 1137 2068 1165 2084; x_wconf 82' lang='lat' dir='ltr'>ea</span> <span class='ocrx_word' id='word_1_1142' title='bbox 1191 2058 1290 2085; x_wconf 82' lang='lat' dir='ltr'>Latinis</span> <span class='ocrx_word' id='word_1_1143' title='bbox 1303 2064 1335 2092; x_wconf 76' lang='lat'>50</span> <span class='ocrx_word' id='word_1_1144' title='bbox 1351 2067 1436 2093; x_wconf 86' lang='lat' dir='ltr'>quum</span> <span class='ocrx_word' id='word_1_1145' title='bbox 1448 2055 1549 2083; x_wconf 68' lang='lat' dir='ltr'>inic&amp;a</span> <span class='ocrx_word' id='word_1_1146' title='bbox 1564 2064 1660 2090; x_wconf 87' lang='lat' dir='ltr'>prorae</span> <span class='ocrx_word' id='word_1_1147' title='bbox 1674 2057 1753 2089; x_wconf 72' lang='lat' dir='ltr'>ess&#39;et,</span> <span class='ocrx_word' id='word_1_1148' title='bbox 1772 2057 1850 2090; x_wconf 83' lang='lat' dir='ltr'>graui</span> <span class='ocrx_word' id='word_1_1149' title='bbox 1865 2057 2028 2083; x_wconf 88' lang='lat' dir='ltr'>libramento</span> <span class='ocrx_word' id='word_1_1150' title='bbox 2042 2055 2144 2090; x_wconf 88' lang='lat' dir='ltr'>plumbi</span> <span class='ocrx_word' id='word_1_1151' title='bbox 2164 2055 2307 2083; x_wconf 89' lang='lat' dir='ltr'>recellente</span> <span class='ocrx_word' id='word_1_1152' title='bbox 2332 2056 2365 2083; x_wconf 83' lang='lat' dir='ltr'>ad</span> <span class='ocrx_word' id='word_1_1153' title='bbox 2383 2055 2422 2083; x_wconf 85' lang='lat' dir='ltr'>so·</span> <span class='ocrx_word' id='word_1_1154' title='bbox 2452 2076 2454 2081; x_wconf 92' lang='lat'>.</span> <span class='ocrx_word' id='word_1_1155' title='bbox 2478 2083 2479 2087; x_wconf 66' lang='grc'><strong>,</strong></span> 
     </span>
     <span class='ocr_line' id='line_1_73' title="bbox 223 2091 2451 2132; baseline 0 -13"><span class='ocrx_word' id='word_1_1156' title='bbox 223 2092 354 2127; x_wconf 89' lang='lat' dir='ltr'>Propudia</span> <span class='ocrx_word' id='word_1_1157' title='bbox 367 2094 441 2121; x_wconf 60' lang='lat' dir='ltr'>dina.</span> <span class='ocrx_word' id='word_1_1158' title='bbox 553 2096 585 2121; x_wconf 85' lang='lat' dir='ltr'>Et</span> <span class='ocrx_word' id='word_1_1159' title='bbox 604 2096 663 2121; x_wconf 84' lang='lat' dir='ltr'>inde</span> <span class='ocrx_word' id='word_1_1160' title='bbox 681 2096 774 2121; x_wconf 71' lang='lat' dir='ltr'>demum</span> <span class='ocrx_word' id='word_1_1161' title='bbox 784 2101 860 2129; x_wconf 81' lang='lat' dir='ltr'>putat</span> <span class='ocrx_word' id='word_1_1162' title='bbox 872 2094 1021 2129; x_wconf 80' lang='lat' dir='ltr'>sceleratos,</span> <span class='ocrx_word' id='word_1_1163' title='bbox 1041 2102 1071 2121; x_wconf 82' lang='lat' dir='ltr'>vt</span> <span class='ocrx_word' id='word_1_1164' title='bbox 1089 2096 1237 2128; x_wconf 59' lang='grc' dir='ltr'><em>καθάρματα</em></span> <span class='ocrx_word' id='word_1_1165' title='bbox 1251 2093 1292 2127; x_wconf 79' lang='lat' dir='ltr'>fic</span> <span class='ocrx_word' id='word_1_1166' title='bbox 1352 2094 1423 2120; x_wconf 85' lang='lat' dir='ltr'>lum:</span> <span class='ocrx_word' id='word_1_1167' title='bbox 1459 2093 1580 2127; x_wconf 86' lang='lat' dir='ltr'>suspensa</span> <span class='ocrx_word' id='word_1_1168' title='bbox 1594 2101 1693 2126; x_wconf 86' lang='lat' dir='ltr'>prora,</span> <span class='ocrx_word' id='word_1_1169' title='bbox 1733 2092 1826 2118; x_wconf 88' lang='lat' dir='ltr'>nauim</span> <span class='ocrx_word' id='word_1_1170' title='bbox 1845 2091 1873 2118; x_wconf 90' lang='lat' dir='ltr'>in</span> <span class='ocrx_word' id='word_1_1171' title='bbox 1895 2092 2006 2132; x_wconf 81' lang='lat' dir='ltr'>puppim</span> <span class='ocrx_word' id='word_1_1172' title='bbox 2026 2091 2163 2118; x_wconf 80' lang='lat' dir='ltr'>statuebat.</span> <span class='ocrx_word' id='word_1_1173' title='bbox 2201 2094 2231 2118; x_wconf 83' lang='lat' dir='ltr'>de</span> <span class='ocrx_word' id='word_1_1174' title='bbox 2262 2092 2421 2119; x_wconf 80' lang='lat' dir='ltr'>Archimedis</span> <span class='ocrx_word' id='word_1_1175' title='bbox 2450 2091 2451 2094; x_wconf 71' lang='grc'>’</span> 
     </span>
    </p>
   </div>
   <div class='ocr_carea' id='block_1_7' title="bbox 221 2127 2484 2310">
    <p class='ocr_par' dir='ltr' id='par_1_11' title="bbox 221 2127 2484 2274">
     <span class='ocr_line' id='line_1_74' title="bbox 224 2127 2464 2165; baseline 0 -9"><span class='ocrx_word' id='word_1_1176' title='bbox 224 2128 356 2164; x_wconf 80' lang='lat' dir='ltr'>Propudia</span> <span class='ocrx_word' id='word_1_1177' title='bbox 372 2129 418 2164; x_wconf 78' lang='lat' dir='ltr'>effi</span> <span class='ocrx_word' id='word_1_1178' title='bbox 429 2129 569 2165; x_wconf 76' lang='lat' dir='ltr'>appellatos.</span> <span class='ocrx_word' id='word_1_1179' title='bbox 610 2131 667 2158; x_wconf 74' lang='lat' dir='ltr'>Vid.</span> <span class='ocrx_word' id='word_1_1180' title='bbox 687 2140 745 2156; x_wconf 87' lang='lat' dir='ltr'>mox</span> <span class='ocrx_word' id='word_1_1181' title='bbox 764 2136 1026 2158; x_wconf 70' lang='lat' dir='ltr'>PROPVDIANVS.</span> <span class='ocrx_word' id='word_1_1182' title='bbox 1105 2133 1145 2156; x_wconf 84' lang='lat' dir='ltr'>Ac</span> <span class='ocrx_word' id='word_1_1183' title='bbox 1161 2130 1224 2165; x_wconf 84' lang='lat' dir='ltr'>sane</span> <span class='ocrx_word' id='word_1_1184' title='bbox 1242 2138 1290 2155; x_wconf 80' lang='lat' dir='ltr'>non</span> <span class='ocrx_word' id='word_1_1185' title='bbox 1350 2130 1484 2157; x_wconf 81' lang='lat' dir='ltr'>Machina.</span> <span class='ocrx_word' id='word_1_1186' title='bbox 1555 2130 1587 2156; x_wconf 92' lang='lat' dir='ltr'>In</span> <span class='ocrx_word' id='word_1_1187' title='bbox 1601 2128 1730 2163; x_wconf 83' lang='lat' dir='ltr'>nauigio,</span> <span class='ocrx_word' id='word_1_1188' title='bbox 1750 2128 1850 2159; x_wconf 88' lang='lat' dir='ltr'>latera,</span> <span class='ocrx_word' id='word_1_1189' title='bbox 1871 2137 1992 2161; x_wconf 84' lang='lat' dir='ltr'>carinae,</span> <span class='ocrx_word' id='word_1_1190' title='bbox 2011 2137 2101 2163; x_wconf 89' lang='lat' dir='ltr'>prora,</span> <span class='ocrx_word' id='word_1_1191' title='bbox 2123 2128 2217 2162; x_wconf 85' lang='lat' dir='ltr'>puppis</span> <span class='ocrx_word' id='word_1_1192' title='bbox 2238 2128 2294 2155; x_wconf 90' lang='lat' dir='ltr'>Cic.</span> <span class='ocrx_word' id='word_1_1193' title='bbox 2302 2127 2334 2155; x_wconf 87' lang='lat' dir='ltr'>de</span> <span class='ocrx_word' id='word_1_1194' title='bbox 2342 2129 2418 2157; x_wconf 82' lang='lat' dir='ltr'>Orat.</span> <span class='ocrx_word' id='word_1_1195' title='bbox 2461 2131 2464 2139; x_wconf 93' lang='lat'>&#39;</span> 
     </span>
     <span class='ocr_line' id='line_1_75' title="bbox 222 2163 2419 2201; baseline 0.001 -10"><span class='ocrx_word' id='word_1_1196' title='bbox 222 2166 252 2191; x_wconf 82' lang='lat' dir='ltr'>de</span> <span class='ocrx_word' id='word_1_1197' title='bbox 283 2165 382 2200; x_wconf 78' lang='lat' dir='ltr'>obscena</span> <span class='ocrx_word' id='word_1_1198' title='bbox 413 2166 572 2200; x_wconf 81' lang='lat' dir='ltr'>turpitudine</span> <span class='ocrx_word' id='word_1_1199' title='bbox 605 2167 734 2201; x_wconf 78' lang='lat' dir='ltr'>loquitur,</span> <span class='ocrx_word' id='word_1_1200' title='bbox 759 2166 808 2201; x_wconf 75' lang='lat' dir='ltr'>sed</span> <span class='ocrx_word' id='word_1_1201' title='bbox 820 2168 852 2192; x_wconf 81' lang='lat' dir='ltr'>cle</span> <span class='ocrx_word' id='word_1_1202' title='bbox 865 2165 1013 2201; x_wconf 74' lang='lat' dir='ltr'>exsecrabili</span> <span class='ocrx_word' id='word_1_1203' title='bbox 1037 2174 1062 2193; x_wconf 81' lang='lat' dir='ltr'>et</span> <span class='ocrx_word' id='word_1_1204' title='bbox 1085 2165 1216 2201; x_wconf 72' lang='lat' dir='ltr'>monstrosa</span> <span class='ocrx_word' id='word_1_1205' title='bbox 1235 2175 1289 2191; x_wconf 82' lang='lat' dir='ltr'>cru·</span> <span class='ocrx_word' id='word_1_1206' title='bbox 1349 2176 1371 2200; x_wconf 79' lang='lat'>3,</span> <span class='ocrx_word' id='word_1_1207' title='bbox 1387 2172 1431 2201; x_wconf 77' lang='lat'>178</span> <span class='ocrx_word' id='word_1_1208' title='bbox 1450 2174 1472 2192; x_wconf 80' lang='lat' dir='ltr'>e.</span> <span class='ocrx_word' id='word_1_1209' title='bbox 1486 2165 1527 2197; x_wconf 81' lang='lat'>46.</span> <span class='ocrx_word' id='word_1_1210' title='bbox 1598 2165 1694 2191; x_wconf 81' lang='lat' dir='ltr'>Aerata</span> <span class='ocrx_word' id='word_1_1211' title='bbox 1708 2173 1788 2200; x_wconf 71' lang='lat' dir='ltr'>prora</span> <span class='ocrx_word' id='word_1_1212' title='bbox 1808 2164 1869 2191; x_wconf 77' lang='lat' dir='ltr'>Stat.</span> <span class='ocrx_word' id='word_1_1213' title='bbox 1882 2163 1975 2191; x_wconf 82' lang='lat' dir='ltr'>Theb.</span> <span class='ocrx_word' id='word_1_1214' title='bbox 1989 2173 2011 2197; x_wconf 86' lang='lat'>5,</span> <span class='ocrx_word' id='word_1_1215' title='bbox 2025 2171 2076 2197; x_wconf 75' lang='lat'>333.</span> <span class='ocrx_word' id='word_1_1216' title='bbox 2119 2164 2240 2191; x_wconf 79' lang='lat' dir='ltr'>Rostrata</span> <span class='ocrx_word' id='word_1_1217' title='bbox 2260 2164 2328 2191; x_wconf 87' lang='lat' dir='ltr'>Plin.</span> <span class='ocrx_word' id='word_1_1218' title='bbox 2339 2173 2366 2199; x_wconf 87' lang='lat'>9,</span> <span class='ocrx_word' id='word_1_1219' title='bbox 2379 2174 2419 2197; x_wconf 82' lang='lat'>30.</span> 
     </span>
     <span class='ocr_line' id='line_1_76' title="bbox 222 2200 2484 2238; baseline 0 -12"><span class='ocrx_word' id='word_1_1220' title='bbox 222 2201 325 2227; x_wconf 78' lang='lat' dir='ltr'>delitate</span> <span class='ocrx_word' id='word_1_1221' title='bbox 341 2200 398 2228; x_wconf 87' lang='lat' dir='ltr'>Cic.</span> <span class='ocrx_word' id='word_1_1222' title='bbox 409 2201 479 2229; x_wconf 89' lang='lat' dir='ltr'>Phil.</span> <span class='ocrx_word' id='word_1_1223' title='bbox 495 2211 557 2236; x_wconf 73' lang='lat'><strong>¹⁴29</strong></span> <span class='ocrx_word' id='word_1_1224' title='bbox 577 2211 598 2229; x_wconf 88' lang='lat' dir='ltr'>c.</span> <span class='ocrx_word' id='word_1_1225' title='bbox 614 2208 625 2234; x_wconf 81' lang='grc'><strong>3</strong></span> <span class='ocrx_word' id='word_1_1226' title='bbox 644 2203 721 2236; x_wconf 80' lang='lat' dir='ltr'>Qios</span> <span class='ocrx_word' id='word_1_1227' title='bbox 758 2217 805 2223; x_wconf 88' lang='lat'>——</span> <span class='ocrx_word' id='word_1_1228' title='bbox 842 2202 1027 2229; x_wconf 78' lang='lat' dir='ltr'>crudelissimis</span> <span class='ocrx_word' id='word_1_1229' title='bbox 1042 2203 1171 2237; x_wconf 83' lang='lat' dir='ltr'>exemplis</span> <span class='ocrx_word' id='word_1_1230' title='bbox 1189 2201 1289 2228; x_wconf 85' lang='lat' dir='ltr'>intere·</span> <span class='ocrx_word' id='word_1_1231' title='bbox 1351 2203 1501 2230; x_wconf 85' lang='lat' dir='ltr'>Aduertere</span> <span class='ocrx_word' id='word_1_1232' title='bbox 1516 2200 1597 2228; x_wconf 88' lang='lat' dir='ltr'>terris</span> <span class='ocrx_word' id='word_1_1233' title='bbox 1612 2209 1723 2235; x_wconf 88' lang='lat' dir='ltr'>proram</span> <span class='ocrx_word' id='word_1_1234' title='bbox 1737 2200 1815 2235; x_wconf 81' lang='lat' dir='ltr'>Virg.</span> <span class='ocrx_word' id='word_1_1235' title='bbox 1832 2201 1931 2234; x_wconf 86' lang='lat' dir='ltr'>Georg.</span> <span class='ocrx_word' id='word_1_1236' title='bbox 1944 2211 1968 2233; x_wconf 82' lang='grc'><strong>4,</strong></span> <span class='ocrx_word' id='word_1_1237' title='bbox 1982 2208 2028 2233; x_wconf 83' lang='grc' dir='ltr'>ιι7.</span> <span class='ocrx_word' id='word_1_1238' title='bbox 2065 2200 2139 2227; x_wconf 89' lang='lat' dir='ltr'>Idem</span> <span class='ocrx_word' id='word_1_1239' title='bbox 2159 2201 2224 2228; x_wconf 88' lang='lat' dir='ltr'>Aen.</span> <span class='ocrx_word' id='word_1_1240' title='bbox 2241 2208 2268 2235; x_wconf 83' lang='lat'>7,</span> <span class='ocrx_word' id='word_1_1241' title='bbox 2281 2209 2315 2232; x_wconf 86' lang='lat'>35.</span> <span class='ocrx_word' id='word_1_1242' title='bbox 2353 2200 2419 2229; x_wconf 78' lang='lat' dir='ltr'>Asti-</span> <span class='ocrx_word' id='word_1_1243' title='bbox 2478 2230 2484 2238; x_wconf 88' lang='lat'>.</span> 
     </span>
     <span class='ocr_line' id='line_1_77' title="bbox 221 2236 2441 2274; baseline 0 -10"><span class='ocrx_word' id='word_1_1244' title='bbox 221 2236 270 2264; x_wconf 89' lang='lat' dir='ltr'>mit</span> <span class='ocrx_word' id='word_1_1245' title='bbox 283 2237 447 2272; x_wconf 80' lang='lat' dir='ltr'>propudium</span> <span class='ocrx_word' id='word_1_1246' title='bbox 466 2237 521 2272; x_wconf 81' lang='lat' dir='ltr'>(stc</span> <span class='ocrx_word' id='word_1_1247' title='bbox 533 2238 649 2264; x_wconf 82' lang='lat' dir='ltr'>certatim</span> <span class='ocrx_word' id='word_1_1248' title='bbox 662 2238 717 2263; x_wconf 81' lang='grc' dir='ltr'>υἱνί</span> <span class='ocrx_word' id='word_1_1249' title='bbox 730 2239 796 2264; x_wconf 68' lang='grc' dir='ltr'>ᾱοόῑὶ</span> <span class='ocrx_word' id='word_1_1250' title='bbox 805 2245 852 2274; x_wconf 88' lang='lat' dir='ltr'>pro</span> <span class='ocrx_word' id='word_1_1251' title='bbox 864 2238 1037 2272; x_wconf 88' lang='lat' dir='ltr'>proludium)</span> <span class='ocrx_word' id='word_1_1252' title='bbox 1058 2239 1126 2265; x_wconf 84' lang='lat' dir='ltr'>illud</span> <span class='ocrx_word' id='word_1_1253' title='bbox 1141 2243 1167 2264; x_wconf 91' lang='lat' dir='ltr'>et</span> <span class='ocrx_word' id='word_1_1254' title='bbox 1181 2244 1289 2272; x_wconf 89' lang='lat' dir='ltr'>porten-</span> <span class='ocrx_word' id='word_1_1255' title='bbox 1306 2244 1335 2272; x_wconf 77' lang='lat'>55</span> <span class='ocrx_word' id='word_1_1256' title='bbox 1352 2239 1386 2266; x_wconf 87' lang='lat' dir='ltr'>tit</span> <span class='ocrx_word' id='word_1_1257' title='bbox 1405 2246 1501 2273; x_wconf 88' lang='lat' dir='ltr'>prorae</span> <span class='ocrx_word' id='word_1_1258' title='bbox 1520 2237 1603 2264; x_wconf 87' lang='lat' dir='ltr'>Plaut.</span> <span class='ocrx_word' id='word_1_1259' title='bbox 1616 2237 1701 2264; x_wconf 86' lang='lat' dir='ltr'>Merc.</span> <span class='ocrx_word' id='word_1_1260' title='bbox 1716 2246 1735 2268; x_wconf 89' lang='grc' dir='ltr'>ι,</span> <span class='ocrx_word' id='word_1_1261' title='bbox 1749 2245 1773 2267; x_wconf 88' lang='grc'>2,</span> <span class='ocrx_word' id='word_1_1262' title='bbox 1790 2246 1827 2269; x_wconf 84' lang='lat'>75.</span> <span class='ocrx_word' id='word_1_1263' title='bbox 1900 2236 2007 2262; x_wconf 86' lang='lat' dir='ltr'>Auertit</span> <span class='ocrx_word' id='word_1_1264' title='bbox 2030 2245 2111 2270; x_wconf 89' lang='lat' dir='ltr'>prora</span> <span class='ocrx_word' id='word_1_1265' title='bbox 2134 2236 2212 2271; x_wconf 87' lang='lat' dir='ltr'>Virg.</span> <span class='ocrx_word' id='word_1_1266' title='bbox 2232 2237 2300 2263; x_wconf 87' lang='lat' dir='ltr'>Aen.</span> <span class='ocrx_word' id='word_1_1267' title='bbox 2320 2246 2346 2273; x_wconf 85' lang='lat'>1,</span> <span class='ocrx_word' id='word_1_1268' title='bbox 2367 2243 2419 2268; x_wconf 84' lang='lat'>108-</span> <span class='ocrx_word' id='word_1_1269' title='bbox 2435 2251 2441 2258; x_wconf 95' lang='lat'>·-</span> 
     </span>
    </p>

    <p class='ocr_par' dir='ltr' id='par_1_12' title="bbox 223 2271 2476 2310">
     <span class='ocr_line' id='line_1_78' title="bbox 223 2271 2476 2310; baseline 0 -11"><span class='ocrx_word' id='word_1_1270' title='bbox 223 2279 277 2300; x_wconf 89' lang='lat' dir='ltr'>tum</span> <span class='ocrx_word' id='word_1_1271' title='bbox 289 2273 319 2300; x_wconf 87' lang='lat' dir='ltr'>L.</span> <span class='ocrx_word' id='word_1_1272' title='bbox 334 2273 483 2307; x_wconf 80' lang='lat' dir='ltr'>Antonius,</span> <span class='ocrx_word' id='word_1_1273' title='bbox 503 2274 603 2310; x_wconf 84' lang='lat' dir='ltr'>insigne</span> <span class='ocrx_word' id='word_1_1274' title='bbox 618 2273 712 2300; x_wconf 89' lang='lat' dir='ltr'>odium</span> <span class='ocrx_word' id='word_1_1275' title='bbox 726 2274 852 2301; x_wconf 90' lang='lat' dir='ltr'>omnium</span> <span class='ocrx_word' id='word_1_1276' title='bbox 866 2274 1025 2308; x_wconf 88' lang='lat' dir='ltr'>hominum,</span> <span class='ocrx_word' id='word_1_1277' title='bbox 1046 2275 1090 2301; x_wconf 88' lang='lat' dir='ltr'>vel</span> <span class='ocrx_word' id='word_1_1278' title='bbox 1110 2274 1128 2301; x_wconf 89' lang='lat' dir='ltr'>si</span> <span class='ocrx_word' id='word_1_1279' title='bbox 1149 2274 1231 2300; x_wconf 88' lang='lat' dir='ltr'>etiam</span> <span class='ocrx_word' id='word_1_1280' title='bbox 1252 2273 1291 2299; x_wconf 82' lang='lat' dir='ltr'>clii</span> <span class='ocrx_word' id='word_1_1281' title='bbox 1352 2273 1490 2302; x_wconf 84' lang='lat' dir='ltr'>Contorfit</span> <span class='ocrx_word' id='word_1_1282' title='bbox 1503 2273 1589 2299; x_wconf 88' lang='lat' dir='ltr'>laeuas</span> <span class='ocrx_word' id='word_1_1283' title='bbox 1603 2281 1713 2307; x_wconf 85' lang='lat' dir='ltr'>proram</span> <span class='ocrx_word' id='word_1_1284' title='bbox 1725 2272 1866 2299; x_wconf 85' lang='lat' dir='ltr'>Palinurus</span> <span class='ocrx_word' id='word_1_1285' title='bbox 1879 2272 1912 2298; x_wconf 86' lang='lat' dir='ltr'>ad</span> <span class='ocrx_word' id='word_1_1286' title='bbox 1924 2271 2007 2298; x_wconf 89' lang='lat' dir='ltr'>vndas</span> <span class='ocrx_word' id='word_1_1287' title='bbox 2021 2271 2095 2298; x_wconf 89' lang='lat' dir='ltr'>Idem</span> <span class='ocrx_word' id='word_1_1288' title='bbox 2115 2271 2183 2299; x_wconf 90' lang='lat' dir='ltr'>ibid.</span> <span class='ocrx_word' id='word_1_1289' title='bbox 2203 2281 2224 2305; x_wconf 85' lang='grc'>3,</span> <span class='ocrx_word' id='word_1_1290' title='bbox 2240 2275 2294 2302; x_wconf 82' lang='lat'>562.</span> <span class='ocrx_word' id='word_1_1291' title='bbox 2368 2274 2419 2300; x_wconf 89' lang='lat' dir='ltr'>De·</span> <span class='ocrx_word' id='word_1_1292' title='bbox 2433 2291 2435 2293; x_wconf 86' lang='lat'>·</span> <span class='ocrx_word' id='word_1_1293' title='bbox 2473 2287 2476 2293; x_wconf 60' lang='lat' dir='ltr'>v</span> 
     </span>
    </p>
   </div>
   <div class='ocr_carea' id='block_1_8' title="bbox 219 2307 2491 2563">
    <p class='ocr_par' dir='ltr' id='par_1_13' title="bbox 219 2307 2431 2453">
     <span class='ocr_line' id='line_1_79' title="bbox 223 2307 2418 2346; baseline 0 -11"><span class='ocrx_word' id='word_1_1294' title='bbox 223 2308 328 2336; x_wconf 88' lang='lat' dir='ltr'>oderint</span> <span class='ocrx_word' id='word_1_1295' title='bbox 341 2318 408 2345; x_wconf 90' lang='lat' dir='ltr'>quos</span> <span class='ocrx_word' id='word_1_1296' title='bbox 423 2315 547 2345; x_wconf 84' lang='lat' dir='ltr'>oportet,</span> <span class='ocrx_word' id='word_1_1297' title='bbox 565 2310 690 2337; x_wconf 86' lang='lat' dir='ltr'>omnium</span> <span class='ocrx_word' id='word_1_1298' title='bbox 703 2309 826 2337; x_wconf 89' lang='lat' dir='ltr'>deorum.</span> <span class='ocrx_word' id='word_1_1299' title='bbox 914 2312 964 2337; x_wconf 85' lang='lat' dir='ltr'>Sed</span> <span class='ocrx_word' id='word_1_1300' title='bbox 985 2318 1033 2346; x_wconf 80' lang='lat' dir='ltr'>pro</span> <span class='ocrx_word' id='word_1_1301' title='bbox 1056 2312 1170 2346; x_wconf 81' lang='lat' dir='ltr'>pudendo</span> <span class='ocrx_word' id='word_1_1302' title='bbox 1186 2310 1291 2345; x_wconf 80' lang='lat' dir='ltr'>pruritu</span> <span class='ocrx_word' id='word_1_1303' title='bbox 1352 2317 1460 2346; x_wconf 84' lang='lat' dir='ltr'>torquet</span> <span class='ocrx_word' id='word_1_1304' title='bbox 1475 2317 1585 2345; x_wconf 88' lang='lat' dir='ltr'>proram</span> <span class='ocrx_word' id='word_1_1305' title='bbox 1597 2309 1629 2336; x_wconf 85' lang='lat' dir='ltr'>ad</span> <span class='ocrx_word' id='word_1_1306' title='bbox 1642 2309 1725 2336; x_wconf 88' lang='lat' dir='ltr'>vndas</span> <span class='ocrx_word' id='word_1_1307' title='bbox 1744 2308 1819 2336; x_wconf 90' lang='lat' dir='ltr'>Idem</span> <span class='ocrx_word' id='word_1_1308' title='bbox 1832 2307 1899 2334; x_wconf 85' lang='lat' dir='ltr'>ibid.</span> <span class='ocrx_word' id='word_1_1309' title='bbox 1911 2317 1934 2341; x_wconf 84' lang='lat'>5,</span> <span class='ocrx_word' id='word_1_1310' title='bbox 1951 2310 2001 2340; x_wconf 77' lang='lat'>165.</span> <span class='ocrx_word' id='word_1_1311' title='bbox 2073 2307 2148 2335; x_wconf 86' lang='lat' dir='ltr'>Caes.</span> <span class='ocrx_word' id='word_1_1312' title='bbox 2174 2308 2204 2335; x_wconf 87' lang='lat' dir='ltr'>B.</span> <span class='ocrx_word' id='word_1_1313' title='bbox 2221 2308 2253 2335; x_wconf 91' lang='lat' dir='ltr'>G.</span> <span class='ocrx_word' id='word_1_1314' title='bbox 2275 2318 2297 2342; x_wconf 84' lang='lat'>3,</span> <span class='ocrx_word' id='word_1_1315' title='bbox 2312 2318 2335 2342; x_wconf 90' lang='grc' dir='ltr'>ι3</span> <span class='ocrx_word' id='word_1_1316' title='bbox 2357 2310 2418 2336; x_wconf 88' lang='lat' dir='ltr'>Pro-</span> 
     </span>
     <span class='ocr_line' id='line_1_80' title="bbox 219 2334 2431 2383; baseline 0 -12"><span class='ocrx_word' id='word_1_1317' title='bbox 219 2345 313 2380; x_wconf 79' lang='lat' dir='ltr'>posuit,</span> <span class='ocrx_word' id='word_1_1318' title='bbox 333 2347 363 2372; x_wconf 82' lang='lat' dir='ltr'>de</span> <span class='ocrx_word' id='word_1_1319' title='bbox 377 2347 458 2380; x_wconf 79' lang='lat' dir='ltr'>Lynce</span> <span class='ocrx_word' id='word_1_1320' title='bbox 483 2346 591 2372; x_wconf 82' lang='lat' dir='ltr'>animali</span> <span class='ocrx_word' id='word_1_1321' title='bbox 614 2356 690 2382; x_wconf 78' lang='lat' dir='ltr'>agens</span> <span class='ocrx_word' id='word_1_1322' title='bbox 704 2367 712 2379; x_wconf 88' lang='lat'>‚</span> <span class='ocrx_word' id='word_1_1323' title='bbox 750 2346 819 2373; x_wconf 88' lang='lat' dir='ltr'>Plin.</span> <span class='ocrx_word' id='word_1_1324' title='bbox 840 2353 886 2380; x_wconf 76' lang='lat'>28,</span> <span class='ocrx_word' id='word_1_1325' title='bbox 906 2353 920 2377; x_wconf 86' lang='lat'>8</span> <span class='ocrx_word' id='word_1_1326' title='bbox 940 2347 957 2373; x_wconf 87' lang='lat' dir='ltr'>s.</span> <span class='ocrx_word' id='word_1_1327' title='bbox 970 2352 1004 2379; x_wconf 89' lang='grc'><strong>’32</strong></span> <span class='ocrx_word' id='word_1_1328' title='bbox 1030 2347 1090 2373; x_wconf 91' lang='lat' dir='ltr'>Hoc</span> <span class='ocrx_word' id='word_1_1329' title='bbox 1109 2346 1200 2372; x_wconf 89' lang='lat' dir='ltr'>cinere</span> <span class='ocrx_word' id='word_1_1330' title='bbox 1224 2351 1291 2380; x_wconf 83' lang='lat' dir='ltr'>poto</span> <span class='ocrx_word' id='word_1_1331' title='bbox 1351 2357 1397 2375; x_wconf 84' lang='lat' dir='ltr'>rae</span> <span class='ocrx_word' id='word_1_1332' title='bbox 1410 2342 1556 2374; x_wconf 84' lang='lat' dir='ltr'>admodum</span> <span class='ocrx_word' id='word_1_1333' title='bbox 1577 2344 1695 2373; x_wconf 70' lang='lat' dir='ltr'>EretStae.</span> <span class='ocrx_word' id='word_1_1334' title='bbox 1775 2344 1928 2378; x_wconf 88' lang='lat' dir='ltr'>Obtorquet</span> <span class='ocrx_word' id='word_1_1335' title='bbox 1951 2352 2060 2383; x_wconf 71' lang='lat' dir='ltr'>proram</span> <span class='ocrx_word' id='word_1_1336' title='bbox 2081 2343 2109 2369; x_wconf 92' lang='lat' dir='ltr'>in</span> <span class='ocrx_word' id='word_1_1337' title='bbox 2129 2344 2211 2370; x_wconf 83' lang='lat' dir='ltr'>vndas</span> <span class='ocrx_word' id='word_1_1338' title='bbox 2231 2344 2335 2372; x_wconf 82' lang='lat' dir='ltr'>dextras</span> <span class='ocrx_word' id='word_1_1339' title='bbox 2357 2334 2431 2381; x_wconf 54' lang='grc' dir='ltr'>Ξωε,δ</span> 
     </span>
     <span class='ocr_line' id='line_1_81' title="bbox 222 2380 2419 2418; baseline 0 -11"><span class='ocrx_word' id='word_1_1340' title='bbox 222 2381 350 2416; x_wconf 85' lang='lat' dir='ltr'>propudia</span> <span class='ocrx_word' id='word_1_1341' title='bbox 362 2381 502 2409; x_wconf 89' lang='lat' dir='ltr'>virorum:</span> <span class='ocrx_word' id='word_1_1342' title='bbox 521 2382 643 2409; x_wconf 88' lang='lat' dir='ltr'>eiusdem</span> <span class='ocrx_word' id='word_1_1343' title='bbox 656 2383 759 2418; x_wconf 88' lang='lat' dir='ltr'>aspersu</span> <span class='ocrx_word' id='word_1_1344' title='bbox 773 2382 1071 2410; x_wconf 78' lang='lat' dir='ltr'>feminarumlibidines</span> <span class='ocrx_word' id='word_1_1345' title='bbox 1080 2381 1210 2417; x_wconf 87' lang='lat' dir='ltr'>inhiberi,</span> <span class='ocrx_word' id='word_1_1346' title='bbox 1224 2382 1291 2409; x_wconf 88' lang='lat' dir='ltr'>item</span> <span class='ocrx_word' id='word_1_1347' title='bbox 1352 2383 1446 2411; x_wconf 87' lang='lat' dir='ltr'>Theb.</span> <span class='ocrx_word' id='word_1_1348' title='bbox 1462 2391 1546 2416; x_wconf 80' lang='grc' dir='ltr'>ς,4ις.</span> <span class='ocrx_word' id='word_1_1349' title='bbox 1620 2381 1774 2408; x_wconf 87' lang='lat' dir='ltr'>Obuertunt</span> <span class='ocrx_word' id='word_1_1350' title='bbox 1787 2380 1880 2415; x_wconf 80' lang='lat' dir='ltr'>pelago</span> <span class='ocrx_word' id='word_1_1351' title='bbox 1896 2388 1987 2415; x_wconf 86' lang='lat' dir='ltr'>proras</span> <span class='ocrx_word' id='word_1_1352' title='bbox 1995 2380 2080 2418; x_wconf 33' lang='lat' dir='ltr'>‘virg</span> <span class='ocrx_word' id='word_1_1353' title='bbox 2096 2380 2163 2407; x_wconf 89' lang='lat' dir='ltr'>Aen.</span> <span class='ocrx_word' id='word_1_1354' title='bbox 2180 2382 2206 2413; x_wconf 82' lang='lat'>6,</span> <span class='ocrx_word' id='word_1_1355' title='bbox 2226 2389 2247 2413; x_wconf 87' lang='grc'>3.</span> <span class='ocrx_word' id='word_1_1356' title='bbox 2322 2382 2419 2417; x_wconf 51' lang='lat' dir='ltr'>Pepen-¹</span> 
     </span>
     <span class='ocr_line' id='line_1_82' title="bbox 225 2415 2402 2453; baseline 0.001 -10"><span class='ocrx_word' id='word_1_1357' title='bbox 225 2417 341 2451; x_wconf 89' lang='lat' dir='ltr'>pruritus</span> <span class='ocrx_word' id='word_1_1358' title='bbox 350 2426 506 2453; x_wconf 87' lang='lat' dir='ltr'>corporum.</span> <span class='ocrx_word' id='word_1_1359' title='bbox 1303 2419 1339 2444; x_wconf 86' lang='lat'>60</span> <span class='ocrx_word' id='word_1_1360' title='bbox 1352 2419 1392 2446; x_wconf 84' lang='lat' dir='ltr'>dit</span> <span class='ocrx_word' id='word_1_1361' title='bbox 1410 2419 1479 2445; x_wconf 86' lang='lat' dir='ltr'>illisa</span> <span class='ocrx_word' id='word_1_1362' title='bbox 1499 2426 1580 2452; x_wconf 87' lang='lat' dir='ltr'>prora</span> <span class='ocrx_word' id='word_1_1363' title='bbox 1597 2417 1673 2444; x_wconf 89' lang='lat' dir='ltr'>Idem</span> <span class='ocrx_word' id='word_1_1364' title='bbox 1686 2415 1754 2443; x_wconf 89' lang='lat' dir='ltr'>ibid.</span> <span class='ocrx_word' id='word_1_1365' title='bbox 1768 2426 1789 2446; x_wconf 69' lang='grc' dir='ltr'><strong>ς,</strong></span> <span class='ocrx_word' id='word_1_1366' title='bbox 1805 2419 1863 2442; x_wconf 75' lang='lat'>205.</span> <span class='ocrx_word' id='word_1_1367' title='bbox 1970 2415 2031 2441; x_wconf 80' lang='lat' dir='ltr'>Liu.</span> <span class='ocrx_word' id='word_1_1368' title='bbox 2045 2424 2082 2448; x_wconf 85' lang='lat'>22,</span> <span class='ocrx_word' id='word_1_1369' title='bbox 2096 2424 2127 2442; x_wconf 86' lang='lat'>20</span> <span class='ocrx_word' id='word_1_1370' title='bbox 2144 2423 2186 2451; x_wconf 80' lang='lat' dir='ltr'>pr.</span> <span class='ocrx_word' id='word_1_1371' title='bbox 2205 2417 2282 2450; x_wconf 80' lang='lat' dir='ltr'>Qiae</span> <span class='ocrx_word' id='word_1_1372' title='bbox 2301 2426 2357 2444; x_wconf 90' lang='lat' dir='ltr'>non</span> <span class='ocrx_word' id='word_1_1373' title='bbox 2371 2426 2402 2445; x_wconf 90' lang='lat' dir='ltr'>au</span> 
     </span>
    </p>

    <p class='ocr_par' dir='ltr' id='par_1_14' title="bbox 225 2450 2491 2563">
     <span class='ocr_line' id='line_1_83' title="bbox 259 2450 2491 2490; baseline 0.001 -10"><span class='ocrx_word' id='word_1_1374' title='bbox 259 2459 301 2481; x_wconf 82' lang='lat' dir='ltr'>PR</span> <span class='ocrx_word' id='word_1_1375' title='bbox 313 2459 332 2480; x_wconf 94' lang='grc' dir='ltr'><strong>ο</strong></span> <span class='ocrx_word' id='word_1_1376' title='bbox 347 2460 363 2480; x_wconf 82' lang='lat' dir='ltr'>P</span> <span class='ocrx_word' id='word_1_1377' title='bbox 378 2460 400 2480; x_wconf 87' lang='grc' dir='ltr'><strong>ν</strong></span> <span class='ocrx_word' id='word_1_1378' title='bbox 412 2456 481 2481; x_wconf 68' lang='lat' dir='ltr'>Dl‘A</span> <span class='ocrx_word' id='word_1_1379' title='bbox 494 2460 570 2481; x_wconf 84' lang='lat' dir='ltr'>st</span> <span class='ocrx_word' id='word_1_1380' title='bbox 590 2455 689 2481; x_wconf 89' lang='lat' dir='ltr'>Porcus</span> <span class='ocrx_word' id='word_1_1381' title='bbox 703 2453 790 2484; x_wconf 63' lang='lat' dir='ltr'>dictus</span> <span class='ocrx_word' id='word_1_1382' title='bbox 803 2454 855 2488; x_wconf 82' lang='lat' dir='ltr'>est,</span> <span class='ocrx_word' id='word_1_1383' title='bbox 881 2459 910 2481; x_wconf 88' lang='lat' dir='ltr'>vt</span> <span class='ocrx_word' id='word_1_1384' title='bbox 929 2454 966 2482; x_wconf 90' lang='lat' dir='ltr'>ait</span> <span class='ocrx_word' id='word_1_1385' title='bbox 985 2455 1083 2490; x_wconf 86' lang='lat' dir='ltr'>Capito</span> <span class='ocrx_word' id='word_1_1386' title='bbox 1104 2454 1213 2486; x_wconf 84' lang='lat' dir='ltr'>Ateius,</span> <span class='ocrx_word' id='word_1_1387' title='bbox 1233 2452 1290 2486; x_wconf 68' lang='lat' dir='ltr'>Qli</span> <span class='ocrx_word' id='word_1_1388' title='bbox 1350 2455 1537 2488; x_wconf 83' lang='lat' dir='ltr'>Perfregerant</span> <span class='ocrx_word' id='word_1_1389' title='bbox 1550 2461 1643 2487; x_wconf 84' lang='lat' dir='ltr'>proras</span> <span class='ocrx_word' id='word_1_1390' title='bbox 1657 2453 1737 2480; x_wconf 89' lang='lat' dir='ltr'>litore</span> <span class='ocrx_word' id='word_1_1391' title='bbox 1753 2452 1847 2484; x_wconf 85' lang='lat' dir='ltr'>illisas,</span> <span class='ocrx_word' id='word_1_1392' title='bbox 1867 2457 1912 2478; x_wconf 87' lang='lat' dir='ltr'>aut</span> <span class='ocrx_word' id='word_1_1393' title='bbox 1926 2451 2028 2477; x_wconf 79' lang='lat' dir='ltr'>carinas</span> <span class='ocrx_word' id='word_1_1394' title='bbox 2048 2450 2161 2478; x_wconf 78' lang='lat' dir='ltr'>fixerant</span> <span class='ocrx_word' id='word_1_1395' title='bbox 2182 2453 2265 2480; x_wconf 81' lang='lat' dir='ltr'>vadis.</span> <span class='ocrx_word' id='word_1_1396' title='bbox 2338 2454 2406 2482; x_wconf 87' lang='lat' dir='ltr'>Stete</span> <span class='ocrx_word' id='word_1_1397' title='bbox 2453 2472 2470 2488; x_wconf 60' lang='grc' dir='ltr'>,ι</span> <span class='ocrx_word' id='word_1_1398' title='bbox 2490 2458 2491 2462; x_wconf 77' lang='grc'>’</span> 
     </span>
     <span class='ocr_line' id='line_1_84' title="bbox 225 2486 2454 2526; baseline 0.001 -11"><span class='ocrx_word' id='word_1_1399' title='bbox 225 2488 253 2515; x_wconf 86' lang='lat' dir='ltr'>in</span> <span class='ocrx_word' id='word_1_1400' title='bbox 272 2489 398 2517; x_wconf 85' lang='lat' dir='ltr'>sacrificio</span> <span class='ocrx_word' id='word_1_1401' title='bbox 417 2490 504 2524; x_wconf 83' lang='lat' dir='ltr'>gentis</span> <span class='ocrx_word' id='word_1_1402' title='bbox 530 2490 659 2518; x_wconf 86' lang='lat' dir='ltr'>Claudiae</span> <span class='ocrx_word' id='word_1_1403' title='bbox 673 2511 682 2523; x_wconf 90' lang='lat'><em>‚</em></span> <span class='ocrx_word' id='word_1_1404' title='bbox 719 2490 793 2518; x_wconf 87' lang='lat' dir='ltr'>velut</span> <span class='ocrx_word' id='word_1_1405' title='bbox 816 2491 982 2526; x_wconf 86' lang='lat' dir='ltr'>piamentum</span> <span class='ocrx_word' id='word_1_1406' title='bbox 1008 2498 1034 2518; x_wconf 91' lang='lat' dir='ltr'>et</span> <span class='ocrx_word' id='word_1_1407' title='bbox 1058 2489 1180 2518; x_wconf 87' lang='lat' dir='ltr'>exolutio</span> <span class='ocrx_word' id='word_1_1408' title='bbox 1199 2489 1290 2516; x_wconf 88' lang='lat' dir='ltr'>omnis</span> <span class='ocrx_word' id='word_1_1409' title='bbox 1349 2496 1410 2518; x_wconf 83' lang='lat' dir='ltr'>rant</span> <span class='ocrx_word' id='word_1_1410' title='bbox 1428 2490 1459 2517; x_wconf 89' lang='lat' dir='ltr'>ad</span> <span class='ocrx_word' id='word_1_1411' title='bbox 1479 2489 1561 2516; x_wconf 89' lang='lat' dir='ltr'>litora</span> <span class='ocrx_word' id='word_1_1412' title='bbox 1585 2498 1681 2524; x_wconf 88' lang='lat' dir='ltr'>prorae</span> <span class='ocrx_word' id='word_1_1413' title='bbox 1695 2489 1772 2523; x_wconf 84' lang='lat' dir='ltr'>Virg.</span> <span class='ocrx_word' id='word_1_1414' title='bbox 1789 2489 1853 2516; x_wconf 87' lang='lat' dir='ltr'>Aen.</span> <span class='ocrx_word' id='word_1_1415' title='bbox 1869 2497 1894 2521; x_wconf 73' lang='grc' dir='ltr'>ι),</span> <span class='ocrx_word' id='word_1_1416' title='bbox 1911 2496 1958 2514; x_wconf 91' lang='grc' dir='ltr'>ι22.</span> <span class='ocrx_word' id='word_1_1417' title='bbox 2032 2486 2180 2521; x_wconf 87' lang='lat' dir='ltr'>Torquent</span> <span class='ocrx_word' id='word_1_1418' title='bbox 2193 2497 2286 2522; x_wconf 86' lang='lat' dir='ltr'>proras</span> <span class='ocrx_word' id='word_1_1419' title='bbox 2305 2489 2337 2517; x_wconf 88' lang='lat' dir='ltr'>ad</span> <span class='ocrx_word' id='word_1_1420' title='bbox 2356 2490 2388 2517; x_wconf 87' lang='lat' dir='ltr'>lit</span> <span class='ocrx_word' id='word_1_1421' title='bbox 2431 2499 2454 2525; x_wconf 51' lang='lat' dir='ltr'>,J</span> 
     </span>
     <span class='ocr_line' id='line_1_85' title="bbox 225 2518 2483 2563; baseline 0 -11"><span class='ocrx_word' id='word_1_1422' title='bbox 225 2526 370 2553; x_wconf 61' lang='lat' dir='ltr'>contractae</span> <span class='ocrx_word' id='word_1_1423' title='bbox 402 2525 548 2561; x_wconf 86' lang='lat' dir='ltr'>religionis</span> <span class='ocrx_word' id='word_1_1424' title='bbox 572 2526 618 2553; x_wconf 83' lang='lat' dir='ltr'>est.</span> <span class='ocrx_word' id='word_1_1425' title='bbox 643 2526 741 2554; x_wconf 84' lang='lat' dir='ltr'>Festus.</span> <span class='ocrx_word' id='word_1_1426' title='bbox 821 2529 849 2555; x_wconf 87' lang='lat' dir='ltr'>V.</span> <span class='ocrx_word' id='word_1_1427' title='bbox 868 2529 937 2554; x_wconf 81' lang='lat' dir='ltr'>modo</span> <span class='ocrx_word' id='word_1_1428' title='bbox 956 2527 1025 2554; x_wconf 66' lang='lat' dir='ltr'>dic‘la</span> <span class='ocrx_word' id='word_1_1429' title='bbox 1044 2536 1101 2553; x_wconf 84' lang='lat' dir='ltr'>voce</span> <span class='ocrx_word' id='word_1_1430' title='bbox 1138 2518 1212 2552; x_wconf 76' lang='lat' dir='ltr'>PRO</span> <span class='ocrx_word' id='word_1_1431' title='bbox 1223 2531 1240 2552; x_wconf 75' lang='grc' dir='ltr'>ι’</span> <span class='ocrx_word' id='word_1_1432' title='bbox 1251 2531 1290 2551; x_wconf 84' lang='lat' dir='ltr'>V·</span> <span class='ocrx_word' id='word_1_1433' title='bbox 1350 2536 1380 2553; x_wconf 85' lang='lat' dir='ltr'>ra</span> <span class='ocrx_word' id='word_1_1434' title='bbox 1400 2525 1475 2553; x_wconf 90' lang='lat' dir='ltr'>Idem</span> <span class='ocrx_word' id='word_1_1435' title='bbox 1487 2523 1553 2552; x_wconf 90' lang='lat' dir='ltr'>ibid.</span> <span class='ocrx_word' id='word_1_1436' title='bbox 1568 2534 1589 2558; x_wconf 83' lang='lat'>3,</span> <span class='ocrx_word' id='word_1_1437' title='bbox 1603 2534 1651 2557; x_wconf 76' lang='lat'>532·</span> <span class='ocrx_word' id='word_1_1438' title='bbox 1723 2525 1837 2551; x_wconf 86' lang='lat' dir='ltr'>Vertere</span> <span class='ocrx_word' id='word_1_1439' title='bbox 1852 2532 1944 2559; x_wconf 86' lang='lat' dir='ltr'>proras</span> <span class='ocrx_word' id='word_1_1440' title='bbox 1957 2532 1971 2550; x_wconf 90' lang='lat' dir='ltr'>a</span> <span class='ocrx_word' id='word_1_1441' title='bbox 1983 2522 2064 2550; x_wconf 88' lang='lat' dir='ltr'>litore</span> <span class='ocrx_word' id='word_1_1442' title='bbox 2081 2522 2179 2549; x_wconf 83' lang='lat' dir='ltr'>Lucan.</span> <span class='ocrx_word' id='word_1_1443' title='bbox 2193 2531 2220 2555; x_wconf 89' lang='lat'>9,</span> <span class='ocrx_word' id='word_1_1444' title='bbox 2233 2530 2302 2554; x_wconf 79' lang='lat'>1082.</span> <span class='ocrx_word' id='word_1_1445' title='bbox 2359 2526 2392 2553; x_wconf 88' lang='lat' dir='ltr'>Ci</span> <span class='ocrx_word' id='word_1_1446' title='bbox 2408 2523 2437 2554; x_wconf 71' lang='grc'>.”·“.“</span> <span class='ocrx_word' id='word_1_1447' title='bbox 2463 2551 2483 2563; x_wconf 29' lang='grc' dir='ltr'>τ,</span> 
     </span>
    </p>
   </div>
   <div class='ocr_carea' id='block_1_9' title="bbox 224 2558 2472 2923">
    <p class='ocr_par' dir='ltr' id='par_1_15' title="bbox 224 2558 2472 2923">
     <span class='ocr_line' id='line_1_86' title="bbox 226 2558 2416 2595; baseline -0.002 -8"><span class='ocrx_word' id='word_1_1448' title='bbox 226 2567 246 2587; x_wconf 88' lang='lat' dir='ltr'>D</span> <span class='ocrx_word' id='word_1_1449' title='bbox 256 2567 266 2587; x_wconf 91' lang='lat'>1</span> <span class='ocrx_word' id='word_1_1450' title='bbox 279 2567 344 2590; x_wconf 88' lang='lat' dir='ltr'>VM.</span> <span class='ocrx_word' id='word_1_1451' title='bbox 1352 2564 1425 2590; x_wconf 79' lang='lat' dir='ltr'>Fam.</span> <span class='ocrx_word' id='word_1_1452' title='bbox 1439 2565 1475 2593; x_wconf 86' lang='lat'>16,</span> <span class='ocrx_word' id='word_1_1453' title='bbox 1489 2570 1519 2594; x_wconf 69' lang='lat'>24</span> <span class='ocrx_word' id='word_1_1454' title='bbox 1538 2565 1574 2587; x_wconf 79' lang='lat' dir='ltr'>ad</span> <span class='ocrx_word' id='word_1_1455' title='bbox 1588 2561 1702 2588; x_wconf 81' lang='lat' dir='ltr'>Tironem</span> <span class='ocrx_word' id='word_1_1456' title='bbox 1719 2560 1791 2587; x_wconf 88' lang='lat' dir='ltr'>Mihi</span> <span class='ocrx_word' id='word_1_1457' title='bbox 1808 2569 1888 2595; x_wconf 84' lang='lat' dir='ltr'>prora</span> <span class='ocrx_word' id='word_1_1458' title='bbox 1903 2566 1928 2587; x_wconf 88' lang='lat' dir='ltr'>et</span> <span class='ocrx_word' id='word_1_1459' title='bbox 1943 2560 2038 2595; x_wconf 82' lang='lat' dir='ltr'>puppis</span> <span class='ocrx_word' id='word_1_1460' title='bbox 2059 2562 2106 2592; x_wconf 83' lang='lat' dir='ltr'>(vt</span> <span class='ocrx_word' id='word_1_1461' title='bbox 2121 2558 2284 2585; x_wconf 79' lang='lat' dir='ltr'>Graecorum</span> <span class='ocrx_word' id='word_1_1462' title='bbox 2303 2569 2416 2595; x_wconf 74' lang='lat' dir='ltr'>prouer-</span> 
     </span>
     <span class='ocr_line' id='line_1_87' title="bbox 259 2594 2415 2634; baseline -0.002 -8"><span class='ocrx_word' id='word_1_1463' title='bbox 259 2603 274 2624; x_wconf 80' lang='grc' dir='ltr'>Ρ</span> <span class='ocrx_word' id='word_1_1464' title='bbox 286 2603 306 2624; x_wconf 83' lang='lat' dir='ltr'>R</span> <span class='ocrx_word' id='word_1_1465' title='bbox 318 2605 338 2625; x_wconf 92' lang='grc' dir='ltr'>ο</span> <span class='ocrx_word' id='word_1_1466' title='bbox 350 2605 366 2626; x_wconf 87' lang='lat' dir='ltr'>P</span> <span class='ocrx_word' id='word_1_1467' title='bbox 377 2604 399 2625; x_wconf 93' lang='lat' dir='ltr'>v</span> <span class='ocrx_word' id='word_1_1468' title='bbox 408 2604 428 2625; x_wconf 90' lang='lat' dir='ltr'><strong>D</strong></span> <span class='ocrx_word' id='word_1_1469' title='bbox 439 2605 449 2625; x_wconf 88' lang='lat'>1</span> <span class='ocrx_word' id='word_1_1470' title='bbox 460 2600 480 2627; x_wconf 82' lang='lat'><strong>6</strong></span> <span class='ocrx_word' id='word_1_1471' title='bbox 490 2604 505 2626; x_wconf 86' lang='lat' dir='ltr'>s</span> <span class='ocrx_word' id='word_1_1472' title='bbox 517 2605 539 2625; x_wconf 92' lang='lat' dir='ltr'><strong>v</strong></span> <span class='ocrx_word' id='word_1_1473' title='bbox 548 2606 561 2625; x_wconf 89' lang='lat' dir='ltr'>s</span> <span class='ocrx_word' id='word_1_1474' title='bbox 572 2619 580 2631; x_wconf 87' lang='lat'><strong>‚</strong></span> <span class='ocrx_word' id='word_1_1475' title='bbox 600 2607 624 2631; x_wconf 89' lang='lat' dir='ltr'>a,</span> <span class='ocrx_word' id='word_1_1476' title='bbox 637 2607 692 2626; x_wconf 91' lang='lat' dir='ltr'>um.</span> <span class='ocrx_word' id='word_1_1477' title='bbox 729 2598 790 2626; x_wconf 84' lang='lat' dir='ltr'>Adi.</span> <span class='ocrx_word' id='word_1_1478' title='bbox 827 2600 840 2634; x_wconf 94' lang='lat'>[</span> <span class='ocrx_word' id='word_1_1479' title='bbox 853 2597 1031 2634; x_wconf 71' lang='grc' dir='ltr'>ἁνακχυντῶδνις</span> <span class='ocrx_word' id='word_1_1480' title='bbox 1043 2599 1056 2634; x_wconf 97' lang='grc'>]</span> <span class='ocrx_word' id='word_1_1481' title='bbox 1092 2598 1168 2624; x_wconf 71' lang='lat' dir='ltr'>Idem·</span> <span class='ocrx_word' id='word_1_1482' title='bbox 1206 2597 1290 2624; x_wconf 77' lang='lat' dir='ltr'>Plaut·</span> <span class='ocrx_word' id='word_1_1483' title='bbox 1302 2598 1334 2631; x_wconf 77' lang='lat'>65</span> <span class='ocrx_word' id='word_1_1484' title='bbox 1351 2599 1429 2627; x_wconf 90' lang='lat' dir='ltr'>bium</span> <span class='ocrx_word' id='word_1_1485' title='bbox 1449 2599 1502 2632; x_wconf 69' lang='lat' dir='ltr'>etr)</span> <span class='ocrx_word' id='word_1_1486' title='bbox 1518 2597 1571 2624; x_wconf 86' lang='lat' dir='ltr'>fuit</span> <span class='ocrx_word' id='word_1_1487' title='bbox 1583 2606 1596 2624; x_wconf 92' lang='lat' dir='ltr'>a</span> <span class='ocrx_word' id='word_1_1488' title='bbox 1609 2607 1651 2624; x_wconf 88' lang='lat' dir='ltr'>me</span> <span class='ocrx_word' id='word_1_1489' title='bbox 1665 2597 1704 2624; x_wconf 88' lang='lat' dir='ltr'>tui</span> <span class='ocrx_word' id='word_1_1490' title='bbox 1720 2597 1890 2631; x_wconf 80' lang='lat' dir='ltr'>dimittendi,</span> <span class='ocrx_word' id='word_1_1491' title='bbox 1912 2603 1941 2623; x_wconf 88' lang='lat' dir='ltr'>vt</span> <span class='ocrx_word' id='word_1_1492' title='bbox 1956 2597 2073 2622; x_wconf 83' lang='lat' dir='ltr'>rationes</span> <span class='ocrx_word' id='word_1_1493' title='bbox 2087 2602 2164 2621; x_wconf 62' lang='lat' dir='ltr'>meam</span> <span class='ocrx_word' id='word_1_1494' title='bbox 2175 2594 2326 2629; x_wconf 79' lang='lat' dir='ltr'>explicares.</span> <span class='ocrx_word' id='word_1_1495' title='bbox 2350 2596 2415 2622; x_wconf 90' lang='lat' dir='ltr'>Pro-</span> 
     </span>
     <span class='ocr_line' id='line_1_88' title="bbox 224 2630 2417 2672; baseline -0.003 -12"><span class='ocrx_word' id='word_1_1496' title='bbox 224 2632 309 2660; x_wconf 86' lang='lat' dir='ltr'>Truc.</span> <span class='ocrx_word' id='word_1_1497' title='bbox 324 2643 349 2666; x_wconf 85' lang='lat'>2,</span> <span class='ocrx_word' id='word_1_1498' title='bbox 362 2636 425 2666; x_wconf 83' lang='lat'>2,16</span> <span class='ocrx_word' id='word_1_1499' title='bbox 444 2635 515 2669; x_wconf 78' lang='lat' dir='ltr'>Qiia</span> <span class='ocrx_word' id='word_1_1500' title='bbox 526 2634 577 2661; x_wconf 89' lang='lat' dir='ltr'>tibi</span> <span class='ocrx_word' id='word_1_1501' title='bbox 591 2634 693 2662; x_wconf 89' lang='lat' dir='ltr'>insuaso</span> <span class='ocrx_word' id='word_1_1502' title='bbox 708 2634 840 2669; x_wconf 85' lang='lat' dir='ltr'>infecisti,</span> <span class='ocrx_word' id='word_1_1503' title='bbox 860 2635 1039 2672; x_wconf 84' lang='lat' dir='ltr'>propudiosa,</span> <span class='ocrx_word' id='word_1_1504' title='bbox 1060 2633 1195 2669; x_wconf 80' lang='lat' dir='ltr'>paliulam.</span> <span class='ocrx_word' id='word_1_1505' title='bbox 1214 2633 1289 2659; x_wconf 89' lang='lat' dir='ltr'>Idem</span> <span class='ocrx_word' id='word_1_1506' title='bbox 1350 2645 1380 2662; x_wconf 76' lang='lat' dir='ltr'>ra</span> <span class='ocrx_word' id='word_1_1507' title='bbox 1400 2635 1486 2670; x_wconf 77' lang='lat' dir='ltr'>itaque</span> <span class='ocrx_word' id='word_1_1508' title='bbox 1500 2639 1526 2661; x_wconf 85' lang='lat' dir='ltr'>et</span> <span class='ocrx_word' id='word_1_1509' title='bbox 1542 2634 1640 2668; x_wconf 88' lang='lat' dir='ltr'>puppi,</span> <span class='ocrx_word' id='word_1_1510' title='bbox 1657 2635 1780 2660; x_wconf 79' lang='lat' dir='ltr'>Summam</span> <span class='ocrx_word' id='word_1_1511' title='bbox 1797 2633 1896 2666; x_wconf 77' lang='lat' dir='ltr'>consilii</span> <span class='ocrx_word' id='word_1_1512' title='bbox 1913 2631 1992 2667; x_wconf 74' lang='lat' dir='ltr'>nostri</span> <span class='ocrx_word' id='word_1_1513' title='bbox 2003 2630 2192 2666; x_wconf 51' lang='grc' dir='ltr'>,[ιζιῑηίῇσαιηνς,</span> <span class='ocrx_word' id='word_1_1514' title='bbox 2207 2637 2336 2665; x_wconf 64' lang='lat' dir='ltr'>propterea</span> <span class='ocrx_word' id='word_1_1515' title='bbox 2350 2631 2417 2666; x_wconf 77' lang='lat' dir='ltr'>quod</span> 
     </span>
     <span class='ocr_line' id='line_1_89' title="bbox 226 2665 2260 2706; baseline -0.001 -12"><span class='ocrx_word' id='word_1_1516' title='bbox 226 2668 303 2696; x_wconf 87' lang='lat' dir='ltr'>Stich.</span> <span class='ocrx_word' id='word_1_1517' title='bbox 317 2680 338 2703; x_wconf 86' lang='lat'>2,</span> <span class='ocrx_word' id='word_1_1518' title='bbox 351 2679 376 2704; x_wconf 91' lang='lat'>2,</span> <span class='ocrx_word' id='word_1_1519' title='bbox 391 2680 418 2697; x_wconf 85' lang='grc' dir='ltr'>ιο</span> <span class='ocrx_word' id='word_1_1520' title='bbox 439 2671 520 2698; x_wconf 87' lang='lat' dir='ltr'>Mene</span> <span class='ocrx_word' id='word_1_1521' title='bbox 532 2670 643 2703; x_wconf 79' lang='lat' dir='ltr'>fastidis,</span> <span class='ocrx_word' id='word_1_1522' title='bbox 657 2671 837 2705; x_wconf 69' lang='lat' dir='ltr'>propudiose?</span> <span class='ocrx_word' id='word_1_1523' title='bbox 894 2671 964 2699; x_wconf 90' lang='lat' dir='ltr'>Gell.</span> <span class='ocrx_word' id='word_1_1524' title='bbox 979 2681 1002 2704; x_wconf 88' lang='lat'>2,</span> <span class='ocrx_word' id='word_1_1525' title='bbox 1022 2681 1035 2704; x_wconf 93' lang='lat'><em>7</em></span> <span class='ocrx_word' id='word_1_1526' title='bbox 1056 2670 1106 2698; x_wconf 92' lang='lat' dir='ltr'>Sed</span> <span class='ocrx_word' id='word_1_1527' title='bbox 1120 2669 1194 2696; x_wconf 90' lang='lat' dir='ltr'>enim</span> <span class='ocrx_word' id='word_1_1528' title='bbox 1209 2669 1225 2695; x_wconf 84' lang='lat' dir='ltr'>si</span> <span class='ocrx_word' id='word_1_1529' title='bbox 1241 2669 1289 2695; x_wconf 88' lang='lat' dir='ltr'>im-</span> <span class='ocrx_word' id='word_1_1530' title='bbox 1349 2682 1366 2698; x_wconf 85' lang='lat' dir='ltr'>a</span> <span class='ocrx_word' id='word_1_1531' title='bbox 1387 2678 1466 2706; x_wconf 72' lang='lat' dir='ltr'>prora</span> <span class='ocrx_word' id='word_1_1532' title='bbox 1480 2678 1503 2696; x_wconf 81' lang='lat' dir='ltr'>et</span> <span class='ocrx_word' id='word_1_1533' title='bbox 1514 2670 1592 2705; x_wconf 74' lang='lat' dir='ltr'>puppi</span> <span class='ocrx_word' id='word_1_1534' title='bbox 1599 2692 1607 2704; x_wconf 85' lang='lat'>,</span> <span class='ocrx_word' id='word_1_1535' title='bbox 1626 2677 1747 2704; x_wconf 79' lang='lat' dir='ltr'>tanquam</span> <span class='ocrx_word' id='word_1_1536' title='bbox 1760 2679 1776 2695; x_wconf 82' lang='lat' dir='ltr'>a</span> <span class='ocrx_word' id='word_1_1537' title='bbox 1791 2670 1870 2704; x_wconf 79' lang='lat' dir='ltr'>capite</span> <span class='ocrx_word' id='word_1_1538' title='bbox 1885 2674 1911 2694; x_wconf 78' lang='lat' dir='ltr'>et</span> <span class='ocrx_word' id='word_1_1539' title='bbox 1921 2668 1988 2693; x_wconf 83' lang='lat' dir='ltr'>calce</span> <span class='ocrx_word' id='word_1_1540' title='bbox 1997 2669 2103 2701; x_wconf 72' lang='lat' dir='ltr'>pendeat</span> <span class='ocrx_word' id='word_1_1541' title='bbox 2117 2673 2169 2692; x_wconf 81' lang='lat' dir='ltr'>tota</span> <span class='ocrx_word' id='word_1_1542' title='bbox 2177 2665 2260 2692; x_wconf 74' lang='lat' dir='ltr'>nauis.</span> 
     </span>
     <span class='ocr_line' id='line_1_90' title="bbox 227 2701 2462 2742; baseline -0.002 -12"><span class='ocrx_word' id='word_1_1543' title='bbox 227 2711 299 2739; x_wconf 89' lang='lat' dir='ltr'>peret</span> <span class='ocrx_word' id='word_1_1544' title='bbox 323 2715 435 2734; x_wconf 83' lang='lat' dir='ltr'>vxorem</span> <span class='ocrx_word' id='word_1_1545' title='bbox 462 2707 560 2734; x_wconf 88' lang='lat' dir='ltr'>ducere</span> <span class='ocrx_word' id='word_1_1546' title='bbox 582 2707 732 2740; x_wconf 86' lang='lat' dir='ltr'>infamem,</span> <span class='ocrx_word' id='word_1_1547' title='bbox 752 2707 957 2742; x_wconf 87' lang='lat' dir='ltr'>propudiosam‚</span> <span class='ocrx_word' id='word_1_1548' title='bbox 978 2707 1158 2734; x_wconf 85' lang='lat' dir='ltr'>criminosam.</span> <span class='ocrx_word' id='word_1_1549' title='bbox 1231 2706 1288 2740; x_wconf 85' lang='lat' dir='ltr'>Ipse</span> <span class='ocrx_word' id='word_1_1550' title='bbox 1394 2713 1410 2734; x_wconf 79' lang='lat' dir='ltr'>P</span> <span class='ocrx_word' id='word_1_1551' title='bbox 1423 2713 1442 2734; x_wconf 89' lang='lat' dir='ltr'>R</span> <span class='ocrx_word' id='word_1_1552' title='bbox 1454 2712 1475 2733; x_wconf 92' lang='grc' dir='ltr'>Ο</span> <span class='ocrx_word' id='word_1_1553' title='bbox 1486 2713 1505 2733; x_wconf 88' lang='lat' dir='ltr'>R</span> <span class='ocrx_word' id='word_1_1554' title='bbox 1516 2707 1535 2734; x_wconf 72' lang='grc' dir='ltr'><em>ἑ</em></span> <span class='ocrx_word' id='word_1_1555' title='bbox 1547 2712 1569 2733; x_wconf 84' lang='lat' dir='ltr'>&#39;r</span> <span class='ocrx_word' id='word_1_1556' title='bbox 1580 2713 1618 2741; x_wconf 82' lang='grc' dir='ltr'><strong>Α,</strong></span> <span class='ocrx_word' id='word_1_1557' title='bbox 1634 2715 1674 2732; x_wconf 90' lang='lat' dir='ltr'>ae.</span> <span class='ocrx_word' id='word_1_1558' title='bbox 1695 2714 1731 2732; x_wconf 89' lang='lat' dir='ltr'>m.</span> <span class='ocrx_word' id='word_1_1559' title='bbox 1769 2706 1902 2737; x_wconf 63' lang='grc' dir='ltr'>[πρωρεῦς.</span> <span class='ocrx_word' id='word_1_1560' title='bbox 1920 2703 2069 2737; x_wconf 57' lang='lat' dir='ltr'>nemea-cqc]</span> <span class='ocrx_word' id='word_1_1561' title='bbox 2122 2701 2206 2738; x_wconf 78' lang='lat' dir='ltr'>Custos</span> <span class='ocrx_word' id='word_1_1562' title='bbox 2224 2707 2249 2727; x_wconf 76' lang='lat' dir='ltr'>et</span> <span class='ocrx_word' id='word_1_1563' title='bbox 2263 2701 2417 2740; x_wconf 64' lang='lat' dir='ltr'>gubernator</span> <span class='ocrx_word' id='word_1_1564' title='bbox 2457 2718 2462 2725; x_wconf 95' lang='lat'>.</span> 
     </span>
     <span class='ocr_line' id='line_1_91' title="bbox 228 2735 2460 2779; baseline -0.001 -12"><span class='ocrx_word' id='word_1_1565' title='bbox 228 2741 414 2776; x_wconf 84' lang='lat' dir='ltr'>propudiosus‚</span> <span class='ocrx_word' id='word_1_1566' title='bbox 433 2752 503 2770; x_wconf 90' lang='lat' dir='ltr'>vxor</span> <span class='ocrx_word' id='word_1_1567' title='bbox 514 2742 576 2777; x_wconf 91' lang='lat' dir='ltr'>lupa</span> <span class='ocrx_word' id='word_1_1568' title='bbox 589 2742 668 2778; x_wconf 92' lang='lat' dir='ltr'>Apul.</span> <span class='ocrx_word' id='word_1_1569' title='bbox 685 2743 762 2779; x_wconf 86' lang='lat' dir='ltr'>Apol.</span> <span class='ocrx_word' id='word_1_1570' title='bbox 784 2752 809 2777; x_wconf 91' lang='lat' dir='ltr'>p.</span> <span class='ocrx_word' id='word_1_1571' title='bbox 831 2751 873 2774; x_wconf 84' lang='lat'>322</span> <span class='ocrx_word' id='word_1_1572' title='bbox 894 2744 958 2769; x_wconf 81' lang='lat' dir='ltr'>Elm.</span> <span class='ocrx_word' id='word_1_1573' title='bbox 1029 2741 1189 2778; x_wconf 83' lang='lat' dir='ltr'>Propudiosi</span> <span class='ocrx_word' id='word_1_1574' title='bbox 1215 2741 1288 2767; x_wconf 85' lang='lat' dir='ltr'>Faci-</span> <span class='ocrx_word' id='word_1_1575' title='bbox 1351 2745 1378 2770; x_wconf 74' lang='lat' dir='ltr'>in</span> <span class='ocrx_word' id='word_1_1576' title='bbox 1391 2751 1468 2779; x_wconf 75' lang='lat' dir='ltr'>prora</span> <span class='ocrx_word' id='word_1_1577' title='bbox 1481 2744 1554 2768; x_wconf 78' lang='lat' dir='ltr'>nauis</span> <span class='ocrx_word' id='word_1_1578' title='bbox 1567 2749 1652 2768; x_wconf 76' lang='lat' dir='ltr'>ventos</span> <span class='ocrx_word' id='word_1_1579' title='bbox 1665 2747 1784 2775; x_wconf 84' lang='lat' dir='ltr'>captans,</span> <span class='ocrx_word' id='word_1_1580' title='bbox 1798 2739 1910 2774; x_wconf 77' lang='lat' dir='ltr'>scopulos</span> <span class='ocrx_word' id='word_1_1581' title='bbox 1924 2738 2053 2774; x_wconf 61' lang='lat' dir='ltr'>elisei-uam</span> <span class='ocrx_word' id='word_1_1582' title='bbox 2071 2745 2116 2764; x_wconf 82' lang='lat' dir='ltr'>etc.</span> <span class='ocrx_word' id='word_1_1583' title='bbox 2192 2736 2273 2765; x_wconf 81' lang='lat' dir='ltr'>Plaut.</span> <span class='ocrx_word' id='word_1_1584' title='bbox 2301 2735 2369 2764; x_wconf 81' lang='lat' dir='ltr'>Rud.</span> <span class='ocrx_word' id='word_1_1585' title='bbox 2388 2745 2416 2771; x_wconf 80' lang='lat'>4.</span> <span class='ocrx_word' id='word_1_1586' title='bbox 2457 2744 2460 2754; x_wconf 90' lang='lat'>¹</span> 
     </span>
     <span class='ocr_line' id='line_1_92' title="bbox 229 2772 2472 2814; baseline -0 -13"><span class='ocrx_word' id='word_1_1587' title='bbox 229 2777 301 2802; x_wconf 82' lang='lat' dir='ltr'>noris</span> <span class='ocrx_word' id='word_1_1588' title='bbox 315 2777 456 2806; x_wconf 83' lang='lat' dir='ltr'>obscenitas</span> <span class='ocrx_word' id='word_1_1589' title='bbox 471 2780 572 2806; x_wconf 83' lang='lat' dir='ltr'>Arnob.</span> <span class='ocrx_word' id='word_1_1590' title='bbox 588 2789 599 2809; x_wconf 86' lang='lat'><em>5</em></span> <span class='ocrx_word' id='word_1_1591' title='bbox 614 2789 638 2813; x_wconf 88' lang='lat' dir='ltr'>p.</span> <span class='ocrx_word' id='word_1_1592' title='bbox 652 2787 700 2811; x_wconf 81' lang='lat'>175.</span> <span class='ocrx_word' id='word_1_1593' title='bbox 754 2778 911 2806; x_wconf 85' lang='lat' dir='ltr'>Meretrices</span> <span class='ocrx_word' id='word_1_1594' title='bbox 926 2777 1105 2813; x_wconf 83' lang='lat' dir='ltr'>propudiosae</span> <span class='ocrx_word' id='word_1_1595' title='bbox 1124 2778 1193 2805; x_wconf 91' lang='lat' dir='ltr'>Min.</span> <span class='ocrx_word' id='word_1_1596' title='bbox 1213 2777 1287 2804; x_wconf 83' lang='lat' dir='ltr'>Felix</span> <span class='ocrx_word' id='word_1_1597' title='bbox 1301 2784 1338 2813; x_wconf 78' lang='lat'>70</span> <span class='ocrx_word' id='word_1_1598' title='bbox 1351 2789 1376 2814; x_wconf 78' lang='lat'>3,</span> <span class='ocrx_word' id='word_1_1599' title='bbox 1390 2789 1418 2812; x_wconf 83' lang='lat'>75</span> <span class='ocrx_word' id='word_1_1600' title='bbox 1437 2778 1463 2806; x_wconf 84' lang='lat' dir='ltr'>Si</span> <span class='ocrx_word' id='word_1_1601' title='bbox 1477 2785 1506 2805; x_wconf 87' lang='lat' dir='ltr'>tu</span> <span class='ocrx_word' id='word_1_1602' title='bbox 1520 2784 1627 2814; x_wconf 84' lang='lat' dir='ltr'>proreta</span> <span class='ocrx_word' id='word_1_1603' title='bbox 1641 2776 1684 2802; x_wconf 89' lang='lat' dir='ltr'>isti</span> <span class='ocrx_word' id='word_1_1604' title='bbox 1699 2774 1763 2802; x_wconf 88' lang='lat' dir='ltr'>naui</span> <span class='ocrx_word' id='word_1_1605' title='bbox 1777 2784 1820 2806; x_wconf 89' lang='lat' dir='ltr'>es,</span> <span class='ocrx_word' id='word_1_1606' title='bbox 1840 2775 1890 2809; x_wconf 70' lang='lat' dir='ltr'>e‘go</span> <span class='ocrx_word' id='word_1_1607' title='bbox 1902 2774 2068 2808; x_wconf 71' lang='lat' dir='ltr'>gubernator</span> <span class='ocrx_word' id='word_1_1608' title='bbox 2082 2782 2140 2800; x_wconf 77' lang='lat' dir='ltr'>ero-</span> <span class='ocrx_word' id='word_1_1609' title='bbox 2198 2772 2317 2814; x_wconf 35' lang='lat' dir='ltr'>*Paullus</span> <span class='ocrx_word' id='word_1_1610' title='bbox 2337 2773 2416 2801; x_wconf 74' lang='lat' dir='ltr'>ICtus</span> <span class='ocrx_word' id='word_1_1611' title='bbox 2469 2802 2472 2810; x_wconf 33' lang='grc' dir='ltr'>ἱ</span> 
     </span>
     <span class='ocr_line' id='line_1_93' title="bbox 231 2808 2458 2851; baseline -0.004 -6"><span class='ocrx_word' id='word_1_1612' title='bbox 231 2819 257 2845; x_wconf 80' lang='lat' dir='ltr'>P·</span> <span class='ocrx_word' id='word_1_1613' title='bbox 271 2821 318 2844; x_wconf 84' lang='lat'>234·</span> <span class='ocrx_word' id='word_1_1614' title='bbox 387 2815 490 2843; x_wconf 81' lang='lat' dir='ltr'>Ancilla</span> <span class='ocrx_word' id='word_1_1615' title='bbox 504 2814 732 2851; x_wconf 84' lang='lat' dir='ltr'>propudiofiffima</span> <span class='ocrx_word' id='word_1_1616' title='bbox 750 2814 841 2842; x_wconf 88' lang='lat' dir='ltr'>Sidon.</span> <span class='ocrx_word' id='word_1_1617' title='bbox 861 2815 940 2850; x_wconf 86' lang='lat' dir='ltr'>Epist.</span> <span class='ocrx_word' id='word_1_1618' title='bbox 956 2823 983 2849; x_wconf 91' lang='lat'>9,</span> <span class='ocrx_word' id='word_1_1619' title='bbox 997 2815 1021 2844; x_wconf 88' lang='lat'>6.</span> <span class='ocrx_word' id='word_1_1620' title='bbox 1350 2816 1368 2842; x_wconf 91' lang='lat'>1.</span> <span class='ocrx_word' id='word_1_1621' title='bbox 1383 2825 1403 2842; x_wconf 87' lang='lat' dir='ltr'>u</span> <span class='ocrx_word' id='word_1_1622' title='bbox 1424 2815 1519 2841; x_wconf 89' lang='lat' dir='ltr'>Cotem</span> <span class='ocrx_word' id='word_1_1623' title='bbox 1533 2814 1556 2846; x_wconf 86' lang='lat'>§.</span> <span class='ocrx_word' id='word_1_1624' title='bbox 1569 2821 1585 2840; x_wconf 82' lang='lat'>2</span> <span class='ocrx_word' id='word_1_1625' title='bbox 1605 2812 1633 2838; x_wconf 83' lang='lat' dir='ltr'>ff.</span> <span class='ocrx_word' id='word_1_1626' title='bbox 1653 2811 1686 2838; x_wconf 90' lang='lat' dir='ltr'>de</span> <span class='ocrx_word' id='word_1_1627' title='bbox 1700 2811 1801 2838; x_wconf 87' lang='lat' dir='ltr'>Public.</span> <span class='ocrx_word' id='word_1_1628' title='bbox 1818 2818 1844 2838; x_wconf 87' lang='lat' dir='ltr'>et</span> <span class='ocrx_word' id='word_1_1629' title='bbox 1859 2811 1982 2846; x_wconf 62' lang='lat' dir='ltr'>vectigal.</span> <span class='ocrx_word' id='word_1_1630' title='bbox 2054 2810 2136 2844; x_wconf 70' lang='lat' dir='ltr'>Quod</span> <span class='ocrx_word' id='word_1_1631' title='bbox 2157 2809 2175 2836; x_wconf 81' lang='lat' dir='ltr'><strong>fi</strong></span> <span class='ocrx_word' id='word_1_1632' title='bbox 2198 2809 2225 2836; x_wconf 88' lang='lat' dir='ltr'>ld</span> <span class='ocrx_word' id='word_1_1633' title='bbox 2245 2808 2352 2850; x_wconf 76' lang='lat' dir='ltr'>absente</span> <span class='ocrx_word' id='word_1_1634' title='bbox 2370 2809 2418 2840; x_wconf 81' lang='lat' dir='ltr'>do.</span> <span class='ocrx_word' id='word_1_1635' title='bbox 2448 2819 2458 2841; x_wconf 62' lang='lat' dir='ltr'>g</span> 
     </span>
     <span class='ocr_line' id='line_1_94' title="bbox 243 2845 2453 2887; baseline -0.002 -11"><span class='ocrx_word' id='word_1_1636' title='bbox 243 2864 254 2877; x_wconf 73' lang='grc'>.</span> <span class='ocrx_word' id='word_1_1637' title='bbox 269 2853 503 2887; x_wconf 77' lang='lat' dir='ltr'>PROPVGNO,</span> <span class='ocrx_word' id='word_1_1638' title='bbox 523 2856 577 2879; x_wconf 68' lang='lat' dir='ltr'>are.</span> <span class='ocrx_word' id='word_1_1639' title='bbox 617 2851 812 2887; x_wconf 70' lang='grc' dir='ltr'>[ὅπεμσ-πίζω]</span> <span class='ocrx_word' id='word_1_1640' title='bbox 849 2852 989 2885; x_wconf 82' lang='lat' dir='ltr'>Pugnando</span> <span class='ocrx_word' id='word_1_1641' title='bbox 1008 2849 1144 2883; x_wconf 63' lang='lat' dir='ltr'>defendere</span> <span class='ocrx_word' id='word_1_1642' title='bbox 1162 2860 1193 2876; x_wconf 86' lang='lat' dir='ltr'>ac</span> <span class='ocrx_word' id='word_1_1643' title='bbox 1213 2850 1289 2876; x_wconf 80' lang='lat' dir='ltr'>tueri.</span> <span class='ocrx_word' id='word_1_1644' title='bbox 1352 2851 1429 2878; x_wconf 90' lang='lat' dir='ltr'>mino</span> <span class='ocrx_word' id='word_1_1645' title='bbox 1445 2859 1458 2876; x_wconf 89' lang='lat' dir='ltr'>a</span> <span class='ocrx_word' id='word_1_1646' title='bbox 1473 2848 1615 2884; x_wconf 79' lang='lat' dir='ltr'>magistro,</span> <span class='ocrx_word' id='word_1_1647' title='bbox 1643 2847 1685 2874; x_wconf 85' lang='lat' dir='ltr'>vel</span> <span class='ocrx_word' id='word_1_1648' title='bbox 1706 2847 1903 2883; x_wconf 80' lang='lat' dir='ltr'>gubernatore,</span> <span class='ocrx_word' id='word_1_1649' title='bbox 1923 2854 1968 2874; x_wconf 87' lang='lat' dir='ltr'>aut</span> <span class='ocrx_word' id='word_1_1650' title='bbox 1987 2853 2111 2883; x_wconf 87' lang='lat' dir='ltr'>proreta,</span> <span class='ocrx_word' id='word_1_1651' title='bbox 2131 2850 2246 2872; x_wconf 83' lang='lat' dir='ltr'>nautaue</span> <span class='ocrx_word' id='word_1_1652' title='bbox 2266 2845 2359 2881; x_wconf 82' lang='lat' dir='ltr'>aliquo</span> <span class='ocrx_word' id='word_1_1653' title='bbox 2379 2845 2418 2872; x_wconf 81' lang='lat' dir='ltr'>fa·</span> <span class='ocrx_word' id='word_1_1654' title='bbox 2440 2873 2453 2882; x_wconf 21' lang='lat' dir='ltr'>v,</span> 
     </span>
     <span class='ocr_line' id='line_1_95' title="bbox 232 2882 2399 2923; baseline -0.003 -8"><span class='ocrx_word' id='word_1_1655' title='bbox 232 2882 299 2909; x_wconf 70' lang='lat' dir='ltr'>Plin·</span> <span class='ocrx_word' id='word_1_1656' title='bbox 315 2893 347 2915; x_wconf 75' lang='lat'>¹²2</span> <span class='ocrx_word' id='word_1_1657' title='bbox 362 2895 386 2919; x_wconf 86' lang='lat'>¹9</span> <span class='ocrx_word' id='word_1_1658' title='bbox 406 2887 477 2914; x_wconf 84' lang='lat' dir='ltr'>Casia</span> <span class='ocrx_word' id='word_1_1659' title='bbox 491 2888 561 2915; x_wconf 84' lang='lat' dir='ltr'>circa</span> <span class='ocrx_word' id='word_1_1660' title='bbox 577 2887 701 2923; x_wconf 85' lang='lat' dir='ltr'>paludes,</span> <span class='ocrx_word' id='word_1_1661' title='bbox 727 2892 915 2922; x_wconf 85' lang='lat' dir='ltr'>propugnante</span> <span class='ocrx_word' id='word_1_1662' title='bbox 928 2885 1062 2920; x_wconf 78' lang='lat' dir='ltr'>vnguibus</span> <span class='ocrx_word' id='word_1_1663' title='bbox 1081 2885 1143 2912; x_wconf 90' lang='lat' dir='ltr'>diro</span> <span class='ocrx_word' id='word_1_1664' title='bbox 1164 2885 1291 2920; x_wconf 87' lang='lat' dir='ltr'>vesperti-</span> <span class='ocrx_word' id='word_1_1665' title='bbox 1352 2887 1427 2914; x_wconf 68' lang='lat' dir='ltr'>&amp;nm</span> <span class='ocrx_word' id='word_1_1666' title='bbox 1449 2885 1486 2912; x_wconf 84' lang='lat' dir='ltr'>sit.</span> <span class='ocrx_word' id='word_1_1667' title='bbox 1523 2885 1577 2910; x_wconf 75' lang='lat' dir='ltr'>vid.</span> <span class='ocrx_word' id='word_1_1668' title='bbox 1595 2884 1701 2912; x_wconf 70' lang='lat' dir='ltr'>Tarmb.</span> <span class='ocrx_word' id='word_1_1669' title='bbox 1713 2883 1820 2919; x_wconf 78' lang='lat' dir='ltr'>Aduers.</span> <span class='ocrx_word' id='word_1_1670' title='bbox 1829 2889 1867 2919; x_wconf 80' lang='lat'>28,</span> <span class='ocrx_word' id='word_1_1671' title='bbox 1881 2893 1917 2918; x_wconf 82' lang='grc'>43.</span> <span class='ocrx_word' id='word_1_1672' title='bbox 2396 2892 2399 2894; x_wconf 94' lang='grc'><strong><em>·</em></strong></span> 
     </span>
    </p>
   </div>
   <div class='ocr_carea' id='block_1_10' title="bbox 229 2918 2487 3282">
    <p class='ocr_par' dir='ltr' id='par_1_16' title="bbox 229 2918 2487 3174">
     <span class='ocr_line' id='line_1_96' title="bbox 231 2918 2487 2958; baseline -0.001 -14"><span class='ocrx_word' id='word_1_1673' title='bbox 231 2918 333 2946; x_wconf 86' lang='lat' dir='ltr'>lionum</span> <span class='ocrx_word' id='word_1_1674' title='bbox 346 2930 454 2958; x_wconf 81' lang='lat' dir='ltr'>genere,</span> <span class='ocrx_word' id='word_1_1675' title='bbox 473 2924 634 2958; x_wconf 80' lang='lat' dir='ltr'>aligerisque</span> <span class='ocrx_word' id='word_1_1676' title='bbox 648 2922 830 2958; x_wconf 86' lang='lat' dir='ltr'>serpentibus,</span> <span class='ocrx_word' id='word_1_1677' title='bbox 860 2921 902 2949; x_wconf 82' lang='lat' dir='ltr'>his</span> <span class='ocrx_word' id='word_1_1678' title='bbox 927 2921 1088 2948; x_wconf 87' lang='lat' dir='ltr'>commentis</span> <span class='ocrx_word' id='word_1_1679' title='bbox 1109 2928 1234 2955; x_wconf 84' lang='lat' dir='ltr'>augentes</span> <span class='ocrx_word' id='word_1_1680' title='bbox 1251 2930 1292 2947; x_wconf 89' lang='lat' dir='ltr'>re-</span> <span class='ocrx_word' id='word_1_1681' title='bbox 1388 2929 1432 2948; x_wconf 86' lang='lat' dir='ltr'>PR</span> <span class='ocrx_word' id='word_1_1682' title='bbox 1444 2927 1590 2953; x_wconf 77' lang='lat' dir='ltr'>OREVS‚</span> <span class='ocrx_word' id='word_1_1683' title='bbox 1619 2920 1653 2946; x_wconf 87' lang='lat' dir='ltr'>ei.</span> <span class='ocrx_word' id='word_1_1684' title='bbox 1677 2929 1714 2947; x_wconf 88' lang='lat' dir='ltr'>m.</span> <span class='ocrx_word' id='word_1_1685' title='bbox 1752 2922 1867 2947; x_wconf 75' lang='lat' dir='ltr'>Duarum</span> <span class='ocrx_word' id='word_1_1686' title='bbox 1891 2918 2044 2955; x_wconf 72' lang='lat' dir='ltr'>syL&#39;abarum</span> <span class='ocrx_word' id='word_1_1687' title='bbox 2068 2928 2133 2952; x_wconf 75' lang='lat' dir='ltr'>vox,</span> <span class='ocrx_word' id='word_1_1688' title='bbox 2168 2918 2301 2954; x_wconf 74' lang='lat' dir='ltr'>proprium</span> <span class='ocrx_word' id='word_1_1689' title='bbox 2325 2923 2417 2944; x_wconf 74' lang='lat' dir='ltr'>nautae</span> <span class='ocrx_word' id='word_1_1690' title='bbox 2449 2926 2465 2951; x_wconf 64' lang='grc' dir='ltr'>ί,</span> <span class='ocrx_word' id='word_1_1691' title='bbox 2486 2918 2487 2924; x_wconf 69' lang='grc'><strong>“</strong></span> 
     </span>
     <span class='ocr_line' id='line_1_97' title="bbox 233 2953 2418 2994; baseline -0.003 -7"><span class='ocrx_word' id='word_1_1692' title='bbox 233 2962 291 2980; x_wconf 66' lang='lat' dir='ltr'>rum</span> <span class='ocrx_word' id='word_1_1693' title='bbox 305 2957 394 2990; x_wconf 74' lang='lat' dir='ltr'>pretia.</span> <span class='ocrx_word' id='word_1_1694' title='bbox 465 2959 572 2988; x_wconf 89' lang='lat' dir='ltr'>Sueton.</span> <span class='ocrx_word' id='word_1_1695' title='bbox 587 2960 659 2987; x_wconf 86' lang='lat' dir='ltr'>Caes.</span> <span class='ocrx_word' id='word_1_1696' title='bbox 675 2969 697 2986; x_wconf 87' lang='lat' dir='ltr'>c.</span> <span class='ocrx_word' id='word_1_1697' title='bbox 712 2968 737 2991; x_wconf 86' lang='lat'>23</span> <span class='ocrx_word' id='word_1_1698' title='bbox 761 2959 818 2992; x_wconf 78' lang='lat' dir='ltr'>Qii</span> <span class='ocrx_word' id='word_1_1699' title='bbox 835 2957 884 2985; x_wconf 87' lang='lat' dir='ltr'>sibi</span> <span class='ocrx_word' id='word_1_1700' title='bbox 897 2957 1053 2993; x_wconf 76' lang='lat' dir='ltr'>pepigissent</span> <span class='ocrx_word' id='word_1_1701' title='bbox 1072 2962 1290 2992; x_wconf 82' lang='lat' dir='ltr'>propugnaturos</span> <span class='ocrx_word' id='word_1_1702' title='bbox 1306 2954 1339 2984; x_wconf 77' lang='lat'>75</span> <span class='ocrx_word' id='word_1_1703' title='bbox 1354 2961 1423 2994; x_wconf 76' lang='lat' dir='ltr'>apud</span> <span class='ocrx_word' id='word_1_1704' title='bbox 1435 2957 1518 2993; x_wconf 84' lang='lat' dir='ltr'>Ouid.</span> <span class='ocrx_word' id='word_1_1705' title='bbox 1527 2957 1592 2984; x_wconf 75' lang='lat' dir='ltr'>Met.</span> <span class='ocrx_word' id='word_1_1706' title='bbox 1606 2966 1627 2991; x_wconf 84' lang='grc'><strong>3,</strong></span> <span class='ocrx_word' id='word_1_1707' title='bbox 1641 2959 1694 2988; x_wconf 70' lang='grc'>634.</span> <span class='ocrx_word' id='word_1_1708' title='bbox 1716 2957 1823 2982; x_wconf 81' lang='lat' dir='ltr'>Dicitur</span> <span class='ocrx_word' id='word_1_1709' title='bbox 1847 2963 1929 2982; x_wconf 78' lang='lat' dir='ltr'>autem</span> <span class='ocrx_word' id='word_1_1710' title='bbox 1954 2960 2056 2990; x_wconf 68' lang='grc' dir='ltr'>πςωςεῡς</span> <span class='ocrx_word' id='word_1_1711' title='bbox 2076 2955 2181 2981; x_wconf 76' lang='lat' dir='ltr'>Graecis</span> <span class='ocrx_word' id='word_1_1712' title='bbox 2198 2955 2243 2989; x_wconf 84' lang='lat' dir='ltr'>qui</span> <span class='ocrx_word' id='word_1_1713' title='bbox 2255 2960 2278 2980; x_wconf 79' lang='lat' dir='ltr'>et</span> <span class='ocrx_word' id='word_1_1714' title='bbox 2297 2953 2418 2991; x_wconf 76' lang='lat' dir='ltr'>Proreta,</span> 
     </span>
     <span class='ocr_line' id='line_1_98' title="bbox 234 2989 2455 3031; baseline 0 -15"><span class='ocrx_word' id='word_1_1715' title='bbox 234 2989 371 3019; x_wconf 79' lang='lat' dir='ltr'>absentiam</span> <span class='ocrx_word' id='word_1_1716' title='bbox 388 2993 468 3022; x_wconf 79' lang='lat' dir='ltr'>stiam.</span> <span class='ocrx_word' id='word_1_1717' title='bbox 542 2997 713 3031; x_wconf 83' lang='lat' dir='ltr'>Propugnare</span> <span class='ocrx_word' id='word_1_1718' title='bbox 727 2994 884 3028; x_wconf 87' lang='lat' dir='ltr'>commoda,</span> <span class='ocrx_word' id='word_1_1719' title='bbox 905 2994 1023 3029; x_wconf 88' lang='lat' dir='ltr'>patriae,</span> <span class='ocrx_word' id='word_1_1720' title='bbox 1041 3000 1087 3028; x_wconf 86' lang='lat' dir='ltr'>pro</span> <span class='ocrx_word' id='word_1_1721' title='bbox 1103 2993 1180 3019; x_wconf 82' lang='lat' dir='ltr'>Tueri</span> <span class='ocrx_word' id='word_1_1722' title='bbox 1203 2999 1229 3019; x_wconf 83' lang='lat' dir='ltr'>et</span> <span class='ocrx_word' id='word_1_1723' title='bbox 1249 2995 1291 3018; x_wconf 83' lang='lat' dir='ltr'>de-</span> <span class='ocrx_word' id='word_1_1724' title='bbox 1353 2995 1384 3021; x_wconf 70' lang='lat' dir='ltr'>id</span> <span class='ocrx_word' id='word_1_1725' title='bbox 1394 2993 1426 3029; x_wconf 70' lang='lat' dir='ltr'>.st</span> <span class='ocrx_word' id='word_1_1726' title='bbox 1435 3000 1528 3028; x_wconf 82' lang='lat' dir='ltr'>prorae</span> <span class='ocrx_word' id='word_1_1727' title='bbox 1538 2993 1699 3027; x_wconf 71' lang='lat' dir='ltr'>gubernator,</span> <span class='ocrx_word' id='word_1_1728' title='bbox 1711 3000 1741 3018; x_wconf 79' lang='lat' dir='ltr'>vt</span> <span class='ocrx_word' id='word_1_1729' title='bbox 1753 2992 1846 3018; x_wconf 75' lang='lat' dir='ltr'>diflmn</span> <span class='ocrx_word' id='word_1_1730' title='bbox 1859 2992 1902 3029; x_wconf 85' lang='lat' dir='ltr'>cst.</span> <span class='ocrx_word' id='word_1_1731' title='bbox 2420 3011 2421 3015; x_wconf 59' lang='grc'>,</span> <span class='ocrx_word' id='word_1_1732' title='bbox 2438 3022 2440 3026; x_wconf 59' lang='lat'>.</span> <span class='ocrx_word' id='word_1_1733' title='bbox 2454 3003 2455 3006; x_wconf 46' lang='lat'>¹</span> 
     </span>
     <span class='ocr_line' id='line_1_99' title="bbox 229 3023 2443 3067; baseline -0.004 -11"><span class='ocrx_word' id='word_1_1734' title='bbox 229 3023 331 3065; x_wconf 56' lang='lat' dir='ltr'>findere</span> <span class='ocrx_word' id='word_1_1735' title='bbox 344 3030 455 3064; x_wconf 62' lang='lat' dir='ltr'>aduersus</span> <span class='ocrx_word' id='word_1_1736' title='bbox 474 3031 575 3067; x_wconf 76' lang='lat' dir='ltr'>bostium</span> <span class='ocrx_word' id='word_1_1737' title='bbox 607 3034 721 3067; x_wconf 76' lang='lat' dir='ltr'>impetum</span> <span class='ocrx_word' id='word_1_1738' title='bbox 753 3033 861 3058; x_wconf 80' lang='lat' dir='ltr'>laudant</span> <span class='ocrx_word' id='word_1_1739' title='bbox 903 3030 961 3057; x_wconf 88' lang='lat' dir='ltr'>Cic.</span> <span class='ocrx_word' id='word_1_1740' title='bbox 980 3029 1012 3056; x_wconf 87' lang='lat' dir='ltr'>de</span> <span class='ocrx_word' id='word_1_1741' title='bbox 1035 3031 1141 3057; x_wconf 88' lang='lat' dir='ltr'>Inuent.</span> <span class='ocrx_word' id='word_1_1742' title='bbox 1161 3038 1180 3062; x_wconf 89' lang='grc' dir='ltr'>ι,</span> <span class='ocrx_word' id='word_1_1743' title='bbox 1201 3039 1210 3056; x_wconf 92' lang='grc' dir='ltr'>ι</span> <span class='ocrx_word' id='word_1_1744' title='bbox 1234 3029 1291 3063; x_wconf 83' lang='lat' dir='ltr'>Qti</span> <span class='ocrx_word' id='word_1_1745' title='bbox 1392 3029 1553 3057; x_wconf 71' lang='lat' dir='ltr'>PRORJZP</span> <span class='ocrx_word' id='word_1_1746' title='bbox 1568 3035 1608 3062; x_wconf 88' lang='grc' dir='ltr'>ο,</span> <span class='ocrx_word' id='word_1_1747' title='bbox 1628 3028 1679 3063; x_wconf 83' lang='lat' dir='ltr'>pli,</span> <span class='ocrx_word' id='word_1_1748' title='bbox 1700 3034 1790 3063; x_wconf 86' lang='lat' dir='ltr'>ptum,</span> <span class='ocrx_word' id='word_1_1749' title='bbox 1811 3030 1865 3055; x_wconf 62' lang='lat' dir='ltr'>ihre.</span> <span class='ocrx_word' id='word_1_1750' title='bbox 1903 3028 2063 3062; x_wconf 69' lang='grc' dir='ltr'>[ἰξερπύζω]</span> <span class='ocrx_word' id='word_1_1751' title='bbox 2121 3027 2196 3053; x_wconf 81' lang='lat' dir='ltr'>Vltra</span> <span class='ocrx_word' id='word_1_1752' title='bbox 2217 3025 2245 3050; x_wconf 76' lang='lat' dir='ltr'>in</span> <span class='ocrx_word' id='word_1_1753' title='bbox 2268 3023 2416 3066; x_wconf 55' lang='lat' dir='ltr'>cpnspec‘Jufn</span> <span class='ocrx_word' id='word_1_1754' title='bbox 2439 3041 2443 3048; x_wconf 91' lang='lat'>.</span> 
     </span>
     <span class='ocr_line' id='line_1_100' title="bbox 235 3060 2441 3102; baseline 0.002 -19"><span class='ocrx_word' id='word_1_1755' title='bbox 235 3067 301 3085; x_wconf 84' lang='lat' dir='ltr'>vero</span> <span class='ocrx_word' id='word_1_1756' title='bbox 314 3067 350 3087; x_wconf 85' lang='lat' dir='ltr'>ua</span> <span class='ocrx_word' id='word_1_1757' title='bbox 363 3063 386 3089; x_wconf 87' lang='lat' dir='ltr'>se</span> <span class='ocrx_word' id='word_1_1758' title='bbox 400 3072 480 3093; x_wconf 85' lang='lat' dir='ltr'>armat</span> <span class='ocrx_word' id='word_1_1759' title='bbox 493 3067 647 3102; x_wconf 86' lang='lat' dir='ltr'>eloquentia</span> <span class='ocrx_word' id='word_1_1760' title='bbox 656 3088 664 3100; x_wconf 87' lang='lat'>,</span> <span class='ocrx_word' id='word_1_1761' title='bbox 683 3073 711 3093; x_wconf 89' lang='lat' dir='ltr'>vt</span> <span class='ocrx_word' id='word_1_1762' title='bbox 725 3077 780 3094; x_wconf 91' lang='lat' dir='ltr'>non</span> <span class='ocrx_word' id='word_1_1763' title='bbox 794 3075 950 3102; x_wconf 82' lang='lat' dir='ltr'>oppugnare</span> <span class='ocrx_word' id='word_1_1764' title='bbox 963 3065 1103 3092; x_wconf 84' lang='lat' dir='ltr'>commoda</span> <span class='ocrx_word' id='word_1_1765' title='bbox 1117 3065 1217 3100; x_wconf 89' lang='lat' dir='ltr'>patriae</span> <span class='ocrx_word' id='word_1_1766' title='bbox 1227 3086 1234 3098; x_wconf 94' lang='lat'>,</span> <span class='ocrx_word' id='word_1_1767' title='bbox 1247 3075 1291 3091; x_wconf 81' lang='lat' dir='ltr'>vc·</span> <span class='ocrx_word' id='word_1_1768' title='bbox 1352 3073 1447 3102; x_wconf 81' lang='lat' dir='ltr'>repere.</span> <span class='ocrx_word' id='word_1_1769' title='bbox 1521 3065 1652 3093; x_wconf 87' lang='lat' dir='ltr'>Columel.</span> <span class='ocrx_word' id='word_1_1770' title='bbox 1666 3074 1690 3098; x_wconf 82' lang='grc'>3,</span> <span class='ocrx_word' id='word_1_1771' title='bbox 1700 3074 1713 3098; x_wconf 78' lang='grc' dir='ltr'>ς</span> <span class='ocrx_word' id='word_1_1772' title='bbox 1735 3065 1770 3091; x_wconf 68' lang='grc' dir='ltr'>Ἣ</span> <span class='ocrx_word' id='word_1_1773' title='bbox 1790 3072 1862 3091; x_wconf 88' lang='lat' dir='ltr'>mota</span> <span class='ocrx_word' id='word_1_1774' title='bbox 1882 3064 2027 3100; x_wconf 74' lang='lat' dir='ltr'>aequaliter</span> <span class='ocrx_word' id='word_1_1775' title='bbox 2045 3064 2159 3095; x_wconf 75' lang='lat' dir='ltr'>humus,</span> <span class='ocrx_word' id='word_1_1776' title='bbox 2185 3060 2289 3101; x_wconf 79' lang='lat' dir='ltr'>nouelli</span> <span class='ocrx_word' id='word_1_1777' title='bbox 2308 3061 2417 3100; x_wconf 73' lang='lat' dir='ltr'>seminis</span> <span class='ocrx_word' id='word_1_1778' title='bbox 2440 3083 2441 3087; x_wconf 71' lang='grc'>,</span> 
     </span>
     <span class='ocr_line' id='line_1_101' title="bbox 235 3096 2416 3138; baseline -0.005 -4"><span class='ocrx_word' id='word_1_1779' title='bbox 235 3103 295 3134; x_wconf 78' lang='lat' dir='ltr'>¹&#39;.¹¹m</span> <span class='ocrx_word' id='word_1_1780' title='bbox 309 3104 469 3134; x_wconf 69' lang='lat' dir='ltr'>propugnare</span> <span class='ocrx_word' id='word_1_1781' title='bbox 482 3104 571 3137; x_wconf 65' lang='lat' dir='ltr'>possm</span> <span class='ocrx_word' id='word_1_1782' title='bbox 609 3104 631 3130; x_wconf 81' lang='lat' dir='ltr'>is</span> <span class='ocrx_word' id='word_1_1783' title='bbox 646 3102 715 3129; x_wconf 87' lang='lat' dir='ltr'>mihi</span> <span class='ocrx_word' id='word_1_1784' title='bbox 730 3103 774 3130; x_wconf 91' lang='lat' dir='ltr'>vir</span> <span class='ocrx_word' id='word_1_1785' title='bbox 787 3109 814 3129; x_wconf 91' lang='lat' dir='ltr'>et</span> <span class='ocrx_word' id='word_1_1786' title='bbox 829 3103 881 3130; x_wconf 85' lang='lat' dir='ltr'>suis</span> <span class='ocrx_word' id='word_1_1787' title='bbox 896 3108 921 3129; x_wconf 85' lang='lat' dir='ltr'>ct</span> <span class='ocrx_word' id='word_1_1788' title='bbox 940 3102 1056 3138; x_wconf 79' lang='lat' dir='ltr'>publicis</span> <span class='ocrx_word' id='word_1_1789' title='bbox 1069 3101 1220 3129; x_wconf 87' lang='lat' dir='ltr'>rationibus</span> <span class='ocrx_word' id='word_1_1790' title='bbox 1241 3101 1292 3127; x_wconf 84' lang='lat' dir='ltr'>vti·</span> <span class='ocrx_word' id='word_1_1791' title='bbox 1353 3102 1505 3135; x_wconf 87' lang='lat' dir='ltr'>radicibus,</span> <span class='ocrx_word' id='word_1_1792' title='bbox 1544 3109 1729 3136; x_wconf 87' lang='lat' dir='ltr'>quamcunque</span> <span class='ocrx_word' id='word_1_1793' title='bbox 1760 3101 1789 3127; x_wconf 92' lang='lat' dir='ltr'>in</span> <span class='ocrx_word' id='word_1_1794' title='bbox 1818 3108 1919 3135; x_wconf 80' lang='lat' dir='ltr'>partem</span> <span class='ocrx_word' id='word_1_1795' title='bbox 1948 3099 2146 3135; x_wconf 80' lang='lat' dir='ltr'>prorepserint,</span> <span class='ocrx_word' id='word_1_1796' title='bbox 2187 3097 2308 3125; x_wconf 77' lang='lat' dir='ltr'>molliter</span> <span class='ocrx_word' id='word_1_1797' title='bbox 2334 3096 2416 3124; x_wconf 82' lang='lat' dir='ltr'>cedat.</span> 
     </span>
     <span class='ocr_line' id='line_1_102' title="bbox 236 3129 2416 3174; baseline -0.002 -11"><span class='ocrx_word' id='word_1_1798' title='bbox 236 3129 362 3171; x_wconf 44' lang='lat' dir='ltr'>¹¹ffi¹¹¹llsg</span> <span class='ocrx_word' id='word_1_1799' title='bbox 420 3137 466 3163; x_wconf 82' lang='lat' dir='ltr'>Sed</span> <span class='ocrx_word' id='word_1_1800' title='bbox 479 3139 554 3167; x_wconf 86' lang='lat' dir='ltr'>Gron.</span> <span class='ocrx_word' id='word_1_1801' title='bbox 575 3149 624 3174; x_wconf 88' lang='lat' dir='ltr'>pro</span> <span class='ocrx_word' id='word_1_1802' title='bbox 639 3139 679 3165; x_wconf 86' lang='lat' dir='ltr'>his</span> <span class='ocrx_word' id='word_1_1803' title='bbox 694 3148 820 3174; x_wconf 83' lang='lat' dir='ltr'>pugnare.</span> <span class='ocrx_word' id='word_1_1804' title='bbox 893 3138 950 3166; x_wconf 88' lang='lat' dir='ltr'>cic.</span> <span class='ocrx_word' id='word_1_1805' title='bbox 963 3147 1014 3173; x_wconf 88' lang='lat' dir='ltr'>pro</span> <span class='ocrx_word' id='word_1_1806' title='bbox 1023 3137 1114 3165; x_wconf 84' lang='lat' dir='ltr'>Rabir.</span> <span class='ocrx_word' id='word_1_1807' title='bbox 1127 3147 1157 3170; x_wconf 84' lang='lat'>30</span> <span class='ocrx_word' id='word_1_1808' title='bbox 1177 3137 1290 3170; x_wconf 85' lang='lat' dir='ltr'>Testor,</span> <span class='ocrx_word' id='word_1_1809' title='bbox 1304 3143 1338 3170; x_wconf 84' lang='lat'>80</span> <span class='ocrx_word' id='word_1_1810' title='bbox 1353 3139 1422 3165; x_wconf 85' lang='lat' dir='ltr'>Hor.</span> <span class='ocrx_word' id='word_1_1811' title='bbox 1437 3139 1487 3166; x_wconf 81' lang='lat' dir='ltr'>Sat.</span> <span class='ocrx_word' id='word_1_1812' title='bbox 1503 3148 1521 3169; x_wconf 89' lang='grc' dir='ltr'>ι,</span> <span class='ocrx_word' id='word_1_1813' title='bbox 1536 3147 1554 3169; x_wconf 89' lang='grc' dir='ltr'>ι,</span> <span class='ocrx_word' id='word_1_1814' title='bbox 1569 3145 1599 3172; x_wconf 85' lang='grc'>37</span> <span class='ocrx_word' id='word_1_1815' title='bbox 1617 3139 1647 3163; x_wconf 77' lang='lat' dir='ltr'>de</span> <span class='ocrx_word' id='word_1_1816' title='bbox 1656 3137 1769 3171; x_wconf 65' lang='lat' dir='ltr'>firmic-a</span> <span class='ocrx_word' id='word_1_1817' title='bbox 1796 3137 1860 3164; x_wconf 88' lang='lat' dir='ltr'>Non</span> <span class='ocrx_word' id='word_1_1818' title='bbox 1881 3146 1990 3172; x_wconf 82' lang='lat' dir='ltr'>vsquaiu</span> <span class='ocrx_word' id='word_1_1819' title='bbox 2009 3135 2140 3171; x_wconf 86' lang='lat' dir='ltr'>prorepit.</span> <span class='ocrx_word' id='word_1_1820' title='bbox 2212 3134 2305 3166; x_wconf 70' lang='lat' dir='ltr'>Quum</span> <span class='ocrx_word' id='word_1_1821' title='bbox 2324 3141 2416 3168; x_wconf 87' lang='lat' dir='ltr'>prore-</span> 
     </span>
    </p>

    <p class='ocr_par' dir='ltr' id='par_1_17' title="bbox 237 3168 2477 3282">
     <span class='ocr_line' id='line_1_103' title="bbox 237 3168 2477 3210; baseline 0.001 -18"><span class='ocrx_word' id='word_1_1822' title='bbox 237 3174 279 3204; x_wconf 78' lang='lat' dir='ltr'>me</span> <span class='ocrx_word' id='word_1_1823' title='bbox 293 3175 342 3200; x_wconf 89' lang='lat' dir='ltr'>pro</span> <span class='ocrx_word' id='word_1_1824' title='bbox 357 3168 461 3197; x_wconf 82' lang='lat' dir='ltr'>illorum</span> <span class='ocrx_word' id='word_1_1825' title='bbox 476 3173 559 3208; x_wconf 84' lang='lat' dir='ltr'>fama,</span> <span class='ocrx_word' id='word_1_1826' title='bbox 579 3176 680 3210; x_wconf 84' lang='lat' dir='ltr'>gloria,</span> <span class='ocrx_word' id='word_1_1827' title='bbox 699 3175 845 3207; x_wconf 89' lang='lat' dir='ltr'>memoria,</span> <span class='ocrx_word' id='word_1_1828' title='bbox 864 3184 920 3201; x_wconf 88' lang='lat' dir='ltr'>non</span> <span class='ocrx_word' id='word_1_1829' title='bbox 934 3176 1006 3202; x_wconf 88' lang='lat' dir='ltr'>secus</span> <span class='ocrx_word' id='word_1_1830' title='bbox 1020 3183 1049 3201; x_wconf 87' lang='lat' dir='ltr'>ac</span> <span class='ocrx_word' id='word_1_1831' title='bbox 1072 3183 1121 3210; x_wconf 90' lang='lat' dir='ltr'>pro</span> <span class='ocrx_word' id='word_1_1832' title='bbox 1141 3174 1233 3208; x_wconf 88' lang='lat' dir='ltr'>patriis</span> <span class='ocrx_word' id='word_1_1833' title='bbox 1253 3174 1292 3200; x_wconf 85' lang='lat' dir='ltr'>fa·</span> <span class='ocrx_word' id='word_1_1834' title='bbox 1353 3175 1460 3210; x_wconf 83' lang='lat' dir='ltr'>pserunt</span> <span class='ocrx_word' id='word_1_1835' title='bbox 1478 3173 1573 3209; x_wconf 87' lang='lat' dir='ltr'>primis</span> <span class='ocrx_word' id='word_1_1836' title='bbox 1586 3173 1712 3200; x_wconf 84' lang='lat' dir='ltr'>animalia</span> <span class='ocrx_word' id='word_1_1837' title='bbox 1726 3174 1806 3200; x_wconf 85' lang='lat' dir='ltr'>terris</span> <span class='ocrx_word' id='word_1_1838' title='bbox 1827 3174 1896 3200; x_wconf 83' lang='lat' dir='ltr'>Hor.</span> <span class='ocrx_word' id='word_1_1839' title='bbox 1910 3173 1993 3200; x_wconf 84' lang='lat' dir='ltr'>Serm.</span> <span class='ocrx_word' id='word_1_1840' title='bbox 2009 3182 2026 3205; x_wconf 87' lang='grc' dir='ltr'>ι,</span> <span class='ocrx_word' id='word_1_1841' title='bbox 2040 3181 2062 3205; x_wconf 81' lang='grc'>3,</span> <span class='ocrx_word' id='word_1_1842' title='bbox 2080 3180 2124 3205; x_wconf 78' lang='lat'>99.</span> <span class='ocrx_word' id='word_1_1843' title='bbox 2234 3170 2381 3210; x_wconf 69' lang='lat' dir='ltr'>Prorepere</span> <span class='ocrx_word' id='word_1_1844' title='bbox 2401 3176 2435 3205; x_wconf 26' lang='lat' dir='ltr'>ey·</span> <span class='ocrx_word' id='word_1_1845' title='bbox 2475 3172 2477 3180; x_wconf 74' lang='lat'><strong><em>¹</em></strong></span> 
     </span>
     <span class='ocr_line' id='line_1_104' title="bbox 238 3204 2416 3246; baseline -0.001 -13"><span class='ocrx_word' id='word_1_1846' title='bbox 238 3209 296 3233; x_wconf 73' lang='lat'>¹¹¹⁵,</span> <span class='ocrx_word' id='word_1_1847' title='bbox 312 3207 388 3236; x_wconf 70' lang='lat' dir='ltr'>atque</span> <span class='ocrx_word' id='word_1_1848' title='bbox 403 3204 516 3235; x_wconf 83' lang='lat' dir='ltr'>delubris</span> <span class='ocrx_word' id='word_1_1849' title='bbox 529 3211 751 3246; x_wconf 84' lang='lat' dir='ltr'>propugnandum</span> <span class='ocrx_word' id='word_1_1850' title='bbox 767 3216 870 3246; x_wconf 85' lang='lat' dir='ltr'>putare.</span> <span class='ocrx_word' id='word_1_1851' title='bbox 945 3212 997 3237; x_wconf 91' lang='lat' dir='ltr'>Pro</span> <span class='ocrx_word' id='word_1_1852' title='bbox 1018 3209 1208 3237; x_wconf 85' lang='lat' dir='ltr'>innocentibus</span> <span class='ocrx_word' id='word_1_1853' title='bbox 1231 3219 1291 3245; x_wconf 88' lang='lat' dir='ltr'>pro-</span> <span class='ocrx_word' id='word_1_1854' title='bbox 1353 3211 1425 3238; x_wconf 87' lang='lat' dir='ltr'>cauis</span> <span class='ocrx_word' id='word_1_1855' title='bbox 1445 3211 1512 3238; x_wconf 86' lang='lat' dir='ltr'>Plin.</span> <span class='ocrx_word' id='word_1_1856' title='bbox 1527 3216 1551 3241; x_wconf 80' lang='lat'>8,</span> <span class='ocrx_word' id='word_1_1857' title='bbox 1565 3219 1602 3242; x_wconf 86' lang='lat'>39.</span> <span class='ocrx_word' id='word_1_1858' title='bbox 1674 3209 1808 3236; x_wconf 84' lang='lat' dir='ltr'>Columel.</span> <span class='ocrx_word' id='word_1_1859' title='bbox 1833 3219 1860 3242; x_wconf 85' lang='grc'>3,</span> <span class='ocrx_word' id='word_1_1860' title='bbox 1882 3219 1909 3236; x_wconf 76' lang='lat' dir='ltr'>m</span> <span class='ocrx_word' id='word_1_1861' title='bbox 1928 3209 1991 3236; x_wconf 77' lang='lat' dir='ltr'>Illae</span> <span class='ocrx_word' id='word_1_1862' title='bbox 2005 3207 2108 3234; x_wconf 83' lang='lat' dir='ltr'>fertiles</span> <span class='ocrx_word' id='word_1_1863' title='bbox 2120 3215 2148 3233; x_wconf 82' lang='lat' dir='ltr'>ac</span> <span class='ocrx_word' id='word_1_1864' title='bbox 2170 3205 2280 3238; x_wconf 82' lang='lat' dir='ltr'>firmae,</span> <span class='ocrx_word' id='word_1_1865' title='bbox 2300 3213 2381 3246; x_wconf 32' lang='lat' dir='ltr'>‘qma</span> <span class='ocrx_word' id='word_1_1866' title='bbox 2395 3212 2416 3246; x_wconf 59' lang='lat' dir='ltr'>f</span> 
     </span>
     <span class='ocr_line' id='line_1_105' title="bbox 239 3240 2436 3282; baseline 0 -15"><span class='ocrx_word' id='word_1_1867' title='bbox 239 3244 371 3270; x_wconf 63' lang='lat' dir='ltr'>pugnare,</span> <span class='ocrx_word' id='word_1_1868' title='bbox 388 3247 410 3265; x_wconf 79' lang='lat' dir='ltr'>et</span> <span class='ocrx_word' id='word_1_1869' title='bbox 429 3241 559 3272; x_wconf 86' lang='lat' dir='ltr'>Nocentes</span> <span class='ocrx_word' id='word_1_1870' title='bbox 574 3255 738 3282; x_wconf 82' lang='lat' dir='ltr'>oppugnare,</span> <span class='ocrx_word' id='word_1_1871' title='bbox 757 3247 865 3282; x_wconf 76' lang='lat' dir='ltr'>opposita</span> <span class='ocrx_word' id='word_1_1872' title='bbox 886 3247 997 3274; x_wconf 87' lang='lat' dir='ltr'>Pseudo-</span> <span class='ocrx_word' id='word_1_1873' title='bbox 1005 3247 1061 3274; x_wconf 92' lang='lat' dir='ltr'>Cic.</span> <span class='ocrx_word' id='word_1_1874' title='bbox 1079 3252 1222 3281; x_wconf 88' lang='lat' dir='ltr'>antequam</span> <span class='ocrx_word' id='word_1_1875' title='bbox 1237 3246 1289 3273; x_wconf 86' lang='lat' dir='ltr'>iret</span> <span class='ocrx_word' id='word_1_1876' title='bbox 1353 3254 1447 3274; x_wconf 85' lang='lat' dir='ltr'>tenero</span> <span class='ocrx_word' id='word_1_1877' title='bbox 1461 3251 1616 3281; x_wconf 84' lang='lat' dir='ltr'>prorepunt,</span> <span class='ocrx_word' id='word_1_1878' title='bbox 1630 3252 1674 3272; x_wconf 69' lang='lat' dir='ltr'>etr.</span> <span class='ocrx_word' id='word_1_1879' title='bbox 1748 3247 1893 3280; x_wconf 84' lang='lat' dir='ltr'>Prorcpcre</span> <span class='ocrx_word' id='word_1_1880' title='bbox 1909 3246 1936 3272; x_wconf 88' lang='lat' dir='ltr'>in</span> <span class='ocrx_word' id='word_1_1881' title='bbox 1956 3243 2090 3271; x_wconf 81' lang='lat' dir='ltr'>luxuriem</span> <span class='ocrx_word' id='word_1_1882' title='bbox 2111 3243 2230 3271; x_wconf 74' lang='lat' dir='ltr'>dicuntur</span> <span class='ocrx_word' id='word_1_1883' title='bbox 2249 3240 2350 3268; x_wconf 79' lang='lat' dir='ltr'>radices</span> <span class='ocrx_word' id='word_1_1884' title='bbox 2376 3248 2416 3268; x_wconf 70' lang='lat' dir='ltr'>vx-</span> <span class='ocrx_word' id='word_1_1885' title='bbox 2432 3253 2436 3262; x_wconf 70' lang='lat' dir='ltr'>v</span> 
     </span>
    </p>
   </div>
   <div class='ocr_carea' id='block_1_11' title="bbox 238 3271 2414 3354">
    <p class='ocr_par' dir='ltr' id='par_1_18' title="bbox 238 3271 2414 3354">
     <span class='ocr_line' id='line_1_106' title="bbox 238 3271 2150 3318; baseline 0.004 -21"><span class='ocrx_word' id='word_1_1886' title='bbox 238 3271 267 3297; x_wconf 83' lang='lat' dir='ltr'>in</span> <span class='ocrx_word' id='word_1_1887' title='bbox 283 3272 342 3299; x_wconf 86' lang='lat' dir='ltr'>exil.</span> <span class='ocrx_word' id='word_1_1888' title='bbox 355 3282 377 3300; x_wconf 92' lang='lat'>2.</span> <span class='ocrx_word' id='word_1_1889' title='bbox 411 3310 415 3314; x_wconf 94' lang='lat'>.</span> <span class='ocrx_word' id='word_1_1890' title='bbox 439 3277 516 3316; x_wconf 36' lang='lat' dir='ltr'>&#39;Idem</span> <span class='ocrx_word' id='word_1_1891' title='bbox 533 3282 615 3310; x_wconf 83' lang='lat' dir='ltr'>Tusc.</span> <span class='ocrx_word' id='word_1_1892' title='bbox 631 3293 652 3315; x_wconf 84' lang='grc' dir='ltr'>ς,</span> <span class='ocrx_word' id='word_1_1893' title='bbox 665 3293 696 3317; x_wconf 88' lang='lat'>79</span> <span class='ocrx_word' id='word_1_1894' title='bbox 716 3283 782 3310; x_wconf 90' lang='lat' dir='ltr'>Non</span> <span class='ocrx_word' id='word_1_1895' title='bbox 795 3292 845 3318; x_wconf 89' lang='lat' dir='ltr'>pro</span> <span class='ocrx_word' id='word_1_1896' title='bbox 859 3283 907 3309; x_wconf 90' lang='lat' dir='ltr'>suo</span> <span class='ocrx_word' id='word_1_1897' title='bbox 921 3290 996 3317; x_wconf 86' lang='lat' dir='ltr'>partu</span> <span class='ocrx_word' id='word_1_1898' title='bbox 1011 3284 1047 3310; x_wconf 87' lang='lat' dir='ltr'>ita</span> <span class='ocrx_word' id='word_1_1899' title='bbox 1061 3288 1244 3318; x_wconf 74' lang='lat' dir='ltr'>propugnant,</span> <span class='ocrx_word' id='word_1_1900' title='bbox 1262 3287 1290 3308; x_wconf 87' lang='lat' dir='ltr'>vt</span> <span class='ocrx_word' id='word_1_1901' title='bbox 1353 3283 1432 3316; x_wconf 87' lang='lat' dir='ltr'>tium,</span> <span class='ocrx_word' id='word_1_1902' title='bbox 1443 3283 1597 3317; x_wconf 72' lang='lat' dir='ltr'>Prorependo</span> <span class='ocrx_word' id='word_1_1903' title='bbox 1612 3282 1743 3307; x_wconf 73' lang='lat' dir='ltr'>luxuriari</span> <span class='ocrx_word' id='word_1_1904' title='bbox 1761 3289 1786 3308; x_wconf 75' lang='lat' dir='ltr'>et</span> <span class='ocrx_word' id='word_1_1905' title='bbox 1805 3282 1926 3316; x_wconf 72' lang='lat' dir='ltr'>diungari</span> <span class='ocrx_word' id='word_1_1906' title='bbox 1947 3279 2079 3307; x_wconf 67' lang='lat' dir='ltr'>Colmnel.</span> <span class='ocrx_word' id='word_1_1907' title='bbox 2095 3288 2116 3318; x_wconf 65' lang='grc' dir='ltr'><strong>ς,</strong></span> <span class='ocrx_word' id='word_1_1908' title='bbox 2131 3288 2150 3307; x_wconf 77' lang='grc' dir='ltr'>ς.</span> 
     </span>
     <span class='ocr_line' id='line_1_107' title="bbox 238 3307 2414 3354; baseline 0.001 -17"><span class='ocrx_word' id='word_1_1909' title='bbox 238 3307 348 3346; x_wconf 45' lang='lat' dir='ltr'>Vulnera</span> <span class='ocrx_word' id='word_1_1910' title='bbox 362 3317 505 3346; x_wconf 71' lang='lat' dir='ltr'>excipiant,</span> <span class='ocrx_word' id='word_1_1911' title='bbox 529 3318 613 3344; x_wconf 89' lang='lat' dir='ltr'>nullos</span> <span class='ocrx_word' id='word_1_1912' title='bbox 627 3319 755 3354; x_wconf 87' lang='lat' dir='ltr'>impetus,</span> <span class='ocrx_word' id='word_1_1913' title='bbox 782 3319 871 3346; x_wconf 84' lang='lat' dir='ltr'>nullos</span> <span class='ocrx_word' id='word_1_1914' title='bbox 890 3318 957 3345; x_wconf 56' lang='lat' dir='ltr'>istus</span> <span class='ocrx_word' id='word_1_1915' title='bbox 977 3319 1175 3346; x_wconf 66' lang='lat' dir='ltr'>reformident?</span> <span class='ocrx_word' id='word_1_1916' title='bbox 1213 3320 1291 3345; x_wconf 89' lang='lat' dir='ltr'>Acer·</span> <span class='ocrx_word' id='word_1_1917' title='bbox 1308 3325 1337 3354; x_wconf 77' lang='lat'>85</span> <span class='ocrx_word' id='word_1_1918' title='bbox 1389 3326 1431 3346; x_wconf 80' lang='lat' dir='ltr'>PR</span> <span class='ocrx_word' id='word_1_1919' title='bbox 1442 3325 1462 3346; x_wconf 84' lang='lat' dir='ltr'>o</span> <span class='ocrx_word' id='word_1_1920' title='bbox 1472 3325 1489 3345; x_wconf 79' lang='lat' dir='ltr'>R</span> <span class='ocrx_word' id='word_1_1921' title='bbox 1501 3325 1541 3345; x_wconf 70' lang='grc' dir='ltr'>ΕΡ</span> <span class='ocrx_word' id='word_1_1922' title='bbox 1552 3325 1568 3344; x_wconf 78' lang='grc' dir='ltr'><strong><em>Ε</em></strong></span> <span class='ocrx_word' id='word_1_1923' title='bbox 1578 3325 1600 3344; x_wconf 88' lang='grc' dir='ltr'>Ν</span> <span class='ocrx_word' id='word_1_1924' title='bbox 1612 3324 1625 3343; x_wconf 76' lang='lat'><em>8</em></span> <span class='ocrx_word' id='word_1_1925' title='bbox 1637 3337 1644 3348; x_wconf 87' lang='lat'>‚</span> <span class='ocrx_word' id='word_1_1926' title='bbox 1664 3318 1740 3344; x_wconf 81' lang='lat' dir='ltr'>cutis.</span> <span class='ocrx_word' id='word_1_1927' title='bbox 1778 3318 1870 3344; x_wconf 76' lang='lat' dir='ltr'>Partic.</span> <span class='ocrx_word' id='word_1_1928' title='bbox 1907 3316 2002 3343; x_wconf 87' lang='lat' dir='ltr'>Anien.</span> <span class='ocrx_word' id='word_1_1929' title='bbox 2016 3315 2146 3350; x_wconf 78' lang='lat' dir='ltr'>Descript.</span> <span class='ocrx_word' id='word_1_1930' title='bbox 2161 3314 2245 3342; x_wconf 86' lang='lat' dir='ltr'>Orbis</span> <span class='ocrx_word' id='word_1_1931' title='bbox 2259 3322 2310 3345; x_wconf 85' lang='lat'>540</span> <span class='ocrx_word' id='word_1_1932' title='bbox 2330 3312 2414 3342; x_wconf 78' lang='lat' dir='ltr'>Tum:</span> 
     </span>
    </p>
   </div>
   <div class='ocr_carea' id='block_1_12' title="bbox 235 3348 2477 3750">
    <p class='ocr_par' dir='ltr' id='par_1_19' title="bbox 235 3348 2477 3496">
     <span class='ocr_line' id='line_1_108' title="bbox 240 3348 2415 3391; baseline 0.001 -13"><span class='ocrx_word' id='word_1_1933' title='bbox 240 3351 307 3383; x_wconf 51' lang='grc' dir='ltr'>[ΠΨ</span> <span class='ocrx_word' id='word_1_1934' title='bbox 327 3353 491 3380; x_wconf 60' lang='grc' dir='ltr'>ΡῑὉΡΗὲῐῖἓῑΐΕ</span> <span class='ocrx_word' id='word_1_1935' title='bbox 504 3359 551 3383; x_wconf 80' lang='lat' dir='ltr'>pro</span> <span class='ocrx_word' id='word_1_1936' title='bbox 564 3354 642 3380; x_wconf 82' lang='lat' dir='ltr'>salute</span> <span class='ocrx_word' id='word_1_1937' title='bbox 655 3355 764 3382; x_wconf 84' lang='lat' dir='ltr'>alicuius</span> <span class='ocrx_word' id='word_1_1938' title='bbox 780 3355 877 3382; x_wconf 85' lang='lat' dir='ltr'>Brutus</span> <span class='ocrx_word' id='word_1_1939' title='bbox 892 3354 925 3382; x_wconf 81' lang='lat' dir='ltr'>ad</span> <span class='ocrx_word' id='word_1_1940' title='bbox 941 3355 998 3381; x_wconf 88' lang='lat' dir='ltr'>Cic.</span> <span class='ocrx_word' id='word_1_1941' title='bbox 1013 3356 1084 3382; x_wconf 85' lang='lat' dir='ltr'>Fam.</span> <span class='ocrx_word' id='word_1_1942' title='bbox 1101 3364 1130 3388; x_wconf 84' lang='grc' dir='ltr'>ιι,</span> <span class='ocrx_word' id='word_1_1943' title='bbox 1145 3357 1180 3382; x_wconf 77' lang='grc'>16.</span> <span class='ocrx_word' id='word_1_1944' title='bbox 1218 3355 1290 3381; x_wconf 89' lang='lat' dir='ltr'>Hor.</span> <span class='ocrx_word' id='word_1_1945' title='bbox 1352 3355 1522 3391; x_wconf 76' lang='lat' dir='ltr'>prorepetitis</span> <span class='ocrx_word' id='word_1_1946' title='bbox 1535 3362 1587 3389; x_wconf 83' lang='lat' dir='ltr'>qua</span> <span class='ocrx_word' id='word_1_1947' title='bbox 1601 3353 1657 3380; x_wconf 91' lang='lat' dir='ltr'>sunt</span> <span class='ocrx_word' id='word_1_1948' title='bbox 1672 3353 1737 3381; x_wconf 87' lang='lat' dir='ltr'>vada</span> <span class='ocrx_word' id='word_1_1949' title='bbox 1751 3353 1855 3389; x_wconf 83' lang='lat' dir='ltr'>turgida</span> <span class='ocrx_word' id='word_1_1950' title='bbox 1869 3352 1962 3380; x_wconf 84' lang='lat' dir='ltr'>Nerei.</span> <span class='ocrx_word' id='word_1_1951' title='bbox 2035 3352 2208 3385; x_wconf 86' lang='lat' dir='ltr'>Prorepentes</span> <span class='ocrx_word' id='word_1_1952' title='bbox 2228 3349 2301 3377; x_wconf 74' lang='lat' dir='ltr'>oculi</span> <span class='ocrx_word' id='word_1_1953' title='bbox 2315 3348 2415 3380; x_wconf 55' lang='lat' dir='ltr'>vitium</span> 
     </span>
     <span class='ocr_line' id='line_1_109' title="bbox 236 3378 2254 3427; baseline 0.001 -15"><span class='ocrx_word' id='word_1_1954' title='bbox 236 3378 315 3412; x_wconf 66' lang='lat' dir='ltr'>¹29¹st·</span> <span class='ocrx_word' id='word_1_1955' title='bbox 331 3389 349 3412; x_wconf 75' lang='grc' dir='ltr'>Ι,</span> <span class='ocrx_word' id='word_1_1956' title='bbox 364 3385 396 3414; x_wconf 77' lang='lat'>¹8,</span> <span class='ocrx_word' id='word_1_1957' title='bbox 410 3383 437 3408; x_wconf 76' lang='lat'>16</span> <span class='ocrx_word' id='word_1_1958' title='bbox 457 3383 527 3411; x_wconf 88' lang='lat' dir='ltr'>Alter</span> <span class='ocrx_word' id='word_1_1959' title='bbox 545 3388 642 3416; x_wconf 88' lang='lat' dir='ltr'>rixatur</span> <span class='ocrx_word' id='word_1_1960' title='bbox 661 3391 692 3417; x_wconf 87' lang='lat' dir='ltr'>de</span> <span class='ocrx_word' id='word_1_1961' title='bbox 714 3391 773 3418; x_wconf 87' lang='lat' dir='ltr'>lana</span> <span class='ocrx_word' id='word_1_1962' title='bbox 793 3391 869 3426; x_wconf 84' lang='lat' dir='ltr'>saepe</span> <span class='ocrx_word' id='word_1_1963' title='bbox 897 3391 1006 3426; x_wconf 85' lang='lat' dir='ltr'>caprina</span> <span class='ocrx_word' id='word_1_1964' title='bbox 1036 3393 1188 3427; x_wconf 87' lang='lat' dir='ltr'>Propugnat</span> <span class='ocrx_word' id='word_1_1965' title='bbox 1211 3391 1289 3425; x_wconf 85' lang='lat' dir='ltr'>nugis</span> <span class='ocrx_word' id='word_1_1966' title='bbox 1351 3391 1485 3418; x_wconf 89' lang='lat' dir='ltr'>Colmnel.</span> <span class='ocrx_word' id='word_1_1967' title='bbox 1501 3401 1531 3424; x_wconf 87' lang='grc' dir='ltr'>ιι,</span> <span class='ocrx_word' id='word_1_1968' title='bbox 1546 3399 1567 3417; x_wconf 77' lang='lat' dir='ltr'>c.</span> <span class='ocrx_word' id='word_1_1969' title='bbox 1640 3391 1814 3424; x_wconf 81' lang='lat' dir='ltr'>Prorepentes</span> <span class='ocrx_word' id='word_1_1970' title='bbox 1829 3388 1948 3423; x_wconf 82' lang='lat' dir='ltr'>vndique</span> <span class='ocrx_word' id='word_1_1971' title='bbox 1963 3387 2082 3423; x_wconf 86' lang='lat' dir='ltr'>pampini</span> <span class='ocrx_word' id='word_1_1972' title='bbox 2096 3388 2170 3414; x_wconf 77' lang='lat' dir='ltr'>Idem</span> <span class='ocrx_word' id='word_1_1973' title='bbox 2184 3397 2207 3421; x_wconf 65' lang='lat' dir='ltr'>a,</span> <span class='ocrx_word' id='word_1_1974' title='bbox 2221 3396 2254 3418; x_wconf 85' lang='lat'>17.</span> 
     </span>
     <span class='ocr_line' id='line_1_110' title="bbox 235 3421 2284 3460; baseline -0.003 -3"><span class='ocrx_word' id='word_1_1975' title='bbox 235 3421 359 3442; x_wconf 64' lang='lat'><strong>”¹¹¹³“¹⁵·</strong></span> <span class='ocrx_word' id='word_1_1976' title='bbox 1389 3434 1404 3454; x_wconf 71' lang='grc' dir='ltr'>ι’</span> <span class='ocrx_word' id='word_1_1977' title='bbox 1415 3433 1435 3454; x_wconf 71' lang='grc' dir='ltr'>ιι</span> <span class='ocrx_word' id='word_1_1978' title='bbox 1448 3434 1467 3453; x_wconf 92' lang='lat' dir='ltr'>o</span> <span class='ocrx_word' id='word_1_1979' title='bbox 1478 3434 1522 3454; x_wconf 76' lang='lat' dir='ltr'>RE</span> <span class='ocrx_word' id='word_1_1980' title='bbox 1533 3432 1599 3458; x_wconf 76' lang='lat' dir='ltr'>TA,</span> <span class='ocrx_word' id='word_1_1981' title='bbox 1634 3434 1657 3451; x_wconf 81' lang='lat' dir='ltr'>ct</span> <span class='ocrx_word' id='word_1_1982' title='bbox 1679 3431 1831 3454; x_wconf 70' lang='lat' dir='ltr'>PRORL&#39;VS</span> <span class='ocrx_word' id='word_1_1983' title='bbox 1843 3446 1850 3457; x_wconf 91' lang='lat'>‚</span> <span class='ocrx_word' id='word_1_1984' title='bbox 1889 3423 2058 3460; x_wconf 62' lang='lat' dir='ltr'>Dffyllabum:</span> <span class='ocrx_word' id='word_1_1985' title='bbox 2079 3424 2133 3451; x_wconf 72' lang='lat' dir='ltr'>vid.</span> <span class='ocrx_word' id='word_1_1986' title='bbox 2159 3429 2284 3451; x_wconf 69' lang='lat' dir='ltr'>PRORA.</span> 
     </span>
     <span class='ocr_line' id='line_1_111' title="bbox 276 3456 2477 3496; baseline 0 -11"><span class='ocrx_word' id='word_1_1987' title='bbox 276 3456 291 3475; x_wconf 63' lang='grc' dir='ltr'><strong>Ρ</strong></span> <span class='ocrx_word' id='word_1_1988' title='bbox 302 3457 319 3490; x_wconf 66' lang='lat'>¹5</span> <span class='ocrx_word' id='word_1_1989' title='bbox 329 3458 347 3491; x_wconf 72' lang='grc'>9</span> <span class='ocrx_word' id='word_1_1990' title='bbox 356 3458 370 3477; x_wconf 85' lang='lat' dir='ltr'>P</span> <span class='ocrx_word' id='word_1_1991' title='bbox 383 3458 404 3478; x_wconf 85' lang='lat' dir='ltr'>V</span> <span class='ocrx_word' id='word_1_1992' title='bbox 418 3458 440 3480; x_wconf 86' lang='lat' dir='ltr'>G</span> <span class='ocrx_word' id='word_1_1993' title='bbox 452 3460 474 3479; x_wconf 85' lang='lat' dir='ltr'>N</span> <span class='ocrx_word' id='word_1_1994' title='bbox 483 3462 503 3482; x_wconf 86' lang='lat' dir='ltr'>A</span> <span class='ocrx_word' id='word_1_1995' title='bbox 515 3462 536 3482; x_wconf 87' lang='grc' dir='ltr'>Ν</span> <span class='ocrx_word' id='word_1_1996' title='bbox 550 3462 563 3483; x_wconf 79' lang='lat' dir='ltr'>S</span> <span class='ocrx_word' id='word_1_1997' title='bbox 576 3478 584 3490; x_wconf 88' lang='lat'>‚</span> <span class='ocrx_word' id='word_1_1998' title='bbox 603 3460 676 3488; x_wconf 85' lang='lat' dir='ltr'>antis,</span> <span class='ocrx_word' id='word_1_1999' title='bbox 691 3463 757 3489; x_wconf 82' lang='lat' dir='ltr'>Part.</span> <span class='ocrx_word' id='word_1_2000' title='bbox 777 3462 834 3490; x_wconf 89' lang='lat' dir='ltr'>Cic.</span> <span class='ocrx_word' id='word_1_2001' title='bbox 843 3462 988 3496; x_wconf 83' lang='lat' dir='ltr'>Offic.1,62</span> <span class='ocrx_word' id='word_1_2002' title='bbox 1002 3471 1024 3488; x_wconf 87' lang='lat' dir='ltr'>c.</span> <span class='ocrx_word' id='word_1_2003' title='bbox 1034 3471 1059 3495; x_wconf 85' lang='lat'>¹9</span> <span class='ocrx_word' id='word_1_2004' title='bbox 1068 3462 1153 3489; x_wconf 89' lang='lat' dir='ltr'>Probe</span> <span class='ocrx_word' id='word_1_2005' title='bbox 1162 3462 1289 3490; x_wconf 87' lang='lat' dir='ltr'>definitur</span> <span class='ocrx_word' id='word_1_2006' title='bbox 1392 3469 1408 3490; x_wconf 86' lang='lat' dir='ltr'>P</span> <span class='ocrx_word' id='word_1_2007' title='bbox 1418 3470 1437 3490; x_wconf 86' lang='lat' dir='ltr'>R</span> <span class='ocrx_word' id='word_1_2008' title='bbox 1447 3464 1468 3490; x_wconf 86' lang='lat'><strong>6</strong></span> <span class='ocrx_word' id='word_1_2009' title='bbox 1478 3470 1493 3489; x_wconf 85' lang='lat' dir='ltr'>R</span> <span class='ocrx_word' id='word_1_2010' title='bbox 1506 3465 1518 3489; x_wconf 73' lang='grc' dir='ltr'>ι’</span> <span class='ocrx_word' id='word_1_2011' title='bbox 1530 3468 1551 3488; x_wconf 88' lang='lat' dir='ltr'><strong><em>G</em></strong></span> <span class='ocrx_word' id='word_1_2012' title='bbox 1562 3468 1600 3492; x_wconf 83' lang='grc' dir='ltr'><strong>Α,</strong></span> <span class='ocrx_word' id='word_1_2013' title='bbox 1615 3463 1667 3487; x_wconf 57' lang='lat' dir='ltr'>viil.</span> <span class='ocrx_word' id='word_1_2014' title='bbox 1690 3467 1869 3489; x_wconf 65' lang='lat' dir='ltr'>PERORIGA.</span> <span class='ocrx_word' id='word_1_2015' title='bbox 2471 3480 2477 3487; x_wconf 65' lang='lat'>„</span> 
     </span>
    </p>

    <p class='ocr_par' dir='ltr' id='par_1_20' title="bbox 236 3484 2477 3617">
     <span class='ocr_line' id='line_1_112' title="bbox 236 3484 2477 3535; baseline 0.004 -26"><span class='ocrx_word' id='word_1_2016' title='bbox 236 3492 252 3509; x_wconf 77' lang='lat' dir='ltr'>a</span> <span class='ocrx_word' id='word_1_2017' title='bbox 265 3484 356 3526; x_wconf 69' lang='lat' dir='ltr'>Stoicis</span> <span class='ocrx_word' id='word_1_2018' title='bbox 370 3487 519 3523; x_wconf 81' lang='lat' dir='ltr'>fortitudo,</span> <span class='ocrx_word' id='word_1_2019' title='bbox 538 3502 596 3520; x_wconf 90' lang='lat' dir='ltr'>cum</span> <span class='ocrx_word' id='word_1_2020' title='bbox 609 3504 664 3523; x_wconf 87' lang='lat' dir='ltr'>eam</span> <span class='ocrx_word' id='word_1_2021' title='bbox 678 3498 804 3525; x_wconf 84' lang='lat' dir='ltr'>virtutem</span> <span class='ocrx_word' id='word_1_2022' title='bbox 819 3500 868 3526; x_wconf 73' lang='lat' dir='ltr'>ess&#39;e</span> <span class='ocrx_word' id='word_1_2023' title='bbox 883 3499 989 3533; x_wconf 85' lang='lat' dir='ltr'>dicunt,</span> <span class='ocrx_word' id='word_1_2024' title='bbox 1009 3506 1224 3534; x_wconf 75' lang='lat' dir='ltr'>propugnantem</span> <span class='ocrx_word' id='word_1_2025' title='bbox 1239 3508 1290 3535; x_wconf 90' lang='lat' dir='ltr'>pro</span> <span class='ocrx_word' id='word_1_2026' title='bbox 1301 3508 1340 3535; x_wconf 90' lang='lat'>90</span> <span class='ocrx_word' id='word_1_2027' title='bbox 1390 3506 1432 3527; x_wconf 76' lang='lat' dir='ltr'>PR</span> <span class='ocrx_word' id='word_1_2028' title='bbox 1443 3506 1464 3526; x_wconf 93' lang='lat'><em>0</em></span> <span class='ocrx_word' id='word_1_2029' title='bbox 1478 3505 1496 3525; x_wconf 86' lang='lat' dir='ltr'>R</span> <span class='ocrx_word' id='word_1_2030' title='bbox 1509 3498 1546 3525; x_wconf 78' lang='grc' dir='ltr'>ἰΡ</span> <span class='ocrx_word' id='word_1_2031' title='bbox 1556 3505 1562 3524; x_wconf 94' lang='lat'>1</span> <span class='ocrx_word' id='word_1_2032' title='bbox 1573 3505 1609 3531; x_wconf 90' lang='lat'>0,</span> <span class='ocrx_word' id='word_1_2033' title='bbox 1629 3497 1711 3532; x_wconf 87' lang='lat' dir='ltr'>ripui,</span> <span class='ocrx_word' id='word_1_2034' title='bbox 1725 3504 1840 3532; x_wconf 86' lang='lat' dir='ltr'>rcptum‚</span> <span class='ocrx_word' id='word_1_2035' title='bbox 1855 3499 1908 3524; x_wconf 57' lang='lat' dir='ltr'>ere.</span> <span class='ocrx_word' id='word_1_2036' title='bbox 1924 3496 2155 3531; x_wconf 70' lang='grc' dir='ltr'>[ἔνθορέω,ἔξορμάω</span> <span class='ocrx_word' id='word_1_2037' title='bbox 2168 3497 2180 3528; x_wconf 93' lang='grc'>]</span> <span class='ocrx_word' id='word_1_2038' title='bbox 2195 3495 2415 3528; x_wconf 69' lang='lat' dir='ltr'>ederim-rapere</span> <span class='ocrx_word' id='word_1_2039' title='bbox 2460 3499 2477 3522; x_wconf 47' lang='grc' dir='ltr'>,Α</span> 
     </span>
     <span class='ocr_line' id='line_1_113' title="bbox 237 3527 2415 3570; baseline -0.004 -8"><span class='ocrx_word' id='word_1_2040' title='bbox 237 3527 375 3554; x_wconf 56' lang='lat' dir='ltr'>aequnam&#39;</span> <span class='ocrx_word' id='word_1_2041' title='bbox 1354 3543 1379 3562; x_wconf 78' lang='lat' dir='ltr'>et</span> <span class='ocrx_word' id='word_1_2042' title='bbox 1393 3536 1508 3570; x_wconf 64' lang='lat' dir='ltr'>auferre,</span> <span class='ocrx_word' id='word_1_2043' title='bbox 1521 3541 1545 3561; x_wconf 80' lang='lat' dir='ltr'>et</span> <span class='ocrx_word' id='word_1_2044' title='bbox 1558 3535 1585 3559; x_wconf 86' lang='lat' dir='ltr'>in</span> <span class='ocrx_word' id='word_1_2045' title='bbox 1597 3534 1687 3568; x_wconf 73' lang='lat' dir='ltr'>primis</span> <span class='ocrx_word' id='word_1_2046' title='bbox 1694 3542 1745 3558; x_wconf 65' lang='lat' dir='ltr'>rum</span> <span class='ocrx_word' id='word_1_2047' title='bbox 1755 3533 1875 3567; x_wconf 58' lang='lat' dir='ltr'>reciproco</span> <span class='ocrx_word' id='word_1_2048' title='bbox 1883 3535 1918 3559; x_wconf 79' lang='lat' dir='ltr'>ad</span> <span class='ocrx_word' id='word_1_2049' title='bbox 1925 3533 2019 3567; x_wconf 67' lang='lat' dir='ltr'>fiigam</span> <span class='ocrx_word' id='word_1_2050' title='bbox 2027 3533 2127 3557; x_wconf 63' lang='lat' dir='ltr'>celerem</span> <span class='ocrx_word' id='word_1_2051' title='bbox 2136 3531 2298 3556; x_wconf 71' lang='lat' dir='ltr'>indicandam</span> <span class='ocrx_word' id='word_1_2052' title='bbox 2303 3531 2415 3564; x_wconf 76' lang='lat' dir='ltr'>ponitur.</span> 
     </span>
     <span class='ocr_line' id='line_1_114' title="bbox 238 3561 2459 3617; baseline 0.003 -35"><span class='ocrx_word' id='word_1_2053' title='bbox 238 3561 288 3617; x_wconf 76' lang='lat' dir='ltr'>NP</span> <span class='ocrx_word' id='word_1_2054' title='bbox 299 3563 316 3582; x_wconf 84' lang='lat' dir='ltr'>R</span> <span class='ocrx_word' id='word_1_2055' title='bbox 331 3564 350 3584; x_wconf 87' lang='lat' dir='ltr'>o</span> <span class='ocrx_word' id='word_1_2056' title='bbox 364 3565 379 3585; x_wconf 82' lang='lat' dir='ltr'>P</span> <span class='ocrx_word' id='word_1_2057' title='bbox 390 3567 410 3585; x_wconf 94' lang='lat' dir='ltr'>v</span> <span class='ocrx_word' id='word_1_2058' title='bbox 421 3567 443 3587; x_wconf 88' lang='lat' dir='ltr'>G</span> <span class='ocrx_word' id='word_1_2059' title='bbox 454 3568 478 3588; x_wconf 78' lang='lat' dir='ltr'><strong>N</strong></span> <span class='ocrx_word' id='word_1_2060' title='bbox 489 3569 509 3588; x_wconf 84' lang='grc' dir='ltr'>Α</span> <span class='ocrx_word' id='word_1_2061' title='bbox 520 3569 592 3604; x_wconf 63' lang='grc' dir='ltr'>Τιό</span> <span class='ocrx_word' id='word_1_2062' title='bbox 603 3586 612 3599; x_wconf 85' lang='grc'>,</span> <span class='ocrx_word' id='word_1_2063' title='bbox 638 3567 705 3594; x_wconf 63' lang='lat' dir='ltr'>finis.</span> <span class='ocrx_word' id='word_1_2064' title='bbox 734 3570 753 3595; x_wconf 88' lang='lat' dir='ltr'>f.</span> <span class='ocrx_word' id='word_1_2065' title='bbox 791 3571 802 3602; x_wconf 98' lang='lat'>[</span> <span class='ocrx_word' id='word_1_2066' title='bbox 822 3569 997 3611; x_wconf 61' lang='grc' dir='ltr'>ὖηεςαεπισμὸς</span> <span class='ocrx_word' id='word_1_2067' title='bbox 1016 3571 1029 3605; x_wconf 91' lang='grc'>]</span> <span class='ocrx_word' id='word_1_2068' title='bbox 1086 3570 1143 3597; x_wconf 88' lang='lat' dir='ltr'>Cic.</span> <span class='ocrx_word' id='word_1_2069' title='bbox 1156 3571 1228 3598; x_wconf 80' lang='lat' dir='ltr'>Fam.</span> <span class='ocrx_word' id='word_1_2070' title='bbox 1242 3582 1260 3605; x_wconf 82' lang='grc' dir='ltr'>ι,</span> <span class='ocrx_word' id='word_1_2071' title='bbox 1273 3578 1291 3606; x_wconf 87' lang='lat'><strong>7</strong></span> <span class='ocrx_word' id='word_1_2072' title='bbox 1351 3572 1428 3607; x_wconf 79' lang='lat' dir='ltr'>Virg.</span> <span class='ocrx_word' id='word_1_2073' title='bbox 1442 3571 1495 3598; x_wconf 82' lang='lat' dir='ltr'>Ecl.</span> <span class='ocrx_word' id='word_1_2074' title='bbox 1512 3580 1532 3603; x_wconf 71' lang='grc' dir='ltr'><strong>ς,</strong></span> <span class='ocrx_word' id='word_1_2075' title='bbox 1548 3579 1572 3603; x_wconf 86' lang='lat'>¹9</span> <span class='ocrx_word' id='word_1_2076' title='bbox 1591 3570 1622 3596; x_wconf 87' lang='lat' dir='ltr'>Et</span> <span class='ocrx_word' id='word_1_2077' title='bbox 1633 3577 1715 3602; x_wconf 86' lang='lat' dir='ltr'>quum</span> <span class='ocrx_word' id='word_1_2078' title='bbox 1730 3569 1886 3604; x_wconf 79' lang='lat' dir='ltr'>clamarem,</span> <span class='ocrx_word' id='word_1_2079' title='bbox 1912 3577 1966 3602; x_wconf 84' lang='lat' dir='ltr'>quo</span> <span class='ocrx_word' id='word_1_2080' title='bbox 1986 3576 2056 3594; x_wconf 76' lang='lat' dir='ltr'>nume</span> <span class='ocrx_word' id='word_1_2081' title='bbox 2079 3567 2102 3593; x_wconf 86' lang='lat' dir='ltr'>sc</span> <span class='ocrx_word' id='word_1_2082' title='bbox 2124 3564 2241 3602; x_wconf 84' lang='lat' dir='ltr'>proripit</span> <span class='ocrx_word' id='word_1_2083' title='bbox 2262 3565 2324 3592; x_wconf 71' lang='lat' dir='ltr'>ille?</span> <span class='ocrx_word' id='word_1_2084' title='bbox 2359 3563 2414 3589; x_wconf 74' lang='lat' dir='ltr'>Ti·</span> <span class='ocrx_word' id='word_1_2085' title='bbox 2433 3586 2459 3603; x_wconf 19' lang='grc' dir='ltr'>,ΞΗ</span> 
     </span>
    </p>

    <p class='ocr_par' dir='ltr' id='par_1_21' title="bbox 237 3595 2412 3688">
     <span class='ocr_line' id='line_1_115' title="bbox 258 3595 2412 3642; baseline -0.001 -12"><span class='ocrx_word' id='word_1_2086' title='bbox 258 3600 306 3630; x_wconf 69' lang='lat'>‚³¹¹¹</span> <span class='ocrx_word' id='word_1_2087' title='bbox 321 3595 405 3621; x_wconf 58' lang='lat' dir='ltr'>”Ostra</span> <span class='ocrx_word' id='word_1_2088' title='bbox 416 3606 611 3638; x_wconf 68' lang='lat' dir='ltr'>ptjopiigiiatio,</span> <span class='ocrx_word' id='word_1_2089' title='bbox 632 3610 659 3628; x_wconf 70' lang='lat' dir='ltr'>ac</span> <span class='ocrx_word' id='word_1_2090' title='bbox 673 3602 787 3632; x_wconf 71' lang='lat' dir='ltr'>defensio</span> <span class='ocrx_word' id='word_1_2091' title='bbox 799 3605 937 3640; x_wconf 83' lang='lat' dir='ltr'>dignitatis</span> <span class='ocrx_word' id='word_1_2092' title='bbox 951 3612 1010 3633; x_wconf 91' lang='lat' dir='ltr'>tuae</span> <span class='ocrx_word' id='word_1_2093' title='bbox 1030 3613 1139 3641; x_wconf 82' lang='lat' dir='ltr'>propter</span> <span class='ocrx_word' id='word_1_2094' title='bbox 1159 3608 1291 3641; x_wconf 84' lang='lat' dir='ltr'>magnitu-</span> <span class='ocrx_word' id='word_1_2095' title='bbox 1350 3615 1409 3641; x_wconf 84' lang='lat' dir='ltr'>tyre</span> <span class='ocrx_word' id='word_1_2096' title='bbox 1428 3607 1492 3641; x_wconf 72' lang='lat' dir='ltr'>coge</span> <span class='ocrx_word' id='word_1_2097' title='bbox 1508 3615 1600 3642; x_wconf 76' lang='lat' dir='ltr'>pecus:</span> <span class='ocrx_word' id='word_1_2098' title='bbox 1634 3611 1662 3631; x_wconf 91' lang='lat' dir='ltr'>tu</span> <span class='ocrx_word' id='word_1_2099' title='bbox 1677 3603 1733 3640; x_wconf 89' lang='lat' dir='ltr'>post</span> <span class='ocrx_word' id='word_1_2100' title='bbox 1748 3605 1848 3631; x_wconf 64' lang='lat' dir='ltr'>carc-&amp;a</span> <span class='ocrx_word' id='word_1_2101' title='bbox 1863 3604 1968 3632; x_wconf 86' lang='lat' dir='ltr'>latebas.</span> <span class='ocrx_word' id='word_1_2102' title='bbox 2043 3603 2123 3630; x_wconf 85' lang='lat' dir='ltr'>Plaut.</span> <span class='ocrx_word' id='word_1_2103' title='bbox 2136 3603 2211 3638; x_wconf 73' lang='lat' dir='ltr'>Capt.</span> <span class='ocrx_word' id='word_1_2104' title='bbox 2231 3611 2253 3636; x_wconf 83' lang='grc'><strong>3,</strong></span> <span class='ocrx_word' id='word_1_2105' title='bbox 2270 3610 2298 3635; x_wconf 83' lang='lat'>4,</span> <span class='ocrx_word' id='word_1_2106' title='bbox 2317 3608 2325 3626; x_wconf 92' lang='grc' dir='ltr'>ι</span> <span class='ocrx_word' id='word_1_2107' title='bbox 2346 3599 2412 3633; x_wconf 76' lang='lat' dir='ltr'>Qlo</span> 
     </span>
     <span class='ocr_line' id='line_1_116' title="bbox 237 3626 2411 3688; baseline 0.004 -35"><span class='ocrx_word' id='word_1_2108' title='bbox 237 3626 324 3688; x_wconf 56' lang='lat' dir='ltr'>imbem</span> <span class='ocrx_word' id='word_1_2109' title='bbox 340 3630 460 3670; x_wconf 58' lang='lat' dir='ltr'>benc-mn</span> <span class='ocrx_word' id='word_1_2110' title='bbox 476 3641 531 3668; x_wconf 82' lang='lat' dir='ltr'>tui,</span> <span class='ocrx_word' id='word_1_2111' title='bbox 552 3636 655 3677; x_wconf 80' lang='lat' dir='ltr'>sortasse</span> <span class='ocrx_word' id='word_1_2112' title='bbox 675 3639 805 3675; x_wconf 81' lang='lat' dir='ltr'>plerisque</span> <span class='ocrx_word' id='word_1_2113' title='bbox 832 3641 917 3669; x_wconf 78' lang='lat' dir='ltr'>officii</span> <span class='ocrx_word' id='word_1_2114' title='bbox 944 3642 1077 3669; x_wconf 89' lang='lat' dir='ltr'>maiorem</span> <span class='ocrx_word' id='word_1_2115' title='bbox 1102 3641 1289 3669; x_wconf 63' lang='lat' dir='ltr'>auctoritatem</span> <span class='ocrx_word' id='word_1_2116' title='bbox 1350 3644 1428 3672; x_wconf 87' lang='lat' dir='ltr'>illum</span> <span class='ocrx_word' id='word_1_2117' title='bbox 1443 3637 1511 3669; x_wconf 80' lang='lat' dir='ltr'>nunc</span> <span class='ocrx_word' id='word_1_2118' title='bbox 1528 3641 1665 3669; x_wconf 81' lang='lat' dir='ltr'>hominem</span> <span class='ocrx_word' id='word_1_2119' title='bbox 1680 3641 1750 3668; x_wconf 79' lang='lat' dir='ltr'>foras</span> <span class='ocrx_word' id='word_1_2120' title='bbox 1766 3641 1909 3677; x_wconf 70' lang='lat' dir='ltr'>poripuiss‘e</span> <span class='ocrx_word' id='word_1_2121' title='bbox 1929 3640 1954 3666; x_wconf 86' lang='lat' dir='ltr'>sc</span> <span class='ocrx_word' id='word_1_2122' title='bbox 1977 3639 2063 3666; x_wconf 82' lang='lat' dir='ltr'>dicam</span> <span class='ocrx_word' id='word_1_2123' title='bbox 2081 3647 2112 3666; x_wconf 82' lang='lat' dir='ltr'>ex</span> <span class='ocrx_word' id='word_1_2124' title='bbox 2133 3636 2257 3666; x_wconf 85' lang='lat' dir='ltr'>aedibus!</span> <span class='ocrx_word' id='word_1_2125' title='bbox 2292 3635 2411 3676; x_wconf 72' lang='lat' dir='ltr'>Domum</span> 
     </span>
    </p>

    <p class='ocr_par' dir='ltr' id='par_1_22' title="bbox 236 3666 2474 3750">
     <span class='ocr_line' id='line_1_117' title="bbox 247 3666 2410 3717; baseline 0.004 -29"><span class='ocrx_word' id='word_1_2126' title='bbox 247 3671 278 3711; x_wconf 40' lang='grc' dir='ltr'>ιιι.</span> <span class='ocrx_word' id='word_1_2127' title='bbox 289 3672 333 3702; x_wconf 81' lang='lat' dir='ltr'>erc</span> <span class='ocrx_word' id='word_1_2128' title='bbox 351 3666 479 3694; x_wconf 77' lang='lat' dir='ltr'>videatur.</span> <span class='ocrx_word' id='word_1_2129' title='bbox 539 3672 580 3710; x_wconf 32' lang='grc' dir='ltr'>,Ιιι</span> <span class='ocrx_word' id='word_1_2130' title='bbox 594 3672 664 3699; x_wconf 83' lang='lat' dir='ltr'>Fam.</span> <span class='ocrx_word' id='word_1_2131' title='bbox 684 3683 705 3706; x_wconf 78' lang='grc' dir='ltr'><strong>ς,</strong></span> <span class='ocrx_word' id='word_1_2132' title='bbox 718 3680 731 3705; x_wconf 80' lang='lat'>8</span> <span class='ocrx_word' id='word_1_2133' title='bbox 751 3677 908 3713; x_wconf 83' lang='lat' dir='ltr'>Suscepique</span> <span class='ocrx_word' id='word_1_2134' title='bbox 927 3677 996 3704; x_wconf 86' lang='lat' dir='ltr'>mihi</span> <span class='ocrx_word' id='word_1_2135' title='bbox 1017 3686 1170 3713; x_wconf 89' lang='lat' dir='ltr'>perpetuam</span> <span class='ocrx_word' id='word_1_2136' title='bbox 1191 3687 1287 3713; x_wconf 87' lang='lat' dir='ltr'>propu-</span> <span class='ocrx_word' id='word_1_2137' title='bbox 1302 3686 1335 3713; x_wconf 77' lang='lat'>93</span> <span class='ocrx_word' id='word_1_2138' title='bbox 1351 3682 1377 3708; x_wconf 87' lang='lat' dir='ltr'>se</span> <span class='ocrx_word' id='word_1_2139' title='bbox 1393 3679 1527 3717; x_wconf 88' lang='lat' dir='ltr'>proripuit</span> <span class='ocrx_word' id='word_1_2140' title='bbox 1541 3687 1572 3705; x_wconf 85' lang='lat' dir='ltr'>ex</span> <span class='ocrx_word' id='word_1_2141' title='bbox 1585 3676 1657 3704; x_wconf 79' lang='lat' dir='ltr'>curia</span> <span class='ocrx_word' id='word_1_2142' title='bbox 1674 3677 1774 3704; x_wconf 76' lang='lat' dir='ltr'>Sallust.</span> <span class='ocrx_word' id='word_1_2143' title='bbox 1789 3677 1868 3704; x_wconf 68' lang='lat' dir='ltr'>catil.</span> <span class='ocrx_word' id='word_1_2144' title='bbox 1881 3686 1904 3703; x_wconf 91' lang='lat' dir='ltr'>c.</span> <span class='ocrx_word' id='word_1_2145' title='bbox 1919 3686 1943 3707; x_wconf 76' lang='lat'>32</span> <span class='ocrx_word' id='word_1_2146' title='bbox 1964 3684 2030 3702; x_wconf 70' lang='lat' dir='ltr'>extr.</span> <span class='ocrx_word' id='word_1_2147' title='bbox 2124 3675 2214 3701; x_wconf 89' lang='lat' dir='ltr'>Domo</span> <span class='ocrx_word' id='word_1_2148' title='bbox 2232 3673 2256 3700; x_wconf 92' lang='lat' dir='ltr'>se</span> <span class='ocrx_word' id='word_1_2149' title='bbox 2269 3678 2410 3711; x_wconf 71' lang='lat' dir='ltr'>proripere</span> 
     </span>
     <span class='ocr_line' id='line_1_118' title="bbox 236 3704 2474 3750; baseline -0.001 -14"><span class='ocrx_word' id='word_1_2150' title='bbox 236 3704 388 3729; x_wconf 47' lang='lat' dir='ltr'>{immone-¹¹¹</span> <span class='ocrx_word' id='word_1_2151' title='bbox 410 3711 457 3735; x_wconf 73' lang='lat' dir='ltr'>Pro</span> <span class='ocrx_word' id='word_1_2152' title='bbox 471 3705 595 3733; x_wconf 83' lang='lat' dir='ltr'>omnibus</span> <span class='ocrx_word' id='word_1_2153' title='bbox 614 3711 777 3737; x_wconf 81' lang='lat' dir='ltr'>ornamentis</span> <span class='ocrx_word' id='word_1_2154' title='bbox 792 3713 853 3740; x_wconf 87' lang='lat' dir='ltr'>tuis.</span> <span class='ocrx_word' id='word_1_2155' title='bbox 925 3713 1035 3740; x_wconf 86' lang='lat' dir='ltr'>Tamen</span> <span class='ocrx_word' id='word_1_2156' title='bbox 1050 3714 1189 3749; x_wconf 76' lang='lat' dir='ltr'>aggrediar</span> <span class='ocrx_word' id='word_1_2157' title='bbox 1202 3714 1235 3740; x_wconf 90' lang='lat' dir='ltr'>ad</span> <span class='ocrx_word' id='word_1_2158' title='bbox 1249 3714 1288 3741; x_wconf 86' lang='lat' dir='ltr'>di.</span> <span class='ocrx_word' id='word_1_2159' title='bbox 1350 3716 1412 3744; x_wconf 87' lang='lat' dir='ltr'>Liu.</span> <span class='ocrx_word' id='word_1_2160' title='bbox 1428 3725 1467 3750; x_wconf 85' lang='lat'>29,</span> <span class='ocrx_word' id='word_1_2161' title='bbox 1482 3724 1504 3748; x_wconf 80' lang='lat'>9.</span> <span class='ocrx_word' id='word_1_2162' title='bbox 1577 3714 1597 3740; x_wconf 88' lang='lat' dir='ltr'>E</span> <span class='ocrx_word' id='word_1_2163' title='bbox 1611 3712 1730 3739; x_wconf 80' lang='lat' dir='ltr'>manibus</span> <span class='ocrx_word' id='word_1_2164' title='bbox 1744 3714 1857 3740; x_wconf 82' lang='lat' dir='ltr'>alicuius</span> <span class='ocrx_word' id='word_1_2165' title='bbox 1874 3712 2013 3748; x_wconf 83' lang='lat' dir='ltr'>proripere</span> <span class='ocrx_word' id='word_1_2166' title='bbox 2028 3711 2078 3738; x_wconf 85' lang='lat' dir='ltr'>sese</span> <span class='ocrx_word' id='word_1_2167' title='bbox 2092 3710 2150 3737; x_wconf 78' lang='lat' dir='ltr'>Liu.</span> <span class='ocrx_word' id='word_1_2168' title='bbox 2165 3719 2207 3742; x_wconf 84' lang='lat'>22,</span> <span class='ocrx_word' id='word_1_2169' title='bbox 2225 3729 2232 3736; x_wconf 92' lang='lat'>.</span> <span class='ocrx_word' id='word_1_2170' title='bbox 2253 3728 2260 3735; x_wconf 89' lang='lat'>.</span> <span class='ocrx_word' id='word_1_2171' title='bbox 2354 3707 2410 3734; x_wconf 75' lang='lat' dir='ltr'>Cu·-</span> <span class='ocrx_word' id='word_1_2172' title='bbox 2437 3739 2439 3741; x_wconf 21' lang='grc' dir='ltr'><strong><em>ι</em></strong></span> <span class='ocrx_word' id='word_1_2173' title='bbox 2473 3716 2474 3720; x_wconf 72' lang='grc'>’</span> 
     </span>
    </p>
   </div>
   <div class='ocr_carea' id='block_1_13' title="bbox 235 3733 2488 4038">
    <p class='ocr_par' dir='ltr' id='par_1_23' title="bbox 235 3733 2488 4038">
     <span class='ocr_line' id='line_1_119' title="bbox 237 3733 2457 3791; baseline -0.005 -14"><span class='ocrx_word' id='word_1_2174' title='bbox 237 3733 346 3791; x_wconf 59' lang='lat' dir='ltr'>‘5⁰‚¹¹d¹¹¹¹¹</span> <span class='ocrx_word' id='word_1_2175' title='bbox 356 3754 364 3766; x_wconf 83' lang='lat'>⁷</span> <span class='ocrx_word' id='word_1_2176' title='bbox 383 3744 415 3762; x_wconf 57' lang='lat'>¹¹⁸</span> <span class='ocrx_word' id='word_1_2177' title='bbox 429 3746 486 3765; x_wconf 69' lang='lat'>‘¹¹⁰³</span> <span class='ocrx_word' id='word_1_2178' title='bbox 499 3744 675 3777; x_wconf 78' lang='lat' dir='ltr'>propugnatio</span> <span class='ocrx_word' id='word_1_2179' title='bbox 689 3745 713 3772; x_wconf 67' lang='lat' dir='ltr'>el</span> <span class='ocrx_word' id='word_1_2180' title='bbox 729 3747 886 3781; x_wconf 69' lang='lat' dir='ltr'>Potiffimfflll</span> <span class='ocrx_word' id='word_1_2181' title='bbox 903 3748 1012 3776; x_wconf 64' lang='lat' dir='ltr'>defuiss‘e</span> <span class='ocrx_word' id='word_1_2182' title='bbox 1032 3750 1156 3777; x_wconf 78' lang='lat' dir='ltr'>Videatur</span> <span class='ocrx_word' id='word_1_2183' title='bbox 1172 3750 1228 3777; x_wconf 80' lang='lat' dir='ltr'>Cic.</span> <span class='ocrx_word' id='word_1_2184' title='bbox 1237 3759 1287 3785; x_wconf 84' lang='lat' dir='ltr'>pro</span> <span class='ocrx_word' id='word_1_2185' title='bbox 1351 3752 1383 3779; x_wconf 89' lang='lat' dir='ltr'>de</span> <span class='ocrx_word' id='word_1_2186' title='bbox 1398 3752 1491 3786; x_wconf 87' lang='lat' dir='ltr'>Arusp.</span> <span class='ocrx_word' id='word_1_2187' title='bbox 1506 3751 1580 3786; x_wconf 83' lang='lat' dir='ltr'>Resp.</span> <span class='ocrx_word' id='word_1_2188' title='bbox 1595 3758 1607 3776; x_wconf 81' lang='lat'>2</span> <span class='ocrx_word' id='word_1_2189' title='bbox 1629 3750 1750 3776; x_wconf 74' lang='lat' dir='ltr'>Attamen</span> <span class='ocrx_word' id='word_1_2190' title='bbox 1766 3749 1873 3785; x_wconf 79' lang='lat' dir='ltr'>ignarus</span> <span class='ocrx_word' id='word_1_2191' title='bbox 1888 3749 1934 3775; x_wconf 90' lang='lat' dir='ltr'>ille</span> <span class='ocrx_word' id='word_1_2192' title='bbox 1949 3748 1996 3782; x_wconf 89' lang='lat' dir='ltr'>qui</span> <span class='ocrx_word' id='word_1_2193' title='bbox 2016 3746 2144 3774; x_wconf 69' lang='lat' dir='ltr'>eonsules</span> <span class='ocrx_word' id='word_1_2194' title='bbox 2159 3746 2252 3778; x_wconf 77' lang='lat' dir='ltr'>essent,</span> <span class='ocrx_word' id='word_1_2195' title='bbox 2274 3741 2411 3782; x_wconf 74' lang='lat' dir='ltr'>exsanguis</span> <span class='ocrx_word' id='word_1_2196' title='bbox 2456 3754 2457 3758; x_wconf 65' lang='lat'><em>=</em></span> 
     </span>
     <span class='ocr_line' id='line_1_120' title="bbox 239 3775 2473 3823; baseline -0.009 -1"><span class='ocrx_word' id='word_1_2197' title='bbox 239 3783 246 3790; x_wconf 41' lang='lat'>⁸</span> <span class='ocrx_word' id='word_1_2198' title='bbox 257 3775 305 3794; x_wconf 40' lang='lat' dir='ltr'>tn*</span> <span class='ocrx_word' id='word_1_2199' title='bbox 318 3778 329 3801; x_wconf 71' lang='lat'>3</span> <span class='ocrx_word' id='word_1_2200' title='bbox 351 3779 373 3796; x_wconf 54' lang='grc' dir='ltr'>ς’</span> <span class='ocrx_word' id='word_1_2201' title='bbox 394 3779 415 3821; x_wconf 49' lang='lat' dir='ltr'><strong>f</strong></span> <span class='ocrx_word' id='word_1_2202' title='bbox 476 3808 490 3812; x_wconf 96' lang='lat'>-</span> <span class='ocrx_word' id='word_1_2203' title='bbox 534 3805 538 3809; x_wconf 71' lang='lat'>¹</span> <span class='ocrx_word' id='word_1_2204' title='bbox 651 3814 655 3818; x_wconf 93' lang='lat'>.</span> <span class='ocrx_word' id='word_1_2205' title='bbox 1350 3795 1430 3823; x_wconf 85' lang='lat' dir='ltr'>atquc</span> <span class='ocrx_word' id='word_1_2206' title='bbox 1442 3785 1591 3814; x_wconf 78' lang='lat' dir='ltr'>exaestuans</span> <span class='ocrx_word' id='word_1_2207' title='bbox 1606 3786 1629 3812; x_wconf 86' lang='lat' dir='ltr'>se</span> <span class='ocrx_word' id='word_1_2208' title='bbox 1643 3794 1674 3811; x_wconf 69' lang='lat' dir='ltr'>cx</span> <span class='ocrx_word' id='word_1_2209' title='bbox 1688 3785 1762 3812; x_wconf 77' lang='lat' dir='ltr'>curia</span> <span class='ocrx_word' id='word_1_2210' title='bbox 1783 3791 1890 3821; x_wconf 78' lang='lat' dir='ltr'>repente</span> <span class='ocrx_word' id='word_1_2211' title='bbox 1904 3783 2057 3820; x_wconf 88' lang='lat' dir='ltr'>proripuit,</span> <span class='ocrx_word' id='word_1_2212' title='bbox 2070 3792 2131 3809; x_wconf 85' lang='lat' dir='ltr'>cum</span> <span class='ocrx_word' id='word_1_2213' title='bbox 2144 3779 2302 3816; x_wconf 83' lang='lat' dir='ltr'>quibusdam</span> <span class='ocrx_word' id='word_1_2214' title='bbox 2314 3778 2412 3820; x_wconf 62' lang='lat' dir='ltr'>srao’tts</span> <span class='ocrx_word' id='word_1_2215' title='bbox 2472 3800 2473 3807; x_wconf 67' lang='grc'>,</span> 
     </span>
     <span class='ocr_line' id='line_1_121' title="bbox 237 3809 2441 3865; baseline -0.006 -13"><span class='ocrx_word' id='word_1_2216' title='bbox 237 3810 287 3861; x_wconf 48' lang='lat' dir='ltr'>Ni</span> <span class='ocrx_word' id='word_1_2217' title='bbox 300 3809 576 3865; x_wconf 39' lang='lat' dir='ltr'>31?¹&#39;⁸‚·G,NAT⁰R</span> <span class='ocrx_word' id='word_1_2218' title='bbox 587 3832 596 3844; x_wconf 69' lang='lat'>³</span> <span class='ocrx_word' id='word_1_2219' title='bbox 615 3816 679 3840; x_wconf 58' lang='lat'>‘&#39;³¹&#39;¹³·</span> <span class='ocrx_word' id='word_1_2220' title='bbox 699 3824 734 3855; x_wconf 58' lang='lat'>¹¹¹:</span> <span class='ocrx_word' id='word_1_2221' title='bbox 771 3817 966 3854; x_wconf 61' lang='lat' dir='ltr'>[bncpoecn15q;]</span> <span class='ocrx_word' id='word_1_2222' title='bbox 1019 3820 1091 3847; x_wconf 89' lang='lat' dir='ltr'>Caes.</span> <span class='ocrx_word' id='word_1_2223' title='bbox 1107 3821 1135 3848; x_wconf 88' lang='lat' dir='ltr'>B.</span> <span class='ocrx_word' id='word_1_2224' title='bbox 1156 3821 1189 3848; x_wconf 87' lang='lat' dir='ltr'>G.</span> <span class='ocrx_word' id='word_1_2225' title='bbox 1210 3827 1237 3855; x_wconf 86' lang='lat'>7,</span> <span class='ocrx_word' id='word_1_2226' title='bbox 1261 3830 1289 3852; x_wconf 70' lang='grc' dir='ltr'>ες</span> <span class='ocrx_word' id='word_1_2227' title='bbox 1349 3823 1403 3850; x_wconf 87' lang='lat' dir='ltr'>iam</span> <span class='ocrx_word' id='word_1_2228' title='bbox 1417 3830 1496 3858; x_wconf 83' lang='lat' dir='ltr'>atquc</span> <span class='ocrx_word' id='word_1_2229' title='bbox 1516 3820 1638 3849; x_wconf 84' lang='lat' dir='ltr'>inanibus</span> <span class='ocrx_word' id='word_1_2230' title='bbox 1654 3821 1742 3848; x_wconf 84' lang='lat' dir='ltr'>minis.</span> <span class='ocrx_word' id='word_1_2231' title='bbox 1817 3821 1889 3848; x_wconf 80' lang='lat' dir='ltr'>Caes.</span> <span class='ocrx_word' id='word_1_2232' title='bbox 1905 3821 1933 3847; x_wconf 77' lang='grc' dir='ltr'>Β.</span> <span class='ocrx_word' id='word_1_2233' title='bbox 1948 3821 1979 3847; x_wconf 88' lang='lat' dir='ltr'>C.</span> <span class='ocrx_word' id='word_1_2234' title='bbox 1990 3829 2006 3853; x_wconf 84' lang='lat'>1,</span> <span class='ocrx_word' id='word_1_2235' title='bbox 2021 3825 2053 3849; x_wconf 80' lang='lat'>80</span> <span class='ocrx_word' id='word_1_2236' title='bbox 2073 3819 2131 3846; x_wconf 85' lang='lat' dir='ltr'>Sese</span> <span class='ocrx_word' id='word_1_2237' title='bbox 2145 3817 2232 3844; x_wconf 86' lang='lat' dir='ltr'>subito</span> <span class='ocrx_word' id='word_1_2238' title='bbox 2247 3818 2412 3852; x_wconf 60' lang='lat' dir='ltr'>proripiuntc</span> <span class='ocrx_word' id='word_1_2239' title='bbox 2438 3820 2441 3824; x_wconf 68' lang='grc'>’</span> 
     </span>
     <span class='ocr_line' id='line_1_122' title="bbox 237 3843 2408 3896; baseline 0.003 -32"><span class='ocrx_word' id='word_1_2240' title='bbox 237 3847 293 3896; x_wconf 47' lang='lat' dir='ltr'>Nec</span> <span class='ocrx_word' id='word_1_2241' title='bbox 309 3847 317 3863; x_wconf 88' lang='lat'>1</span> <span class='ocrx_word' id='word_1_2242' title='bbox 340 3849 352 3866; x_wconf 89' lang='lat' dir='ltr'>e</span> <span class='ocrx_word' id='word_1_2243' title='bbox 367 3850 439 3875; x_wconf 73' lang='lat' dir='ltr'>plius</span> <span class='ocrx_word' id='word_1_2244' title='bbox 452 3843 488 3867; x_wconf 83' lang='lat' dir='ltr'>cst</span> <span class='ocrx_word' id='word_1_2245' title='bbox 508 3852 521 3868; x_wconf 90' lang='lat' dir='ltr'>a</span> <span class='ocrx_word' id='word_1_2246' title='bbox 540 3852 776 3886; x_wconf 62' lang='lat' dir='ltr'>propugnatoi-mm</span> <span class='ocrx_word' id='word_1_2247' title='bbox 797 3862 894 3881; x_wconf 78' lang='lat' dir='ltr'>vacuus</span> <span class='ocrx_word' id='word_1_2248' title='bbox 919 3855 1030 3882; x_wconf 47' lang='lat' dir='ltr'>relictus</span> <span class='ocrx_word' id='word_1_2249' title='bbox 1053 3856 1135 3883; x_wconf 86' lang='lat' dir='ltr'>locus.</span> <span class='ocrx_word' id='word_1_2250' title='bbox 1211 3857 1285 3889; x_wconf 73' lang='lat' dir='ltr'>(bus.</span> <span class='ocrx_word' id='word_1_2251' title='bbox 1293 3870 1340 3890; x_wconf 89' lang='lat'>100</span> <span class='ocrx_word' id='word_1_2252' title='bbox 1348 3860 1407 3886; x_wconf 73' lang='lat' dir='ltr'>sese</span> <span class='ocrx_word' id='word_1_2253' title='bbox 1425 3858 1502 3896; x_wconf 53' lang='lat' dir='ltr'>porta*</span> <span class='ocrx_word' id='word_1_2254' title='bbox 1520 3858 1592 3885; x_wconf 63' lang='lat' dir='ltr'>somS</span> <span class='ocrx_word' id='word_1_2255' title='bbox 1606 3858 1721 3884; x_wconf 61' lang='lat' dir='ltr'><strong>vnjucffi</strong></span> <span class='ocrx_word' id='word_1_2256' title='bbox 1736 3857 1892 3893; x_wconf 52' lang='lat' dir='ltr'>proripiunt</span> <span class='ocrx_word' id='word_1_2257' title='bbox 1907 3857 1979 3884; x_wconf 65' lang='lat' dir='ltr'>Idem</span> <span class='ocrx_word' id='word_1_2258' title='bbox 1996 3855 2062 3882; x_wconf 44' lang='lat' dir='ltr'><strong>ibid·</strong></span> <span class='ocrx_word' id='word_1_2259' title='bbox 2075 3863 2141 3888; x_wconf 83' lang='lat'>2‚¹2.</span> <span class='ocrx_word' id='word_1_2260' title='bbox 2214 3852 2288 3879; x_wconf 66' lang='lat'>50110</span> <span class='ocrx_word' id='word_1_2261' title='bbox 2303 3851 2408 3890; x_wconf 30' lang='lat' dir='ltr'>stupro.</span> 
     </span>
     <span class='ocr_line' id='line_1_123' title="bbox 237 3877 2488 3932; baseline -0.002 -13"><span class='ocrx_word' id='word_1_2262' title='bbox 237 3881 305 3932; x_wconf 47' lang='lat' dir='ltr'>„gfff</span> <span class='ocrx_word' id='word_1_2263' title='bbox 322 3881 352 3907; x_wconf 74' lang='lat'>&#39;⁸’</span> <span class='ocrx_word' id='word_1_2264' title='bbox 368 3886 424 3919; x_wconf 73' lang='lat'>¹³¹..²³</span> <span class='ocrx_word' id='word_1_2265' title='bbox 449 3877 535 3903; x_wconf 70' lang='lat' dir='ltr'>C¹³ffi⁵</span> <span class='ocrx_word' id='word_1_2266' title='bbox 552 3883 663 3927; x_wconf 40' lang='lat' dir='ltr'>‘inni-um</span> <span class='ocrx_word' id='word_1_2267' title='bbox 682 3893 789 3919; x_wconf 82' lang='lat' dir='ltr'>propter</span> <span class='ocrx_word' id='word_1_2268' title='bbox 807 3888 984 3918; x_wconf 71' lang='lat' dir='ltr'>dimissionem</span> <span class='ocrx_word' id='word_1_2269' title='bbox 1006 3898 1237 3927; x_wconf 83' lang='lat' dir='ltr'>propugnatorum</span> <span class='ocrx_word' id='word_1_2270' title='bbox 1258 3898 1285 3918; x_wconf 90' lang='lat' dir='ltr'>ct</span> <span class='ocrx_word' id='word_1_2271' title='bbox 1347 3896 1413 3931; x_wconf 78' lang='lat' dir='ltr'>ripit</span> <span class='ocrx_word' id='word_1_2272' title='bbox 1425 3896 1480 3922; x_wconf 87' lang='lat' dir='ltr'>alto</span> <span class='ocrx_word' id='word_1_2273' title='bbox 1494 3895 1582 3921; x_wconf 76' lang='lat' dir='ltr'>Valet.</span> <span class='ocrx_word' id='word_1_2274' title='bbox 1600 3894 1698 3927; x_wconf 84' lang='lat' dir='ltr'>Argon.</span> <span class='ocrx_word' id='word_1_2275' title='bbox 1713 3902 1736 3927; x_wconf 85' lang='grc' dir='ltr'><strong>ς,</strong></span> <span class='ocrx_word' id='word_1_2276' title='bbox 1750 3896 1804 3923; x_wconf 69' lang='grc'>263.</span> <span class='ocrx_word' id='word_1_2277' title='bbox 1879 3892 1920 3920; x_wconf 89' lang='lat' dir='ltr'>Ab</span> <span class='ocrx_word' id='word_1_2278' title='bbox 1934 3891 2068 3920; x_wconf 79' lang='lat' dir='ltr'>vestibulo</span> <span class='ocrx_word' id='word_1_2279' title='bbox 2081 3889 2173 3924; x_wconf 86' lang='lat' dir='ltr'>templi</span> <span class='ocrx_word' id='word_1_2280' title='bbox 2199 3888 2250 3916; x_wconf 85' lang='lat' dir='ltr'>sese</span> <span class='ocrx_word' id='word_1_2281' title='bbox 2269 3891 2408 3924; x_wconf 69' lang='lat' dir='ltr'>pror1pe3&#39;e</span> <span class='ocrx_word' id='word_1_2282' title='bbox 2486 3914 2488 3919; x_wconf 71' lang='grc'>,</span> 
     </span>
     <span class='ocr_line' id='line_1_124' title="bbox 236 3912 2488 3970; baseline -0.01 -3"><span class='ocrx_word' id='word_1_2283' title='bbox 236 3940 272 3966; x_wconf 65' lang='lat' dir='ltr'>ris</span> <span class='ocrx_word' id='word_1_2284' title='bbox 295 3912 439 3970; x_wconf 39' lang='lat' dir='ltr'>&#39;guanffi</span> <span class='ocrx_word' id='word_1_2285' title='bbox 455 3913 533 3952; x_wconf 56' lang='lat' dir='ltr'>verr*</span> <span class='ocrx_word' id='word_1_2286' title='bbox 549 3927 571 3946; x_wconf 61' lang='lat'>⁵&#39;</span> <span class='ocrx_word' id='word_1_2287' title='bbox 585 3921 612 3963; x_wconf 48' lang='grc' dir='ltr'>,ες</span> <span class='ocrx_word' id='word_1_2288' title='bbox 633 3926 653 3956; x_wconf 48' lang='grc' dir='ltr'>ς’</span> <span class='ocrx_word' id='word_1_2289' title='bbox 669 3928 705 3951; x_wconf 83' lang='lat'>34-</span> <span class='ocrx_word' id='word_1_2290' title='bbox 779 3923 851 3949; x_wconf 70' lang='lat' dir='ltr'>ld⁰¹¹¹</span> <span class='ocrx_word' id='word_1_2291' title='bbox 865 3925 942 3951; x_wconf 66' lang='lat' dir='ltr'>Vers-</span> <span class='ocrx_word' id='word_1_2292' title='bbox 956 3936 985 3959; x_wconf 73' lang='lat'>4,</span> <span class='ocrx_word' id='word_1_2293' title='bbox 1005 3933 1037 3956; x_wconf 90' lang='lat'>80</span> <span class='ocrx_word' id='word_1_2294' title='bbox 1062 3929 1125 3954; x_wconf 86' lang='lat' dir='ltr'>Non</span> <span class='ocrx_word' id='word_1_2295' title='bbox 1146 3928 1182 3954; x_wconf 82' lang='lat' dir='ltr'>est</span> <span class='ocrx_word' id='word_1_2296' title='bbox 1201 3927 1284 3962; x_wconf 85' lang='lat' dir='ltr'>pudo·</span> <span class='ocrx_word' id='word_1_2297' title='bbox 1345 3930 1406 3957; x_wconf 88' lang='lat' dir='ltr'>Liu.</span> <span class='ocrx_word' id='word_1_2298' title='bbox 1420 3938 1433 3961; x_wconf 74' lang='grc' dir='ltr'><em>Β</em></span> <span class='ocrx_word' id='word_1_2299' title='bbox 1456 3935 1473 3959; x_wconf 87' lang='lat'><em>6</em></span> <span class='ocrx_word' id='word_1_2300' title='bbox 1489 3938 1531 3966; x_wconf 85' lang='lat' dir='ltr'>pr.</span> <span class='ocrx_word' id='word_1_2301' title='bbox 1595 3929 1632 3955; x_wconf 84' lang='lat' dir='ltr'>Ex</span> <span class='ocrx_word' id='word_1_2302' title='bbox 1655 3930 1727 3956; x_wconf 86' lang='lat' dir='ltr'>curia</span> <span class='ocrx_word' id='word_1_2303' title='bbox 1749 3930 1775 3956; x_wconf 86' lang='lat' dir='ltr'>se</span> <span class='ocrx_word' id='word_1_2304' title='bbox 1798 3928 1938 3965; x_wconf 78' lang='lat' dir='ltr'>proripere</span> <span class='ocrx_word' id='word_1_2305' title='bbox 1956 3927 2030 3955; x_wconf 89' lang='lat' dir='ltr'>Idem</span> <span class='ocrx_word' id='word_1_2306' title='bbox 2044 3936 2065 3959; x_wconf 78' lang='lat'>3,</span> <span class='ocrx_word' id='word_1_2307' title='bbox 2082 3936 2105 3959; x_wconf 91' lang='lat'>¹7</span> <span class='ocrx_word' id='word_1_2308' title='bbox 2123 3931 2165 3960; x_wconf 76' lang='lat' dir='ltr'>pr.</span> <span class='ocrx_word' id='word_1_2309' title='bbox 2238 3924 2275 3950; x_wconf 81' lang='lat' dir='ltr'>Ex</span> <span class='ocrx_word' id='word_1_2310' title='bbox 2289 3919 2418 3947; x_wconf 64' lang='lat' dir='ltr'>concilim</span> <span class='ocrx_word' id='word_1_2311' title='bbox 2485 3925 2488 3939; x_wconf 75' lang='lat'>¹</span> 
     </span>
     <span class='ocr_line' id='line_1_125' title="bbox 254 3949 2404 4002; baseline 0.008 -35"><span class='ocrx_word' id='word_1_2312' title='bbox 254 3952 290 4002; x_wconf 39' lang='grc' dir='ltr'>ιζῡι</span> <span class='ocrx_word' id='word_1_2313' title='bbox 304 3951 336 3968; x_wconf 85' lang='lat' dir='ltr'>1c1</span> <span class='ocrx_word' id='word_1_2314' title='bbox 377 3966 382 3971; x_wconf 94' lang='lat'>.</span> <span class='ocrx_word' id='word_1_2315' title='bbox 401 3950 524 3996; x_wconf 48' lang='lat' dir='ltr'>bctptone</span> <span class='ocrx_word' id='word_1_2316' title='bbox 537 3949 721 3988; x_wconf 43' lang='lat' dir='ltr'>&#39;llutcntissimo</span> <span class='ocrx_word' id='word_1_2317' title='bbox 745 3956 907 3996; x_wconf 80' lang='lat' dir='ltr'>adolescente</span> <span class='ocrx_word' id='word_1_2318' title='bbox 933 3961 998 3987; x_wconf 91' lang='lat' dir='ltr'>viuo</span> <span class='ocrx_word' id='word_1_2319' title='bbox 1022 3968 1048 3988; x_wconf 86' lang='lat' dir='ltr'>et</span> <span class='ocrx_word' id='word_1_2320' title='bbox 1075 3963 1221 3994; x_wconf 87' lang='lat' dir='ltr'>ineolumi,</span> <span class='ocrx_word' id='word_1_2321' title='bbox 1240 3972 1282 3989; x_wconf 87' lang='lat' dir='ltr'>me</span> <span class='ocrx_word' id='word_1_2322' title='bbox 1341 3966 1418 3993; x_wconf 78' lang='lat' dir='ltr'>Idem</span> <span class='ocrx_word' id='word_1_2323' title='bbox 1434 3953 1460 3994; x_wconf 62' lang='lat'>{2</span> <span class='ocrx_word' id='word_1_2324' title='bbox 1485 3976 1506 3997; x_wconf 64' lang='lat' dir='ltr'>q.</span> <span class='ocrx_word' id='word_1_2325' title='bbox 1580 3966 1609 3992; x_wconf 89' lang='lat' dir='ltr'>In</span> <span class='ocrx_word' id='word_1_2326' title='bbox 1626 3965 1762 4000; x_wconf 86' lang='lat' dir='ltr'>publicum</span> <span class='ocrx_word' id='word_1_2327' title='bbox 1776 3966 1799 3992; x_wconf 88' lang='lat' dir='ltr'>se</span> <span class='ocrx_word' id='word_1_2328' title='bbox 1817 3966 1957 4001; x_wconf 87' lang='lat' dir='ltr'>proripere</span> <span class='ocrx_word' id='word_1_2329' title='bbox 1976 3962 2050 3990; x_wconf 88' lang='lat' dir='ltr'>Idem</span> <span class='ocrx_word' id='word_1_2330' title='bbox 2068 3967 2091 3994; x_wconf 85' lang='lat'>8,</span> <span class='ocrx_word' id='word_1_2331' title='bbox 2109 3967 2146 3990; x_wconf 75' lang='lat'>28.</span> <span class='ocrx_word' id='word_1_2332' title='bbox 2220 3961 2251 3987; x_wconf 89' lang='lat' dir='ltr'>In</span> <span class='ocrx_word' id='word_1_2333' title='bbox 2270 3961 2359 3983; x_wconf 65' lang='lat' dir='ltr'>coetus</span> <span class='ocrx_word' id='word_1_2334' title='bbox 2379 3955 2404 3980; x_wconf 81' lang='lat' dir='ltr'>se</span> 
     </span>
     <span class='ocr_line' id='line_1_126' title="bbox 235 3984 2405 4038; baseline -0.012 3"><span class='ocrx_word' id='word_1_2335' title='bbox 235 3984 251 4008; x_wconf 66' lang='grc' dir='ltr'>Ρ</span> <span class='ocrx_word' id='word_1_2336' title='bbox 287 3986 454 4011; x_wconf 72' lang='lat' dir='ltr'>pugnatoicm</span> <span class='ocrx_word' id='word_1_2337' title='bbox 469 3992 695 4013; x_wconf 79' lang='lat' dir='ltr'>monimentorum</span> <span class='ocrx_word' id='word_1_2338' title='bbox 709 3990 734 4015; x_wconf 57' lang='grc' dir='ltr'>μ’</span> <span class='ocrx_word' id='word_1_2339' title='bbox 749 3992 895 4025; x_wconf 55' lang='lat' dir='ltr'>smpionis’</span> <span class='ocrx_word' id='word_1_2340' title='bbox 915 3994 1135 4032; x_wconf 62' lang='lat' dir='ltr'>defensoremque</span> <span class='ocrx_word' id='word_1_2341' title='bbox 1150 3999 1281 4032; x_wconf 63' lang='lat' dir='ltr'>profiteri·</span> <span class='ocrx_word' id='word_1_2342' title='bbox 1344 3988 1490 4038; x_wconf 32' lang='lat' dir='ltr'>proripese*</span> <span class='ocrx_word' id='word_1_2343' title='bbox 1503 4001 1570 4028; x_wconf 88' lang='lat' dir='ltr'>Plin.</span> <span class='ocrx_word' id='word_1_2344' title='bbox 1586 4007 1610 4035; x_wconf 79' lang='lat'>8,</span> <span class='ocrx_word' id='word_1_2345' title='bbox 1625 4004 1664 4033; x_wconf 82' lang='grc'>46.</span> <span class='ocrx_word' id='word_1_2346' title='bbox 1737 4002 1806 4028; x_wconf 81' lang='lat' dir='ltr'>Hor.</span> <span class='ocrx_word' id='word_1_2347' title='bbox 1828 4001 1917 4028; x_wconf 77' lang='lat' dir='ltr'>Carm-</span> <span class='ocrx_word' id='word_1_2348' title='bbox 1933 4010 1951 4033; x_wconf 87' lang='grc' dir='ltr'>ι,</span> <span class='ocrx_word' id='word_1_2349' title='bbox 1967 4005 1980 4029; x_wconf 83' lang='lat'>8</span> <span class='ocrx_word' id='word_1_2350' title='bbox 2001 4003 2068 4024; x_wconf 79' lang='lat' dir='ltr'>extr.</span> <span class='ocrx_word' id='word_1_2351' title='bbox 2090 3995 2134 4023; x_wconf 82' lang='lat' dir='ltr'>Ne</span> <span class='ocrx_word' id='word_1_2352' title='bbox 2156 3995 2244 4022; x_wconf 85' lang='lat' dir='ltr'>virilis</span> <span class='ocrx_word' id='word_1_2353' title='bbox 2265 3991 2349 4019; x_wconf 86' lang='lat' dir='ltr'>cultus</span> <span class='ocrx_word' id='word_1_2354' title='bbox 2368 3989 2405 4015; x_wconf 75' lang='lat' dir='ltr'>A.</span> 
     </span>
    </p>
   </div>
   <div class='ocr_carea' id='block_1_14' title="bbox 233 4011 2403 4094">
    <p class='ocr_par' dir='ltr' id='par_1_24' title="bbox 233 4011 2403 4094">
     <span class='ocr_line' id='line_1_127' title="bbox 233 4011 2403 4091; baseline 0 -37"><span class='ocrx_word' id='word_1_2355' title='bbox 233 4011 412 4049; x_wconf 74' lang='lat' dir='ltr'>Propugnator</span> <span class='ocrx_word' id='word_1_2356' title='bbox 427 4018 611 4054; x_wconf 61' lang='lat' dir='ltr'>f0¹⁸¹¹¹¹³ffl¹¹¹³</span> <span class='ocrx_word' id='word_1_2357' title='bbox 631 4026 655 4048; x_wconf 82' lang='lat' dir='ltr'>et</span> <span class='ocrx_word' id='word_1_2358' title='bbox 670 4022 790 4055; x_wconf 81' lang='lat' dir='ltr'>defensor</span> <span class='ocrx_word' id='word_1_2359' title='bbox 807 4028 915 4057; x_wconf 76' lang='lat' dir='ltr'>affiduus</span> <span class='ocrx_word' id='word_1_2360' title='bbox 935 4031 974 4059; x_wconf 85' lang='lat' dir='ltr'>Id.</span> <span class='ocrx_word' id='word_1_2361' title='bbox 988 4032 1047 4060; x_wconf 82' lang='lat' dir='ltr'>Post</span> <span class='ocrx_word' id='word_1_2362' title='bbox 1067 4033 1124 4060; x_wconf 86' lang='lat' dir='ltr'>red.</span> <span class='ocrx_word' id='word_1_2363' title='bbox 1143 4034 1173 4062; x_wconf 86' lang='lat' dir='ltr'>in</span> <span class='ocrx_word' id='word_1_2364' title='bbox 1186 4035 1331 4074; x_wconf 54' lang='lat' dir='ltr'>&#39;Sena-105</span> <span class='ocrx_word' id='word_1_2365' title='bbox 1343 4037 1436 4064; x_wconf 76' lang='lat' dir='ltr'>chillem</span> <span class='ocrx_word' id='word_1_2366' title='bbox 1452 4038 1480 4065; x_wconf 85' lang='lat' dir='ltr'>in</span> <span class='ocrx_word' id='word_1_2367' title='bbox 1495 4037 1610 4065; x_wconf 69' lang='lat' dir='ltr'>Caedem</span> <span class='ocrx_word' id='word_1_2368' title='bbox 1631 4045 1654 4065; x_wconf 80' lang='lat' dir='ltr'>ct</span> <span class='ocrx_word' id='word_1_2369' title='bbox 1665 4037 1757 4069; x_wconf 84' lang='lat' dir='ltr'>Lycias</span> <span class='ocrx_word' id='word_1_2370' title='bbox 1767 4037 1918 4073; x_wconf 76' lang='lat' dir='ltr'>proriperet</span> <span class='ocrx_word' id='word_1_2371' title='bbox 1933 4042 2057 4064; x_wconf 76' lang='lat' dir='ltr'>cateruas.</span> <span class='ocrx_word' id='word_1_2372' title='bbox 2132 4033 2242 4073; x_wconf 52' lang='lat' dir='ltr'>Rapqrc:</span> <span class='ocrx_word' id='word_1_2373' title='bbox 2263 4027 2403 4091; x_wconf 42' lang='lat' dir='ltr'>Cic-‚2732-</span> 
     </span>
     <span class='ocr_line' id='line_1_128' title="bbox 2344 4080 2352 4094; baseline 0 0"><span class='ocrx_word' id='word_1_2374' title='bbox 2344 4080 2352 4094; x_wconf 66' lang='grc'><em>3</em></span> 
     </span>
    </p>
   </div>
  </div>
 </body>
</html>
