2517 4231
0 2246 9 2479 *w-—v-iwr-u-v
0 2207 9 2221 ἲ

52 179 164 230 ζ-’,ῐοδα

53 268 67 290 ’.
79 261 236 291 cubiculum
246 259 468 293 e‘unss’roeestrio
483 270 491 292 ;
509 259 544 294 lic
556 262 615 288 olim
629 261 766 299 legebatur.
805 258 886 287 Hodie
899 267 930 285 ex
943 257 1018 287 MSS.
1032 261 1140 295 oprimae

43 299 54 317 -”
78 306 151 326 notae
163 307 224 325 eum
233 299 405 325 Procoetonc.

64 352 238 410 istgvigficario.

62 514 204 541 ‚Exercitio
219 519 242 538 et
259 521 322 539 cura
335 519 462 549 promtus.

62 549 143 577 .sacr.
158 548 250 575 scrinii
272 548 348 576 tibrb
363 557 391 575 12
403 549 435 576 C.

60 1050 193 1083 ¹:alicuius
223 1051 364 1086 procidere

63 1087 196 1121 xLiri-26,
214 1095 246 1121 39
282 1086 332 1114 Ille
363 1091 445 1122 atque
480 1094 602 1122 praeceps
631 1094 693 1126 cuni
726 1093 809 1112 armis
840 1084 959 1120 procidit
989 1090 1050 1111 ante
1082 1092 1144 1119 pro-

64 1392 68 1396 -
113 1381 129 1401 ι·
142 1382 417 1407 ROClDENTlA,
441 1382 481 1401 ae.
515 1374 536 1400 f.

65 1411 149 1438 :enim
164 1420 196 1437 ex
211 1411 307 1438 eodem
320 1412 386 1438 etin
401 1410 544 1437 oculorum
557 1409 776 1442 medicamentis,
796 1415 1049 1436 etmaxnnecontra
1057 1409 1145 1444 proci-

58 2620 60 2622 ,
72 2597 167 2624 eine'tu
181 2595 284 2623 habuit.

30 2640 34 2644 ‘
70 2633 110 2659 ed
121 2641 217 2664 omnes
226 2633 298 2659 casus
309 2630 410 2659 habere
427 2630 620 2666 eloquentiam.

467 169 496 212 P
576 171 730 212 Rwo

116 341 160 362 PR
169 340 190 361 0
203 340 220 361 C
231 340 252 361 H
263 339 298 360 131
308 339 364 360 MA
373 339 386 359 S
395 339 404 359 1
412 339 425 358 S
433 351 441 364 ‚
461 332 494 359 is.
514 332 534 359 f.
571 332 768 369 [προχόμασις]
805 330 956 357 Praecedens
969 330 1139 366 tempestatum

292 368 360 395 Ptin.
375 374 411 401 18,
423 376 454 402 25
467 376 509 404 pr.
522 369 541 395 s.
557 377 588 404 57
625 368 734 396 Accedit
746 367 859 393 confell‘a
875 375 964 393 rerum
980 368 1138 399 obscuritas,

77 415 149 434 nunc
162 409 361 441 praecurrente,
380 413 428 430 nee
443 405 531 439 paucis
544 404 639 432 diebus
651 397 835 440 tempestatum
851 403 1051 437 significatione,
1065 403 1139 438 quod

79 443 241 479 κροχάμασιν
256 440 353 468 Graeci
367 447 481 473 vocant,
501 448 547 468 etc.

113 483 130 504 ι’
139 483 159 504 R
169 483 188 503 ο
197 483 214 505 C
223 483 244 503 Η
254 479 296 503 1'R
305 483 327 502 v
335 483 349 504 s
357 495 365 508 ,
384 477 405 503 i.
439 486 476 504 m.
512 476 601 505 scriba
633 472 746 510 expedite
777 481 875 501 notans.

534 514 653 540 Alciatus
664 509 699 537 ad
711 510 794 545 legem
814 510 943 545 peculiari
968 511 1008 537 De
1021 511 1146 544 proxim:

508 547 557 576 Sed
567 553 662 581 metuo,
679 555 709 573 ne
723 547 927 583 Melloproximi
946 547 991 574 bos
1003 547 1140 580 Melopro-

77 584 182 616 ehiros,
201 591 321 620 tanquam
335 584 526 620 Mclopeponas
537 584 660 620 genuerit.

80 656 103 685 Δ
118 626 163 683 Pp
174 627 249 682 ἓεὲι
261 628 302 683 obs
311 627 333 648 Λ
342 626 362 647 G
377 626 417 647 R}
426 627 484 653 os,
505 620 525 646 i.
544 627 580 645 m.
617 616 724 654 [κρόκος
737 617 840 657 ἄγριοι]
878 618 974 651 Herba,
988 617 1139 654 Saxtfraga.

124 665 140 683 u
154 675 161 682 .
193 665 207 683 e
249 665 278 684 er
299 675 306 683 .
321 666 344 684 c.
395 675 402 682 .
728 659 736 666 ‘

105 665 188 720 prad
199 698 216 719 c
229 664 416 726 urz-afric.
449 695 475 716 et
490 695 588 717 rRoc
599 695 647 718 ur
659 695 681 716 ‘r
693 695 727 723 E,
743 698 781 716 es.
800 689 821 716 f.
859 688 1018 725 [Προχύτῃ]
1055 688 1142 723 Infida

79 731 108 756 ῖιι
121 730 256 755 Puteolano
260 727 321 763 finu
336 738 361 757 ;.
383 723 480 758 Distu,
500 724 568 761 quasi
583 725 700 762 Profufis.
757 723 861 759 Emerfit
883 729 946 752 enim
956 726 1100 760 prauo-lutis
1113 728 1141 750 in

77 774 146 792 mare
160 765 302 798 montibus,
314 772 391 800 quum
399 763 476 798 prius
488 771 536 788 non
545 762 626 798 foret.
689 763 756 788 Nam
775 761 872 797 προχὲω
884 761 1016 797 significat
1029 760 1140 794 qffimdo.

77 802 204 828 Inarimes
215 803 279 827 enim
294 807 364 826 mont
376 805 460 826 terrae
475 804 565 824 motum
575 796 660 832 pastin-
673 797 738 824 banc
749 798 857 833 injutum
864 798 950 833 siniit.
995 799 1033 824 At
1045 799 1112 823 Dion
1111 806 1143 831 y-

67 835 126 873 fius
137 846 148 863 1
155 835 256 872 Jbribit'
263 834 420 866 Prochytam
434 831 531 860 distans
545 833 591 868 effi.
601 844 616 861 α
638 835 747 860 Nutrice
773 835 871 859 Aeneae
892 833 1001 859 ciusdem
1025 836 1143 859 nominis.

76 873 117 900 De
129 873 177 899 hac
196 873 267 906 Vir-g.
281 871 347 898 Aen.
358 878 387 903 9,
400 877 446 905 715
462 870 541 896 Tum
554 870 642 897 sonitu
655 868 786 901 Prochyta
799 868 852 895 alta
863 869 965 895 tremit.

76 918 79 923 “
118 915 133 935 P
144 914 163 935 R
172 909 193 935 6
202 913 219 934 C
232 907 299 934 i‘DO
309 927 317 940 ‚
338 906 409 940 cidi,
426 906 512 932 casum
521 925 528 938 ‚
554 907 610 934 ere.
646 906 820 941 [προσπτύω-ω,
835 905 1002 940 παραπίπτοι]

76 949 102 972 et
114 943 190 971 Cado
205 941 364 978 compositum
376 952 386 972 ;
414 941 549 978 fignificat
562 944 673 969 Pronum
692 940 796 973 cadere,
811 941 981 975 procumbere.

66 988 116 1013 7ιο,
129 988 151 1012 ι,
163 987 181 1012 9
214 979 285 1006 Nam
299 987 383 1013 quum
396 979 488 1004 multis
500 978 575 1005 annis
588 977 646 1012 post
661 985 691 1004 ea
705 978 780 1003 scena
793 985 861 1011 quae
882 975 1050 1012 prociderat,
1074 976 1143 1001 rese-

75 1015 119 1043 fia
132 1015 201 1042 effer.
273 1015 415 1050 Cupress'us
430 1015 483 1040 late
497 1014 616 1049 procidit
636 1013 704 1039 Hor.
719 1013 809 1040 Carm.
822 1022 849 1046 4,
862 1016 889 1045 6,
904 1021 936 1039 11.
1009 1012 1050 1038 Ad
1064 1011 1142 1046 pedes

772 1049 847 1089 (ἕως).
866 1049 905 1076 Id.
922 1049 1012 1076 Carni.
1027 1057 1056 1080 4,
1070 1050 1097 1080 6,
1111 1056 1142 1074 ιι.

914 474 1140 510 Meloprochirus,

1039 912 1068 929 ex
1090 904 1142 930 Pro

411 1051 481 1078 Hor.
501 1049 584 1085 Epod.
604 1057 642 1085 17,
665 1057 699 1082 ¹3·

75 1132 158 1186 ”2²12
167 1130 235 1186 gud-1⁸⁴
243 1165 262 1186 D
271 1165 288 1186 E
296 1165 319 1185 N
328 1164 342 1185 S
350 1179 359 1192 ,
380 1157 458 1184 entis.
478 1156 574 1184 Partic.
611 1156 778 1192 [προπίπτων]
814 1156 883 1183 Plin.
900 1158 938 1189 16,
950 1164 963 1189 ς
985 1155 1098 1183 Cautum
1106 1155 1142 1182 est

76 1201 214 1231 praeterea
226 1195 286 1229 lege
299 1194 442 1221 duodecim
455 1193 645 1225 Tabularum,
664 1199 694 1220 vt
707 1192 829 1227 glandem
841 1193 870 1218 in
890 1193 1008 1219 alienum
1027 1191 1143 1218 fundum

76 1231 278 1267 procidentem,
298 1230 392 1258 liceret
405 1229 544 1264 colligere.
662 1229 736 1255 Idem
751 1237 797 1262 24,
810 1237 832 1255 ιι
848 1230 865 1254 s.
879 1238 909 1262 59
934 1229 1019 1255 Radix
1031 1229 1142 1255 vulnera

65 1268 166 1301 -sanat,
186 1273 212 1294 et
225 1267 293 1294 sedis
307 1266 491 1303 procidentia,
502 1264 688 1297 condylomata
701 1271 728 1292 et
741 1264 972 1292 haemorrhoidas.
1009 1265 1049 1292 δίε
1058 1263 1142 1291 Hard.

66 1314 69 1323 ³
94 1312 186 1339 noque,
205 1304 321 1337 Εἱεειιίν,
341 1310 387 1329 etc.
435 1303 512 1329 Alias
525 1300 604 1334 sabst.
619 1300 651 1334 est
666 1301 853 1334 Procidentia,
870 1310 911 1327 ae.
966 1301 1033 1328 Plin.
1046 1309 1098 1334 24,
1118 1309 1143 1333 ¹3

90 1359 97 1366 .
111 1342 143 1372 67
156 1346 222 1366 extr.
244 1339 415 1374 anuamque
428 1344 455 1365 et
467 1337 540 1365 sedes
559 1337 735 1372 procidentes.

592 1373 762 1409 [πρόπτωσις]

820 1372 888 1400 Plin.
902 1381 943 1407 34,
958 1378 982 1403 18
997 1373 1014 1399 s.
1024 1381 1055 1406 50
1073 1372 1142 1399 Vsus

75 1447 196 1474 dentiam
210 1457 320 1479 eorum,
341 1453 367 1475 et
380 1447 539 1474 inanitatem
548 1465 557 1478 ,
576 1453 602 1472 et
617 1446 737 1473 vlcerum
749 1446 953 1472 excrescentiam
962 1466 970 1479 ‚
985 1452 1032 1472 etc.
1069 1445 1144 1471 Idem

39 1506 44 1516 ,
76 1491 117 1516 23,
131 1492 148 1516 9
161 1484 181 1510 s.
196 1488 223 1514 81
255 1483 338 1510 Vtilis
352 1483 494 1515 coeliacis,
512 1481 697 1517 procidentiae
718 1482 860 1508 vuluarum
892 1482 959 1508 sedis
992 1481 1068 1508 vitiis
1097 1487 1146 1507 etc.

74 1519 152 1548 Idem
167 1523 207 1552 26,
220 1524 233 1550 8
249 1520 267 1546 s.
282 1525 310 1553 58
330 1519 518 1556 Anagalliduni
532 1518 861 1554 cacruleaprocidentiam
874 1517 943 1545 sedis
964 1517 1109 1552 retroagit‚
1127 1525 1142 1543 e

66 1554 185 1583 :diuerso
199 1556 297 1582 rubens
311 1555 434 1590 proritat.
472 1554 546 1591 Conf-
562 1555 660 1581 Partic-
674 1560 869 1582 PROCIDENS.
960 1579 963 1582 .

111 1599 129 1619 1>
137 1599 157 1619 R
166 1599 185 1619 O
194 1599 211 1619 C
220 1591 235 1618 f
242 1599 262 1619 D
270 1599 292 1619 V
301 1599 321 1618 V
330 1598 359 1624 S,
381 1601 396 1618 a
404 1612 413 1624 ‚
433 1600 488 1618 um.
509 1591 570 1617 Adi.
597 1591 791 1626 [npboen'rwros]
829 1589 903 1626 Qtod
912 1589 1037 1625 procidit.
1073 1588 1142 1616 Plin-

77 1635 123 1661 20,
137 1636 172 1655 20
190 1628 339 1655 Infantium
354 1627 467 1655 cerebro
475 1622 646 1662 imponitur,
667 1626 853 1661 vmbilicoque
866 1626 1006 1661 prociduo.
1068 1625 1143 1652 Idem

70 1664 114 1698 Ῑιι,
128 1672 163 1691 2ο
182 1664 278 1691 Testes
292 1672 360 1691 vero
369 1683 378 1697 ,
398 1671 424 1690 et
438 1663 526 1693 sedem
543 1662 700 1698 prociduam
709 1682 718 1695 ,
743 1672 866 1698 quaeque
880 1662 922 1689 illi
935 1663 996 1690 sunt
1008 1662 1088 1696 vitia,
1096 1668 1144 1690 etc.
1155 1671 1194 1698 40

78 1698 206 1735 Turpans
221 1700 378 1735 prociduam
393 1708 489 1727 cruore
502 1700 621 1726 frontem
640 1699 733 1726 Sidon.
745 1701 835 1726 Carm.
857 1707 894 1732 23,
908 1707 964 1733 4¹5·

115 1735 305 1768 PR6c1Eo,
326 1736 380 1764 uid.
401 1741 566 1763 PROC10.
809 1740 816 1744 ·

69 1788 72 1791 -
111 1777 128 1798 Ρ
137 1779 158 1799 R
167 1778 187 1798 o
198 1777 216 1798 c
227 1780 237 1798 1
246 1778 268 1797 Ν
278 1778 300 1799 G
309 1780 328 1800 o
336 1776 356 1806 ,'
366 1775 421 1799 ere.
449 1772 538 1807 ‘Origo
550 1769 584 1804 est
596 1780 688 1804 eorum,
701 1779 761 1806 quae
768 1769 921 1805 sequuntur.

112 1813 129 1833 P
139 1813 157 1834 R
167 1814 187 1834 0
197 1814 214 1834 C
227 1815 236 1835 1
246 1814 294 1835 Nc
305 1815 327 1834 'r
338 1815 359 1833 V
370 1816 383 1835 S
393 1827 400 1838 ,
421 1816 452 1840 a,
476 1816 531 1833 um.
572 1807 642 1833 Part.
679 1807 720 1837 [ἐν
732 1805 844 1839 προβολῇ
856 1801 986 1833 nai-offois]
1023 1801 1144 1830 Paratus,

1167 406 1181 434 5

1162 765 1189 792 ¹5

1039 939 1142 966 Gellius
1156 947 1191 965 20

1156 1126 1188 1152 25

1158 1309 1189 1333 30

1163 1486 1189 1512 35

73 1843 214 1879 expeditus.
251 1843 355 1870 Festus:
376 1843 515 1870 Procincia
529 1842 608 1868 clauis
623 1841 772 1871 dicebatur,
790 1846 878 1873 quum
891 1837 1024 1863 exercitus
1038 1834 1142 1861 cincius
1153 1841 1190 1869 45

769 1871 992 1901 Vetustius'enim
1004 1871 1060 1898 fuit
1073 1870 1143 1896 mul-

74 1885 132 1905 erat
145 1878 253 1910 Gabino
264 1878 354 1904 cintstu
363 1898 371 1910 ,
390 1877 530 1910 confestim
543 1882 719 1911 pugnaturus.
1058 1906 1087 1933 Id

1091 1915 1144 1939 em,

75 1913 220 1940 titudinem
245 1913 404 1946 hominum,
425 1921 506 1947 quam
535 1913 646 1938 nauium
661 1932 668 1943 ,
685 1910 789 1938 classem
820 1909 961 1944 appellari.

65 1946 242 1977 -Pro'cinetam
255 1949 372 1980 claffem,
390 1947 419 1975 id
432 1950 468 1975 est
483 1955 601 1983 paratam
613 1948 645 1974 ad
660 1947 764 1974 bellum
785 1947 906 1972 militum
926 1942 1144 1974 multitudinem,

65 1985 149 2013 ›Diali
164 1986 268 2012 flamini
280 1985 374 2012 videre
388 1994 444 2011 non
459 1985 546 2011 licuit.

69 2023 128 2047 tius
139 2031 147 2045 :
183 2020 320 2046 Gabinum
351 2019 450 2056 quidem
479 2020 597 2046 cintiium
618 2029 634 2045 a
653 2018 722 2052 Festo
742 2018 802 2051 este,
822 2017 888 2043 mihi
900 2025 949 2041 non
963 2014 997 2046 est
1005 2014 1144 2048 probabile.
1160 2023 1194 2049 50

639 1983 771 2010 Hactenus
783 1982 873 2009 Festus
890 1992 896 2007 :
932 1981 973 2006 uel
985 1979 1090 2005 Paullus
1098 1985 1144 2013 po-

70 2056 160 2082 -Nihit
173 2063 239 2082 certe
250 2058 278 2081 in
293 2056 351 2088 his,
371 2064 432 2090 quae
446 2053 511 2087 festi
526 2053 569 2086 effi
581 2052 688 2086 constat.
724 2053 793 2079 Gell.
808 2061 827 2084 ι,
842 2060 864 2078 ιι
883 2053 976 2085 Quum
990 2049 1144 2083 procinctae

78 2091 164 2126 igitur
177 2091 264 2117 claffes
277 2098 367 2124 erant,
387 2096 417 2116 et
429 2089 557 2116 instructa
571 2089 649 2116 acies.
722 2088 796 2115 Idem
812 2097 850 2118 ro,
867 2096 889 2117 ις
911 2095 941 2112 ex
954 2085 1040 2112 Fabio
1054 2084 1143 2111 Picqo-

74 2135 124 2158 re,
140 2127 251 2154 Claffem
264 2126 429 2162 procinctam
448 2132 522 2153 extra
534 2125 724 2160 pomoerium,
744 2124 772 2150 id
785 2124 830 2154 est,
848 2123 997 2149 exercitum
1009 2127 1144 2148 armatum

76 2163 172 2190 videre
198 2162 304 2190 Dialem
324 2164 460 2189 flaminem
479 2162 577 2196 religio
600 2161 658 2188 cst:
692 2160 796 2187 idcirco
811 2166 933 2186 rarenter
946 2159 1045 2184 flamen
1059 2157 1145 2184 Dialis

78 2207 183 2227 creatus
195 2200 285 2226 consul
298 2199 350 2232 est,
366 2208 426 2225 cum
442 2198 511 2225 bella
527 2197 681 2225 consulibus
699 2195 904 2223 mandabantur.

120 2241 136 2261 P
148 2241 166 2261 R
175 2241 195 2261 O
203 2241 220 2261 c
232 2241 240 2261 1
251 2243 273 2262 N
282 2242 300 2263 c
310 2241 331 2261 T
341 2242 361 2261 v
370 2242 384 2262 s
393 2255 405 2268 ,
421 2233 461 2262 sis,
479 2244 515 2261 m.
553 2231 695 2270 [προβολὴ
715 2232 876 2268 παρασκευή]
911 2232 1062 2267 Apparatus
1073 2229 1142 2256 belli.

71 2279 135 2302 eus,
155 2278 180 2297 et
191 2272 317 2307 expeditio
329 2271 434 2298 dicitur.
487 2270 554 2297 Plin.
568 2279 607 2304 23,
619 2279 630 2297 1
650 2270 733 2296 Curas
742 2289 750 2301 ,
769 2270 949 2303 vigoremque
963 2267 1047 2294 animi
1060 2266 1144 2300 impe-

70 2306 118 2335 ‘dit
132 2306 165 2334 ad
179 2307 347 2342 procinctum
362 2307 541 2334 tendentibus.
635 2306 693 2333 Cic.
709 2305 742 2331 de
757 2305 820 2331 Nat.
834 2305 916 2331 Deor.
931 2312 953 2335 2,
966 2312 983 2337 9
999 2304 1036 2329 Ex
1051 2312 1105 2337 quo
1114 2302 1142 2328 in

70 2343 220 2379 procinctu
241 2343 396 2371 testamenta
420 2343 567 2378 perierunt.
672 2341 880 2368 Testamentum
906 2340 935 2368 in
952 2340 1095 2375 procinctu
1109 2338 1145 2364 fa-

75 2388 138 2406 cere
153 2380 205 2405 tine
220 2379 291 2407 libra
305 2387 384 2416 atque
398 2379 499 2406 tabulis
519 2380 576 2406 Cic.
590 2378 623 2405 de
639 2378 714 2405 Orat.
729 2386 749 2408 ι,
761 2383 809 2408 228
822 2386 844 2403 c.
856 2385 893 2410 53.

74 2424 90 2449 3
112 2416 234 2443 Αὶεειιιιιι
247 2416 464 2444 testamentorum
484 2424 566 2450 genus
579 2415 608 2442 in
622 2414 779 2450 procinetu,
812 2422 872 2440 cum
886 2412 942 2440 viri
955 2413 989 2439 ad
1008 2412 1142 2447 praelium

70 2452 230 2479 faciendum
244 2453 273 2479 in
286 2454 371 2479 aciem
391 2451 564 2479 vocabantur.
650 2449 729 2478 add.
742 2449 810 2476 Vell.
825 2459 847 2482 2,
862 2458 887 2485 2,
901 2458 924 2482 3.
1008 2446 1092 2475 Ouid.
1106 2456 1141 2474 ex

71 2488 162 2515 Ponto
178 2497 198 2520 ι,
211 2493 235 2521 8,
250 2497 279 2515 ιο
301 2499 356 2515 cum
369 2486 472 2522 dixiffet
483 2497 510 2514 v.
524 2497 536 2518 5
557 2487 686 2514 Viuimns
703 2486 806 2512 affiduis
826 2492 946 2519 expertes
965 2484 1036 2520 pacis
1057 2485 1087 2510 in
1100 2493 1141 2510 ar-

69 2524 130 2553 ·aiis
145 2533 190 2551 ete.
201 2524 327 2560 subiicit,
346 2525 420 2551 Haec
434 2526 463 2550 in
476 2523 618 2558 procinctu
631 2523 750 2549 carmina
764 2521 834 2548 fafla
846 2522 926 2555 leges.
998 2520 1067 2546 Gell.
1083 2529 1102 2550 1,
1111 2528 1145 2553 ιι,

1161 2199 1189 2227 53

973 2375 1041 2403 Gell.
1056 2384 1090 2408 ις,
1099 2382 1143 2409 27,
1155 2376 1203 2410 60¹

75 2568 94 2597 7
113 2561 251 2593 Halyattes
286 2574 332 2581 —-
367 2560 484 2587 feminas
502 2562 588 2589 etianr
597 2558 723 2586 tibicinas
737 2559 765 2584 in
785 2558 905 2584 exercitu
925 2563 1005 2591 atque
1027 2556 1057 2582 in
1077 2564 1136 2591 pro.
1153 2560 1185 2592 65

378 2596 513 2630 Quinctil.
529 2605 568 2627 10,
583 2604 603 2626 1,
615 2604 631 2622 2
663 2596 811 2629 Tanquam
824 2594 853 2620 in
866 2592 1006 2628 procinctu
1022 2598 1140 2627 paratam

716 2631 791 2657 Idem
807 2639 843 2663 12,
856 2639 882 2663 9,
896 2638 921 2656 21
957 2629 1059 2656 Orator
1095 2642 1140 2647 -——

76 2675 160 2705 quem
174 2675 304 2694 armatum
317 2668 437 2703 semper,
457 2677 487 2695 ac
497 2668 575 2694 velut
587 2667 616 2693 in
630 2667 772 2702 procintShi
785 2666 910 2698 flantem,
928 2674 984 2692 non
997 2665 1081 2699 magis
1094 2673 1143 2690 vn-

79 2712 161 2738 quam
173 2703 203 2729 in
214 2702 294 2729 causis
307 2704 414 2737 oratio,
429 2713 514 2738 quam
526 2705 556 2730 in
569 2703 648 2730 rebus
663 2703 829 2738 quotidianis
844 2711 873 2728 ac
887 2701 1041 2728 domesticis
1054 2701 1141 2728 sermo

74 2738 195 2766 deficiet.
309 2738 415 2773 leian.
428 2739 458 2765 in
470 2739 488 2766 Ι.
502 2748 558 2766 non
570 2739 685 2766 dubium
698 2738 735 2765 est
751 2739 785 2764 D.
800 2737 832 2764 de
845 2738 909 2765 bon.

75 2774 162 2803 milit.
198 2775 369 2809 Quamquam
383 2775 456 2801 enim
469 2775 547 2801 distet
560 2775 682 2802 conditio
695 2775 814 2801 militum
829 2774 862 2800 ab
877 2773 918 2800 his
931 2775 1060 2809 personis,
1075 2782 1139 2808 quas

75 2811 285 2838 constitutiones
306 2810 468 2845 principales
490 2812 630 2845 separant:
663 2816 756 2837 tamen
769 2811 818 2845 qui
835 2811 865 2836 in
882 2810 1022 2845 procincffu
1038 2811 1142 2837 versan-

77 2853 139 2879 tur,
155 2851 238 2882 quum
258 2846 350 2873 eadem
419 2847 424 2851 “
720 2847 725 2851 ’

79 2881 128 2912 ω).
204 2883 229 2909 Δ.
366 2846 488 2882 pericula
509 2847 698 2882 experiantur,
717 2854 777 2873 iura
797 2855 905 2881 quoque
922 2847 1015 2874 eadem
1042 2847 1143 2873 merito

72 2899 77 2903 ·
121 2891 131 2910 1
149 2893 201 2910 ven
222 2890 302 2909 icant.
629 2892 634 2896 »

75 2937 84 2945 .,
98 2941 101 2943 .
114 2926 131 2946 ι’
140 2926 160 2947 R
171 2925 191 2946 o
201 2926 218 2947 c
227 2926 236 2945 1
246 2927 268 2946 N
277 2924 295 2946 c
307 2924 329 2944 T
338 2925 360 2944 v
371 2925 394 2946 A
405 2925 423 2945 L
432 2925 442 2944 1
452 2924 476 2951 S,
495 2927 519 2945 e.
541 2917 602 2946 Adi.
639 2917 684 2945 Ad
690 2914 849 2955 procinctum
855 2921 998 2956 pertinens.
1035 2918 1142 2947 Procin-
1163 2925 1196 2952 75

74 2955 178 2984 Qualis
191 2962 300 2982 ornatus
321 2954 467 2983 Cat'liodor.
481 2954 561 2989 Epist.
576 2957 601 2986 6,
615 2962 659 2982 22.
841 2975 843 2977 -

74 3002 92 3014 -’
115 2998 132 3018 P
144 2995 237 3020 Roci
251 2998 271 3018 o
299 3001 332 3018 an
359 2996 458 3018 rRoC
470 2997 534 3017 1130
566 2989 752 3027 Verbumfuit‚
771 2989 835 3017 vnde

75 3027 84 3053 Σ
115 3034 131 3055 P
141 3034 188 3056 Ro
197 3034 233 3056 CI
244 3034 266 3054 T
275 3034 296 3053 v
305 3034 331 3054 M
355 3027 542 3054 testamentum
564 3026 704 3054 dicebatur
713 3046 722 3060 ,
734 3026 824 3056 „vel'uti
837 3032 990 3062 promtum,
1011 3032 1141 3059 prouoca-

75 3064 154 3096 (um,
174 3064 202 3091 id
215 3064 268 3097 cst,
291 3064 400 3090 irritum
416 3073 444 3090 ac
457 3070 576 3099 ruptum.
634 3063 770 3090 Procitum
783 3067 841 3090 cum
856 3063 941 3098 prima
962 3061 1067 3094 Syllaba
1084 3069 1141 3088 cor-

77 3101 196 3136 cipitur,
213 3099 342 3135 fignificat
354 3099 477 3134 petitum.
565 3099 677 3133 Liuius,
696 3097 808 3126 Matrem
821 3100 955 3135 procitum
970 3098 1082 3133 plurimi
1096 3106 1141 3124 ve-

63 3143 186 3168 metunt.
223 3138 292 3163 Haec
305 3136 394 3163 Festus
415 3136 508 3163 Paulli.

116 3179 132 3199 P
140 3180 160 3199 R
169 3179 188 3200 o
197 3179 214 3199 C
225 3172 237 3200 f
246 3180 268 3200 T
277 3179 297 3199 0
307 3193 316 3206 ,
334 3177 387 3200 ἵει-ε.
427 3172 496 3199 Idem
509 3171 575 3209 quod
595 3173 691 3199 Vocito.
729 3171 927 3207 [πρόκαλὲμαι]
963 3169 1053 3196 Festus
1066 3169 1141 3196 Panl-

80 3203 120 3239 ii,
141 3207 276 3235 Procitant
284 3208 477 3243 prouocitant:
514 3209 597 3236 citare
610 3209 683 3234 enim
702 3208 821 3235 vocitare
840 3208 893 3240 est,
912 3208 982 3233 vnde
1004 3211 1095 3240 procet
1114 3211 1141 3232 et

83 3243 196 3278 prociet.
233 3246 314 3272 Gloff.
329 3252 381 3273 vet.
397 3245 531 3278 Procitat,
550 3245 735 3280 προσκαλεῖται.
830 3245 877 3273 Sed
889 3243 940 3280 ipse
953 3242 1058 3274 Festus,
1078 3243 1141 3269 Pro-

79 3279 181 3313 citare,
201 3281 276 3316 saepe
288 3281 423 3317 proficere
437 3280 467 3308 id
483 3282 519 3308 est
533 3281 689 3316 producere.
721 3312 724 3313 .
782 3275 789 3287 ⁸

118 3321 161 3343 PR
174 3322 218 3356 Oq
229 3322 247 3342 L
259 3318 312 3344 ᾸΜ
323 3324 343 3344 o
353 3339 361 3351 ‚
378 3321 433 3344 ire.
468 3318 640 3351 [κατοιβοιέω]
677 3315 766 3344 Palam
777 3323 801 3343 et
812 3317 884 3344 valde
900 3316 1022 3347 clamare,
1042 3313 1139 3350 voctfe·

80 3353 149 3392 rael.
186 3352 248 3378 Liu.
262 3361 282 3384 1,
295 3355 329 3380 26
343 3353 416 3380 Moti
430 3352 554 3380 homines
567 3355 627 3381 sunt
640 3354 669 3380 in
682 3362 715 3380 eo
730 3353 834 3380 iudicio
850 3352 980 3384 maxime,
1000 3350 1066 3377 Pub.
1082 3352 1138 3378 Ho-

81 3393 154 3428 ratio
167 3393 242 3422 patre
255 3389 451 3423 proclamante,
466 3390 493 3416 se
505 3389 588 3417 filiam
602 3390 662 3417 iure
674 3390 774 3417 caesam
786 3389 904 3417 iudicare
920 3399 926 3414 :
963 3387 992 3413 ni
1010 3387 1048 3414 ita
1069 3388 1140 3420 effet,

81 3428 182 3458 patrio*
193 3423 252 3450 iure
269 3424 300 3451 in
317 3424 406 3451 filium
421 3425 668 3454 animaduersurum
682 3427 768 3453 fuiss'e.
840 3428 842 3431 '
879 3425 934 3452 Cic.
949 3425 1026 3450 Verr.
1041 3431 1069 3456 ς,
1090 3432 1138 3458 107

81 3504 156 3528 erat,
176 3504 226 3536 nec
239 3505 356 3531 vnquam
369 3497 440 3530 fuit,
456 3497 609 3532 implorant.
683 3499 818 3534 Qninffll.
831 3508 862 3531 11,
876 3505 951 3531 3‚170
971 3496 1043 3523 Nam
1057 3501 1140 3522 etiam

81 3532 164 3559 orbos
180 3531 327 3568 Vlduasque
339 3533 431 3560 videas
445 3533 475 3559 in
488 3533 548 3568 ipsis
561 3534 702 3562 funeribus
718 3544 818 3563 canoro
837 3534 953 3570 quodam
972 3531 1057 3558 modo
1077 3541 1137 3566 pro-

81 3568 232 3606 clamantes.
271 3603 276 3609 ·
305 3568 421 3604 Suaserat
436 3572 534 3596 oratori
556 3570 592 3597 ad
607 3571 802 3606 misericordiam
824 3568 1017 3598 commonendam
1039 3569 1138 3595 flexum

81 3605 158 3633 vocis
173 3611 198 3631 et
215 3603 332 3631 flebilem
347 3605 513 3631 suauitatem.
617 3607 784 3635 Proclamare
809 3608 838 3634 in
860 3607 1011 3633 libertatern
1034 3604 1139 3631 Paullus

81 3685 117 3703 ne
137 3677 275 3703 seruitutis
295 3676 324 3702 in
345 3676 497 3703 libertatem
520 3678 742 3712 proclamauerit,
766 3686 793 3706 et
806 3679 918 3707 liberale
938 3676 1070 3709 iudicium
1092 3677 1141 3703 irn-

82 3712 248 3748 plorauerit,
268 3711 447 3739 nihilominus
463 3714 492 3739 in
506 3714 657 3747 poffeffione
671 3722 731 3741 rnea
743 3715 788 3742 est.
845 3712 966 3743 μικρὴ-ἂ.
983 3714 1141 3741 Florentinae

83 3754 108 3810 ii
121 3749 265 3810 ἕιιιιίίςὲιηᾱεν
278 3749 385 3782 habent,
405 3749 610 3777 Reclamauerit.
666 3750 740 3786 Conf-
760 3751 849 3779 Labeo
868 3752 886 3778 l.
900 3759 931 3784 4¹
950 3749 983 3776 D.
997 3749 1030 3776 de
1043 3749 1140 3776 libera-

121 3826 137 3845 ι»
146 3826 218 3847 Roc
228 3827 244 3846 L
253 3829 275 3848 A
284 3828 311 3848 M
318 3828 369 3848 AT
378 3827 388 3846 1
398 3826 419 3848 o
429 3840 439 3854 ,
457 3821 527 3848 anis.
561 3821 582 3847 Γ.
619 3820 796 3851 Proclamatio
809 3823 840 3850 ad
855 3822 1005 3849 libertatem
1019 3820 1037 3848 l.
1050 3829 1078 3854 ες
1092 3818 1115 3858 §.
1132 3827 1196 3848 1¹00
1208 3834 1231 3859 ς,
1247 3834 1270 3852 2,

84 3854 127 3882 tit.
142 3855 173 3895 de
188 3855 292 3884 liberali
305 3858 389 3884 causa.
426 3857 494 3885 Add.
508 3856 622 3890 Ib.l.34.
720 3858 852 3891 Qiinffll.
869 3858 942 3885 Decl.
956 3863 982 3887 18
998 3857 1141 3884 Instantem

84 3895 155 3918 truci
168 3891 375 3925 proclamatione
388 3893 528 3920 discutere.
602 3893 678 3929 Conf.
697 3893 772 3920 Idem
785 3895 857 3922 Deci.
873 3903 890 3930 7
904 3901 927 3920 et
942 3898 964 3924 8.
989 3911 991 3913 -

120 3948 137 3967 Ρ
146 3948 166 3967 R
177 3947 196 3966 0
205 3934 222 3968 (Ξ
234 3947 250 3966 L
261 3946 377 3983 ΑζνιᾹΤ
387 3952 434 3973 on
443 3965 451 3977 ‚
470 3945 533 3972 aris.
553 3953 590 3970 m.
627 3944 820 3982 [καταβοητὴς]
853 3947 910 3973 Cic.
927 3944 959 3971 de
971 3945 1047 3972 Orat.
1056 3951 1076 3975 1,
1091 3951 1141 3971 202

85 3985 108 4004 c.
123 3979 160 4010 46
178 3976 245 4004 Non
257 3985 330 4006 emm
343 3981 503 4008 canfidicum
515 3980 606 4008 nescio
617 3988 715 4016 quem,
732 3988 820 4016 neque
839 3982 1078 4018 proclamatorem,
1094 3986 1142 4008 aut

240 4042 334 4066 voi..
373 4040 437 4070 111.

922 2738 1018 2773 possess.
1031 2747 1063 2764 ex
1082 2737 1139 2764 test.
1153 2747 1190 2776 70

1156 3281 1187 3312 85

26 3452 39 3466 γ’
81 3468 106 3486 c.
122 3468 154 3491 42
172 3459 291 3493 Adsunt,
319 3461 480 3494 defendunt,
501 3462 664 3496 proclamant
681 3474 686 3490 :
722 3462 802 3489 fidem
824 3468 906 3494 tuam,
920 3469 988 3495 quae
1006 3468 1137 3500 nusquam
1150 3467 1187 3492 90
1206 3473 1241 3498 ὃς,

1145 4010 1192 4037 105
1202 4002 1331 4034 retundis.

1618 112 1629 125 N

1617 169 1647 210 P
1733 168 1762 207 R
1846 174 1882 213 O
2169 187 2269 227 1o82-

1205 259 1327 288 rabulam
1353 259 1404 287 hoc
1429 258 1551 286 sermone
1574 259 1666 286 nostro
1680 257 1881 294 conquir-nnus,
1900 263 1941 290 sed
1956 268 2119 295 eumfvimm
2145 270 2191 304 qui
2226 270 2262 298 ti-

1206 305 1279 323 mum
1296 296 1324 322 lit
1342 297 1398 322 eins
1413 297 1476 321 artis
1491 295 1603 322 antistes.
2123 289 2131 301 ’
2206 279 2223 306 p

1244 339 1259 358 ιι
1271 338 1288 356 R
1300 340 1318 356 (ι
1331 338 1366 358 cl
1387 339 1393 358 1
1411 338 1424 352 χ
1442 339 1478 364 0,
1498 336 1551 369 :ffel
1587 329 1756 366 [πρωιόπτω]
1793 328 1861 357 Idem
1894 333 1958 365 quod
1983 337 2105 366 Inclinam.
2123 340 2255 378 stmficu

1209 367 1342 394 Columel.
1357 376 1383 402 7,
1401 376 1438 399 ιο,
1454 375 1461 392 ι
1502 367 1598 393 Earum
1615 365 1728 393 notanda
1742 368 1800 392 stunt
1814 365 1909 400 capita,
1923 376 2000 401 quam
2014 374 2041 397 in
2054 356 2162 407 l‘artcmb
2184 361 2264 404 rodi:

1210 411 1316 429 nentur.
1394 402 1475 429 Ouid.
1491 404 1582 430 Amor.
1598 412 1624 436 2,
1641 411 1675 435 ιι,
1689 411 1720 436 39
1747 402 1825 428 'l'um
1840 410 1911 429 marc
1926 403 1953 428 in
1970 403 2030 430 hacc
2047 416 2152 444 magnus
2165 387 2265 447 gredi-

1206 445 1250 466 nct
1265 438 1346 465 litora
1365 438 1479 465 Neleus.

1246 482 1259 501 p
1271 481 1344 501 nur:
1359 482 1363 498 ι
1385 483 1390 499 ι
1406 482 1421 499 ,κ
1435 485 1453 500 ,ι
1471 485 1473 492 ·
1494 480 1535 500 vs
1547 494 1555 506 ‚
1573 482 1602 504 a,
1621 481 1677 499 uin.
1700 473 1795 500 ParticL
1833 473 2063 510 [προκικνμμίνος]
2100 479 2182 508 Partes
2204 492 2264 518 pro.

1208 510 1318 537 clinatae
1340 510 1420 537 Ouid.
1434 510 1519 537 trist.
1534 518 1560 542 2,
1576 516 1618 542 84.
1710 510 1860 536 Curnatura
1875 511 1974 536 montis
1987 513 2133 545 proclinata
2147 517 2178 542 ad
2192 528 2264 546 marc

1211 547 1316 572 Vitruu.
1344 556 1353 572 :›
1379 555 1400 572 c.
1430 546 1477 572 vlt.
1552 545 1734 572 Proclinatum
1749 545 1815 571 latus
1842 546 1915 572 ldcm
1934 554 1962 579 ς,
1977 554 2010 572 ιι.
2209 551 2229 589 q
2252 564 2265 580 2

1210 583 1323 618 Metaph.
1361 582 1403 609 Nc
1421 591 1475 617 quo
1493 581 1692 616 progredereris
1715 581 1862 616 proclinata
1882 582 1934 608 iam
1950 591 1978 608 re
2005 582 2078 609 Caes.
2091 582 2125 610 ad
2140 585 2196 611 Cic.
2212 591 2265 616 An,

1209 627 1247 650 to,
1263 623 1285 648 8.
1359 618 1495 645 Adinuare
1509 625 1565 644 rem
1582 618 1755 651 proclinatam
1780 618 1853 643 Caes.
1869 617 1895 644 B.
1913 619 1945 644 G.
1959 625 1985 652 7,
2006 627 2050 652 42.

1246 660 1365 681 cnoel.
1379 662 1384 679 ι
1397 661 1418 679 N
1430 663 1448 680 Λ
1459 660 1497 681 Ti
1512 660 1531 679 υ
1542 672 1550 685 ,
1571 653 1640 679 onis.
1674 653 1694 679 f.
1732 652 1839 679 Vitrnn.
1855 657 1880 683 6,
1897 662 1918 679 ιι
1946 653 2010 680 Non
2025 655 2114 681 minus
2128 655 2207 682 etiam
2222 656 2269 683 ob-

1212 689 1369 716 seruandum
1387 690 1422 716 cst
1438 689 1476 715 vti
1493 698 1584 714 ninum
1600 688 1744 715 stricturae
1763 689 1955 723 perpendiculo
1974 685 2164 725 respondeant,
2182 701 2269 727 neque

1213 725 1327 753 habeant
1343 726 1370 751 in
1384 725 1436 751 vlla
1452 730 1524 760 parte
1538 725 1754 758 proclinationes.
1825 726 1899 760 Fons.
1914 726 1988 751 ldcm
2001 735 2022 759 ς,
2039 735 2071 753 12.

1251 763 1411 788 vuucri*
1439 768 1485 792 is,
1506 769 1528 786 e.
1561 760 1622 786 Adi.
1660 758 1837 795 [καταφιμὶς]
1876 763 1957 787 Porro
1973 762 2130 794 inclinatus,
2149 762 2191 790 vel
2207 771 2271 799 pro-

1210 807 1258 825 nus
1272 817 1280 831 ,
1299 797 1510 831 inclinatusque,
1531 803 1555 822 ct
1571 803 1609 822 att
1622 795 1760 822 Donatus:
1797 803 1825 822 υι
1839 795 1864 829 fi
1883 799 1949 822 cliuo
1975 798 2107 834 illyr-midas
2140 802 2270 826 nimirum.

1210 835 1369 861 Contrarium
1387 832 1511 859 Accliuis.
1611 830 1743 857 Columel.
1760 840 1784 863 9,
1800 839 1811 864 ς
1827 833 1895 858 Cum
1912 841 1993 859 onere
2009 843 2055 869 per
2071 836 2201 870 procliuia
2215 844 2271 862 non

1211 879 1289 905 aegre
1310 869 1444 896 deuolent.
1487 868 1516 894 de
1540 867 1637 902 apibus.
1709 867 1757 893 Sed
1954 867 1974 903 q
1997 877 2010 895 2
2043 871 2202 906 F‚.2‹]„p„,[0,.
2218 865 2278 898 ‘mh'

1208 916 1238 943 gc
1251 905 1283 939 ψ
1299 907 1436 932 transsatio
1446 923 1454 936 ,
1476 903 1682 939 1ht⁸jkzcilitatem
1696 903 1730 928 ad
1743 901 1842 938 ahquid
1864 903 1983 939 agendum
2005 913 2074 932 notat
2083 926 2090 938 ,
2113 914 2139 932 ut
2160 916 2271 943 pronus,

1230 942 1370 978 ropensus,
1394 941 1552 972 inclinatus,
1573 946 1618 966 etc.
1699 938 1797 965 Sceleri
1813 939 1942 972 proc-linis
1955 941 2052 974 egestas
2092 942 2137 968 Sil.
2155 952 2194 976 13,
2216 949 2269 977 585.

1211 952 1353 1013 ingenium
1368 978 1487 1012 procliue
1501 976 1532 1002 ad
1549 975 1691 1002 libidinem
1712 974 1782 1000 Tcr.
1798 973 1879 1001 Andr.
1897 983 1915 1006 ι,
1932 984 1952 1008 ι,
1968 985 2006 1008 50.

1212 1015 1252 1041 tit.
1266 1023 1299 1048 34
1333 1015 1368 1040 Vt
1382 1011 1586 1039 adulescentiam
1609 1010 1802 1046 procliuiorcrn
1825 1011 1873 1036 effe
1886 1011 1917 1037 ad
1933 1011 2083 1040 libidinem.
2193 1016 2272 1042 Circa

1211 1050 1313 1084 aliquid
1328 1050 1479 1085 proclivior
1497 1047 1630 1082 Qiinciil.
1644 1057 1671 1081 4,
1685 1055 1707 1079 ς.
1806 1046 1958 1073 Procliuior
1971 1050 2030 1074 vsus
2045 1050 2072 1075 in
2086 1050 2177 1083 peiora
2193 1052 2271 1078 datur

1209 1086 1302 1113 Claud.
1316 1086 1395 1112 Cous.
1410 1086 1515 1111 Honor.
1530 1093 1557 1117 4,
1573 1087 1626 1110 261.
1695 1099 1699 1104 .
1721 1081 1900 1109 Procliniores
1933 1083 1980 1110 alii
2013 1084 2044 1111 ad
2072 1086 2139 1112 alios
2161 1088 2271 1114 morbos

1210 1123 1267 1149 Cic.
1281 1122 1364 1148 Tusc.
1381 1133 1405 1154 4,
1420 1127 1444 1151 ει
1459 1130 1481 1147 c.
1497 1129 1507 1151 ς
1526 1139 1532 1146 .
1628 1118 1767 1150 Procliue,
1788 1118 1861 1153 Qiod
1887 1119 1971 1154 facile
1996 1120 2076 1155 Jacslu
2109 1123 2150 1155 est.
2189 1123 2272 1150 Plaut.

1212 1158 1282 1185 Asin.
1298 1167 1317 1189 ς,
1334 1168 1353 1190 z,
1368 1166 1397 1193 73
1416 1157 1485 1184 Nam
1500 1156 1566 1182 istud
1589 1155 1708 1189 procliue
1733 1156 1786 1186 est,
1807 1154 1879 1189 quod
1910 1155 1987 1182 iubes
2025 1157 2100 1191 plane
2129 1158 2272 1186 collocare.

1212 1195 1269 1222 Cic·
1283 1194 1336 1220 Offi
1351 1203 1375 1225 2⁵
1389 1197 1419 1223 63
1434 1202 1454 1219 ς,
1470 1201 1503 1219 2..
1527 1194 1617 1225 Qum]
1632 1200 1659 1217 m
1675 1190 1830 1217 nominibus
1846 1191 1968 1217 iuuandis
1983 1199 2027 1218 aut
2041 1201 2129 1219 mores
2150 1195 2273 1229 spectari,

1211 1236 1256 1258 aut
1274 1231 1384 1258 fortuna
1401 1229 1497 1261 soleat,
1513 1227 1586 1254 dictu
1605 1227 1714 1261 quidem
1729 1226 1764 1252 est
1778 1226 1897 1260 procliue
1912 1237 1920 1258 ;
1958 1228 2048 1263 itaque
2063 1230 2144 1264 vulgo
2158 1231 2273 1265 loquun-

1211 1273 1272 1300 tur,
1291 1268 1316 1293 se
1328 1267 1356 1292 in
1370 1265 1506 1292 beneficiis
1522 1262 1697 1293 collocandis,
1718 1271 1806 1288 mores
1821 1261 1963 1289 hominum
1979 1284 1987 1296 ,
2008 1274 2062 1291 non
2078 1265 2213 1293 fortunam
2235 1267 2273 1294 se—

1211 1304 1270 1338 qui.
1343 1304 1374 1328 In
1389 1301 1504 1336 procliui
1523 1301 1586 1329 effe,
1608 1302 1760 1334 lnporum,
1777 1305 1947 1333 promtum‚et
1955 1299 2058 1335 faede..
2104 1302 2174 1328 Ter.
2189 1303 2273 1330 Andr.

1211 1349 1240 1372 4,
1257 1344 1318 1372 2,18
1359 1339 1389 1364 Id
1407 1338 1522 1369 faciam,
1542 1337 1570 1362 in
1590 1334 1706 1370 procliui
1728 1335 1798 1369 quod
1821 1333 1872 1367 est,
1893 1344 1940 1369 per
1958 1344 2000 1361 me
2024 1336 2116 1363 stetifl'c
2134 1344 2163 1364 vt
2176 1338 2274 1365 credat.

1212 1376 1285 1402 Vitia
1309 1375 1388 1401 semel
1413 1374 1521 1400 incitata
1543 1373 1571 1399 in
1595 1371 1717 1407 procliue
1741 1370 1885 1403 labuntur,
1903 1370 2080 1407 sustinerique
2101 1373 2177 1400 nullo
2192 1374 2274 1401 modo

1211 1413 1314 1447 possunt
1344 1411 1402 1437 Cic.
1424 1411 1508 1437 Tusc.
1522 1418 1550 1442 4,
1564 1417 1604 1442 4¹·
1774 1421 1787 1429 s

1247 1454 1262 1473 p
1274 1454 1294 1473 R
1305 1454 1323 1473 0
1333 1454 1374 1474 (31,
1387 1450 1395 1474 i
1407 1453 1427 1472 v
1437 1453 1457 1471 v
1467 1453 1479 1472 s
1489 1465 1495 1476 ‚
1515 1454 1529 1471 a
1540 1465 1548 1477 ,
1569 1453 1624 1470 nm.
1657 1442 1717 1470 Adi.
1756 1443 1832 1469 Idem.
1869 1443 1956 1470 Varro
1973 1442 2006 1470 de
2020 1443 2052 1471 R.
2067 1444 2096 1472 R.
2113 1453 2135 1477 2,
2148 1453 2163 1472 z
2181 1444 2276 1473 Solum

1210 1490 1317 1519 oportet
1332 1484 1380 1510 else
1394 1482 1581 1513 eruderatum,
1603 1485 1628 1506 et
1642 1479 1796 1514 procliuum
1807 1499 1813 1510 ,
1834 1485 1863 1506 vt
1881 1480 1969 1506 euerri
1983 1480 2061 1506 facile
2077 1481 2166 1515 potiit,
2186 1478 2215 1508 ac
2230 1481 2276 1509 fie—

1209 1522 1234 1548 ri
1249 1523 1354 1555 purum.
1453 1519 1558 1544 Luci-et.
1574 1522 1600 1549 6,
1615 1522 1660 1546 ,·28
1697 1517 1760 1549 Q10
1784 1515 1813 1541 fit
1838 1516 1878 1542 vti
1902 1516 1979 1550 padio
1998 1516 2067 1543 liber
2085 1518 2172 1544 minus
2188 1518 2277 1544 exitus

1210 1556 1301 1588 amni,
1337 1556 1367 1582 Et
1382 1554 1518 1590 proclinus
1534 1555 1597 1580 item
1614 1552 1658 1579 fiat
1678 1552 1765 1578 minus
1781 1552 1896 1587 impetus
1909 1551 1996 1578 vndis.
2051 1554 2092 1579 Sic
2104 1556 2168 1580 enim
2183 1563 2212 1580 ex
2225 1563 2277 1580 ma-

1210 1592 1348 1628 nuscriptis
1361 1594 1421 1627 legit
1438 1592 1581 1618 Lambinus.
1638 1605 1640 1612 ι
1666 1587 1725 1614 Sen.
1740 1589 1772 1614 de
1785 1589 1877 1614 Morte
1890 1587 1983 1615 Claud.
1999 1597 2024 1622 p.
2038 1593 2082 1621 858
2102 1590 2201 1616 Omnia
2215 1599 2278 1624 pro-

1211 1629 1280 1655 cliua
1297 1629 1370 1658 sunt,
1389 1627 1467 1653 facile
1483 1623 1660 1652 descenditur.
1734 1624 1808 1650 Idem
1825 1624 1903 1658 Epist.
1914 1626 1946 1654 86
1967 1625 2060 1651 Iunius
2068 1625 2162 1652 mentis
2177 1625 2277 1652 ostiam

1211 1665 1349 1700 proclinus
1364 1663 1391 1689 in
1406 1663 1513 1689 lulium.
1589 1660 1664 1696 Conf.
1680 1659 1760 1686 Plaut.
1774 1659 1834 1686 Mil.
1849 1670 1877 1693 4,
1892 1669 1917 1692 2,
1933 1667 1972 1694 27.

1247 1707 1262 1726 Ρ
1273 1707 1292 1726 R
1305 1707 1323 1726 ι)
1332 1707 1348 1727 C
1357 1707 1372 1726 L
1382 1702 1392 1725 ῖ
1402 1705 1420 1724 v
1434 1706 1458 1725 Ε.
1480 1698 1548 1724 Adu.
1586 1697 1694 1722 Lueret.
1710 1704 1795 1728 2‚4‚·4
1816 1696 1846 1721 Et
1859 1696 2000 1729 procursus
2015 1695 2079 1721 item
2095 1697 2216 1730 procliue
2229 1705 2278 1723 vo-

1211 1736 1306 1763 lubilis
1322 1735 1411 1762 exstat.
1479 1736 1563 1768 [Neque
1577 1733 1611 1764 est
1625 1731 1688 1766 quod
1702 1740 1844 1765 quemquam
1858 1738 1952 1756 moueat
1965 1731 2064 1764 syllaba
2078 1734 2186 1761 vltima;
2220 1741 2279 1758 nam

1211 1773 1307 1798 breuem
1322 1769 1366 1803 eff}
1384 1772 1460 1800 licet,
1484 1766 1622 1793 cunasmodi
1636 1769 1668 1796 est
1680 1784 1688 1796 ,
1710 1767 1815 1790 Sunium·
1829 1767 1960 1797 volantes,
1980 1773 2027 1791 etc.
2069 1769 2114 1793 Al.
2136 1768 2165 1793 In
2181 1768 2281 1801 procli—

1211 1815 1262 1838 ve,
1282 1805 1356 1838 thit
1367 1806 1472 1829 Nomen.
1511 1802 1567 1827 Cic.
1583 1801 1666 1826 Tusc.
1681 1809 1700 1832 4
1714 1807 1736 1825 c.
1756 1804 1777 1830 18
1797 1800 1863 1826 Sunt
1877 1800 1905 1826 in
1920 1800 2042 1834 lubrico,
2062 1801 2227 1838 incitataque
2241 1805 2280 1831 se-

1212 1840 1264 1867 mel
1279 1839 1400 1874 procliue
1413 1837 1548 1864 labuntur.
1592 1836 1650 1862 isid.
1666 1838 1702 1862 iai
1716 1836 1824 1862 Gronou.

1247 1883 1262 1902 P
1272 1884 1291 1903 R
1303 1883 1323 1904 Θ
1333 1882 1350 1902 C
1360 1882 1376 1902 L
1386 1882 1395 1901 1
1406 1881 1427 1900 V
1437 1876 1474 1901 i'r
1486 1880 1501 1900 Ε
1513 1880 1530 1899 R
1540 1892 1549 1906 ,
1569 1872 1626 1905 ius,
1648 1872 1738 1898 iffime.
1771 1872 1837 1898 Adu.
1876 1870 2040 1908 [ἐπιῤῥιπῶς]
2077 1873 2147 1901 Gell.
2164 1883 2185 1907 1,
2200 1877 2218 1902 6
2230 1876 2279 1902 Fa.

1211 1913 1263 1940 cile
1276 1918 1303 1939 ct
1320 1910 1480 1947 procliuiter
1497 1908 1630 1944 persuasit.
1719 1908 1833 1943 Compar.
1872 1908 1945 1933 Idem
1961 1916 1999 1940 12,
2014 1917 2034 1935 11
2056 1910 2206 1938 Proclinius
2221 1921 2279 1947 pec—

1212 1958 1282 1975 care.
1355 1946 1528 1973 Pseudo-Cic.
1542 1944 1695 1979 anteq..iret
1713 1944 1740 1970 in
1754 1944 1816 1970 cxil.
1826 1951 1849 1975 13
1879 1943 1935 1977 Qu
1950 1944 2008 1970 sunt
2023 1947 2129 1972 aflecnti
2143 1949 2278 1976 firminum

1211 1984 1324 2018 gradum
1337 1982 1466 2013 honoris,
1487 1990 1541 2007 non
1561 1980 1781 2014 despoliabuntur
1802 1979 1927 2006 honore:
1965 1981 2012 2014 qui
2033 1982 2153 2015 sperant,
2171 1984 2279 2011 saeuius

1210 2026 1237 2046 et
1257 2018 1406 2055 procliuius
1420 2017 1451 2043 ad
1466 2016 1571 2043 landem
1588 2016 1740 2042 nobilitatis
1756 2015 1921 2049 peruenient.
2026 2017 2176 2045 Prot-liuius
2191 2022 2278 2048 currit

1209 2056 1301 2082 oratio
1321 2054 1378 2081 Cic.
1393 2053 1424 2079 de
1439 2052 1497 2080 Fin.
1512 2060 1524 2086 ς
1537 2061 1558 2079 c.
1574 2057 1613 2082 28.
1688 2051 1775 2077 Multo
1790 2051 1939 2086 procliuius
1963 2051 2068 2079 Lucret.
2085 2062 2110 2086 2,
2126 2062 2181 2089 791·
2224 2057 2277 2083 De-

1211 2099 1318 2119 currere
1332 2090 1364 2116 ad
1379 2089 1431 2117 iras
1445 2089 1593 2124 procliuius
1610 2086 1686 2114 Idem
1699 2095 1782 2119 3‚312.
1856 2087 1906 2113 Res
1921 2087 2067 2123 procliuius
2080 2094 2110 2115 af.
2125 2091 2275 2125 perniciem

1209 2128 1325 2155 Labitur
1345 2125 1442 2153 Cic.de
1450 2126 1537 2152 Amic.
1552 2134 1572 2150 c.
1583 2132 1619 2151 12.
1700 2123 1789 2150 Verba
1802 2123 1950 2158 procliuius
1964 2122 2092 2153 labuntur
2104 2125 2238 2155 breuitate
2250 2134 2278 2157 eg

1210 2164 1345 2190 celeritate
1359 2161 1518 2195 syllabarum
1544 2161 1600 2188 Cic.
1614 2160 1643 2186 in
1656 2160 1732 2186 Orat.
1749 2167 1798 2192 191.
2059 2179 2061 2182 ,

1247 2207 1262 2226 P
1274 2206 1295 2226 R
1305 2205 1324 2225 Ο
1336 2205 1353 2226 C
1366 2205 1382 2224 L
1392 2205 1401 2224 1
1412 2205 1433 2224 v
1443 2200 1482 2224 ⁴1'T
1492 2205 1513 2225 Α
1522 2205 1535 2224 8
1544 2217 1552 2229 ,
1572 2196 1631 2223 Ztis.
1650 2196 1670 2222 f.
1707 2195 1898 2230 [καταφέρεται]
1936 2195 1992 2222 Cic.
2009 2195 2092 2225 Tusc.
2107 2207 2134 2232 4,
2149 2205 2179 2229 28
2200 2200 2275 2228 Haec

1210 2236 1294 2271 igitur
1310 2234 1465 2270 procliuitas
1476 2233 1508 2260 ad
1523 2235 1600 2260 suum
1613 2231 1739 2266 quodque
1752 2240 1832 2266 genus
1844 2240 1858 2258 a
1873 2231 2047 2260 similitudine
2055 2237 2175 2269 corporis
2183 2245 2275 2271 aegro.

1210 2273 1278 2299 tatio
1293 2271 1407 2301 dicitur,
1427 2271 1491 2297 dum
1504 2278 1535 2296 ea
1548 2268 1714 2302 intelligatur
1728 2267 1760 2294 ad
1773 2268 1965 2302 aegrotandum
1986 2269 2150 2303 procliuitas.
2224 2273 2275 2300 Sed

1210 2308 1275 2335 haec
1293 2308 1322 2334 in
1337 2307 1415 2334 bonis
1428 2306 1523 2338 rebus,
1541 2304 1615 2340 quod
1628 2304 1676 2330 alii
1692 2304 1723 2330 ad
1737 2304 1789 2331 alia
1805 2304 1873 2330 bona
1888 2305 1945 2331 sunt
1959 2305 2086 2339 aptiores,
2105 2307 2216 2334 facilitas
2226 2317 2274 2335 no.

1208 2345 1345 2371 minetur:
1383 2343 1412 2369 in
1426 2342 1503 2369 malis
1519 2341 1692 2377 procliuitas,
1719 2346 1749 2367 vt
1761 2340 1890 2375 significet
1905 2340 2056 2375 lapfionem.
2128 2344 2200 2370 Hirr.
2210 2345 2274 2372 Bell.

1210 2381 1268 2407 Afr.
1282 2389 1304 2406 e.
1319 2387 1350 2414 37
1369 2378 1434 2405 Inde
1449 2377 1589 2413 paruulam
1603 2376 1802 2412 procliuitatein
1816 2376 1958 2412 digressus,
1975 2377 2077 2405 sinistra
2095 2386 2170 2414 parte
2187 2382 2275 2417 campi

1207 2423 1318 2452 propter
1329 2424 1403 2442 mare
1416 2415 1535 2450 legiones
1550 2413 1632 2440 ducit.

1243 2460 1258 2479 1>
1271 2459 1290 2478 R
1302 2458 1346 2479 oc
1357 2458 1423 2478 LIV
1433 2459 1443 2478 1
1455 2457 1472 2475 v
1484 2457 1507 2477 M
1517 2469 1524 2481 ,
1545 2451 1563 2476 i.
1598 2459 1627 2476 n.
1664 2447 1789 2476 Frontin.
1803 2447 1882 2475 Strat.
1899 2455 1926 2481 2,
1939 2456 1961 2480 2,
1974 2456 1990 2475 2
2009 2448 2161 2478 Adiuuante
2177 2452 2277 2487 procli.

1208 2489 1267 2516 vio.
1343 2487 1437 2515 Claud.
1455 2487 1486 2514 de
1499 2484 1583 2513 Laud.
1599 2484 1656 2512 Stil.
1673 2494 1694 2518 1,
1707 2493 1734 2516 23
1756 2485 1858 2511 Lassant
1876 2484 2009 2520 procliuia
2022 2495 2124 2513 currus.

1242 2532 1258 2555 ι’
1269 2531 1290 2551 R
1300 2531 1344 2552 oc
1354 2531 1399 2551 LV
1410 2530 1429 2550 D
1440 2530 1459 2551 o
1470 2543 1477 2554 ,
1512 2524 1566 2549 ere.
1603 2521 1732 2551 Curabit,
1751 2527 1781 2547 vt
1807 2521 1876 2547 fetus
1899 2521 2026 2555 proprios
2040 2531 2100 2549 cum
2116 2531 2275 2559 vnaqnaque

1207 2560 1333 2595 (matre)
1353 2560 1492 2595 procludat
1513 2557 1610 2585 Pallad.
1625 2558 1704 2584 Febr.
1719 2567 1740 2584 c.
1760 2559 1804 2589 26,
1826 2567 1854 2591 4.
1894 2557 2014 2592 Fomffis
2044 2560 2096 2595 leg.
2113 2560 2275 2594 praecludat,

1206 2596 1272 2633 quod
1284 2597 1357 2623 habet
1373 2595 1539 2623 Crescentius
1553 2595 1584 2621 de
1598 2593 1748 2622 commodis
1762 2602 1813 2620 rer.
1829 2593 1910 2620 rural.
1931 2601 1958 2626 9,
1973 2601 2017 2629 77.

1219 2655 1224 2659 ,
1244 2639 1260 2659 1²
1275 2639 1294 2659 R
1306 2639 1396 2667 oco,
1414 2637 1468 2659 are.
1484 2639 1508 2658 et
1524 2637 1539 2657 Ρ
1551 2636 1696 2662 accon,
1714 2628 1762 2656 ari.
1819 2630 1945 2660 Poscere,
1964 2632 2064 2665 inquit,
2083 2629 2181 2662 Festus,
2197 2630 2274 2658 Vnde

1206 2669 1331 2696 Procaces
1347 2669 1501 2697 meretrices
1515 2668 1548 2694 ab
1566 2667 1661 2693 affidue
1683 2665 1830 2701 poscendo,
1847 2672 1874 2692 et
1895 2666 1986 2697 Proci,
2004 2673 2114 2691 onrem
2136 2667 2274 2699 poscentes

1207 2704 1237 2732 in
1251 2705 1467 2732 matrimonium.
1540 2703 1635 2730 Liuius
1650 2701 1777 2737 Aegistho
1791 2701 1858 2737 apud
1872 2702 1944 2727 Non.
1954 2709 1974 2733 1,
1988 2708 2022 2732 92
2041 2701 2115 2735 Quin
2135 2703 2206 2736 quod
2228 2711 2272 2738 pa.

1210 2750 1269 2769 rere
1283 2750 1331 2769 vos
1350 2741 1469 2769 maiestas
1493 2748 1553 2766 mea
1575 2740 1679 2772 Procat,
1700 2738 1835 2771 toleratis,
1857 2736 2009 2770 temploque
2033 2735 2100 2763 hanc
2125 2737 2273 2766 deducitisz

1209 2778 1268 2805 Cic.
1280 2778 1349 2813 apud
1361 2778 1435 2805 Non.
1448 2787 1469 2810 1,
1484 2781 1516 2810 89
1532 2777 1554 2802 A
1569 2776 1684 2811 petendo
1700 2773 1861 2809 petulantia,
1879 2781 1893 2798 a
1907 2772 2041 2807 procando
2062 2775 2206 2807 procacitas
2226 2784 2272 2802 no-

1209 2814 1312 2841 minata
1326 2814 1372 2841 est.
1482 2814 1560 2839 Varr.
1576 2812 1607 2838 de
1622 2813 1652 2838 L.
1669 2812 1696 2837 L.
1712 2813 1738 2841 6,
1751 2818 1765 2842 ς
1778 2817 1802 2842 p-
1817 2814 1859 2842 78.
1876 2816 1894 2834 11
1917 2808 2027 2834 Poscere
2042 2817 2152 2843 procare
2160 2811 2270 2838 dicium.

1211 2851 1270 2877 Sen.
1284 2851 1366 2885 praef.
1381 2850 1444 2877 Nat.
1460 2848 1565 2882 Qiaest.
1581 2857 1601 2879 4
1636 2847 1744 2872 Plancus
1765 2844 1869 2877 aiebat,
1889 2852 1944 2870 non
1965 2845 2013 2870 effe
2032 2845 2153 2879 occulte,
2174 2856 2221 2873 nec
2237 2856 2269 2874 ex

1211 2887 1386 2919 dissimulato,
1407 2883 1606 2912 blandiendum.
1644 2881 1730 2915 Perit,
1751 2880 1855 2914 inquit,
1874 2881 1980 2915 procari
1995 2880 2013 2906 {i
2030 2881 2102 2908 latet.

1245 2929 1261 2948 Ρ
1271 2929 1292 2948 R
1305 2930 1324 2949 0
1334 2928 1350 2947 c
1360 2928 1382 2947 A
1392 2929 1427 2952 x,
1453 2921 1513 2945 Zeis.
1553 2914 1697 2951 [42stAEan
1721 2916 1828 2948 ἰταμός,
1848 2916 1965 2952 apannis
1979 2917 2058 2943 Glofl:
2074 2918 2129 2944 Lat.
2145 2917 2211 2953 Gn]
2247 2921 2267 2945 ἰ.

1209 2959 1298 2984 Petax.
1363 2957 1448 2988 Hinc,
1469 2953 1598 2982 Meretrix
1633 2961 1745 2988 procax,
1773 2953 1909 2985 Petulans,
1931 2953 2074 2988 impudens,
2094 2954 2267 2981 inuerecunda.

1208 2994 1278 3019 Ter.
1296 2992 1360 3018 Hec.
1376 3000 1397 3024 ι,
1411 3000 1434 3024 2,
1449 2995 1476 3021 8.»
1497 2990 1614 3024 Maligna
1628 2990 1730 3022 multo,
1750 2994 1776 3015 et
1795 2989 1880 3023 magis
1899 2998 2012 3024 procax,
2032 2989 2099 3015 facia
2124 2989 2199 3015 illico
2222 2990 2268 3017 est.

1211 3029 1284 3056 Idem
1299 3026 1396 3055 Heaut.
1411 3036 1437 3059 2,
1454 3036 1474 3059 ι,
1489 3035 1514 3060 ις
1542 3027 1603 3053 Mea
1625 3025 1661 3052 cst
1689 3031 1801 3060 potem,
1819 3033 1933 3059 procax,
1952 3024 2104 3058 magnifica,
2124 3024 2268 3059 sumtuosa,

1210 3064 1320 3092 nobilis.
1394 3065 1450 3091 Cic.
1465 3072 1513 3098 pro
1528 3062 1601 3089 Cael.
1615 3071 1652 3097 49
1666 3071 1687 3089 c.
1702 3070 1736 3088 20
1757 3061 1784 3087 Si
1798 3070 1864 3096 quae
1879 3070 1932 3087 non
1947 3066 2026 3093 nupta
2040 3060 2139 3087 mulier
2155 3059 2267 3089 domum

1208 3103 1281 3128 suam
1295 3100 1449 3136 patefecerit
1459 3101 1581 3126 omnium
1599 3098 1741 3133 cupiditati
1904 3096 1921 3122 si
1935 3095 2051 3130 denique
2065 3097 2101 3122 ita
2115 3097 2167 3123 sese
2181 3103 2267 3132 geret,

1208 3147 1263 3164 non
1276 3138 1373 3164 inceffu
1387 3137 1489 3168 solum,
1511 3134 1554 3162 sed
1569 3141 1666 3162 ornatu
1681 3141 1766 3172 atque¹
1780 3132 1924 3163 comitatu,
1944 3140 1998 3158 non
2018 3132 2155 3166 flagrantia
2175 3133 2266 3160 oculo-

1207 3183 1285 3205 rum,
1305 3183 1359 3200 non
1374 3173 1498 3200 libertate
1510 3169 1655 3200 sermonis.
1674 3171 1717 3197 scd
1732 3176 1811 3196 etiam
1826 3167 1978 3202 complexu,
1994 3169 2266 3204 osculatione,aquis‚

1208 3210 1380 3245 nauigatione
1390 3229 1396 3241 ,
1416 3208 1567 3241 conuiuiis,
1586 3214 1615 3234 vt
1631 3216 1685 3234 non
1699 3206 1780 3233 solum
1795 3204 1938 3239 meretrix,
1958 3203 2001 3230 sed
2015 3205 2095 3230 etiam
2113 3213 2210 3238 procax
2223 3205 2267 3232 vi-

1208 3246 1310 3273 deatur.
1348 3246 1377 3273 de
1391 3246 1485 3272 Clodia.
1558 3245 1709 3274 proteruus,
1722 3241 1839 3276 petulans
1853 3250 1861 3265 .·
1899 3240 1968 3266 Suet.
1983 3240 2065 3266 Oton.
2080 3249 2101 3266 c.
2111 3249 2124 3266 2
2141 3241 2163 3266 A
2178 3241 2266 3276 prima

1206 3283 1382 3310 adolescentia
1407 3281 1534 3317 prodigus
1553 3289 1581 3307 ac
1604 3287 1699 3315 procax
1714 3277 1795 3308 aulc’0,
1815 3282 1843 3302 vt
1857 3276 1930 3309 saepe
1945 3276 2033 3310 flagris
2046 3275 2236 3310 obiurgaretur
2249 3286 2266 3306 a

1206 3326 1291 3355 patre.
1364 3319 1472 3345 Amatns
1494 3326 1509 3344 a
1532 3314 1731 3352 procacioribus
1753 3312 1861 3338 feminis
1890 3311 2004 3346 Capitol.
2022 3312 2055 3338 de
2068 3312 2264 3349 Maximin.pr.

1206 3358 1238 3383 In
1264 3356 1350 3382 bonam
1369 3362 1469 3391 partem
1497 3353 1589 3380 Tacit.
1599 3351 1767 3383 Ann.13,46.
1782 3347 1812 3374 dc
1827 3348 1938 3380 Othone,
1958 3347 2011 3374 Vbi
2027 3357 2109 3383 vsque
2121 3348 2154 3375 ad
2170 3350 2264 3376 ciuilia

1205 3401 1294 3425 arma,
1315 3401 1370 3418 non
1395 3400 1426 3418 ex
1458 3390 1549 3426 priore
1575 3387 1704 3418 iufamia,
1723 3384 1766 3411 sed
1786 3384 1889 3418 integre
1909 3383 2048 3419 saniieque
2070 3385 2140 3418 egit,
2163 3393 2263 3419 procax

1205 3428 1274 3462 otii,
1294 3437 1320 3455 et
1334 3427 1468 3463 potestatis
1483 3423 1683 3458 temperantior.
1757 3421 1855 3446 Procax
1869 3426 1895 3446 et
1910 3420 2035 3454 superbus
2053 3420 2132 3446 fastus
2152 3422 2209 3447 Plin
2235 3430 2262 3454 9,

1314 3466 1359 3491 De*
1369 3462 1567 3491 [flammantibus
1583 3463 1658 3485 etiam
1671 3457 1723 3484 dici
1736 3458 1823 3492 potest.
1880 3456 1957 3491 Virg.
1971 3457 2035 3482 Aen.
2052 3466 2069 3488 1,
2082 3465 2133 3489 540
2152 3472 2193 3477 ·—
2218 3458 2264 3484 Pe-

1205 3501 1330 3536 nitusque
1342 3499 1496 3535 procacibus
1511 3494 1621 3522 Austris.
1658 3498 1676 3522 i.
1698 3491 1866 3520 §uenientibus
1876 3491 2002 3527 procellis.
2111 3492 2187 3520 Dic‘ta
2202 3502 2264 3527 pro-

1204 3536 1276 3564 'cacia
1297 3536 1392 3564 Claud.
1406 3538 1467 3562 sext.
1481 3533 1559 3560 cons.
1576 3532 1647 3557 Hon.
1662 3534 1724 3563 246.
1792 3528 1908 3563 Epistola
1930 3527 1996 3554 Plin.
2012 3527 2040 3554 in
2054 3529 2162 3563 praefat.
2200 3530 2263 3556 Lin-

1204 3582 1256 3608 gua
1276 3573 1321 3600 Sil⁴
1335 3579 1357 3604 g)
1373 3581 1428 3605 250.
1531 3568 1647 3594 Locutio
1664 3564 1750 3593 Catul.
1764 3571 1802 3597 59,
1819 3566 1871 3590 n6.
1979 3564 2073 3591 Manus
2092 3558 2159 3591 Plin.
2174 3573 2216 3598 22,
2233 3567 2261 3593 6.

83 3640 91 3646 ⁸
319 3640 326 3646 .
612 3641 618 3647 ⁶
1064 3642 1070 3646 Ἴ
1203 3611 1314 3637 Manum
1329 3614 1466 3645 procacem
1479 3613 1596 3635 armare,
1637 3606 1655 3629 i.
1671 3604 1818 3633 ,az-ercitum
1832 3598 1940 3635 improbe
1950 3600 2050 3635 aliquid
2058 3608 2204 3636 repetentem
2222 3601 2263 3627 Se-

82 3649 114 3667 m
127 3641 146 3667 1.
160 3650 170 3673 3
183 3639 208 3681 §3
223 3640 295 3675 quod
308 3641 433 3667 nter-uus
447 3641 479 3667 D.
495 3640 528 3667 de
541 3644 754 3678 acquir-'postem
790 3643 917 3678 Alioquin
932 3641 950 3667 fi
965 3649 996 3667 ex
1010 3640 1139 3676 posseffio-
1153 3640 1186 3668 95
1206 3656 1263 3673 nec.
1278 3647 1431 3680 Agamemn.
1447 3643 1462 3668 s.
1475 3650 1496 3673 3.

1606 3639 1681 3665 Musa
1704 3637 1771 3664 Hor.
1785 3637 1872 3663 Carm.
1889 3644 1914 3668 2,
1928 3643 1949 3667 ι,
1961 3643 2003 3670 37.
2102 3637 2261 3663 Procacibu·

1206 3683 1316 3717 Scriptis
1348 3678 1485 3706 diffamare
1517 3675 1635 3710 aliquem
1672 3673 1742 3714 Τᾶςτ
1767 3672 1869 3712 Ann3'1,
1882 3679 1921 3706 72,
1935 3681 1958 3702 4.
2023 3707 2028 3712 ·
2066 3671 2171 3699 Vernae
2192 3667 2260 3710 Hos,

1536 3712 1648 3746 Compar.
1687 3709 1769 3737 Ouid.
1785 3707 1871 3736 Trxst.
1886 3716 1910 3740 2,
1922 3714 1971 3740 435
1997 3707 2082 3734 Cinna
2099 3716 2205 3742 quoque
2219 3707 2261 3746 his

1206 3718 1291 3745 Serm.
1305 3726 1330 3749 2,
1344 3718 1370 3748 6,
1384 3718 1427 3741 66.
1466 3733 1469 3736 Δ
2051 3743 2055 3747 Ι

1939 3743 1969 3769 In
1992 3744 2103 3769 feminas
2123 3749 2261 3778 procacior

1206 3763 1296 3781 comes
1322 3751 1375 3784 est,
1395 3751 1535 3783 Cinnaque
1567 3746 1705 3781 procacior
1738 3745 1829 3771 Anser.

1205 3794 1272 3818 aries
1284 3794 1401 3815 cornutut
1424 3782 1558 3813 Columel.
1574 3793 1596 3815 7,
1609 3791 1632 3814 3,
1644 3792 1671 3815 4.
1773 3802 1777 3806 .
1789 3778 1938 3813 Nequitiae
1951 3779 2115 3812 procaciores
2141 3776 2258 3803 Martial.

1379 3823 1473 3857 Superl.
1509 3818 1689 3845 Procaciffima
1702 3816 1809 3850 ingenia
1830 3815 1922 3855 Tacit.
1938 3815 2005 3841 Hist.
2021 3823 2043 3847 2,
2058 3820 2097 3847 87,
2112 3821 2133 3839 2.
2210 3812 2258 3837 Pu-

1205 3862 1326 3890 blicanus
1340 3857 1510 3885 iustificatior
1523 3855 1663 3882 Pharisaeo
1678 3851 1858 3888 procaciffimo
1872 3851 1981 3878 discessit
2008 3848 2123 3877 Tertull.
2139 3846 2170 3873 de
2183 3847 2259 3876 Orat.

1204 3907 1226 3925 c·
1242 3905 1287 3958 ijs<
1299 3938 1318 3958 o
1330 3936 1347 3957 c
1360 3937 1381 3957 A
1392 3934 1410 3956 c
1422 3935 1431 3954 1
1445 3933 1466 3955 Α
1476 3947 1483 3959 ,
1502 3935 1541 3954 ae.
1580 3926 1601 3953 f.
1636 3922 1751 3952 Audacia
1765 3926 1791 3949 in
1799 3920 1931 3958 poscendo.
1967 3919 2062 3946 Auson.
2076 3917 2153 3957 Epist.
2168 3926 2201 3944 22
2213 3924 2257 3953 pr.

1208 3967 1290 4002 Qiod
1324 3965 1396 3993 nihil
1426 3965 1551 4001 poscente
1579 3970 1623 3988 me
1648 3959 1762 3990 abnuis,
1783 3958 1868 3993 magio
1895 3957 1967 3985 acuis
1995 3961 2144 3989 procaciam
2178 3962 2258 3988 quam

1507 4037 1525 4066 ⁶
1542 4033 1566 4062 χ
2187 4028 2258 4051 rno-

2097 979 2152 1005 Cic.
2167 980 2194 1005 in
2212 981 2272 1006 Par·
2316 988 2321 991 ”
