2517 4231
56 235 131 274 709
446 217 475 258 P
557 218 597 258 A
678 216 711 256 R
1556 214 1586 255 P
1665 214 1817 255 A1R
2144 239 2212 275 „0

56 310 89 338 tis
107 309 162 338 Cic.
173 308 244 336 Fam.
264 317 302 343 ιο,
316 316 351 336 12.
422 306 528 336 Habere
541 305 697 342 participem
717 302 1012 338 Caensse11.c1u.3,60.
1027 304 1099 333 Brut.
1158 305 1233 338 sunt,
1259 303 1308 329 Sed
1325 304 1417 330 idcirco
1437 313 1474 330 me
1482 303 1587 340 fecisti,
1613 304 1773 340 quod-utrum
1785 305 1942 340 negligentia
1951 311 2044 342 partim
2056 313 2211 349 magistram.

12 346 23 355 ⁸
55 354 78 372 e:
91 345 154 373 Cass.
166 345 198 372 ad
210 345 265 372 CiC.
278 344 349 371 Fam.
358 352 388 374 11,
397 350 420 371 2.
1158 349 1198 365 um
1216 354 1262 360 —-
1281 339 1384 373 euemffi*
1397 340 1477 366 dicam
1486 361 1494 373 ‚
1514 339 1599 375 nescio.
1638 341 1761 366 timenus
1775 340 1875 367 Gellius.
1948 343 2019 368 Forte
2032 350 2167 374 accuratim
2179 352 2211 375 il,

89 379 242 409 PARTi'c
254 377 337 413 sPO,
357 383 412 406 are.
447 379 570 414 [μετ-ἔχω,
589 381 708 406 κοινωνίαι.
725 377 916 409 μεταλαμβάνοι,
933 386 1102 410 iruulta-maau-
1160 376 1197 407 li,
1225 374 1268 410 qui
1281 375 1379 400 Partim
1395 376 1525 409 antiquum
1540 375 1712 411 Accusatiuum
1727 375 1871 412 agnoscunt.
1931 379 2002 404 Certe
2016 379 2082 406 Parti
2097 385 2212 411 Ablatioa

53 417 124 452 βὲνω]
154 416 306 450 Participem
313 415 402 448 facere
412 422 437 441 et
451 415 513 447 fieri.
550 414 632 441 Plaut.
645 412 712 440 Pers.
723 420 747 442 5,
760 420 780 447 ι,
794 418 809 444 ς
828 411 908 438 Nunc
922 411 957 439 ob
971 421 1028 439 eam
1042 422 1099 441 rem
1160 412 1244 435 ‘utitur
1258 410 1388 443 aliquoties
1403 411 1540 437 Lucretius
1555 421 1580 438 v.
1589 422 1613 444 (r.
1633 421 1651 443 ι,
1667 421 1721 444 1104
1740 412 1810 439 Nam
1824 421 1997 448 quaecunque
2009 415 2127 455 prius'de
2144 421 2211 453 pam

53 453 122 479 inter
133 460 206 478 meos
218 455 359 485 participes
375 445 498 486 praedam
511 449 661 479 diuidams
679 453 706 474 et
719 446 894 482 participabo.
988 448 1100 477 Seruum
1123 447 1138 475 5
1159 453 1272 480 corpora
1287 445 1349 470 cesse
1356 446 1471 478 (cessisse)
1479 447 1683 482 constitues-‚em
1698 448 1738 474 Sic
1746 448 1907 476 Plaut.Mcn.
1917 457 2009 482 3‚2,14.
2026 450 2121 477 Parum
2135 455 2214 487 igimr

53 486 153 515 consilii
167 486 334 522 participare,
343 487 524 513 Communicare
537 494 589 512 cum
599 484 672 520 serua
683 482 818 516 confilium.
843 484 995 511 Planecist.
1004 493 1022 515 ι,
1036 494 1057 518 3,
1066 494 1099 518 ¹7·
1157 482 1259 516 ponitur
1271 480 1364 506 Gsaffl‘
1377 490 1440 506 ’'W‘'
1448 490 1493 517 1)Υο
1508 483 1648 509 secundum
1663 490 1773 518 Partem·
1792 485 1994 517 ΟΓ-μέεοεικᾱτὰ
2006 489 2082 519 μέρος·
2109 488 2213 522 Cumque

10 546 18 557 ι
53 522 219 558 Hellffllsmum
232 522 273 548 Mc
286 522 331 557 ff’
351 521 439 556 Voffiux
451 521 557 548 ''ms-17¹
570 517 713 554 Aristarcho
727 527 749 551 5,
762 527 797 550 33·
883 520 1041 555 Participarc
1054 520 1100 548 ali·
1159 516 1246 543 Latini
1254 516 1369 555 Articulq
1383 525 1501 557 ⁶¹¹3·¹·⁰{¹¹.·
1523 528 1550 543 ea
1565 529 1602 544 rer
1614 520 1728 545 duriores
1740 520 1896 554 aliquantum
1908 521 2038 547 locutiones
2048 522 2128 556 parit.
2165 526 2215 557 Sir,
2240 519 2244 523 '

53 567 130 593 quem
141 559 261 586 sermone
275 556 306 584 de
324 557 405 585 Flam,
420 556 500 585 Milit.
514 564 536 590 2,
549 564 571 588 2,
585 559 637 585 108.
733 554 854 590 Aliquem
866 556 980 590 prandio
1012 556 1100 583 affici.
1159 552 1284 584 Quorum
1299 557 1395 585 partim
1411 553 1557 579 mnmffimi
1578 554 1725 589 Nep.25,7‚
1734 564 1754 581 2.
1776 555 1847 588 Conf.
1863 555 1936 582 Idem
1951 565 1985 589 ¹4,
2000 565 2036 591 ιο,
2052 565 2065 583 2
2088 566 2141 582 cum
2155 560 2213 585 Not.

23 621 25 625 ι
52 603 120 628 pare.
139 592 215 628 Apul,
229 593 293 620 Met·
307 602 323 627 9
336 602 360 628 p,
373 603 422 626 232⁴
441 600 464 619 et
477 600 486 619 Ι
499 600 524 626 p,
539 599 582 622 ¹04
595 590 705 617 Elmenh,
813 590 870 618 Cic,
885 592 916 618 de
929 592 994 626 Legi
1016 612 1022 618 ,
1037 601 1056 625 1,
1073 599 1099 624 33
1158 587 1226 613 Ter.
1241 587 1309 621 prol.
1323 586 1387 613 Hec.
1403 596 1428 619 ¹4
1453 589 1484 615 In
1501 589 1550 621 his,
1571 599 1634 624 quas
1647 591 1763 624 primum
1776 591 1888 619 Caecilii
1901 591 1985 619 didici
1999 600 2099 626 nouaS,
2119 594 2215 628 partim

51 629 174 665 Sequitur
186 628 219 656 ad
232 629 442 664 participandum
455 627 537 655 alium
550 625 583 652 ab
595 625 650 652 alio
659 648 668 660 ,
705 625 1008 661 communitandumque
1028 627 1099 654 inter
1114 631 1143 650 ιο
1158 623 1215 649 sum
1229 631 1320 649 earum
1335 622 1456 656 exactus,
1476 624 1572 663 partim
1585 626 1630 651 vix
1644 626 1712 652 steti.
1790 628 1834 651 Vbi
1842 627 1959 654 Donatus
1968 649 1976 662 ‚
1997 628 2094 656 Partim
2108 630 2163 655 sum
2176 637 2216 655 ea-

51 673 155 698 omnes,
175 664 256 692 iustos
271 671 363 692 natura
376 665 424 691 effe
437 662 528 690 ἠξιοῦ-
601 662 660 688 Liu.
675 670 696 694 3,
710 670 733 689 12
754 661 784 689 L.
797 662 934 690 Lueretius
953 668 1021 690 cos.
1035 662 1099 689 anni
1160 667 1220 685 rum
1229 657 1350 697 exafitis:
1388 667 1438 693 pro
1451 660 1482 686 In
1495 659 1562 698 aliis.
1606 662 1650 700 ¹Et
1663 661 1736 688 simul
1753 661 1888 696 splendida
1902 663 2004 691 locutio
2018 663 2063 692 est.
2118 665 2216 692 Partim

51 701 149 736 prioris
162 700 261 728 recenti
274 700 360 736 gloria
373 700 458 726 nitens
466 718 475 731 ,
492 698 549 723 suas
561 695 649 724 laudes
662 697 820 732 participare
833 707 892 724 cum
905 698 1032 732 Caesone,
1047 707 1101 725 me-
1159 693 1324 721 Aduerbmm
1337 692 1383 720 est.
1408 729 1412 734 η
1455 695 1554 735 Partim
1567 703 1590 720 et
1605 704 1633 721 in
1646 706 1787 723 commune
1800 704 1852 733 opp.
1867 708 1932 734 quae
1946 699 1974 726 in
1988 699 2078 727 medio
2092 700 2216 728 constitu-

51 745 157 764 morare
170 745 284 772 pugnas,
306 736 408 763 referre
420 733 524 768 egregia
536 733 672 768 facinora,
692 740 736 761 etc.
827 734 945 760 Mensam
959 734 1099 760 nobiscum
1159 735 1202 762 ta,
1219 734 1244 755 et
1258 737 1329 762 non,
1347 735 1459 764 partim,
1480 730 1522 757 sed
1538 739 1565 756 m
1579 740 1720 771 commuue
1733 732 1884 761 conducunt
1904 735 1960 762 Lat.
1969 737 2024 763 Pac.
2038 736 2131 771 Paneg.
2140 736 2218 764 The-

51 773 189 808 participat
222 771 300 806 Apul·
314 771 379 797 Met.
399 779 415 803 9
427 779 453 804 p,
467 775 521 798 225(-
630 769 807 796 vssnationem
821 769 922 803 sempe,-
934 777 995 796 cum
1006 769 1100 796 amicis
1159 765 1270 806 odolsslc.
1284 773 1316 805 .²¹·
1399 800 1404 805 ι
1423 765 1567 792 Causarum
1581 774 1676 801 partun
1690 776 1719 793 ιη
1732 767 1839 794 iudiciis
1854 771 1953 798 versari
1965 792 1973 804 ‚
1998 771 2096 806 partim
2110 773 2139 799 in
2154 771 2217 799 dcli-

50 807 219 843 participauit
238 806 363 842 Spartian.
375 806 482 833 Adrian.
497 814 518 832 c.
534 807 572 832 26.
659 804 805 840 Imperium
818 813 878 831 cum
891 803 983 838 aliquo
995 805 1101 838 partici-
1120 809 1146 837 ις
1160 799 1344 841 beratmmbus
1354 836 1360 842 ι
1374 801 1431 841 Cle:
1446 801 1478 827 de
1494 802 1567 841 Οὶζῦΐ-
1582 812 1587 827 ¹
1604 811 1624 828 c·
1638 811 1671 835 3¹·
1766 803 1838 830 Idem
1852 805 1907 832 Off·
1921 815 1943 839 2,
1957 816 1983 839 72
2010 808 2110 834 Eorum
2128 814 2218 836 autem

26 848 33 852 “
50 853 113 879 pare
130 843 204 870 Idem
217 843 305 869 Seuer.
317 851 338 869 e.
353 851 374 872 ς.
397 848 422 868 et
435 840 522 869 Treb.
539 840 603 868 Poll.
617 841 733 868 Gallien.
746 847 810 874 ⁰07·
882 839 980 866 Pestem
994 840 1100 874 partici.
1160 837 1280 871 ipsorum
1295 843 1389 871 partim
1403 837 1536 877 eiusmodi
1550 838 1624 871 sunt,
1650 844 1678 865 vt
1690 838 1723 864 ad
1736 839 1873 866 vniucrsos
1888 841 1959 867 ciues
1974 843 2136 878 pertineant,
2161 852 2218 879 par-

50 887 127 915 pare,
152 880 182 904 In
192 877 322 913 pssefieri
331 878 489 912 participem.
546 878 602 904 Cic.
616 877 701 903 Tusc.
715 885 738 909 2,
747 884 775 908 39
787 884 810 902 c.
822 884 847 907 ¹7
881 890 927 896 -—
963 875 1010 910 qui
1023 876 1101 903 alteri
1162 873 1212 899 tim
1226 879 1254 899 vt
1267 872 1381 913 singulos
1394 878 1532 913 attlngant.
1580 908 1585 913 ⁸
1619 874 1735 901 Alterius
1748 874 1872 902 fafflonis
1886 877 2017 913 principes
2031 880 2125 913 partim
2139 879 2219 907 inter-

50 915 160 942 exfflum
174 917 262 949 parat,
300 913 366 940 Eum
379 914 444 940 stite
456 919 578 948 oportet,
595 912 642 939 sibi
655 918 770 946 paratam
786 910 894 945 pestem,
917 916 946 938 vt
961 911 1102 946 participet
1163 908 1295 941 fecerant,
1315 909 1382 935 alios
1396 917 1423 934 ιιι
1439 908 1548 949 erilium
1562 916 1695 937 eiecerant
1722 910 1792 945 Nep.
1806 913 1843 943 15,
1858 919 1878 944 1,
1889 921 1913 943 4.
2011 914 2157 942 Bestiarum
2175 924 2220 943 au-

69 958 147 977 arem.
186 950 224 974 Ex
236 950 321 975 Poe'ta.
391 951 467 982 Item,
486 948 645 982 Participare
658 948 822 981 voluptatem
841 946 909 974 Gell.
920 956 953 980 15,
962 957 982 974 2.
1034 948 1102 975 Lau·
1162 949 1216 984 tefn
1229 949 1348 971 terrenae
1361 945 1419 971 sunt
1432 945 1514 976 allae,
1540 945 1638 980 Partim
1651 946 1794 980 aquatiles,
1831 947 1897 973 aliae
1912 948 1981 982 quasi
1994 949 2138 985 ancipites,
2174 959 2219 978 etc.

106 984 263 1021 participare
295 985 354 1011 Liu.
369 995 392 1018 3,
407 993 440 1011 12.
533 983 694 1018 Pomponius
707 983 737 1009 in
750 982 766 1008 l.
781 981 807 1008 Si
819 982 910 1016 igitur.
948 983 981 1010 D.
996 984 1047 1010 Pro
1061 984 1101 1010 so-
1115 990 1148 1008 20
1162 981 1220 1019 Cic.
1241 979 1273 1006 de
1294 980 1330 1007 N.
1346 980 1402 1020 D.'t
1416 990 1438 1006 t·
1451 987 1488 1015 37-
1584 981 1685 1020 Sallust.
1698 981 1817 1016 Iugurth.
1833 991 1854 1008 c.
1869 993 1898 1015 44
1935 983 2005 1010 Huic
2018 987 2149 1020 rogationi
2165 995 2220 1021 par.

53 1022 110 1054 cio,
129 1023 251 1054 Aequum
266 1020 302 1047 cst
316 1021 387 1047 enim
396 1042 403 1054 ‚
425 1026 454 1047 vt
466 1019 538 1047 cuius
552 1018 750 1053 participauerit
762 1017 883 1052 lucrum,
908 1019 1064 1054 prarticipet
1076 1025 1102 1046 et
1162 1021 1211 1042 tlm
1225 1015 1323 1042 reusch
1337 1015 1401 1049 fibl,
1425 1016 1472 1042 alii
1486 1025 1518 1042 ex
1530 1021 1645 1051 paruum
1658 1018 1764 1044 inuidia
1777 1017 1894 1052 pericula
1906 1025 2063 1047 metuentes.
2146 1023 2221 1050 Idem

52 1056 183 1084 damnum.
258 1056 466 1091 Participentur‚
484 1064 540 1080 vace
548 1052 642 1089 paffiun
654 1054 723 1080 dixit
758 1054 864 1081 Lucret.
877 1064 898 1088 3,
914 1058 960 1086 692
978 1055 1103 1089 Namque
1163 1049 1284 1086 Iugurth.
1298 1060 1320 1084 ¹3
1334 1058 1358 1077 et
1371 1059 1409 1078 22.
1430 1059 1453 1078 et
1467 1061 1508 1086 42.
1523 1061 1570 1086 44.
1586 1058 1622 1086 85.
1637 1062 1681 1087 94.
1737 1053 1812 1081 Idem
1827 1053 1907 1081 Catil.
1923 1064 1944 1082 c.
1960 1064 1993 1089 5¹-
2031 1057 2103 1091 Conf.
2121 1059 2220 1087 Alciat.

7 1107 11 1114 =
50 1092 87 1120 ita
100 1092 253 1120 connexa’st
265 1100 312 1127 per
324 1101 419 1125 venas,
441 1091 555 1123 viscera,
574 1098 690 1125 nerum,
735 1090 862 1124 Ossaque,
879 1091 919 1117 vti
931 1091 1020 1118 dentes
1036 1100 1102 1126 quo-
1163 1088 1269 1122 Par-erg.
1290 1096 1314 1120 7,
1329 1096 1370 1114 2ο.
1428 1122 1433 1127 .

14 1152 16 1155 ,
51 1137 102 1164 que
117 1129 190 1155 sensu
205 1128 404 1164 participentur.
441 1126 459 1152 i.
478 1125 565 1160 Sensus
577 1124 780 1160 participes-sint.
818 1126 958 1154 Lambinus.
1200 1129 1375 1156 PARTIO,
1395 1125 1453 1156 ῖιιι,
1472 1126 1556 1155 itum,
1575 1125 1625 1152 ire.
1662 1125 1773 1160 [μερίζοι]
1810 1125 1869 1153 ΑΗ.
1884 1126 1986 1153 Diuido.
2023 1128 2125 1155 Lucret.
2142 1138 2165 1163 5,
2178 1131 2222 1163 683

87 1171 102 1191 Ρ
114 1171 134 1192 A
144 1171 164 1191 R
175 1170 198 1191 'r
210 1171 262 1191 ret
276 1170 355 1191 PA'r
366 1169 425 1195 vs,
443 1170 467 1195 a,
488 1170 543 1188 um.
565 1162 632 1188 Part.
668 1161 756 1188 Treb.
772 1161 837 1189 Poll.
851 1162 967 1189 Gallien.
975 1172 996 1189 c.
1005 1171 1029 1189 12
1051 1163 1102 1190 Im·
1119 1166 1148 1193 25

51 1201 127 1236 perio
142 1200 309 1235 participato.
382 1197 537 1232 Participato
550 1197 666 1237 inuicem
680 1197 789 1224 consilio
815 1198 941 1232 Cyprian.
956 1198 1036 1233 Epist.
1050 1207 1068 1230 1,
1083 1208 1105 1226 2.

51 1236 142 1263 lustin.
157 1244 196 1269 34,
211 1244 234 1268 2,
245 1240 259 1266 8
280 1234 373 1269 Regno
385 1243 444 1261 cum
458 1234 538 1260 fratre
551 1238 717 1268 participato.
800 1234 959 1268 Papinianus
976 1245 1003 1260 m
1017 1235 1034 1261 l.
1048 1235 1104 1261 Ma-

1320 1174 1375 1201 Aut
1387 1174 1449 1209 quia
1463 1174 1505 1200 Sol
1522 1173 1592 1200 idem
1608 1174 1654 1202 sub
1670 1181 1769 1209 terras,
1796 1182 1821 1202 at
1842 1185 1874 1202 ue
1889 1177 2009 1212 superne,

1321 1209 1471 1245 Imparibus
1485 1219 1593 1237 currens
1609 1211 1771 1238 anfractibus
1786 1220 1825 1239 aet
1848 1213 1899 1239 eris
1913 1222 1972 1239 oras

1323 1246 1421 1273 Partit:
1459 1253 1484 1272 et
1499 1246 1527 1272 in
1542 1253 1628 1281 partes
1643 1255 1698 1273 non
1712 1256 1806 1282 aequas
1821 1248 1919 1275 diuidit
1932 1249 2035 1276 orbem.

52 1278 101 1299 ter.
122 1273 182 1304 §.In
196 1280 266 1298 eum.
303 1270 336 1297 D.
346 1270 372 1297 Si
380 1270 439 1305 quis
446 1269 521 1296 omis.
530 1277 586 1295 cau.
601 1268 726 1296 testa.etc.
762 1269 789 1296 Si
803 1269 906 1296 fraudis
920 1271 1030 1297 consilio
1044 1279 1105 1297 cum

51 1306 192 1336 heredibus
206 1306 306 1341 scriptis
319 1306 492 1341 participato,
512 1304 657 1339 legitimam
670 1304 844 1332 hereditatem
858 1305 926 1332 solus
939 1306 1070 1340 poslideat.
1166 1305 1250 1333 Plaut.
1264 1305 1332 1333 Asin.
1346 1314 1369 1339 2,
1384 1315 1407 1339 2,
1420 1315 1433 1337 5
1452 1305 1576 1332 Praedam
1590 1306 1689 1341 pariter
1703 1317 1763 1334 cum
1776 1308 1830 1334 illis
1845 1308 1968 1343 partiam.
2071 1309 2145 1337 Idem
2164 1309 2225 1339 Mil.

87 1349 161 1369 PAR
174 1348 196 1369 Τ
207 1348 408 1374 ῐοιΡΑΤιο,
440 1341 508 1368 onis,
535 1341 555 1366 f.
593 1340 722 1375 Spartian.
737 1341 765 1366 in
781 1341 876 1368 Iulian.
890 1351 911 1368 c.
926 1345 942 1368 6
965 1342 1106 1377 Participa-
1123 1346 1156 1371 30
1167 1351 1188 1375 3,
1203 1351 1223 1374 ι,
1235 1350 1270 1369 112
1290 1342 1350 1369 Mea
1363 1341 1435 1368 bona
1450 1350 1509 1368 mea
1523 1348 1610 1369 morte
1623 1343 1741 1378 cognatis
1755 1343 1856 1378 dicam,
1877 1345 1947 1371 inter
1961 1353 2005 1372 eos
2019 1346 2139 1380 partiam.
2187 1345 2227 1373 Id.

51 1378 91 1405 tio
104 1378 222 1413 imperii.
313 1377 417 1412 August.
432 1376 539 1410 Odiing.
552 1376 658 1410 Quaest.
673 1385 706 1410 ²4
725 1377 795 1403 Boni
810 1377 986 1404 immutabilis
1000 1378 1106 1413 partici-
1167 1377 1264 1412 Amph.
1279 1387 1302 1410 4,
1317 1387 1337 1410 3,
1349 1387 1358 1404 ι
1379 1379 1435 1404 Vos
1450 1378 1520 1404 inter
1533 1386 1581 1404 vos
1594 1379 1700 1413 partite.
1739 1381 1855 1414 Ennius,
1875 1380 1992 1408 Eandem
2007 1390 2049 1408 me
2063 1381 2090 1407 in
2103 1381 2229 1414 suspicio.

50 1414 132 1448 patio.
202 1415 279 1441 Varr.
291 1412 322 1441 de
336 1413 430 1442 Philos.
443 1413 473 1440 in
486 1412 581 1447 fragm.
593 1421 619 1447 p.
632 1419 674 1448 ¹7²
694 1412 828 1440 Assumere
843 1413 944 1440 socium
958 1414 990 1441 ad
1003 1415 1107 1449 partici-
1168 1422 1230 1440 nem
1244 1413 1346 1440 sceleris
1362 1412 1472 1448 partiuit
1485 1420 1567 1448 pater.
1646 1417 1721 1441 Hunc
1732 1417 1811 1442 locum
1823 1424 1846 1442 et
1861 1417 1915 1442 al1'a
1930 1416 2027 1444 Lucilii
2038 1439 2044 1447 ,
2069 1417 2176 1444 Afranii
2191 1424 2229 1443 at.

51 1450 184 1484 pationem
197 1449 273 1477 boni.
1167 1458 1214 1484 que
1228 1449 1300 1475 Accii
1311 1450 1402 1475 retulit
1421 1449 1528 1476 Nonius
1542 1458 1564 1483 7,
1579 1458 1603 1482 33
1617 1457 1639 1476 et
1654 1453 1697 1483 64.
1827 1450 1918 1486 Paffiu.
1955 1452 2012 1480 Cic.
2026 1453 2100 1481 Orat.
2115 1459 2154 1484 188
2173 1453 2229 1485 Ρες,

91 1493 107 1513 Ρ
117 1493 140 1513 A
149 1491 170 1511 R
183 1491 206 1512 Τ
217 1491 252 1512 1C
264 1492 274 1512 1
284 1491 331 1513 ΡΛ
340 1490 363 1512 Τ
375 1491 397 1512 ν
408 1491 437 1519 s,
455 1483 495 1511 fis.
529 1492 565 1510 m.
602 1485 685 1510 Idem„
716 1483 844 1518 Spartian.
859 1485 948 1512 Seuer.
962 1494 984 1513 c.
1002 1491 1015 1515 8
1038 1486 1108 1513 Cum
1166 1484 1214 1520 qui
1227 1484 1368 1511 adhibetur
1380 1483 1410 1511 ad
1424 1493 1560 1518 numerOS,
1579 1486 1695 1520 partitur
1707 1486 1735 1513 in
1748 1487 1808 1515 tria.
1869 1487 1984 1521 Vsttatius
1998 1497 2077 1514 xamen

51 1522 178 1550 Seuerum
190 1521 221 1548 ad
234 1521 420 1556 participatum
433 1526 550 1548 vocaret.
625 1518 742 1553 Capitol.
754 1520 864 1548 inVero
876 1531 897 1548 c.
910 1531 921 1553 3
948 1521 1106 1556 Participatu
1123 1522 1165 1551 35.
1205 1526 1279 1547 PAR
1289 1526 1312 1547 Τ
1322 1526 1361 1547 10
1371 1526 1408 1553 R,
1425 1520 1477 1547 itus
1488 1521 1561 1551 sum,
1589 1521 1634 1548 iri.
1670 1522 1775 1557 Depon.
1816 1525 1848 1549 Vt
1868 1523 1926 1550 Cic.
1946 1533 1995 1559 pro
2010 1524 2084 1551 Rosc.
2105 1525 2182 1552 Com.
2202 1534 2228 1557 53

51 1557 240 1592 imperatoriae
254 1557 387 1592 potestatis
401 1556 515 1584 indulto.
595 1554 668 1583 Idem
681 1555 709 1582 in
721 1556 886 1590 Opil.Macr.
896 1566 939 1589 c.5
959 1559 990 1585 In
1003 1557 1109 1592 partici-
1170 1566 1194 1584 c.
1210 1563 1238 1591 17
1258 1556 1285 1583 Si
1300 1555 1371 1596 quod
1385 1556 1523 1583 vniuersae
1537 1556 1667 1584 societatis
1680 1558 1778 1590 fuisset,
1796 1559 1914 1594 petisset,
1935 1560 2007 1595 quod
2023 1567 2077 1587 tum
2091 1560 2228 1587 redactum

52 1601 142 1630 patum
156 1593 305 1620 adsciscere.
1169 1592 1245 1625 ess'et,
1265 1592 1409 1626 aequaliter
1421 1601 1513 1619 omnes
1528 1592 1704 1627 partirentur:
1741 1604 1825 1628 nunc,
1845 1604 1927 1630 quum
1942 1595 2064 1631 petierit,
2082 1597 2154 1631 quod
2168 1598 2228 1623 suae

32 1625 38 1633 “
90 1637 105 1656 1>
116 1636 138 1656 A
148 1635 169 1655 R
180 1635 203 1656 Τ
216 1635 292 1657 [etp
303 1634 356 1657 ΑΤ
365 1634 429 1662 oR,
448 1629 515 1655 vnde
530 1635 546 1654 Ρ
555 1632 578 1654 A
590 1633 611 1654 R
621 1633 642 1654 Τ
654 1633 665 1654 1
675 1632 712 1654 cx
722 1633 800 1655 PAT
811 1634 831 1655 R
841 1635 853 1654 1
862 1635 897 1663 X,
916 1629 974 1656 icis.
992 1629 1014 1656 f.
1048 1630 1108 1657 Vct.
1170 1628 1251 1664 partis
1264 1628 1340 1664 esset,
1360 1637 1414 1654 non
1423 1648 1431 1661 ,
1452 1628 1524 1663 quod
1539 1628 1662 1660 abstulit,
1689 1629 1739 1656 soli
1757 1630 1804 1657 slbi
1818 1631 1923 1665 exegit}
2032 1631 2182 1659 Discrimen
2199 1641 2229 1659 ac

52 1664 166 1700 interpr,
179 1666 249 1692 Iren.
263 1672 285 1698 ς,
1169 1663 1318 1699 periculum
1334 1672 1366 1689 ex
1380 1672 1466 1697 aequo
1480 1664 1626 1698 partiemur
1644 1665 1735 1692 Tacit.
1751 1666 1820 1693 Hist.
1834 1675 1860 1699 2,
1872 1676 1910 1699 77.
2001 1667 2071 1694 Caes.
2088 1668 2152 1694 Bell.
2166 1668 2228 1694 Ciu.

91 1708 107 1728 P
117 1702 171 1728 AER
180 1707 202 1727 T
213 1707 222 1727 1
237 1706 255 1727 C
267 1706 332 1727 1PA
341 1705 376 1726 L1
385 1705 398 1726 S
407 1719 416 1733 ,
440 1708 464 1726 e.
484 1697 544 1726 Adi.
564 1698 627 1733 Leg.
643 1706 687 1724 vn.
702 1706 740 1732 pr.
753 1697 813 1732 Dig.
827 1698 859 1725 de
872 1700 926 1726 Off.
942 1700 1026 1734 praef.
1035 1700 1110 1726 Prae·
1120 1702 1159 1729 40
1170 1710 1192 1732 3,
1203 1706 1232 1728 82
1249 1700 1318 1726 Cum
1331 1699 1453 1733 Scipione
1467 1699 1599 1726 honorem
1612 1701 1733 1734 partitur.
1833 1702 1974 1728 Aerarium
1989 1711 2049 1728 cum
2069 1703 2161 1737 aliquo
2175 1712 2231 1737 par.

53 1742 106 1764 tor.
143 1735 273 1764 Adsociati
293 1734 459 1770 participales
473 1743 558 1761 curae.
667 1733 754 1759 Varro
767 1732 799 1758 de
813 1733 842 1760 L.
857 1734 887 1760 L.
900 1743 927 1767 9,
941 1743 958 1760 2
971 1742 1037 1761 extr.
1059 1736 1110 1768 ait,
1169 1734 1217 1761 tiri
1237 1735 1293 1761 Cic.
1306 1743 1356 1769 pro
1369 1735 1457 1760 Domo
1471 1743 1507 1766 ²3·
1605 1735 1700 1762 Causas
1713 1745 1771 1762 cum
1786 1736 1928 1763 Hortensio
1942 1737 2103 1772 partiebatur
2117 1739 2230 1768 Cicero:

54 1771 160 1805 Verba,
191 1781 257 1806 quae
270 1771 434 1799 declinantur
446 1778 506 1797 cum
518 1767 683 1803 temporibus
696 1772 722 1794 et
734 1767 847 1802 casibus,
882 1769 975 1796 vocari
990 1779 1005 1797 a
1017 1769 1109 1796 multis
1170 1777 1200 1795 vt
1215 1769 1265 1805 ipse
1279 1770 1342 1796 dicit
1354 1769 1386 1796 de
1399 1770 1470 1796 Clar.
1484 1771 1559 1797 Orat.
1575 1779 1619 1803 ¹90
1633 1780 1655 1797 c.
1668 1779 1702 1804 ςι.
1776 1772 1858 1799 Curas
1872 1773 1968 1807 partiri
1981 1782 2040 1799 cum
2054 1774 2146 1807 aliquo
2155 1774 2231 1808 Virg.

55 1807 228 1843 participalia,
1170 1806 1235 1832 Aen.
1252 1814 1282 1839 ιι,
1298 1811 1349 1835 822.
1422 1805 1478 1832 Cic.
1491 1804 1523 1832 de
1537 1805 1660 1833 Vniuers.
1676 1816 1702 1840 19
1714 1816 1734 1834 c.
1746 1814 1764 1842 7
1786 1807 1851 1835 Sunt
1864 1808 1937 1834 enim
1952 1809 2044 1835 omnia
2059 1809 2087 1835 in
2102 1810 2232 1844 quaedam

93 1849 110 1870 Ρ
120 1849 171 1870 AR
180 1848 204 1870 Τ
213 1848 250 1869 1c
260 1848 271 1868 1
282 1849 298 1868 Ρ
307 1848 317 1867 1
327 1846 349 1866 v
362 1846 389 1867 M
398 1859 408 1873 ,
429 1839 448 1867 i.
469 1848 496 1865 n.
532 1837 652 1874 [μετσχῆ]
693 1839 746 1865 Vox
753 1838 817 1874 filla
827 1849 843 1865 a
857 1840 1045 1875 Grammaticis,
1063 1850 1111 1877 qua
1171 1850 1266 1876 genera
1279 1841 1384 1875 partita.
1457 1841 1548 1868 Socios
1561 1843 1676 1875 partitur
1689 1843 1718 1869 in
1733 1852 1825 1870 omnes
1851 1843 1928 1879 Virg.
1943 1845 2008 1871 Aen.
2018 1854 2035 1878 ι,
2053 1854 2107 1879 ¹94-
2200 1847 2233 1873 In

48 1884 149 1914 partem
161 1875 447 1911 orationisfignificant,
466 1883 529 1909 quae
539 1881 635 1908 partem
649 1875 718 1909 capit
728 1883 745 1901 α
756 1875 874 1909 Nomine,
890 1883 988 1911 partem
1001 1887 1016 1902 a
1028 1879 1111 1905 Verbo.
1123 1881 1157 1909 45'
1171 1876 1292 1904 membra
1313 1877 1415 1912 aliquid
1437 1877 1531 1912 partiri
1569 1878 1624 1905 Cic.
1637 1879 1669 1906 de
1682 1879 1806 1906 Vniuers.
1821 1889 1845 1914 ¹9
1859 1889 1881 1907 c.
1895 1890 1918 1913 7.
2036 1881 2133 1907 Partiri
2151 1881 2232 1917 inter,

53 1916 94 1941 De
105 1913 153 1940 hac
164 1908 222 1939 vide
233 1911 409 1943 Priscianum,
437 1911 516 1937 Varr.
530 1909 562 1937 de
576 1910 606 1936 L.
620 1910 651 1936 L.
666 1918 690 1942 7,
703 1918 740 1942 32.
762 1911 794 1936 Et
809 1916 833 1946 8,
846 1913 885 1944 63.
912 1912 1045 1945 Qxinffil.
1061 1922 1079 1947 1,
1097 1924 1111 1946 4
1171 1914 1244 1941 Caes.
1258 1913 1322 1940 Bell.
1336 1914 1419 1940 Ciuil.
1435 1923 1453 1947 ι,
1466 1920 1492 1946 38
1518 1912 1613 1941 Officia
1626 1915 1697 1942 iuter
1710 1916 1735 1941 se
1749 1915 1908 1949 partiuntur.
1999 1916 2089 1950 Qmm
2103 1918 2232 1952 partiren-

53 1955 78 1976 ιι
91 1959 114 1980 ς.
150 1947 253 1976 Arnob.
267 1956 276 1974 1
288 1956 313 1982 p.
326 1956 362 1980 35.
398 1946 478 1983 Apul.
500 1944 532 1973 de
554 1945 653 1980 Syllog.
667 1945 771 1985 Cat.·et
782 1947 845 1973 alios
859 1948 953 1974 abunde
966 1949 1110 1977 traaames.
1172 1955 1215 1976 tur
1229 1949 1299 1975 inter
1314 1949 1338 1976 se
1347 1970 1356 1983 ,
1380 1950 1428 1984 qui
1440 1949 1611 1984 capitolium,
1635 1950 1681 1986 qui
1697 1950 1797 1985 rostra,
1825 1951 1872 1986 qui
1885 1951 1959 1978 vrbis
1972 1960 2060 1986 portas
2074 1959 2233 1987 occuparent

54 1983 186 2018 Qinctit.
201 1994 227 2018 9,
242 1992 253 2015 3
287 1983 397 2009 Vtimur
410 1988 436 2009 et
448 1981 539 2009 Verbo
551 1990 601 2016 pro
616 1981 775 2016 Participlo:
812 1987 858 2017 vt,
901 1999 946 2005 —-
988 1993 1113 2019 magnum
1173 1985 1230 2012 Cic.
1244 1985 1312 2011 Phil.
1326 1995 1359 2017 ιιι,
1374 1993 1397 2018 ις
1411 1994 1433 2013 c.
1448 1987 1472 2012 6.
1545 1987 1657 2021 Antiqui
1667 1986 1757 2013 Partio
1771 1988 1872 2013 eandem
1886 1987 2083 2021 corgstrufflionem
2096 1989 2232 2023 obseruaui—

53 2021 97 2048 dat
108 2021 179 2047 serre
192 2020 329 2047 talentum.
366 2024 493 2053 tanquam
506 2017 664 2044 Ferendum.
738 2017 770 2044 Et
784 2018 928 2053 Participio
940 2028 991 2054 pro
1006 2020 1113 2047 Verbo:
1172 2030 1223 2046 mus
1236 2029 1267 2045 ex
1280 2021 1364 2047 Plauti
1379 2021 1438 2047 Mil.
1451 2030 1471 2052 3,
1487 2030 1504 2052 ι,
1523 2029 1567 2046 ιιε.
1682 2023 1810 2047 Amorem
1824 2022 1956 2048 alternum
1971 2023 2066 2055 partiri
2093 2024 2154 2050 Stat.
2167 2025 2232 2052 Silu.

53 2063 97 2091 vt,
117 2056 189 2083 Volo
203 2055 302 2083 datum.
639 2086 645 2092 ι
1124 2061 1157 2089 ςο
1173 2064 1198 2089 2,
1212 2065 1231 2088 1,
1244 2060 1299 2085 208.
1405 2055 1499 2081 Partiri
1512 2054 1650 2082 hominem
1664 2065 1711 2091 per
1723 2056 1811 2089 viceS‚
1838 2064 1885 2092 pro
1903 2057 2008 2092 Vicisfim
2018 2056 2135 2094 poffidere
2165 2059 2232 2089 Plin.

90 2099 106 2119 Ρ
115 2099 137 2120 A
147 2097 169 2118 R
179 2097 218 2117 Τι
228 2096 246 2116 c
257 2097 267 2116 1
278 2097 293 2116 Ρ
303 2096 313 2116 ι
323 2088 370 2115 AL
379 2093 426 2120 ts,
452 2095 475 2113 e.
494 2085 554 2113 Adi.
592 2086 704 2119 Qme't.
718 2096 738 2120 ι,
751 2096 774 2119 4,
781 2095 812 2121 29
832 2090 872 2114 De
889 2089 973 2114 Verbis
985 2096 1009 2115 et
1024 2090 1112 2115 Verbo·
1173 2090 1252 2125 Epist.
1268 2099 1288 2122 π,
1303 2100 1318 2116 ι.
1428 2092 1502 2117 Bona
1516 2091 1559 2117 sua
1573 2091 1668 2126 partiri
1689 2092 1745 2119 Cic.
1757 2093 1837 2120 Verr.
1852 2103 1871 2126 ι,
1887 2101 1933 2126 ιι3.
2028 2094 2160 2130 Campum
2173 2104 2232 2130 par.

55 2122 111 2154 rum
137 2125 358 2162 appellationibus:
400 2123 474 2149 Nam
493 2128 523 2148 vt
540 2121 622 2148 noctu
643 2128 668 2148 et
691 2122 754 2156 diu,
792 2122 829 2149 ita
849 2128 875 2150 et
894 2123 968 2151 dictu
988 2130 1012 2151 et
1032 2125 1114 2153 factu.
1173 2126 1219 2152 tiri
1234 2125 1321 2153 limite
1350 2126 1426 2161 Virg.
1445 2127 1640 2163 Georg.1,126.
1738 2129 1834 2156 Partiri
1846 2128 1877 2164 est
1890 2130 1964 2155 etiam
1977 2138 2025 2156 vox
2039 2131 2182 2165 auguraHu
2220 2141 2233 2158 e

55 2164 121 2191 Sunt
134 2162 207 2188 enim
219 2160 282 2187 haec
295 2166 402 2195 quoque
412 2156 503 2185 Verba
515 2157 693 2193 participialia
707 2157 830 2194 quidem,
857 2168 912 2186 non
924 2165 1011 2186 tamen
1025 2161 1114 2195 qualia
1172 2163 1230 2188 loci<
1245 2164 1311 2189 enim
1324 2163 1524 2189 eminentioribus
1537 2183 1546 2196 ‚
1582 2165 1646 2190 vnde
1663 2164 1726 2190 liber
1738 2164 1794 2199 estet
1808 2165 1870 2192 caeli
1881 2164 2032 2200 conspersus,
2068 2166 2233 2201 partiebatur

57 2199 132 2226 dieto
144 2196 277 2231 factoque.
1173 2207 1255 2233 augur
1283 2206 1307 2224 et
1332 2198 1475 2235 [resignabat
1499 2199 1562 2226 lituo
1584 2199 1648 2226 caeli
1672 2199 1790 2235 regiones.
1848 2201 1905 2226 Vid.
1934 2201 1995 2228 Stat.
2016 2201 2109 2229 Theb.
2126 2211 2149 2236 3,
2174 2204 2232 2238 496.

94 2242 110 2263 e
120 2239 170 2260 AR
182 2238 205 2259 ¹r
217 2239 228 2259 ι
238 2238 274 2259 ct
285 2237 302 2257 Ρ
313 2236 325 2257 ι
337 2235 386 2258 At.
395 2236 405 2256 1
417 2235 439 2256 T
449 2235 467 2256 ε
477 2234 510 2256 R.
546 2228 614 2256 Adu.
629 2229 736 2256 occurrit
748 2232 816 2265 apud
828 2230 894 2260 Fest.
906 2230 935 2258 in
946 2240 1013 2259 voce
1021 2232 1113 2260 Osten-
1127 2239 1156 2267 53
1173 2235 1204 2259 Ee
1226 2239 1239 2263 8
1248 2254 1256 2267 ‚
1295 2243 1348 2268 279·
1820 2258 1821 2261 Ἰ

59 2277 117 2298 tum
129 2269 194 2297 etin
207 2268 341 2295 Tot-rens.
447 2300 453 2305 ·
769 2300 775 2305 .
1208 2277 1224 2297 1’
1236 2276 1259 2296 A
1272 2275 1293 2296 R
1305 2276 1325 2296 T
1339 2277 1347 2295 ι
1361 2276 1377 2297 Ε
1389 2278 1412 2296 Ν
1421 2276 1434 2296 s
1443 2291 1452 2304 ‚
1491 2270 1568 2297 entis.
1608 2271 1677 2298 Part.
1714 2270 1805 2298 lustin.
1824 2281 1843 2305 ι,
1863 2280 1884 2305 3,
1906 2281 1919 2299 2
1941 2273 2019 2299 Pensa
2033 2273 2102 2300 inter
2115 2274 2233 2309 virgines

96 2310 172 2334 PAR
181 2309 202 2331 Τ
211 2305 226 2330 i
235 2309 253 2330 1.
263 2309 274 2329 1
283 2309 297 2328 S
306 2322 314 2334 ‚
346 2309 370 2327 e.
402 2299 464 2327 Ad1.
503 2300 713 2335 Dilliafi‘equens
724 2300 796 2328 Iullo
809 2301 929 2330 Firmico
939 2324 948 2336 ,
974 2311 998 2330 et
1011 2305 1114 2330 caeteris
1172 2306 1298 2340 partiens.
1389 2306 1499 2333 I'haedr.
1515 2315 1537 2338 3,
1552 2315 1576 2340 9,
1591 2315 1612 2338 ¹3
1638 2306 1802 2342 Dulcemque
1815 2307 1843 2334 in
1856 2308 1948 2334 ambos
1962 2309 2097 2336 caritatem
2109 2310 2234 2344 partiens.

60 2339 245 2372 mathematicis.
300 2336 405 2364 Partilis
416 2335 550 2371 aspthus,
569 2345 650 2370 quum
666 2345 680 2362 a
693 2336 763 2363 stella
776 2336 809 2363 ad
821 2337 920 2365 stellam
933 2339 1113 2366 immorantur
1210 2349 1225 2368 Ρ
1235 2347 1256 2367 A
1266 2347 1284 2367 R
1296 2347 1337 2368 '1⁸1
1346 2347 1364 2369 E
1375 2349 1397 2368 Ν
1406 2348 1426 2368 D
1436 2349 1457 2367 V
1466 2348 1478 2367 S
1487 2362 1495 2375 ,
1523 2351 1552 2374 a,
1581 2351 1634 2369 um.
1673 2343 1741 2370 Part.
1779 2343 1835 2370 Cic.
1850 2343 1878 2369 in
1893 2344 1982 2372 Vatin.
1996 2354 2018 2371 c.
2033 2355 2046 2376 5
2078 2346 2235 2374 Partiendae

61 2384 102 2407 tot
113 2376 288 2411 caeli,partes,
307 2379 373 2409 quot
386 2372 693 2412 configurationc'ipsam
705 2372 876 2400 constituunt.
924 2374 1006 2401 Verbi
1019 2376 1114 2409 gratia,
1172 2385 1282 2403 merces.
1376 2379 1408 2404 Et
1418 2387 1468 2412 pro
1483 2378 1553 2404 Sulla
1567 2387 1593 2405 ιο
1608 2388 1630 2405 c.
1645 2387 1656 2411 3
1677 2379 1832 2406 Partiendae
1845 2379 1964 2407 inuidiae
1977 2381 2060 2408 causa.
2150 2384 2183 2408 Et
2201 2382 2234 2409 de

51 2422 144 2449 -quum
155 2410 303 2440 ascendente
315 2408 349 2437 ab
362 2415 422 2436 ortu
436 2409 521 2444 prima
533 2413 624 2448 arietis
637 2413 728 2448 parte,
759 2407 792 2437 ab
808 2410 898 2436 occasu
912 2411 1069 2447 praecipitat
1087 2412 1112 2438 se
1125 2413 1161 2439 60
1173 2413 1231 2440 Fin.
1247 2422 1265 2446 ι,
1279 2421 1306 2440 22
1340 2413 1433 2440 Tollit
1449 2413 1634 2441 definitiones:
1672 2414 1741 2441 nihil
1754 2415 1786 2441 de
1797 2415 1943 2443 diuidendo
1956 2422 1981 2443 et
1993 2417 2134 2451 partiendo
2148 2417 2233 2445 docet.

41 2459 44 2465 ·
61 2450 92 2478 in
105 2446 323 2482 hemisphaerium
336 2445 450 2472 inferius
463 2453 522 2479 pars
536 2442 740 2484 Lffiraepnma.
832 2447 968 2477 Ammian.
978 2457 1012 2481 14,
1021 2456 1040 2473 ιι
1062 2448 1113 2474 Ge·
1213 2455 1230 2475 Ρ
1240 2455 1292 2476 AR
1305 2455 1327 2476 Τ
1338 2452 1353 2476 1·
1364 2454 1386 2476 Τ
1399 2456 1419 2475 v
1429 2456 1442 2476 s
1451 2470 1460 2484 ,
1480 2459 1505 2483 a,
1528 2459 1583 2476 um.
1604 2451 1671 2477 Part.
1708 2451 1882 2486 [μερισάμενος]
1924 2453 2003 2478 Vires
2016 2453 2097 2479 socias
2112 2454 2235 2489 partitus,

22 2484 25 2499 ³
64 2484 145 2513 net-ali
155 2483 271 2519 potentia
283 2481 424 2517 partilibus
436 2479 581 2516 praesidens
594 2479 662 2508 fatis.
700 2480 772 2515 Conf.
785 2481 1081 2516 Claud.Mamert.1‚18.
1090 2491 1114 2510 et
1171 2486 1261 2512 Aeliae
1280 2485 1325 2513 Sil.
1339 2494 1364 2519 7,
1376 2492 1432 2519 520.
1507 2486 1574 2512 Hor.
1589 2486 1671 2514 Serm.
1684 2495 1707 2519 2,
1722 2496 1743 2518 5,
1751 2493 1778 2517 82
1801 2502 1847 2507 —
1868 2488 1975 2514 Tecum
1990 2488 2089 2523 partita
2102 2489 2238 2523 lucellum,

65 2519 194 2555 Augustin.
207 2519 238 2545 de
249 2519 373 2551 Trin.=2,
386 2527 410 2551 9.
529 2553 534 2558 ι
627 2552 633 2558 .
806 2552 812 2557 ⁵
935 2554 941 2558 Ι
990 2554 996 2559 ·
1166 2521 1204 2557 sc.
1227 2521 1365 2556 Penelope.
1588 2519 1609 2559 q
1636 2531 1647 2548 2
1686 2520 1777 2556 Paffiu.
1815 2523 1872 2552 Cic.
1890 2524 1922 2550 de
1938 2524 2015 2551 Orat.
2029 2534 2040 2556 3
2055 2533 2078 2551 c.
2093 2533 2124 2557 30
2145 2526 2237 2553 Paullo

89 2555 141 2583 ῬΛ
151 2561 171 2582 R
181 2561 202 2581 T
213 2561 223 2581 1
235 2561 252 2581 L
262 2552 276 2581 f
288 2561 310 2581 T
322 2560 338 2580 E
350 2561 381 2581 R.
401 2552 470 2580 Adu.
489 2554 534 2579 Cm
547 2559 676 2588 opponitur
689 2552 864 2580 Generaliter.
913 2553 1043 2581 mems
1055 2563 1084 2588 4,
1096 2564 1113 2588 9
1173 2557 1244 2583 secus
1257 2566 1272 2585 a
1287 2566 1329 2584 me
1340 2563 1420 2592 atque
1433 2557 1467 2585 ab
1483 2557 1533 2585 illo
1547 2559 1644 2593 partita
1655 2558 1724 2586 sunt.
1798 2559 1889 2586 Animi
1903 2567 1997 2587 natura
2018 2561 2116 2595 partita
2131 2570 2178 2595 per
2196 2570 2238 2589 ar-

0 2593 1 2623 l
57 2590 136 2621 Ntme
151 2599 246 2626 genera
266 2589 420 2625 explicanda
444 2589 502 2615 sumt
527 2588 635 2621 omnia,
674 2597 742 2622 quae
760 2589 848 2616 veloci
860 2590 936 2616 cursu
949 2591 997 2616 suo
1011 2590 1116 2625 perficit
1129 2593 1162 2625 σς
1173 2597 1232 2625 tus,
1266 2593 1284 2619 i.
1306 2592 1466 2629 Distributa,
1486 2594 1591 2621 Lucret.
1605 2603 1626 2628 3,
1639 2603 1692 2627 7¹0.
1775 2594 1893 2622 Foedera
1905 2596 2002 2631 partita
2019 2596 2084 2623 lecti
2108 2597 2192 2625 Ouid.
2204 2598 2238 2625 de

56 2627 149 2659 Luna,
172 2633 202 2654 vt
213 2633 239 2653 et
253 2626 400 2661 partiliter,
426 2631 452 2652 et
465 2624 624 2660 generaliter
637 2624 731 2651 cuneta
745 2624 885 2652 videamur
899 2625 1044 2660 explicasse.
1083 2628 1115 2654 Et
1174 2629 1238 2654 Arte
1252 2629 1310 2655 Am.
1325 2638 1345 2662 3,
1361 2638 1412 2663 593.
1485 2630 1550 2657 Soni
1563 2630 1655 2665 partiti
1667 2639 1715 2666 per
1727 2630 1778 2658 tria
1794 2640 1842 2658 ora
1862 2632 1983 2667 Propert.
1996 2642 2021 2665 4,
2034 2642 2074 2663 ιο,
2086 2641 2124 2661 ιο.

58 2661 81 2690 e'.
97 2671 124 2690 ιο
147 2662 196 2689 Sed
209 2662 273 2689 haec
286 2668 342 2688 tum
357 2661 435 2695 facit,
477 2660 495 2687 si
507 2660 639 2696 partiliter
655 2661 683 2687 in
696 2660 850 2687 cardinibus
863 2661 946 2688 fuerit
961 2662 1114 2690 collocatus.
1214 2670 1230 2690 Ρ
1241 2670 1325 2691 ART
1335 2666 1349 2691 ι’
1358 2671 1380 2691 Τ
1390 2671 1418 2692 Ε.
1445 2665 1513 2692 Adu.
1551 2667 1745 2702 [μεμερισμέυως]
1782 2667 1880 2702 Dius'se.
1915 2668 1972 2695 Cic.
1987 2668 2016 2694 in
2029 2669 2104 2695 Orat.
2116 2677 2150 2701 99
2169 2679 2190 2696 c.
2211 2679 2237 2703 33

60 2699 89 2726 si
103 2699 176 2725 enim
188 2698 346 2733 generaliter
359 2697 442 2724 fuerit
455 2697 593 2736 inuentus,
613 2703 656 2723 etc.
750 2697 899 2731 Partiliter,
932 2699 974 2724 cui
986 2699 1116 2734 opponitur
1175 2700 1232 2733 Qui
1246 2701 1319 2727 enim
1333 2700 1403 2727 nihil
1417 2701 1501 2736 potest
1516 2701 1674 2736 tranquille,
1694 2702 1763 2730 nihil
1777 2702 1890 2737 leniter,
1910 2703 1980 2731 nihil
1992 2703 2097 2739 partite,
2117 2705 2237 2739 definite,

38 2738 44 2748 ‘
58 2734 164 2762 Platice.
216 2734 348 2761 Firmicus
368 2745 391 2766 q,
406 2742 433 2760 10
459 2733 486 2759 Si
499 2741 566 2759 vero
578 2740 608 2758 1n
621 2731 699 2766 signis
711 2733 869 2764 cardinum,
904 2742 958 2760 non
972 2734 1115 2769 partiliter,
1174 2735 1298 2763 distin&e
1308 2757 1316 2769 ‚
1342 2736 1426 2764 facete
1443 2737 1549 2771 dicere,
1570 2745 1615 2765 etc.

57 2771 101 2798 sed
114 2770 209 2806 platice
229 2769 331 2796 fuerint
343 2768 463 2802 inuenti,
502 2767 606 2795 mediae
626 2768 759 2796 felicitatis
779 2769 942 2796 incrementa
961 2770 1114 2798 decernunt.
1125 2779 1163 2808 70
1209 2778 1225 2798 Ρ
1235 2778 1257 2798 A
1267 2779 1288 2799 R
1301 2778 1323 2799 Τ
1335 2779 1393 2800 ιΤι
1406 2780 1442 2800 Μ.
1462 2773 1530 2800 Adu.
1552 2773 1635 2802 Idem.
1674 2774 1766 2802 Claud.
1779 2773 1812 2801 de
1824 2774 1907 2801 Laud.
1921 2774 2029 2809 Stilic.t,
2038 2784 2068 2807 30
2084 2789 2131 2796 —-
2151 2765 2247 2803 Parti-⁴

63 2808 120 2834 Vid.
133 2811 304 2834 PLA'rlcvs.
391 2804 539 2837 Partiliter‚
569 2805 588 2830 i.
608 2805 658 2830 Per
676 2811 771 2839 partes.
809 2805 911 2832 Arnob.
925 2806 991 2833 Adu.
1005 2807 1085 2833 Gent.
1099 2809 1115 2833 6
1173 2808 1222 2835 tim
1235 2807 1333 2843 singula
1346 2818 1480 2844 quemque
1518 2810 1678 2838 Nobilitant.
1720 2811 1775 2837 Vid.
1789 2811 1879 2837 Barth.
1892 2816 1978 2845 p.189.

53 2851 84 2879 J).
98 2851 139 2875 ¹92
166 2842 225 2868 Hoc
239 2841 275 2868 est
288 2841 361 2868 enim
372 2840 514 2875 proprium
525 2840 655 2874 deorum,
688 2841 822 2875 complere
835 2842 926 2869 omnia
939 2842 968 2869 vi
980 2843 1039 2878 sua,
1059 2852 1115 2870 non
1209 2851 1225 2871 Ρ
1236 2850 1259 2871 A
1269 2851 1289 2871 R
1299 2846 1344 2871 'rs
1352 2851 1375 2871 T
1385 2851 1414 2871 o.
1433 2846 1519 2872 Aliud
1529 2845 1597 2872 Adu.
1622 2846 1728 2880 le.tit.
1737 2854 1769 2879 ²4
1788 2846 1910 2872 Maeuius
1926 2845 2019 2874 haeres
2032 2856 2105 2875 meus
2117 2856 2177 2874 cum
2184 2847 2237 2875 Ti.

59 2878 191 2913 partiliter
202 2878 318 2912 vspiam,
338 2877 379 2903 sed
393 2876 492 2910 vbique
504 2876 554 2915 esse
568 2881 647 2902 totos.
682 2878 751 2903 Add.
765 2875 803 2904 ib.
815 2886 841 2912 p.
854 2886 914 2912 204.
939 2879 970 2906 it.
990 2878 1008 2907 1.
1023 2888 1031 2905 ι
1049 2888 1075 2915 p.
1090 2885 1114 2910 8.
1173 2879 1214 2907 tio
1226 2879 1402 2907 hereditatem
1420 2889 1507 2908 meam
1522 2882 1622 2917 partito
1640 2881 1765 2908 diuidito.

60 2914 192 2941 Partiliter
204 2912 313 2948 poffidet
332 2911 438 2947 August.
452 2911 483 2938 de
497 2912 655 2945 Tnn.12,9.
1211 2923 1288 2944 PAR
1300 2922 1435 2950 τιτιο,
1456 2917 1524 2946 anis.
1544 2917 1564 2944 f.
1603 2918 1719 2950 Βωμὸς,
1738 2918 1861 2952 μερισμὸς]
1898 2917 1956 2945 Cic.
1964 2919 2042 2946 Verr.
2051 2929 2075 2951 4,
2084 2929 2117 2947 ιιι
2142 2920 2171 2946 In
2186 2918 2236 2945 hac

95 2957 111 2978 Ρ
121 2956 145 2977 A
155 2955 175 2976 R
187 2956 210 2976 Τ
221 2956 273 2977 ιΜ.
292 2948 360 2976 Adu.
397 2948 474 2989 [uara
487 2951 570 2981 μέρος,
590 2949 650 2974 vira
666 2950 723 2980 μὲν,
748 2948 808 2976 τέτο
827 2950 864 2985 δὲ]
901 2951 940 2976 Ex
951 2957 1039 2985 parte,
1071 2951 1116 2977 vel
1125 2957 1158 2986 75
1172 2952 1318 2988 partitione
1331 2959 1449 2980 ornatus.
1523 2952 1678 2987 Aequabilis
1692 2952 1803 2987 praedae
1816 2953 1927 2988 partitio
1945 2954 2019 2981 Idem
2033 2954 2086 2981 Off.
2098 2963 2121 2987 2,
2134 2963 2167 2986 40
2175 2963 2195 2980 c.
2205 2964 2234 2981 ιι.

59 2987 111 3013 Pro
120 2993 210 3022 parte:
247 2986 338 3017 etse-re
351 2985 378 3010 in
390 2984 498 3010 oratione
506 2986 658 3019 geminatur.
714 2984 771 3011 Cic.
784 2985 855 3012 Fam.
869 2994 891 3019 2,
904 2991 917 3016 8
941 2987 976 3013 Vt
989 2995 1035 3013 eos
1055 2995 1114 3022 par·
1175 2987 1256 3015 Vrbis
1270 2988 1413 3022 Italiaeque
1427 2988 1539 3023 partitio
1560 2989 1617 3016 Cic.
1625 2987 1740 3023 Philipp.
1749 2998 1780 3022 ¹3,
1789 2997 1821 3021 ¹3·
1912 2990 1950 3017 Ex
1965 2991 2109 3026 partitione
2123 2990 2236 3024 pecunia

59 3021 111 3049 tim
127 3021 252 3049 scelerum
268 3023 394 3053 suorum,
415 3019 512 3054 partim
525 3018 606 3046 etiam
617 3018 777 3055 ineptiarum
790 3021 948 3055 poeniteret.
1039 3022 1114 3050 Idem
1175 3024 1285 3051 debetur
1304 3023 1377 3050 Idem
1390 3032 1440 3059 pro
1452 3024 1559 3051 Caecin.
1574 3033 1605 3055 ¹3-
1687 3024 1764 3051 Facta
1779 3033 1833 3051 non
1848 3025 1979 3062 fortuito,
1999 3035 2047 3052 nec
2065 3031 2162 3051 temere
2177 3033 2236 3060 par-

62 3057 141 3085 Acad.
155 3066 184 3092 4,
197 3065 220 3084 12
243 3057 334 3091 Itaque
347 3065 430 3091 quum
443 3061 529 3082 totum
541 3055 594 3094 iter
608 3060 635 3082 et
647 3056 844 3090 nauigationem
856 3057 1038 3090 consumsisset,
1056 3067 1115 3093 par·
1174 3060 1236 3088 titio
1256 3059 1329 3087 Idem
1344 3068 1394 3094 pro
1408 3059 1511 3093 Sull.13.
1584 3059 1691 3094 leian.
1706 3060 1723 3087 l.
1739 3062 1782 3092 164
1794 3060 1821 3087 ff.
1835 3061 1867 3087 de
1882 3063 1914 3088 V.
1925 3062 1948 3088 S.
1968 3061 2121 3088 Pax-titionis
2135 3069 2235 3087 nomen

61 3092 112 3120 tim
124 3092 154 3119 in
165 3092 345 3128 percontando
358 3100 372 3119 a
386 3091 495 3126 peritis,
514 3097 611 3126 partlm
624 3091 652 3117 in
666 3091 744 3118 rebus
757 3092 834 3127 gestis
848 3093 979 3129 legendis,
996 3102 1042 3121 etc.
1079 3095 1116 3121 lb.
1175 3105 1229 3122 non
1242 3096 1343 3129 semper
1355 3094 1499 3122 dimidium
1510 3095 1652 3130 significat,
1673 3095 1716 3123 sed
1728 3102 1809 3130 prout
1822 3097 1858 3123 est
1871 3096 2013 3124 adiedmm.
2066 3094 2151 3122 Potest
2162 3097 2235 3124 enim

53 3135 104 3160 134
121 3128 276 3156 Homuncio
296 3128 349 3159 hic,
368 3127 415 3162 qui
435 3127 517 3154 multa
528 3133 602 3162 putat
619 3133 723 3162 praeter
743 3128 870 3156 virtutem
888 3128 995 3156 homini
1017 3130 1114 3165 partim
1128 3136 1160 3162 80
1174 3130 1263 3158 iuberi
1284 3131 1379 3165 aliquis
1399 3137 1424 3158 et
1443 3131 1586 3158 maximam
1610 3132 1694 3166 (quid
1703 3132 1733 3165 fi
1742 3132 1921 3164 millesimam)
1954 3131 2063 3167 partiri:
2101 3132 2170 3165 posse
2185 3132 2235 3166 (fi

63 3163 132 3190 clara
142 3165 206 3197 esse,
224 3164 321 3199 partim
333 3163 480 3190 necess'aria.
591 3162 690 3190 Partim
701 3163 762 3191 ficta
772 3170 876 3200 aperte,
899 3166 996 3200 partim
1010 3166 1113 3193 effutita
1174 3166 1269 3201 potest)
1291 3173 1316 3193 et
1330 3167 1494 3200 vicesimam,
1515 3172 1542 3194 et
1554 3167 1677 3201 tertiam,
1695 3174 1720 3194 et
1731 3173 1811 3202 prout
1826 3167 1941 3194 libuerit.
2015 3166 2062 3193 Sed
2077 3167 2094 3193 si
2110 3177 2163 3194 non
2178 3168 2236 3194 fue-

62 3203 161 3230 temere
175 3200 306 3234 Apollinis
320 3205 412 3235 operta
442 3198 499 3226 Cic.
512 3199 544 3226 de
558 3199 649 3226 Diuin.
665 3209 687 3232 2,
701 3208 744 3232 1¹3·
831 3202 931 3229 Partim
943 3201 1115 3229 deseruerunt
1173 3203 1209 3230 rit
1224 3202 1315 3237 portio
1329 3201 1446 3236 adiecta,
1479 3202 1589 3230 dimidia
1610 3212 1669 3238 pars
1682 3203 1802 3230 debetur.
1912 3202 2069 3230 Partitiones
2082 3202 2236 3231 Rhetorum

64 3242 107 3260 me
119 3234 197 3261 &miti
204 3255 217 3271 ,μ
229 3236 325 3269 partim
338 3235 513 3270 prodiderunt
532 3235 605 3262 Idem
620 3236 658 3269 Q
668 3235 737 3262 Frat·
750 3245 769 3269 r,
783 3246 802 3269 3.
856 3236 931 3264 Idem
947 3246 996 3272 pro
1010 3238 1115 3264 Cluent.
1173 3242 1184 3271 (
1192 3248 1252 3273 quas
1269 3238 1363 3264 Graeci
1374 3238 1560 3273 καρεγχειςιὶσεις
1572 3243 1678 3272 vocant)
1697 3239 1759 3274 sunt
1773 3237 1913 3270 Diuist‘ones
1927 3240 2059 3264 thematum
2073 3238 2099 3263 in
2112 3248 2236 3268 manasset

65 3275 94 3299 88
108 3278 130 3295 c.
144 3276 171 3300 32
193 3271 290 3297 Partim
304 3273 396 3298 ruinae
409 3271 536 3298 similiora
548 3277 593 3298 aut
607 3271 769 3306 tempestati,
787 3281 866 3307 quam
879 3273 982 3300 iudicio
997 3280 1022 3299 et
1036 3273 1115 3300 disce·
1174 3274 1274 3309 digitos.
1320 3274 1375 3301 Vid.
1390 3274 1498 3301 Turneb.
1517 3276 1553 3301 ad
1571 3275 1683 3308 Quin&
1701 3285 1718 3306 ι,
1730 3283 1749 3300 2.
1763 3281 1785 3299 et
1797 3279 1830 3298 ac(
1845 3281 1888 3306 2,5
1897 3281 1938 3308 pr.
1952 3283 1992 3299 nos
2004 3275 2079 3308 vulgo
2094 3275 2238 3307 Diuist'csnes

65 3304 179 3340 ptationi
190 3305 282 3339 fuisse,
305 3306 402 3340 partim
413 3306 483 3333 nihil
495 3313 587 3334 contra
599 3307 709 3334 Auitum
724 3307 830 3342 valere,
856 3309 953 3344 partim
967 3309 1046 3335 etiam
1065 3317 1115 3343 pro
1125 3313 1156 3343 83
1175 3318 1299 3338 vocamus.
1313 3309 1337 3344 s.
1352 3309 1526 3344 dispositiones.
1599 3310 1745 3338 Articulosa
1760 3309 1886 3344 partitio,
1915 3310 1969 3335 lae'id.
1985 3315 2191 3338 ARthvass.

63 3342 115 3369 hoc
129 3340 195 3372 esse,
218 3341 330 3374 partim,
351 3348 395 3368 etc.
438 3343 537 3375 Partim
555 3358 601 3364 —-
621 3344 718 3378 partim
738 3358 784 3364 —
800 3353 855 3371 non
868 3353 1003 3379 numquam
1033 3344 1116 3371 Scrib.
1211 3351 1257 3373 ΡΑ
1268 3352 1287 3371 R
1300 3352 1322 3372 T
1334 3347 1378 3372 1’T
1388 3351 1409 3372 ο
1420 3353 1457 3380 R,
1481 3347 1546 3374 aris.
1573 3356 1608 3373 m.
1646 3346 1765 3382 [μεριςιῐς]
1802 3345 1858 3371 Cic.
1867 3344 1894 3370 in
1903 3345 1993 3371 Vatin.
2006 3354 2030 3371 12
2044 3354 2066 3372 c.
2076 3355 2087 3375 ς
2105 3346 2199 3379 Qum
2211 3353 2237 3375 te

43 3404 49 3412 ἱ
63 3386 100 3410 53.
209 3375 266 3402 Cic.
279 3377 358 3403 Verr.
377 3385 400 3409 2,
412 3385 452 3408 ¹4²
465 3386 486 3404 c.
497 3381 527 3412 ⁶5
551 3379 591 3406 De
611 3388 666 3414 quo
685 3379 795 3407 homine
807 3379 926 3407 auditum
940 3381 977 3407 est
991 3389 1116 3414 vnquam,
1176 3390 1232 3408 non
1252 3381 1386 3408 custodem
1405 3382 1437 3409 ad
1458 3382 1645 3416 continendas,
1690 3381 1733 3407 sed
1756 3381 1912 3415 partitorem
1924 3380 1956 3408 ad
1969 3381 2118 3416 partiendas
2133 3391 2237 3411 merces

65 3413 136 3448 quod
152 3411 203 3439 tibi
217 3411 329 3444 accidit,
350 3417 379 3451 ist
393 3412 449 3438 eius
461 3412 490 3438 in
502 3414 641 3448 prouincia
655 3415 751 3442 statuae
764 3416 792 3443 in
805 3416 870 3443 locis
883 3416 996 3451 publicis
1011 3415 1116 3451 positae,
1175 3418 1279 3444 missum
1294 3424 1408 3452 putares.
1446 3418 1621 3449 Gloss.Cyril.
1635 3416 1737 3450 μεριςιὶς,
1758 3416 1879 3451 partitor.

64 3448 163 3485 partim
177 3447 257 3475 etiam
269 3447 298 3474 in
310 3446 418 3473 aedibus
431 3447 519 3482 sacris,
539 3458 585 3483 per
598 3451 670 3486 vim,
690 3460 736 3486 per
750 3451 902 3479 vniuersam
917 3451 1117 3479 multitudinem
1211 3460 1227 3479 Ρ
1237 3460 1286 3480 AR
1296 3459 1318 3479 T
1327 3460 1336 3479 1
1345 3460 1366 3480 A
1377 3459 1398 3480 R
1409 3460 1447 3479 ιν
1457 3461 1486 3484 s,
1505 3464 1519 3481 a
1529 3475 1537 3487 ,
1558 3462 1612 3480 um.
1636 3452 1694 3479 Adi.
1733 3454 1773 3478 Sic
1785 3452 1836 3478 dici
1851 3453 1950 3478 videtur
1965 3453 2085 3485 Colonus,
2099 3453 2157 3486 siue
2169 3455 2237 3481 alins

6 3491 7 3518 l
41 3491 44 3496 ’
64 3484 252 3512 deiicerentur.
348 3482 421 3509 Orba
435 3482 532 3518 pedum
544 3486 640 3520 partim
657 3488 763 3515 Lucret.
780 3496 802 3523 5,
816 3493 867 3521 838.
963 3488 1020 3515 Nec
1037 3487 1116 3514 mini·
1128 3499 1164 3524 90
1176 3489 1247 3523 quis,
1267 3499 1319 3515 cum
1331 3498 1376 3524 quo
1389 3490 1491 3524 aliquid
1500 3498 1620 3514 commune
1633 3489 1760 3521 babemus,
1786 3494 1810 3512 et
1822 3488 1954 3522 partimur.
2011 3488 2092 3514 Gaius
2109 3489 2126 3516 1.
2141 3497 2168 3523 25
2182 3489 2206 3527 ᾗ.
2221 3492 2237 3517 6

6 3527 8 3553 Ξ
43 3549 46 3554 ,
64 3529 138 3548 mum
151 3519 248 3554 partim
260 3527 293 3546 ex
307 3518 376 3553 agris
389 3519 502 3553 aegrotis
513 3519 543 3546 in
559 3521 653 3549 vrbem
667 3523 812 3557 confluxit,
836 3531 881 3551 etc.
921 3524 994 3551 Idem
1008 3525 1034 3558 6,
1053 3528 1116 3556 1258.
1174 3525 1203 3552 ff.
1218 3524 1326 3560 Locati,
1370 3525 1513 3551 Partiarius
1533 3524 1642 3551 colonus
1663 3523 1732 3557 quasi
1751 3522 1882 3550 societatis
1901 3522 1960 3550 iure
1984 3529 2010 3550 et
2023 3523 2151 3552 damnum
2165 3526 2237 3553 etlu-

6 3558 8 3562 '
63 3555 115 3583 Hic
131 3555 229 3583 Partim
238 3576 246 3588 ,
266 3554 345 3590 semel
355 3553 387 3590 est
398 3554 516 3589 politum,
534 3558 599 3589 quod
608 3558 724 3590 vfitatum
737 3559 769 3596 cst
780 3560 849 3586 bonis
855 3559 1030 3596 scriptoribus.
1056 3559 1116 3585 Par·
1176 3569 1251 3587 crum
1263 3569 1324 3587 cum
1337 3560 1451 3587 domino
1468 3559 1545 3587 fundi
1559 3559 1681 3595 partitur.
1779 3560 1817 3584 De
1830 3560 1871 3584 hoc
1884 3559 1950 3585 Plin.
1965 3559 2043 3593 Epist.
2057 3569 2086 3594 ¹9,
2099 3570 2126 3594 57
2141 3571 2194 3588 cum
2205 3563 2236 3587 Ae

65 3591 113 3620 tim
124 3591 265 3627 fugiendas
277 3590 372 3616 nimias
386 3589 514 3617 amicitias
535 3590 635 3620 Cit.‘de
649 3594 733 3621 Amic.
747 3603 785 3628 45.
883 3596 963 3622 Plaut.
975 3595 1041 3621 Pers.
1061 3603 1083 3626 3,
1095 3603 1118 3628 3,
1169 3596 1310 3630 fraudibus
1321 3598 1456 3622 colonorum
1471 3596 1574 3630 dixisset
1584 3615 1591 3627 ‚
1627 3592 1751 3621 Medendi
1765 3602 1817 3620 vna
1831 3594 1901 3621 ratio
1910 3615 1917 3627 ‚
1955 3596 1972 3621 si
1986 3604 2044 3622 non,
2056 3606 2156 3629 numo,
2194 3595 2236 3623 sed

65 3633 96 3661 ‘29
116 3627 195 3661 Qtod
210 3627 308 3662 partim
322 3626 423 3652 faciunt
434 3626 585 3659 argentarii.
663 3629 766 3663 ,Partim
781 3630 939 3663 hominum,
958 3631 1040 3665 inquit
1056 3630 1117 3657 Gel-
1176 3631 1294 3666 partibus
1314 3632 1399 3658 locem
1412 3651 1420 3662 ,
1456 3641 1486 3658 ac
1507 3631 1601 3658 deinde
1617 3639 1647 3656 ex
1663 3629 1727 3655 meis
1742 3629 1847 3664 aliquos
1860 3630 1996 3657 exaftores
2011 3633 2103 3666 operis
2117 3632 2235 3659 custodes

67 3660 117 3690 Iius
131 3673 169 3696 ιο,
183 3671 206 3695 ι3
234 3667 380 3695 venerunt,
417 3661 572 3700 plerumque
586 3661 698 3698 dicitur,
733 3666 804 3700 quod
817 3666 944 3701 significat
957 3667 1015 3693 Pars
1029 3665 1117 3693 homi.
1131 3677 1164 3703 95
1176 3667 1309 3695 fruetibus
1323 3677 1430 3702 ponam.
1538 3667 1604 3692 Cato
1618 3666 1650 3691 dc
1664 3665 1694 3691 R.
1709 3665 1741 3691 R.
1756 3667 1783 3692 16
1804 3665 1909 3693 Calcem
1924 3667 2056 3700 partiario
2071 3668 2235 3702 coquendam

6 3700 9 3708 ¹
45 3717 47 3719 .
69 3706 132 3724 num
150 3698 240 3734 venit,
264 3698 294 3725 id
306 3698 341 3725 est
354 3697 462 3732 qnidam
474 3696 605 3736 hommes.
673 3700 744 3727 Nam
764 3702 862 3729 Partim
875 3702 926 3729 hoc
944 3702 973 3728 in
994 3702 1053 3728 loco
1066 3701 1116 3728 Ad·
1175 3704 1223 3738 qui
1237 3704 1314 3736 dant,
1335 3703 1460 3730 calcatius
1476 3701 1578 3737 perficit
1591 3707 1617 3727 et
1636 3699 1736 3735 coquit.
1810 3703 1840 3727 Et
1856 3710 1891 3735 ¹37
1913 3702 2104 3731 Redemtorem
2118 3704 2236 3739 partiari-

22 3736 29 3738 ⁷
67 3733 188 3760 verbium
199 3735 236 3761 est
242 3755 252 3768 ‚
278 3742 364 3768 neque
378 3734 404 3759 in
419 3733 488 3759 casus
502 3732 660 3760 inclinatur:
697 3735 786 3770 sicuti,
817 3740 877 3764 Cum
886 3739 981 3773 partim
996 3737 1117 3763 hominum
1176 3748 1223 3766 um
1242 3740 1307 3771 dici,
1345 3740 1432 3764 volunt
1451 3748 1483 3763 ex
1495 3740 1606 3764 lemmate
1627 3738 1739 3770 antiquo.
1817 3739 1904 3763 Verum
1918 3745 2024 3774 vti-oque
2039 3740 2066 3764 in
2082 3741 2132 3765 loco
2147 3739 2234 3764 remus

67 3768 121 3795 dici
135 3769 226 3802 potest,
246 3769 266 3796 i.
273 3779 297 3796 e.
312 3771 381 3797 Cum
395 3767 553 3803 quibusdam
568 3767 733 3800 hominibus,
741 3778 766 3798 et
779 3773 848 3807 quasi
863 3783 923 3800 cum
936 3772 1048 3807 quadam
1060 3782 1117 3808 par.
1172 3775 1352 3810 proAduerbio
1360 3773 1428 3807 sirmi
1440 3774 1554 3803 videtur,
1574 3779 1602 3798 vt
1616 3773 1652 3798 ad
1663 3781 1685 3798 c.
1699 3781 1735 3805 ¹37
1749 3773 1929 3805 adnotauimus.
2036 3775 2126 3802 lustin.
2142 3773 2164 3807 6.
2173 3783 2185 3803 5
2202 3772 2235 3798 de

67 3810 93 3831 te
105 3803 254 3840 hominum.
325 3806 391 3832 Cato
404 3805 432 3831 in
445 3804 568 3831 oratione
586 3804 619 3830 de
639 3813 668 3830 re
681 3805 784 3841 Floria,
808 3809 845 3836 ita
862 3810 976 3844 scripsit,
1013 3809 1051 3834 lbi
1070 3816 1117 3844 pro
1177 3810 1240 3837 fidei
1252 3809 1377 3836 commin:
1392 3808 1482 3835 hered.
1499 3807 1651 3841 Legatarius
1665 3808 1806 3842 partiarius
1822 3807 1853 3843 est
1866 3809 1906 3844 is,
1923 3811 1967 3837 cui
1980 3819 2040 3845 pars
2054 3806 2184 3837 bonorum
2198 3807 2234 3846 le:

62 3839 145 3875 storto
153 3839 224 3873 fuit,
257 3841 285 3866 in
302 3841 436 3867 cubiculum
449 3839 629 3876 subreptitauit
651 3850 663 3865 e
683 3841 806 3875 conuiuius
842 3854 895 3871 cum
912 3847 1007 3880 partim
1021 3843 1296 3881 illorummogabatur,
1314 3853 1379 3878 quac
1392 3844 1489 3878 species
1502 3843 1578 3878 legati
1592 3843 1701 3878 partitio
1715 3842 1867 3871 vocabatur.
1978 3848 2050 3873 Meta
2068 3847 2090 3871 b.
2112 3843 2234 3870 Partiarti

67 3875 117 3900 iam
124 3873 197 3909 saepe
211 3877 248 3901 ad
257 3878 358 3902 eundem
370 3878 466 3902 modum
478 3882 542 3902 erat.
613 3875 796 3910 Imperitiores
809 3885 910 3914 autem,
943 3881 1002 3906 Cum
1020 3880 1116 3914 partim
1177 3881 1278 3909 erroris
1291 3879 1396 3912 Iudaei,
1435 3880 1453 3905 ι’.
1474 3879 1614 3913 participes
1635 3878 1754 3905 Tertull.
1767 3889 1824 3905 auu.
1834 3880 1916 3909 Marc.
1927 3892 1948 3916 3,
1957 3885 1991 3908 16.
2084 3878 2159 3912 Apul.
2168 3878 2233 3903 Met.

67 3909 158 3945 legunt
169 3916 292 3945 tanquam
304 3911 464 3939 declinatum
476 3911 507 3938 stt
519 3910 590 3947 quasi
601 3910 777 3945 vocabulum,
802 3922 857 3941 non
870 3915 971 3942 die'tum
984 3914 1054 3949 quasi
1068 3915 1119 3942 Ad-
1177 3928 1191 3951 ⁴
1210 3927 1236 3952 p.
1250 3919 1289 3948 ¹56
1309 3917 1376 3942 Cum
1392 3914 1498 3940 mortali
1513 3914 1596 3948 puella
1610 3914 1738 3949 partiario
1753 3914 1895 3943 maiestatis
1909 3918 2012 3944 honore
2026 3914 2132 3942 tractor.
2194 3912 2232 3939 Id.

69 3945 201 3972 verbium.
271 3946 320 3974 Sed
333 3948 371 3981 Q
381 3947 524 3982 Claudius,
550 3953 604 3974 xx1
622 3946 706 3973 annal.
720 3945 875 3976 insolentius
888 3951 978 3986 paullo
992 3951 1039 3977 hac
1053 3950 1119 3985 flgu-
1177 3959 1191 3982 8
1204 3963 1229 3988 p.
1243 3961 1278 3984 2¹3
1298 3950 1378 3977 Domi
1396 3950 1539 3984 promiscui
1551 3950 1640 3985 operis
1654 3950 1794 3985 partiarios
1809 3952 1919 3986 agebant
1934 3951 2096 3979 concubitus.
2129 3982 2134 3986 .
2159 3982 2165 3987 θ
2180 3949 2233 3980 Ita,

69 3989 98 4008 ra
109 3981 146 4008 est
157 3981 194 4007 ita
207 3981 282 4017 vsus,
325 3984 385 4009 Eum
397 3984 461 4009 enim
476 3993 529 4009 cum
540 3982 636 4017 partim
648 3983 723 4016 copiis
734 3982 854 4011 bominum
867 3986 1051 4020 adnleseentium
1065 3987 1119 4021 pla·
1177 3989 1273 4015 Pecora
1288 3985 1428 4021 partiaria,
1449 3986 1573 4017 Quorum
1594 3986 1664 4012 fetus
1682 3986 1752 4012 inter
1771 3985 1912 4014 dominum
1929 3995 1954 4014 et
1969 3986 2095 4020 pastorem
2109 3982 2234 4009 dnudun-

69 4024 160 4044 centem
165 4016 226 4050 ſsbi.
332 4019 399 4045 Item
413 4019 568 4052 QClaudii
580 4018 610 4045 in
627 4016 750 4046 vicesimo
764 4018 845 4046 tertio
858 4021 948 4049 annali
962 4022 1043 4050 verba
1056 4022 1223 4063 ltaec103tur
1241 4025 1270 4051 L.
1283 4022 1301 4051 fi
1314 4020 1431 4083 pqs‘eend.
1445 4025 1459 4051 8
1472 4020 1579 4050 Cod.de
1587 4021 1682 4050 raetis.
1719 4022 1769 4049 Sed
1784 4023 1838 4050 vid.
1851 4032 1906 4050 mox
1919 4024 2120 4050 PAR'rmRto.
2134 4058 2197 4079 R'ri
2207 4058 2220 4078 q

220 4058 229 4063 ‘
1373 4065 1391 4082 v
1417 4064 1434 4083 v
1447 4065 1464 4083 v
1492 4064 1510 4084 2.
1567 4077 1571 4082 ,
2090 4060 2128 4079 ΡΑ
2203 4074 2207 4077 -
2225 4069 2234 4075 ·
