<?xml version="1.0" encoding="UTF-8"?>
<!DOCTYPE html PUBLIC "-//W3C//DTD XHTML 1.0 Transitional//EN"
    "http://www.w3.org/TR/xhtml1/DTD/xhtml1-transitional.dtd">
<html xmlns="http://www.w3.org/1999/xhtml" xml:lang="en" lang="en">
 <head>
  <title>
</title>
<meta http-equiv="Content-Type" content="text/html;charset=utf-8" />
  <meta name='ocr-system' content='tesseract 3.04.00' />
  <meta name='ocr-capabilities' content='ocr_page ocr_carea ocr_par ocr_line ocrx_word'/>
</head>
<body>
  <div class='ocr_page' id='page_1' title='image "./novuslinguaeeter03gesn/novuslinguaeeter03gesn_0137.png"; bbox 0 0 2517 4231; ppageno 0'>
   <div class='ocr_carea' id='block_1_1' title="bbox 55 170 2227 234">
    <p class='ocr_par' dir='ltr' id='par_1_1' title="bbox 55 170 2227 234">
     <span class='ocr_line' id='line_1_1' title="bbox 55 170 2227 234; baseline 0.002 -23"><span class='ocrx_word' id='word_1_1' title='bbox 55 189 120 230; x_wconf 79' lang='lat'>257</span> <span class='ocrx_word' id='word_1_2' title='bbox 464 170 816 212; x_wconf 83' lang='lat' dir='ltr'>MEN·</span> <span class='ocrx_word' id='word_1_3' title='bbox 1575 174 1811 215; x_wconf 85' lang='lat' dir='ltr'>MEN</span> <span class='ocrx_word' id='word_1_4' title='bbox 2161 191 2227 234; x_wconf 74' lang='lat'>253</span> 
     </span>
    </p>
   </div>
   <div class='ocr_carea' id='block_1_2' title="bbox 54 259 2233 588">
    <p class='ocr_par' dir='ltr' id='par_1_2' title="bbox 54 259 2233 588">
     <span class='ocr_line' id='line_1_2' title="bbox 58 259 2227 305; baseline 0.002 -12"><span class='ocrx_word' id='word_1_5' title='bbox 58 264 184 300; x_wconf 84' lang='lat' dir='ltr'>aliquam,</span> <span class='ocrx_word' id='word_1_6' title='bbox 205 264 447 290; x_wconf 80' lang='lat' dir='ltr'>vid.1NstsTo.</span> <span class='ocrx_word' id='word_1_7' title='bbox 504 262 610 297; x_wconf 79' lang='lat' dir='ltr'>Instigat</span> <span class='ocrx_word' id='word_1_8' title='bbox 625 266 724 288; x_wconf 72' lang='lat' dir='ltr'>mentes</span> <span class='ocrx_word' id='word_1_9' title='bbox 739 259 816 286; x_wconf 84' lang='lat' dir='ltr'>furor</span> <span class='ocrx_word' id='word_1_10' title='bbox 836 259 923 286; x_wconf 85' lang='lat' dir='ltr'>Sencc.</span> <span class='ocrx_word' id='word_1_11' title='bbox 938 259 1050 290; x_wconf 73' lang='lat' dir='ltr'>Tliycss.</span> <span class='ocrx_word' id='word_1_12' title='bbox 1065 259 1081 287; x_wconf 85' lang='lat' dir='ltr'>s.</span> <span class='ocrx_word' id='word_1_13' title='bbox 1093 269 1109 286; x_wconf 89' lang='grc' dir='ltr'>ι.</span> <span class='ocrx_word' id='word_1_14' title='bbox 1174 261 1239 286; x_wconf 78' lang='lat' dir='ltr'>enim</span> <span class='ocrx_word' id='word_1_15' title='bbox 1272 262 1382 290; x_wconf 80' lang='lat' dir='ltr'>Mentiri</span> <span class='ocrx_word' id='word_1_16' title='bbox 1408 264 1506 299; x_wconf 76' lang='lat' dir='ltr'>fingera</span> <span class='ocrx_word' id='word_1_17' title='bbox 1529 269 1552 290; x_wconf 79' lang='lat' dir='ltr'>et</span> <span class='ocrx_word' id='word_1_18' title='bbox 1576 263 1723 299; x_wconf 78' lang='lat' dir='ltr'>comminij&#39;ci</span> <span class='ocrx_word' id='word_1_19' title='bbox 1745 266 1847 300; x_wconf 79' lang='lat' dir='ltr'>aliquid</span> <span class='ocrx_word' id='word_1_20' title='bbox 1859 286 1867 300; x_wconf 84' lang='lat'>,</span> <span class='ocrx_word' id='word_1_21' title='bbox 1901 271 1965 302; x_wconf 80' lang='lat' dir='ltr'>quod</span> <span class='ocrx_word' id='word_1_22' title='bbox 1985 281 2103 305; x_wconf 63' lang='lat' dir='ltr'>nusquam</span> <span class='ocrx_word' id='word_1_23' title='bbox 2121 273 2159 305; x_wconf 80' lang='lat' dir='ltr'>stt</span> <span class='ocrx_word' id='word_1_24' title='bbox 2185 281 2227 299; x_wconf 75' lang='lat' dir='ltr'>etc.</span> 
     </span>
     <span class='ocr_line' id='line_1_3' title="bbox 57 294 2230 342; baseline 0.003 -14"><span class='ocrx_word' id='word_1_25' title='bbox 57 302 172 332; x_wconf 80' lang='lat' dir='ltr'>Intrare,</span> <span class='ocrx_word' id='word_1_26' title='bbox 192 301 465 334; x_wconf 83' lang='lat' dir='ltr'>irrumperementem</span> <span class='ocrx_word' id='word_1_27' title='bbox 479 297 606 330; x_wconf 89' lang='lat' dir='ltr'>deorum,</span> <span class='ocrx_word' id='word_1_28' title='bbox 627 296 758 322; x_wconf 60' lang='lat' dir='ltr'>dicium-de</span> <span class='ocrx_word' id='word_1_29' title='bbox 771 294 883 334; x_wconf 51' lang='lat' dir='ltr'>vatibus:</span> <span class='ocrx_word' id='word_1_30' title='bbox 903 296 956 321; x_wconf 64' lang='lat' dir='ltr'>vicl.</span> <span class='ocrx_word' id='word_1_31' title='bbox 973 294 1112 322; x_wconf 69' lang='lat' dir='ltr'>Druck-enh.</span> <span class='ocrx_word' id='word_1_32' title='bbox 1175 296 1244 324; x_wconf 84' lang='lat' dir='ltr'>Ter.</span> <span class='ocrx_word' id='word_1_33' title='bbox 1260 297 1353 325; x_wconf 83' lang='lat' dir='ltr'>Heaut.</span> <span class='ocrx_word' id='word_1_34' title='bbox 1367 308 1388 332; x_wconf 85' lang='grc'><strong>3,</strong></span> <span class='ocrx_word' id='word_1_35' title='bbox 1402 307 1427 333; x_wconf 79' lang='lat'>2,</span> <span class='ocrx_word' id='word_1_36' title='bbox 1441 304 1467 332; x_wconf 81' lang='lat'>38</span> <span class='ocrx_word' id='word_1_37' title='bbox 1495 299 1560 327; x_wconf 86' lang='lat' dir='ltr'>Non</span> <span class='ocrx_word' id='word_1_38' title='bbox 1574 299 1609 325; x_wconf 84' lang='lat' dir='ltr'>est</span> <span class='ocrx_word' id='word_1_39' title='bbox 1624 301 1731 328; x_wconf 78' lang='lat' dir='ltr'>mentiri</span> <span class='ocrx_word' id='word_1_40' title='bbox 1745 310 1842 328; x_wconf 84' lang='lat' dir='ltr'>meum.</span> <span class='ocrx_word' id='word_1_41' title='bbox 1880 303 1897 328; x_wconf 87' lang='lat' dir='ltr'>i.</span> <span class='ocrx_word' id='word_1_42' title='bbox 1920 305 1974 328; x_wconf 81' lang='lat' dir='ltr'>Non</span> <span class='ocrx_word' id='word_1_43' title='bbox 1991 307 2101 341; x_wconf 68' lang='lat' dir='ltr'>consumi</span> <span class='ocrx_word' id='word_1_44' title='bbox 2113 310 2230 342; x_wconf 79' lang='lat' dir='ltr'>mentiri,</span> 
     </span>
     <span class='ocr_line' id='line_1_4' title="bbox 55 329 2230 371; baseline -0.002 -10"><span class='ocrx_word' id='word_1_45' title='bbox 55 337 91 362; x_wconf 79' lang='lat' dir='ltr'>ad</span> <span class='ocrx_word' id='word_1_46' title='bbox 107 335 152 361; x_wconf 85' lang='lat' dir='ltr'>Sil.</span> <span class='ocrx_word' id='word_1_47' title='bbox 173 345 197 368; x_wconf 87' lang='lat'>1,</span> <span class='ocrx_word' id='word_1_48' title='bbox 215 344 265 368; x_wconf 67' lang='lat'>¹2⁴·</span> <span class='ocrx_word' id='word_1_49' title='bbox 338 336 439 360; x_wconf 77' lang='lat' dir='ltr'>intrare</span> <span class='ocrx_word' id='word_1_50' title='bbox 458 335 485 361; x_wconf 89' lang='lat' dir='ltr'>in</span> <span class='ocrx_word' id='word_1_51' title='bbox 507 340 619 360; x_wconf 86' lang='lat' dir='ltr'>mentem</span> <span class='ocrx_word' id='word_1_52' title='bbox 639 331 733 358; x_wconf 84' lang='lat' dir='ltr'>iudicis</span> <span class='ocrx_word' id='word_1_53' title='bbox 752 329 851 356; x_wconf 83' lang='lat' dir='ltr'>dicitur</span> <span class='ocrx_word' id='word_1_54' title='bbox 869 331 1022 365; x_wconf 84' lang='lat' dir='ltr'>quippiam,</span> <span class='ocrx_word' id='word_1_55' title='bbox 1057 331 1110 357; x_wconf 59' lang='lat' dir='ltr'>vis.</span> <span class='ocrx_word' id='word_1_56' title='bbox 1168 332 1222 365; x_wconf 76' lang='lat' dir='ltr'>siue</span> <span class='ocrx_word' id='word_1_57' title='bbox 1231 331 1319 371; x_wconf 70' lang='lat' dir='ltr'>solitqs</span> <span class='ocrx_word' id='word_1_58' title='bbox 1327 334 1390 368; x_wconf 83' lang='lat' dir='ltr'>sum.</span> <span class='ocrx_word' id='word_1_59' title='bbox 1449 336 1482 362; x_wconf 84' lang='lat' dir='ltr'>In</span> <span class='ocrx_word' id='word_1_60' title='bbox 1500 336 1588 363; x_wconf 90' lang='lat' dir='ltr'>virum</span> <span class='ocrx_word' id='word_1_61' title='bbox 1607 335 1707 363; x_wconf 82' lang='lat' dir='ltr'>bonum</span> <span class='ocrx_word' id='word_1_62' title='bbox 1723 337 1834 364; x_wconf 78' lang='lat' dir='ltr'>Mentiri</span> <span class='ocrx_word' id='word_1_63' title='bbox 1847 347 1900 364; x_wconf 72' lang='lat' dir='ltr'>non</span> <span class='ocrx_word' id='word_1_64' title='bbox 1913 339 1980 366; x_wconf 61' lang='lat' dir='ltr'>cadit</span> <span class='ocrx_word' id='word_1_65' title='bbox 1999 343 2171 370; x_wconf 76' lang='lat' dir='ltr'>enmlumeuti</span> <span class='ocrx_word' id='word_1_66' title='bbox 2192 344 2230 370; x_wconf 59' lang='lat' dir='ltr'>sui</span> 
     </span>
     <span class='ocr_line' id='line_1_5' title="bbox 56 366 2230 409; baseline 0.004 -12"><span class='ocrx_word' id='word_1_67' title='bbox 56 377 65 397; x_wconf 83' lang='lat'>1</span> <span class='ocrx_word' id='word_1_68' title='bbox 77 377 99 397; x_wconf 89' lang='grc' dir='ltr'><strong>Ν</strong></span> <span class='ocrx_word' id='word_1_69' title='bbox 110 377 158 397; x_wconf 76' lang='lat' dir='ltr'>‘rR</span> <span class='ocrx_word' id='word_1_70' title='bbox 170 378 198 398; x_wconf 81' lang='lat' dir='ltr'>o.</span> <span class='ocrx_word' id='word_1_71' title='bbox 271 370 413 404; x_wconf 76' lang='lat' dir='ltr'>introspice</span> <span class='ocrx_word' id='word_1_72' title='bbox 428 370 456 396; x_wconf 89' lang='lat' dir='ltr'>in</span> <span class='ocrx_word' id='word_1_73' title='bbox 471 376 584 396; x_wconf 81' lang='lat' dir='ltr'>mentem</span> <span class='ocrx_word' id='word_1_74' title='bbox 599 376 670 395; x_wconf 85' lang='lat' dir='ltr'>tuam</span> <span class='ocrx_word' id='word_1_75' title='bbox 683 367 746 401; x_wconf 90' lang='lat' dir='ltr'>ipse,</span> <span class='ocrx_word' id='word_1_76' title='bbox 766 366 819 391; x_wconf 80' lang='lat' dir='ltr'>vid.</span> <span class='ocrx_word' id='word_1_77' title='bbox 835 372 843 391; x_wconf 88' lang='grc'><strong>1</strong></span> <span class='ocrx_word' id='word_1_78' title='bbox 855 373 876 392; x_wconf 85' lang='grc' dir='ltr'>Ν</span> <span class='ocrx_word' id='word_1_79' title='bbox 887 373 908 392; x_wconf 81' lang='grc' dir='ltr'><em>Τ</em></span> <span class='ocrx_word' id='word_1_80' title='bbox 919 373 936 392; x_wconf 79' lang='lat' dir='ltr'>R</span> <span class='ocrx_word' id='word_1_81' title='bbox 946 372 985 392; x_wconf 78' lang='lat' dir='ltr'>Os</span> <span class='ocrx_word' id='word_1_82' title='bbox 997 372 1054 392; x_wconf 78' lang='lat' dir='ltr'>1&gt;1C</span> <span class='ocrx_word' id='word_1_83' title='bbox 1065 374 1072 392; x_wconf 86' lang='lat'>1</span> <span class='ocrx_word' id='word_1_84' title='bbox 1082 373 1110 393; x_wconf 88' lang='grc' dir='ltr'>Ο.</span> <span class='ocrx_word' id='word_1_85' title='bbox 1176 368 1247 406; x_wconf 72' lang='lat' dir='ltr'>eausa</span> <span class='ocrx_word' id='word_1_86' title='bbox 1272 368 1327 407; x_wconf 55' lang='lat' dir='ltr'>Cic,</span> <span class='ocrx_word' id='word_1_87' title='bbox 1341 370 1393 396; x_wconf 73' lang='lat' dir='ltr'>Off,</span> <span class='ocrx_word' id='word_1_88' title='bbox 1408 379 1419 402; x_wconf 82' lang='lat'>3</span> <span class='ocrx_word' id='word_1_89' title='bbox 1440 380 1510 398; x_wconf 44' lang='grc' dir='ltr'>(προ.</span> <span class='ocrx_word' id='word_1_90' title='bbox 1579 372 1702 408; x_wconf 77' lang='lat' dir='ltr'>Qomodo</span> <span class='ocrx_word' id='word_1_91' title='bbox 1715 372 1824 399; x_wconf 79' lang='lat' dir='ltr'><em>nonnulli</em></span> <span class='ocrx_word' id='word_1_92' title='bbox 1831 374 1986 409; x_wconf 49' lang='lat' dir='ltr'>distinguant</span> <span class='ocrx_word' id='word_1_93' title='bbox 2000 376 2108 404; x_wconf 81' lang='lat' dir='ltr'>Mentiri</span> <span class='ocrx_word' id='word_1_94' title='bbox 2121 387 2143 404; x_wconf 79' lang='lat' dir='ltr'>et</span> <span class='ocrx_word' id='word_1_95' title='bbox 2159 380 2230 406; x_wconf 75' lang='lat' dir='ltr'>Mon-</span> 
     </span>
     <span class='ocr_line' id='line_1_6' title="bbox 54 402 2231 447; baseline -0.004 -15"><span class='ocrx_word' id='word_1_96' title='bbox 54 406 135 433; x_wconf 87' lang='lat' dir='ltr'>Labat</span> <span class='ocrx_word' id='word_1_97' title='bbox 147 415 219 432; x_wconf 85' lang='lat' dir='ltr'>mens</span> <span class='ocrx_word' id='word_1_98' title='bbox 245 406 312 432; x_wconf 89' lang='lat' dir='ltr'>Cels.</span> <span class='ocrx_word' id='word_1_99' title='bbox 325 414 358 438; x_wconf 78' lang='lat'>4,</span> <span class='ocrx_word' id='word_1_100' title='bbox 373 414 407 438; x_wconf 80' lang='lat'>19.</span> <span class='ocrx_word' id='word_1_101' title='bbox 479 405 545 432; x_wconf 87' lang='lat' dir='ltr'>Labi</span> <span class='ocrx_word' id='word_1_102' title='bbox 557 411 660 434; x_wconf 83' lang='lat' dir='ltr'>mente,</span> <span class='ocrx_word' id='word_1_103' title='bbox 685 403 738 427; x_wconf 75' lang='lat' dir='ltr'>vid.</span> <span class='ocrx_word' id='word_1_104' title='bbox 759 408 803 427; x_wconf 80' lang='lat' dir='ltr'>LA</span> <span class='ocrx_word' id='word_1_105' title='bbox 816 407 832 427; x_wconf 84' lang='grc' dir='ltr'><strong>Β</strong></span> <span class='ocrx_word' id='word_1_106' title='bbox 846 408 864 427; x_wconf 92' lang='lat' dir='ltr'>o</span> <span class='ocrx_word' id='word_1_107' title='bbox 875 408 893 427; x_wconf 77' lang='lat' dir='ltr'><strong>R</strong></span> <span class='ocrx_word' id='word_1_108' title='bbox 907 422 914 434; x_wconf 89' lang='lat'>,</span> <span class='ocrx_word' id='word_1_109' title='bbox 936 403 997 429; x_wconf 62' lang='lat' dir='ltr'>eris.</span> <span class='ocrx_word' id='word_1_110' title='bbox 1042 403 1111 429; x_wconf 84' lang='lat' dir='ltr'>Suet.</span> <span class='ocrx_word' id='word_1_111' title='bbox 1138 411 1151 437; x_wconf 81' lang='grc' dir='ltr'>ς</span> <span class='ocrx_word' id='word_1_112' title='bbox 1177 402 1280 428; x_wconf 78' lang='lat' dir='ltr'>dacium</span> <span class='ocrx_word' id='word_1_113' title='bbox 1301 403 1404 437; x_wconf 74' lang='lat' dir='ltr'>dicere,</span> <span class='ocrx_word' id='word_1_114' title='bbox 1434 407 1488 432; x_wconf 62' lang='lat' dir='ltr'>vis.</span> <span class='ocrx_word' id='word_1_115' title='bbox 1507 407 1534 432; x_wconf 84' lang='lat' dir='ltr'>1&#39;n</span> <span class='ocrx_word' id='word_1_116' title='bbox 1555 413 1580 433; x_wconf 88' lang='lat' dir='ltr'>M</span> <span class='ocrx_word' id='word_1_117' title='bbox 1591 413 1607 433; x_wconf 78' lang='lat' dir='ltr'>E</span> <span class='ocrx_word' id='word_1_118' title='bbox 1617 414 1638 433; x_wconf 96' lang='lat' dir='ltr'>N</span> <span class='ocrx_word' id='word_1_119' title='bbox 1648 413 1695 434; x_wconf 78' lang='lat' dir='ltr'>DA</span> <span class='ocrx_word' id='word_1_120' title='bbox 1706 415 1723 436; x_wconf 92' lang='lat' dir='ltr'><strong>c</strong></span> <span class='ocrx_word' id='word_1_121' title='bbox 1736 416 1743 434; x_wconf 82' lang='lat'>1</span> <span class='ocrx_word' id='word_1_122' title='bbox 1755 415 1775 434; x_wconf 73' lang='lat' dir='ltr'>v</span> <span class='ocrx_word' id='word_1_123' title='bbox 1788 415 1822 435; x_wconf 85' lang='lat' dir='ltr'>M.</span> <span class='ocrx_word' id='word_1_124' title='bbox 1889 409 1990 436; x_wconf 49' lang='lat' dir='ltr'>Namra</span> <span class='ocrx_word' id='word_1_125' title='bbox 2000 431 2007 443; x_wconf 48' lang='lat'>²</span> <span class='ocrx_word' id='word_1_126' title='bbox 2033 412 2106 439; x_wconf 59' lang='lat' dir='ltr'>frons</span> <span class='ocrx_word' id='word_1_127' title='bbox 2116 435 2123 446; x_wconf 57' lang='lat'>,</span> <span class='ocrx_word' id='word_1_128' title='bbox 2143 415 2231 447; x_wconf 49' lang='lat' dir='ltr'>ocum</span> 
     </span>
     <span class='ocr_line' id='line_1_7' title="bbox 54 436 2231 484; baseline 0.004 -16"><span class='ocrx_word' id='word_1_129' title='bbox 54 443 120 476; x_wconf 80' lang='lat' dir='ltr'>Aug.</span> <span class='ocrx_word' id='word_1_130' title='bbox 143 452 163 468; x_wconf 87' lang='lat' dir='ltr'>c.</span> <span class='ocrx_word' id='word_1_131' title='bbox 177 447 220 475; x_wconf 87' lang='lat'>48.</span> <span class='ocrx_word' id='word_1_132' title='bbox 294 443 425 468; x_wconf 75' lang='lat' dir='ltr'>Laxasunt</span> <span class='ocrx_word' id='word_1_133' title='bbox 444 441 536 468; x_wconf 79' lang='lat' dir='ltr'>duram</span> <span class='ocrx_word' id='word_1_134' title='bbox 555 446 670 466; x_wconf 83' lang='lat' dir='ltr'>mentem</span> <span class='ocrx_word' id='word_1_135' title='bbox 687 445 796 463; x_wconf 88' lang='lat' dir='ltr'>munera</span> <span class='ocrx_word' id='word_1_136' title='bbox 817 437 909 463; x_wconf 85' lang='lat' dir='ltr'>Bacchi</span> <span class='ocrx_word' id='word_1_137' title='bbox 942 438 986 464; x_wconf 81' lang='lat' dir='ltr'>su.</span> <span class='ocrx_word' id='word_1_138' title='bbox 1004 448 1040 471; x_wconf 87' lang='grc' dir='ltr'>ιι,</span> <span class='ocrx_word' id='word_1_139' title='bbox 1060 443 1112 469; x_wconf 84' lang='grc'><strong>288.</strong></span> <span class='ocrx_word' id='word_1_140' title='bbox 1176 436 1264 463; x_wconf 84' lang='lat' dir='ltr'>vultus</span> <span class='ocrx_word' id='word_1_141' title='bbox 1278 439 1400 479; x_wconf 77' lang='lat' dir='ltr'>persaepe</span> <span class='ocrx_word' id='word_1_142' title='bbox 1411 443 1591 476; x_wconf 80' lang='lat' dir='ltr'>mentiuntur,</span> <span class='ocrx_word' id='word_1_143' title='bbox 1613 444 1701 475; x_wconf 84' lang='lat' dir='ltr'>oratio</span> <span class='ocrx_word' id='word_1_144' title='bbox 1719 453 1785 472; x_wconf 80' lang='lat' dir='ltr'>vero</span> <span class='ocrx_word' id='word_1_145' title='bbox 1799 445 1937 480; x_wconf 83' lang='lat' dir='ltr'>saepissime</span> <span class='ocrx_word' id='word_1_146' title='bbox 1968 447 2023 473; x_wconf 91' lang='lat' dir='ltr'>Cic.</span> <span class='ocrx_word' id='word_1_147' title='bbox 2038 448 2068 473; x_wconf 85' lang='lat' dir='ltr'>ad</span> <span class='ocrx_word' id='word_1_148' title='bbox 2083 452 2119 482; x_wconf 55' lang='lat' dir='ltr'>(Q</span> <span class='ocrx_word' id='word_1_149' title='bbox 2130 450 2197 477; x_wconf 85' lang='lat' dir='ltr'>Frat.</span> <span class='ocrx_word' id='word_1_150' title='bbox 2212 459 2231 484; x_wconf 83' lang='lat'>1,</span> 
     </span>
     <span class='ocr_line' id='line_1_8' title="bbox 54 472 2232 515; baseline 0 -11"><span class='ocrx_word' id='word_1_151' title='bbox 54 477 142 512; x_wconf 82' lang='lat' dir='ltr'>Loqui</span> <span class='ocrx_word' id='word_1_152' title='bbox 157 483 243 504; x_wconf 87' lang='lat' dir='ltr'>mente</span> <span class='ocrx_word' id='word_1_153' title='bbox 255 476 372 503; x_wconf 84' lang='lat' dir='ltr'>simulata</span> <span class='ocrx_word' id='word_1_154' title='bbox 405 478 479 512; x_wconf 87' lang='lat' dir='ltr'>Virg.</span> <span class='ocrx_word' id='word_1_155' title='bbox 496 477 558 502; x_wconf 83' lang='lat' dir='ltr'>Aen.</span> <span class='ocrx_word' id='word_1_156' title='bbox 573 483 608 507; x_wconf 86' lang='lat'>4,</span> <span class='ocrx_word' id='word_1_157' title='bbox 628 482 678 506; x_wconf 76' lang='lat'>105.</span> <span class='ocrx_word' id='word_1_158' title='bbox 752 472 846 513; x_wconf 38' lang='lat' dir='ltr'>Madet·</span> <span class='ocrx_word' id='word_1_159' title='bbox 860 482 931 513; x_wconf 77' lang='lat' dir='ltr'>tuens</span> <span class='ocrx_word' id='word_1_160' title='bbox 966 474 1069 500; x_wconf 83' lang='lat' dir='ltr'>Lucret.</span> <span class='ocrx_word' id='word_1_161' title='bbox 1085 482 1113 505; x_wconf 88' lang='grc'>3,</span> <span class='ocrx_word' id='word_1_162' title='bbox 1176 479 1197 504; x_wconf 87' lang='grc' dir='ltr'>Ι,</span> <span class='ocrx_word' id='word_1_163' title='bbox 1214 480 1250 511; x_wconf 62' lang='lat'>³².</span> <span class='ocrx_word' id='word_1_164' title='bbox 1291 474 1403 513; x_wconf 68' lang='lat' dir='ltr'>Mentiri</span> <span class='ocrx_word' id='word_1_165' title='bbox 1417 478 1561 513; x_wconf 62' lang='lat' dir='ltr'>cumdxus.</span> <span class='ocrx_word' id='word_1_166' title='bbox 1599 478 1668 505; x_wconf 83' lang='lat' dir='ltr'>Ter.</span> <span class='ocrx_word' id='word_1_167' title='bbox 1681 480 1790 515; x_wconf 82' lang='lat' dir='ltr'><strong>Adelph.</strong></span> <span class='ocrx_word' id='word_1_168' title='bbox 1805 489 1830 514; x_wconf 87' lang='lat'>1,</span> <span class='ocrx_word' id='word_1_169' title='bbox 1844 490 1869 514; x_wconf 90' lang='grc' dir='ltr'>ι,</span> <span class='ocrx_word' id='word_1_170' title='bbox 1884 489 1914 513; x_wconf 87' lang='grc' dir='ltr'>3ο</span> <span class='ocrx_word' id='word_1_171' title='bbox 1941 482 1995 515; x_wconf 68' lang='lat' dir='ltr'>Qui</span> <span class='ocrx_word' id='word_1_172' title='bbox 2010 484 2116 510; x_wconf 73' lang='lat' dir='ltr'>mentiri</span> <span class='ocrx_word' id='word_1_173' title='bbox 2131 491 2173 511; x_wconf 57' lang='lat' dir='ltr'>au(</span> <span class='ocrx_word' id='word_1_174' title='bbox 2187 486 2232 512; x_wconf 62' lang='lat' dir='ltr'>fai,</span> 
     </span>
     <span class='ocr_line' id='line_1_9' title="bbox 55 507 2231 549; baseline -0.001 -9"><span class='ocrx_word' id='word_1_175' title='bbox 55 517 114 546; x_wconf 77' lang='grc'>478.</span> <span class='ocrx_word' id='word_1_176' title='bbox 149 514 172 539; x_wconf 82' lang='lat' dir='ltr'>h.</span> <span class='ocrx_word' id='word_1_177' title='bbox 193 523 213 539; x_wconf 76' lang='lat' dir='ltr'>e.</span> <span class='ocrx_word' id='word_1_178' title='bbox 243 513 372 547; x_wconf 77' lang='lat' dir='ltr'><em>Tanquam</em></span> <span class='ocrx_word' id='word_1_179' title='bbox 391 514 458 539; x_wconf 80' lang='lat' dir='ltr'>ebria</span> <span class='ocrx_word' id='word_1_180' title='bbox 478 509 588 538; x_wconf 75' lang='lat' dir='ltr'><em>vacillat.</em></span> <span class='ocrx_word' id='word_1_181' title='bbox 660 507 786 535; x_wconf 78' lang='lat' dir='ltr'>Mandare</span> <span class='ocrx_word' id='word_1_182' title='bbox 804 517 899 535; x_wconf 78' lang='lat' dir='ltr'>animis</span> <span class='ocrx_word' id='word_1_183' title='bbox 918 515 943 536; x_wconf 88' lang='lat' dir='ltr'>ct</span> <span class='ocrx_word' id='word_1_184' title='bbox 963 509 1112 537; x_wconf 83' lang='lat' dir='ltr'>mentibus,</span> <span class='ocrx_word' id='word_1_185' title='bbox 1174 507 1232 547; x_wconf 40' lang='lat' dir='ltr'>lere·</span> <span class='ocrx_word' id='word_1_186' title='bbox 1244 508 1353 534; x_wconf 77' lang='lat' dir='ltr'>insuerit</span> <span class='ocrx_word' id='word_1_187' title='bbox 1367 516 1483 543; x_wconf 73' lang='lat' dir='ltr'>patrem,</span> <span class='ocrx_word' id='word_1_188' title='bbox 1505 518 1578 540; x_wconf 89' lang='lat' dir='ltr'>tanto</span> <span class='ocrx_word' id='word_1_189' title='bbox 1597 515 1678 549; x_wconf 85' lang='lat' dir='ltr'>magis</span> <span class='ocrx_word' id='word_1_190' title='bbox 1697 516 1803 543; x_wconf 78' lang='lat' dir='ltr'>audebit</span> <span class='ocrx_word' id='word_1_191' title='bbox 1824 523 1949 544; x_wconf 77' lang='lat' dir='ltr'>caeteros,</span> <span class='ocrx_word' id='word_1_192' title='bbox 2007 518 2185 546; x_wconf 61' lang='lat' dir='ltr'>Memjcbamr</span> <span class='ocrx_word' id='word_1_193' title='bbox 2201 520 2231 547; x_wconf 58' lang='lat' dir='ltr'>ad</span> 
     </span>
     <span class='ocr_line' id='line_1_10' title="bbox 55 543 2233 588; baseline -0.002 -15"><span class='ocrx_word' id='word_1_194' title='bbox 55 549 106 575; x_wconf 79' lang='lat' dir='ltr'>vid.</span> <span class='ocrx_word' id='word_1_195' title='bbox 120 555 144 575; x_wconf 88' lang='lat' dir='ltr'>M</span> <span class='ocrx_word' id='word_1_196' title='bbox 155 555 175 575; x_wconf 85' lang='grc' dir='ltr'>Α</span> <span class='ocrx_word' id='word_1_197' title='bbox 185 555 207 574; x_wconf 87' lang='lat' dir='ltr'>N</span> <span class='ocrx_word' id='word_1_198' title='bbox 217 555 235 575; x_wconf 86' lang='lat' dir='ltr'>D</span> <span class='ocrx_word' id='word_1_199' title='bbox 246 555 282 583; x_wconf 84' lang='lat' dir='ltr'>o,</span> <span class='ocrx_word' id='word_1_200' title='bbox 303 557 356 576; x_wconf 79' lang='lat' dir='ltr'>are.</span> <span class='ocrx_word' id='word_1_201' title='bbox 428 548 504 574; x_wconf 88' lang='lat' dir='ltr'>Mens</span> <span class='ocrx_word' id='word_1_202' title='bbox 517 545 585 572; x_wconf 86' lang='lat' dir='ltr'>mihi</span> <span class='ocrx_word' id='word_1_203' title='bbox 599 553 654 572; x_wconf 89' lang='lat' dir='ltr'>non</span> <span class='ocrx_word' id='word_1_204' title='bbox 668 551 755 570; x_wconf 88' lang='lat' dir='ltr'>manet</span> <span class='ocrx_word' id='word_1_205' title='bbox 770 551 838 571; x_wconf 86' lang='lat' dir='ltr'>certa</span> <span class='ocrx_word' id='word_1_206' title='bbox 854 544 912 571; x_wconf 82' lang='lat' dir='ltr'>sede</span> <span class='ocrx_word' id='word_1_207' title='bbox 941 546 1007 572; x_wconf 85' lang='lat' dir='ltr'>Hor.</span> <span class='ocrx_word' id='word_1_208' title='bbox 1021 544 1110 569; x_wconf 75' lang='lat' dir='ltr'>Carnu.</span> <span class='ocrx_word' id='word_1_209' title='bbox 1175 543 1273 569; x_wconf 78' lang='lat' dir='ltr'>milites</span> <span class='ocrx_word' id='word_1_210' title='bbox 1293 544 1362 571; x_wconf 86' lang='lat' dir='ltr'>Gell.</span> <span class='ocrx_word' id='word_1_211' title='bbox 1380 553 1413 578; x_wconf 78' lang='grc' dir='ltr'><strong>ις,</strong></span> <span class='ocrx_word' id='word_1_212' title='bbox 1427 553 1466 571; x_wconf 90' lang='lat'>22.</span> <span class='ocrx_word' id='word_1_213' title='bbox 1524 548 1608 574; x_wconf 83' lang='lat' dir='ltr'>Palam</span> <span class='ocrx_word' id='word_1_214' title='bbox 1624 552 1749 584; x_wconf 80' lang='lat' dir='ltr'>mentiri,</span> <span class='ocrx_word' id='word_1_215' title='bbox 1769 553 1822 580; x_wconf 72' lang='lat' dir='ltr'>vid.</span> <span class='ocrx_word' id='word_1_216' title='bbox 1837 559 1852 579; x_wconf 80' lang='lat' dir='ltr'>P</span> <span class='ocrx_word' id='word_1_217' title='bbox 1862 560 1884 580; x_wconf 80' lang='grc' dir='ltr'><strong>Α</strong></span> <span class='ocrx_word' id='word_1_218' title='bbox 1895 559 1909 578; x_wconf 87' lang='lat' dir='ltr'>L</span> <span class='ocrx_word' id='word_1_219' title='bbox 1921 559 1987 580; x_wconf 66' lang='grc' dir='ltr'><strong>ΑΜ,</strong></span> <span class='ocrx_word' id='word_1_220' title='bbox 2045 555 2162 581; x_wconf 58' lang='lat' dir='ltr'>Mem-¹0¹.</span> <span class='ocrx_word' id='word_1_221' title='bbox 2177 556 2233 588; x_wconf 45' lang='grc' dir='ltr'>ΜΠ,</span> 
     </span>
    </p>
   </div>
   <div class='ocr_carea' id='block_1_3' title="bbox 45 579 2235 1123">
    <p class='ocr_par' dir='ltr' id='par_1_3' title="bbox 45 579 2235 1123">
     <span class='ocr_line' id='line_1_11' title="bbox 54 579 2234 624; baseline 0.004 -15"><span class='ocrx_word' id='word_1_222' title='bbox 54 593 73 619; x_wconf 80' lang='grc' dir='ltr'>ι,</span> <span class='ocrx_word' id='word_1_223' title='bbox 87 593 118 617; x_wconf 82' lang='grc' dir='ltr'>ι3,</span> <span class='ocrx_word' id='word_1_224' title='bbox 132 594 155 616; x_wconf 66' lang='grc'>4.</span> <span class='ocrx_word' id='word_1_225' title='bbox 227 585 317 611; x_wconf 85' lang='lat' dir='ltr'>Manet</span> <span class='ocrx_word' id='word_1_226' title='bbox 329 585 439 610; x_wconf 82' lang='lat' dir='ltr'>immota</span> <span class='ocrx_word' id='word_1_227' title='bbox 453 591 524 608; x_wconf 85' lang='lat' dir='ltr'>mens</span> <span class='ocrx_word' id='word_1_228' title='bbox 551 581 628 615; x_wconf 83' lang='lat' dir='ltr'>Virg.</span> <span class='ocrx_word' id='word_1_229' title='bbox 642 581 706 606; x_wconf 90' lang='lat' dir='ltr'>Aen.</span> <span class='ocrx_word' id='word_1_230' title='bbox 721 589 753 613; x_wconf 83' lang='grc'>4,</span> <span class='ocrx_word' id='word_1_231' title='bbox 774 590 835 614; x_wconf 83' lang='lat'>449.</span> <span class='ocrx_word' id='word_1_232' title='bbox 910 580 1021 607; x_wconf 84' lang='lat' dir='ltr'>Monere</span> <span class='ocrx_word' id='word_1_233' title='bbox 1040 586 1110 603; x_wconf 84' lang='lat' dir='ltr'>men·</span> <span class='ocrx_word' id='word_1_234' title='bbox 1132 587 1160 605; x_wconf 89' lang='lat'>10</span> <span class='ocrx_word' id='word_1_235' title='bbox 1175 579 1229 621; x_wconf 56' lang='lat' dir='ltr'>vjfl.</span> <span class='ocrx_word' id='word_1_236' title='bbox 1246 586 1337 621; x_wconf 45' lang='lat' dir='ltr'>N1351.</span> <span class='ocrx_word' id='word_1_237' title='bbox 1395 581 1524 608; x_wconf 82' lang='lat' dir='ltr'>Aduersus</span> <span class='ocrx_word' id='word_1_238' title='bbox 1532 584 1645 617; x_wconf 86' lang='lat' dir='ltr'>aliquem</span> <span class='ocrx_word' id='word_1_239' title='bbox 1660 588 1768 614; x_wconf 81' lang='lat' dir='ltr'>mentiri</span> <span class='ocrx_word' id='word_1_240' title='bbox 1789 589 1869 616; x_wconf 84' lang='lat' dir='ltr'>Plaut.</span> <span class='ocrx_word' id='word_1_241' title='bbox 1879 589 2000 623; x_wconf 78' lang='lat' dir='ltr'>Aulul.4,</span> <span class='ocrx_word' id='word_1_242' title='bbox 2008 597 2035 624; x_wconf 89' lang='lat'>7,</span> <span class='ocrx_word' id='word_1_243' title='bbox 2044 598 2069 622; x_wconf 87' lang='lat'>9.</span> <span class='ocrx_word' id='word_1_244' title='bbox 2125 591 2234 618; x_wconf 84' lang='lat' dir='ltr'>Pseudo-</span> 
     </span>
     <span class='ocr_line' id='line_1_12' title="bbox 53 614 2232 658; baseline 0.003 -12"><span class='ocrx_word' id='word_1_245' title='bbox 53 625 106 646; x_wconf 89' lang='lat' dir='ltr'>tem</span> <span class='ocrx_word' id='word_1_246' title='bbox 134 620 254 647; x_wconf 77' lang='lat' dir='ltr'>Sci-ibon.</span> <span class='ocrx_word' id='word_1_247' title='bbox 270 626 317 653; x_wconf 74' lang='lat'>185.</span> <span class='ocrx_word' id='word_1_248' title='bbox 388 618 504 645; x_wconf 86' lang='lat' dir='ltr'>Mulcere</span> <span class='ocrx_word' id='word_1_249' title='bbox 517 623 618 643; x_wconf 78' lang='lat' dir='ltr'>mentes</span> <span class='ocrx_word' id='word_1_250' title='bbox 645 615 726 642; x_wconf 85' lang='lat' dir='ltr'>Ouid.</span> <span class='ocrx_word' id='word_1_251' title='bbox 742 617 804 642; x_wconf 89' lang='lat' dir='ltr'>Met.</span> <span class='ocrx_word' id='word_1_252' title='bbox 819 625 855 649; x_wconf 82' lang='grc' dir='ltr'><strong>ιο,</strong></span> <span class='ocrx_word' id='word_1_253' title='bbox 872 624 924 648; x_wconf 80' lang='lat'><strong>30¹·</strong></span> <span class='ocrx_word' id='word_1_254' title='bbox 995 614 1111 645; x_wconf 88' lang='lat' dir='ltr'>Mutare,</span> <span class='ocrx_word' id='word_1_255' title='bbox 1176 616 1231 641; x_wconf 68' lang='lat' dir='ltr'>Cic.</span> <span class='ocrx_word' id='word_1_256' title='bbox 1246 624 1272 640; x_wconf 82' lang='lat' dir='ltr'>in</span> <span class='ocrx_word' id='word_1_257' title='bbox 1287 616 1385 642; x_wconf 80' lang='lat' dir='ltr'>Sallust.</span> <span class='ocrx_word' id='word_1_258' title='bbox 1401 624 1416 656; x_wconf 73' lang='lat'>⁵!</span> <span class='ocrx_word' id='word_1_259' title='bbox 1446 616 1521 642; x_wconf 83' lang='lat' dir='ltr'>Dabo</span> <span class='ocrx_word' id='word_1_260' title='bbox 1535 628 1659 658; x_wconf 66' lang='lat' dir='ltr'>operam,</span> <span class='ocrx_word' id='word_1_261' title='bbox 1675 626 1702 646; x_wconf 90' lang='lat' dir='ltr'>vt</span> <span class='ocrx_word' id='word_1_262' title='bbox 1715 629 1739 649; x_wconf 91' lang='lat' dir='ltr'>ct</span> <span class='ocrx_word' id='word_1_263' title='bbox 1754 632 1801 657; x_wconf 82' lang='lat' dir='ltr'>pro</span> <span class='ocrx_word' id='word_1_264' title='bbox 1816 633 1858 650; x_wconf 91' lang='lat' dir='ltr'>me</span> <span class='ocrx_word' id='word_1_265' title='bbox 1872 625 1986 651; x_wconf 89' lang='lat' dir='ltr'>minimo</span> <span class='ocrx_word' id='word_1_266' title='bbox 2000 635 2059 652; x_wconf 89' lang='lat' dir='ltr'>cum</span> <span class='ocrx_word' id='word_1_267' title='bbox 2074 625 2179 652; x_wconf 79' lang='lat' dir='ltr'>fastidio</span> <span class='ocrx_word' id='word_1_268' title='bbox 2193 635 2232 652; x_wconf 86' lang='lat' dir='ltr'>re.</span> 
     </span>
     <span class='ocr_line' id='line_1_13' title="bbox 54 649 2234 692; baseline 0.004 -12"><span class='ocrx_word' id='word_1_269' title='bbox 54 655 108 681; x_wconf 63' lang='lat' dir='ltr'>viil.</span> <span class='ocrx_word' id='word_1_270' title='bbox 125 662 149 682; x_wconf 83' lang='lat' dir='ltr'><strong>M</strong></span> <span class='ocrx_word' id='word_1_271' title='bbox 160 662 209 682; x_wconf 83' lang='lat' dir='ltr'>vT</span> <span class='ocrx_word' id='word_1_272' title='bbox 219 664 247 683; x_wconf 84' lang='lat' dir='ltr'>o.</span> <span class='ocrx_word' id='word_1_273' title='bbox 318 656 403 682; x_wconf 87' lang='lat' dir='ltr'>Mutat</span> <span class='ocrx_word' id='word_1_274' title='bbox 416 653 513 680; x_wconf 86' lang='lat' dir='ltr'>insania</span> <span class='ocrx_word' id='word_1_275' title='bbox 526 658 641 678; x_wconf 81' lang='lat' dir='ltr'>mentem</span> <span class='ocrx_word' id='word_1_276' title='bbox 672 652 721 678; x_wconf 87' lang='lat' dir='ltr'>Vir</span> <span class='ocrx_word' id='word_1_277' title='bbox 740 672 745 678; x_wconf 94' lang='lat'>.</span> <span class='ocrx_word' id='word_1_278' title='bbox 760 653 824 679; x_wconf 84' lang='lat' dir='ltr'>Aen.</span> <span class='ocrx_word' id='word_1_279' title='bbox 837 660 864 685; x_wconf 84' lang='lat'>4,</span> <span class='ocrx_word' id='word_1_280' title='bbox 879 657 932 683; x_wconf 74' lang='lat'>595.</span> <span class='ocrx_word' id='word_1_281' title='bbox 1007 649 1112 683; x_wconf 78' lang='lat' dir='ltr'>Negare</span> <span class='ocrx_word' id='word_1_282' title='bbox 1175 649 1334 690; x_wconf 77' lang='lat' dir='ltr'>spondeam,</span> <span class='ocrx_word' id='word_1_283' title='bbox 1360 659 1385 678; x_wconf 86' lang='lat' dir='ltr'>et</span> <span class='ocrx_word' id='word_1_284' title='bbox 1405 661 1432 678; x_wconf 83' lang='lat' dir='ltr'>in</span> <span class='ocrx_word' id='word_1_285' title='bbox 1450 652 1520 692; x_wconf 77' lang='lat' dir='ltr'>hunc</span> <span class='ocrx_word' id='word_1_286' title='bbox 1543 655 1653 680; x_wconf 82' lang='lat' dir='ltr'>minime</span> <span class='ocrx_word' id='word_1_287' title='bbox 1673 658 1796 684; x_wconf 83' lang='lat' dir='ltr'>mentitus</span> <span class='ocrx_word' id='word_1_288' title='bbox 1815 661 1862 686; x_wconf 71' lang='lat' dir='ltr'>ess&#39;e</span> <span class='ocrx_word' id='word_1_289' title='bbox 1882 660 1979 688; x_wconf 85' lang='lat' dir='ltr'>videar.</span> <span class='ocrx_word' id='word_1_290' title='bbox 2039 661 2125 688; x_wconf 77' lang='lat' dir='ltr'>Alieni</span> <span class='ocrx_word' id='word_1_291' title='bbox 2153 662 2234 689; x_wconf 76' lang='lat' dir='ltr'>Plaut.</span> 
     </span>
     <span class='ocr_line' id='line_1_14' title="bbox 52 684 2234 730; baseline 0.002 -12"><span class='ocrx_word' id='word_1_292' title='bbox 52 690 139 726; x_wconf 81' lang='lat' dir='ltr'>rigida</span> <span class='ocrx_word' id='word_1_293' title='bbox 155 699 242 718; x_wconf 85' lang='lat' dir='ltr'>mente</span> <span class='ocrx_word' id='word_1_294' title='bbox 253 690 353 725; x_wconf 78' lang='lat' dir='ltr'>aliquid</span> <span class='ocrx_word' id='word_1_295' title='bbox 381 688 461 716; x_wconf 82' lang='lat' dir='ltr'><strong>Ouid.</strong></span> <span class='ocrx_word' id='word_1_296' title='bbox 475 688 552 723; x_wconf 85' lang='lat' dir='ltr'>Epist.</span> <span class='ocrx_word' id='word_1_297' title='bbox 568 697 590 720; x_wconf 92' lang='grc'>3,</span> <span class='ocrx_word' id='word_1_298' title='bbox 603 691 644 721; x_wconf 60' lang='grc'>96..</span> <span class='ocrx_word' id='word_1_299' title='bbox 739 687 807 714; x_wconf 87' lang='lat' dir='ltr'>laud.</span> <span class='ocrx_word' id='word_1_300' title='bbox 821 687 852 713; x_wconf 91' lang='lat' dir='ltr'>de</span> <span class='ocrx_word' id='word_1_301' title='bbox 866 687 938 718; x_wconf 73' lang='lat' dir='ltr'>Rapt.</span> <span class='ocrx_word' id='word_1_302' title='bbox 950 684 1071 724; x_wconf 61' lang='grc' dir='ltr'><strong>,ΡΤΟΓΕΓΡ-</strong></span> <span class='ocrx_word' id='word_1_303' title='bbox 1088 693 1111 717; x_wconf 75' lang='lat'>32</span> <span class='ocrx_word' id='word_1_304' title='bbox 1175 685 1293 720; x_wconf 66' lang='lat' dir='ltr'>Amphss·</span> <span class='ocrx_word' id='word_1_305' title='bbox 1309 695 1328 719; x_wconf 59' lang='grc' dir='ltr'>Ι,</span> <span class='ocrx_word' id='word_1_306' title='bbox 1342 695 1367 720; x_wconf 76' lang='grc'>2,</span> <span class='ocrx_word' id='word_1_307' title='bbox 1381 690 1406 714; x_wconf 51' lang='lat'>6⁴</span> <span class='ocrx_word' id='word_1_308' title='bbox 1460 688 1517 728; x_wconf 59' lang='lat' dir='ltr'>Q&lt;-</span> <span class='ocrx_word' id='word_1_309' title='bbox 1531 688 1562 715; x_wconf 66' lang='lat' dir='ltr'>de</span> <span class='ocrx_word' id='word_1_310' title='bbox 1576 691 1650 730; x_wconf 63' lang='lat' dir='ltr'>Orat.</span> <span class='ocrx_word' id='word_1_311' title='bbox 1664 699 1694 723; x_wconf 66' lang='grc' dir='ltr'>Ζ,</span> <span class='ocrx_word' id='word_1_312' title='bbox 1709 696 1750 723; x_wconf 74' lang='lat'>¹89</span> <span class='ocrx_word' id='word_1_313' title='bbox 1769 704 1789 719; x_wconf 82' lang='lat' dir='ltr'>c.</span> <span class='ocrx_word' id='word_1_314' title='bbox 1804 705 1836 727; x_wconf 79' lang='lat'>45</span> <span class='ocrx_word' id='word_1_315' title='bbox 1863 697 1902 722; x_wconf 87' lang='lat' dir='ltr'>De</span> <span class='ocrx_word' id='word_1_316' title='bbox 1917 705 1958 723; x_wconf 85' lang='lat' dir='ltr'>me</span> <span class='ocrx_word' id='word_1_317' title='bbox 1971 703 2058 724; x_wconf 89' lang='lat' dir='ltr'>autem</span> <span class='ocrx_word' id='word_1_318' title='bbox 2076 697 2148 723; x_wconf 89' lang='lat' dir='ltr'>causa</span> <span class='ocrx_word' id='word_1_319' title='bbox 2163 697 2234 723; x_wconf 89' lang='lat' dir='ltr'>nulla</span> 
     </span>
     <span class='ocr_line' id='line_1_15' title="bbox 53 721 2234 762; baseline 0.002 -10"><span class='ocrx_word' id='word_1_320' title='bbox 53 735 84 759; x_wconf 81' lang='lat'>²9</span> <span class='ocrx_word' id='word_1_321' title='bbox 117 743 162 748; x_wconf 85' lang='lat'><strong>—</strong></span> <span class='ocrx_word' id='word_1_322' title='bbox 182 727 305 753; x_wconf 76' lang='lat' dir='ltr'>diffuasor</span> <span class='ocrx_word' id='word_1_323' title='bbox 321 724 425 752; x_wconf 78' lang='lat' dir='ltr'>honesti</span> <span class='ocrx_word' id='word_1_324' title='bbox 443 725 548 758; x_wconf 88' lang='lat' dir='ltr'>Luxus,</span> <span class='ocrx_word' id='word_1_325' title='bbox 575 730 600 750; x_wconf 87' lang='lat' dir='ltr'>et</span> <span class='ocrx_word' id='word_1_326' title='bbox 618 723 744 750; x_wconf 75' lang='lat' dir='ltr'>humanas</span> <span class='ocrx_word' id='word_1_327' title='bbox 764 723 876 749; x_wconf 80' lang='lat' dir='ltr'>oblimat</span> <span class='ocrx_word' id='word_1_328' title='bbox 896 727 972 754; x_wconf 72' lang='lat' dir='ltr'>copm</span> <span class='ocrx_word' id='word_1_329' title='bbox 994 726 1112 759; x_wconf 72' lang='lat' dir='ltr'>menteS,</span> <span class='ocrx_word' id='word_1_330' title='bbox 1174 721 1233 761; x_wconf 55' lang='lat' dir='ltr'>est,</span> <span class='ocrx_word' id='word_1_331' title='bbox 1248 730 1295 748; x_wconf 83' lang='lat' dir='ltr'>cur</span> <span class='ocrx_word' id='word_1_332' title='bbox 1308 722 1375 762; x_wconf 83' lang='lat' dir='ltr'>apud</span> <span class='ocrx_word' id='word_1_333' title='bbox 1391 723 1514 750; x_wconf 82' lang='lat' dir='ltr'>homines</span> <span class='ocrx_word' id='word_1_334' title='bbox 1528 724 1737 759; x_wconf 78' lang='lat' dir='ltr'>prudentissimos</span> <span class='ocrx_word' id='word_1_335' title='bbox 1750 734 1827 762; x_wconf 86' lang='lat' dir='ltr'>atque</span> <span class='ocrx_word' id='word_1_336' title='bbox 1840 732 2004 759; x_wconf 75' lang='lat' dir='ltr'>amiciffimos</span> <span class='ocrx_word' id='word_1_337' title='bbox 2017 733 2138 760; x_wconf 68' lang='lat' dir='ltr'>mentiar,</span> <span class='ocrx_word' id='word_1_338' title='bbox 2196 733 2234 759; x_wconf 79' lang='lat' dir='ltr'>De</span> 
     </span>
     <span class='ocr_line' id='line_1_16' title="bbox 53 754 2234 799; baseline -0 -11"><span class='ocrx_word' id='word_1_339' title='bbox 53 764 109 789; x_wconf 78' lang='lat' dir='ltr'>vid.</span> <span class='ocrx_word' id='word_1_340' title='bbox 131 770 150 790; x_wconf 94' lang='lat'>0</span> <span class='ocrx_word' id='word_1_341' title='bbox 166 769 182 789; x_wconf 75' lang='grc' dir='ltr'><strong><em>Β</em></strong></span> <span class='ocrx_word' id='word_1_342' title='bbox 200 769 216 788; x_wconf 79' lang='grc' dir='ltr'>ι,</span> <span class='ocrx_word' id='word_1_343' title='bbox 233 769 243 787; x_wconf 93' lang='lat'>1</span> <span class='ocrx_word' id='word_1_344' title='bbox 257 767 282 787; x_wconf 85' lang='lat' dir='ltr'>M</span> <span class='ocrx_word' id='word_1_345' title='bbox 297 767 325 787; x_wconf 92' lang='lat' dir='ltr'>o.</span> <span class='ocrx_word' id='word_1_346' title='bbox 397 759 569 793; x_wconf 83' lang='lat' dir='ltr'>obtundere,</span> <span class='ocrx_word' id='word_1_347' title='bbox 601 760 654 785; x_wconf 74' lang='lat' dir='ltr'>vid.</span> <span class='ocrx_word' id='word_1_348' title='bbox 680 766 700 785; x_wconf 93' lang='lat'>0</span> <span class='ocrx_word' id='word_1_349' title='bbox 712 765 728 785; x_wconf 75' lang='grc' dir='ltr'><strong>Β</strong></span> <span class='ocrx_word' id='word_1_350' title='bbox 740 761 853 794; x_wconf 62' lang='grc' dir='ltr'>τνΝΡ</span> <span class='ocrx_word' id='word_1_351' title='bbox 862 761 891 781; x_wconf 87' lang='grc'>0.</span> <span class='ocrx_word' id='word_1_352' title='bbox 971 754 1110 781; x_wconf 67' lang='lat' dir='ltr'>pacificare</span> <span class='ocrx_word' id='word_1_353' title='bbox 1128 765 1153 791; x_wconf 77' lang='grc' dir='ltr'>ις</span> <span class='ocrx_word' id='word_1_354' title='bbox 1173 765 1248 797; x_wconf 78' lang='lat' dir='ltr'>annis</span> <span class='ocrx_word' id='word_1_355' title='bbox 1263 764 1353 784; x_wconf 81' lang='lat' dir='ltr'>aetatis</span> <span class='ocrx_word' id='word_1_356' title='bbox 1368 759 1426 784; x_wconf 82' lang='lat' dir='ltr'>suae</span> <span class='ocrx_word' id='word_1_357' title='bbox 1447 760 1560 786; x_wconf 81' lang='lat' dir='ltr'>multum</span> <span class='ocrx_word' id='word_1_358' title='bbox 1580 762 1688 787; x_wconf 83' lang='lat' dir='ltr'>mentiri</span> <span class='ocrx_word' id='word_1_359' title='bbox 1721 763 1851 795; x_wconf 60' lang='lat' dir='ltr'>Quinctil.</span> <span class='ocrx_word' id='word_1_360' title='bbox 1871 769 1901 798; x_wconf 70' lang='lat'>6,</span> <span class='ocrx_word' id='word_1_361' title='bbox 1920 777 1939 799; x_wconf 82' lang='lat'>3·</span> <span class='ocrx_word' id='word_1_362' title='bbox 2012 769 2122 796; x_wconf 82' lang='lat' dir='ltr'>Mentiri</span> <span class='ocrx_word' id='word_1_363' title='bbox 2141 769 2166 796; x_wconf 81' lang='lat' dir='ltr'>se</span> <span class='ocrx_word' id='word_1_364' title='bbox 2186 768 2234 796; x_wconf 79' lang='lat' dir='ltr'>effe</span> 
     </span>
     <span class='ocr_line' id='line_1_17' title="bbox 53 791 2233 840; baseline 0.009 -27"><span class='ocrx_word' id='word_1_365' title='bbox 53 798 138 825; x_wconf 45' lang='lat' dir='ltr'>Senem</span> <span class='ocrx_word' id='word_1_366' title='bbox 151 799 303 831; x_wconf 56' lang='lat' dir='ltr'>Agamemn,</span> <span class='ocrx_word' id='word_1_367' title='bbox 320 805 340 826; x_wconf 56' lang='grc' dir='ltr'><strong>ς,</strong></span> <span class='ocrx_word' id='word_1_368' title='bbox 412 796 553 830; x_wconf 59' lang='lat' dir='ltr'>peragrare</span> <span class='ocrx_word' id='word_1_369' title='bbox 565 795 655 821; x_wconf 64' lang='lat' dir='ltr'>omnia</span> <span class='ocrx_word' id='word_1_370' title='bbox 669 800 772 822; x_wconf 72' lang='lat' dir='ltr'>mente,</span> <span class='ocrx_word' id='word_1_371' title='bbox 791 798 936 824; x_wconf 81' lang='lat' dir='ltr'>animoque</span> <span class='ocrx_word' id='word_1_372' title='bbox 962 791 1068 817; x_wconf 89' lang='lat' dir='ltr'>Lucret.</span> <span class='ocrx_word' id='word_1_373' title='bbox 1086 801 1109 823; x_wconf 90' lang='grc'>1,</span> <span class='ocrx_word' id='word_1_374' title='bbox 1173 793 1315 827; x_wconf 82' lang='lat' dir='ltr'>Aliquem,</span> <span class='ocrx_word' id='word_1_375' title='bbox 1355 795 1459 828; x_wconf 76' lang='lat' dir='ltr'><em>Fingere</em></span> <span class='ocrx_word' id='word_1_376' title='bbox 1491 802 1515 820; x_wconf 80' lang='lat' dir='ltr'>et</span> <span class='ocrx_word' id='word_1_377' title='bbox 1543 796 1665 828; x_wconf 74' lang='lat' dir='ltr'>simulare</span> <span class='ocrx_word' id='word_1_378' title='bbox 1701 798 1766 824; x_wconf 87' lang='lat' dir='ltr'>Plin.</span> <span class='ocrx_word' id='word_1_379' title='bbox 1800 798 1831 826; x_wconf 89' lang='lat' dir='ltr'>de</span> <span class='ocrx_word' id='word_1_380' title='bbox 1865 802 1936 828; x_wconf 83' lang='lat' dir='ltr'>Viris</span> <span class='ocrx_word' id='word_1_381' title='bbox 1967 804 2046 831; x_wconf 78' lang='lat' dir='ltr'>Illust.</span> <span class='ocrx_word' id='word_1_382' title='bbox 2079 814 2101 831; x_wconf 92' lang='lat' dir='ltr'>c.</span> <span class='ocrx_word' id='word_1_383' title='bbox 2128 808 2162 831; x_wconf 89' lang='lat'>62</span> <span class='ocrx_word' id='word_1_384' title='bbox 2191 812 2233 840; x_wconf 80' lang='lat' dir='ltr'>pr-</span> 
     </span>
     <span class='ocr_line' id='line_1_18' title="bbox 52 826 2234 873; baseline 0.004 -14"><span class='ocrx_word' id='word_1_385' title='bbox 52 840 92 868; x_wconf 85' lang='grc'>7,·.</span> <span class='ocrx_word' id='word_1_386' title='bbox 146 833 261 859; x_wconf 85' lang='lat' dir='ltr'>Perculsa</span> <span class='ocrx_word' id='word_1_387' title='bbox 276 836 391 860; x_wconf 83' lang='lat' dir='ltr'>mentem</span> <span class='ocrx_word' id='word_1_388' title='bbox 405 831 552 858; x_wconf 85' lang='lat' dir='ltr'>formidine</span> <span class='ocrx_word' id='word_1_389' title='bbox 566 839 652 857; x_wconf 82' lang='lat' dir='ltr'>mater</span> <span class='ocrx_word' id='word_1_390' title='bbox 677 829 750 862; x_wconf 85' lang='lat' dir='ltr'>Virg-</span> <span class='ocrx_word' id='word_1_391' title='bbox 768 826 866 866; x_wconf 57' lang='lat' dir='ltr'>Georg·</span> <span class='ocrx_word' id='word_1_392' title='bbox 880 834 915 858; x_wconf 74' lang='lat'>42</span> <span class='ocrx_word' id='word_1_393' title='bbox 930 833 985 861; x_wconf 74' lang='lat'>337·</span> <span class='ocrx_word' id='word_1_394' title='bbox 1051 828 1110 853; x_wconf 68' lang='lat' dir='ltr'>Per·</span> <span class='ocrx_word' id='word_1_395' title='bbox 1173 829 1300 855; x_wconf 68' lang='lat' dir='ltr'>Amorem</span> <span class='ocrx_word' id='word_1_396' title='bbox 1340 830 1421 857; x_wconf 77' lang='lat' dir='ltr'>Ouid·</span> <span class='ocrx_word' id='word_1_397' title='bbox 1453 830 1533 865; x_wconf 72' lang='lat' dir='ltr'>Epist·</span> <span class='ocrx_word' id='word_1_398' title='bbox 1567 839 1610 863; x_wconf 83' lang='lat'>21,</span> <span class='ocrx_word' id='word_1_399' title='bbox 1643 838 1691 864; x_wconf 75' lang='lat'>¹83·</span> <span class='ocrx_word' id='word_1_400' title='bbox 1780 835 1891 862; x_wconf 79' lang='lat' dir='ltr'>Causam</span> <span class='ocrx_word' id='word_1_401' title='bbox 1923 838 1999 871; x_wconf 76' lang='lat' dir='ltr'>fugae</span> <span class='ocrx_word' id='word_1_402' title='bbox 2032 840 2070 867; x_wconf 87' lang='lat' dir='ltr'>ld.</span> <span class='ocrx_word' id='word_1_403' title='bbox 2100 841 2165 867; x_wconf 87' lang='lat' dir='ltr'>Met.</span> <span class='ocrx_word' id='word_1_404' title='bbox 2199 850 2234 873; x_wconf 89' lang='grc' dir='ltr'>ιι,</span> 
     </span>
     <span class='ocr_line' id='line_1_19' title="bbox 50 861 2235 903; baseline 0.003 -9"><span class='ocrx_word' id='word_1_405' title='bbox 50 868 133 894; x_wconf 73' lang='lat' dir='ltr'>oulsac</span> <span class='ocrx_word' id='word_1_406' title='bbox 142 869 219 895; x_wconf 83' lang='lat' dir='ltr'>semel</span> <span class='ocrx_word' id='word_1_407' title='bbox 233 875 333 894; x_wconf 86' lang='lat' dir='ltr'>mentes</span> <span class='ocrx_word' id='word_1_408' title='bbox 346 866 459 894; x_wconf 81' lang='lat' dir='ltr'><strong>mobiles</strong></span> <span class='ocrx_word' id='word_1_409' title='bbox 471 867 501 893; x_wconf 92' lang='lat' dir='ltr'>ad</span> <span class='ocrx_word' id='word_1_410' title='bbox 516 865 727 901; x_wconf 78' lang='lat' dir='ltr'>superstitionem</span> <span class='ocrx_word' id='word_1_411' title='bbox 742 861 833 888; x_wconf 84' lang='lat' dir='ltr'>Tacit.</span> <span class='ocrx_word' id='word_1_412' title='bbox 846 863 914 888; x_wconf 87' lang='lat' dir='ltr'>Ann.</span> <span class='ocrx_word' id='word_1_413' title='bbox 927 871 945 894; x_wconf 88' lang='lat'>1,</span> <span class='ocrx_word' id='word_1_414' title='bbox 959 867 1005 903; x_wconf 78' lang='lat'>28&#39;.</span> <span class='ocrx_word' id='word_1_415' title='bbox 1050 863 1110 889; x_wconf 86' lang='lat' dir='ltr'>Per·</span> <span class='ocrx_word' id='word_1_416' title='bbox 1172 870 1223 895; x_wconf 75' lang='lat'>281.</span> <span class='ocrx_word' id='word_1_417' title='bbox 1279 864 1406 892; x_wconf 88' lang='lat' dir='ltr'>Colorem</span> <span class='ocrx_word' id='word_1_418' title='bbox 1419 866 1483 893; x_wconf 91' lang='lat' dir='ltr'>fuco</span> <span class='ocrx_word' id='word_1_419' title='bbox 1509 867 1639 900; x_wconf 68' lang='lat' dir='ltr'>QuinGtil.</span> <span class='ocrx_word' id='word_1_420' title='bbox 1654 876 1680 901; x_wconf 83' lang='lat'>2,</span> <span class='ocrx_word' id='word_1_421' title='bbox 1696 876 1727 901; x_wconf 75' lang='grc' dir='ltr'>ις.</span> <span class='ocrx_word' id='word_1_422' title='bbox 1800 870 1913 897; x_wconf 78' lang='lat' dir='ltr'>Colores</span> <span class='ocrx_word' id='word_1_423' title='bbox 1930 874 2017 899; x_wconf 85' lang='lat' dir='ltr'>varios</span> <span class='ocrx_word' id='word_1_424' title='bbox 2033 877 2159 903; x_wconf 77' lang='lat' dir='ltr'>mentitur</span> <span class='ocrx_word' id='word_1_425' title='bbox 2178 876 2235 903; x_wconf 76' lang='lat' dir='ltr'>lana</span> 
     </span>
     <span class='ocr_line' id='line_1_20' title="bbox 47 898 2232 945; baseline 0.007 -23"><span class='ocrx_word' id='word_1_426' title='bbox 47 904 116 930; x_wconf 54' lang='grc' dir='ltr'>(ΠΜ-ἆ</span> <span class='ocrx_word' id='word_1_427' title='bbox 135 909 222 930; x_wconf 67' lang='lat' dir='ltr'>mente</span> <span class='ocrx_word' id='word_1_428' title='bbox 242 902 370 929; x_wconf 64' lang='lat' dir='ltr'>dederunt</span> <span class='ocrx_word' id='word_1_429' title='bbox 391 903 511 929; x_wconf 67' lang='lat' dir='ltr'>lacrimas</span> <span class='ocrx_word' id='word_1_430' title='bbox 544 903 617 934; x_wconf 78' lang='lat' dir='ltr'>Vii-g.</span> <span class='ocrx_word' id='word_1_431' title='bbox 636 900 699 925; x_wconf 77' lang='lat' dir='ltr'>Aen.</span> <span class='ocrx_word' id='word_1_432' title='bbox 712 906 746 930; x_wconf 83' lang='lat'>9,</span> <span class='ocrx_word' id='word_1_433' title='bbox 767 904 830 937; x_wconf 80' lang='grc'><strong>292.</strong></span> <span class='ocrx_word' id='word_1_434' title='bbox 903 898 1019 926; x_wconf 77' lang='lat' dir='ltr'>Pereunt</span> <span class='ocrx_word' id='word_1_435' title='bbox 1037 908 1109 925; x_wconf 85' lang='lat' dir='ltr'>men·</span> <span class='ocrx_word' id='word_1_436' title='bbox 1172 900 1248 934; x_wconf 73' lang='lat' dir='ltr'>Vin-g.</span> <span class='ocrx_word' id='word_1_437' title='bbox 1263 901 1352 936; x_wconf 81' lang='lat' dir='ltr'>Eclog.</span> <span class='ocrx_word' id='word_1_438' title='bbox 1366 911 1401 935; x_wconf 82' lang='lat'>4,</span> <span class='ocrx_word' id='word_1_439' title='bbox 1422 911 1461 935; x_wconf 81' lang='lat'>42.</span> <span class='ocrx_word' id='word_1_440' title='bbox 1534 903 1620 930; x_wconf 85' lang='lat' dir='ltr'>Color</span> <span class='ocrx_word' id='word_1_441' title='bbox 1634 904 1679 930; x_wconf 90' lang='lat' dir='ltr'>ille</span> <span class='ocrx_word' id='word_1_442' title='bbox 1697 904 1896 942; x_wconf 71' lang='lat' dir='ltr'>chrysocollam</span> <span class='ocrx_word' id='word_1_443' title='bbox 1910 910 2037 935; x_wconf 79' lang='lat' dir='ltr'>mentitur</span> <span class='ocrx_word' id='word_1_444' title='bbox 2068 912 2132 938; x_wconf 86' lang='lat' dir='ltr'>Plin.</span> <span class='ocrx_word' id='word_1_445' title='bbox 2147 921 2188 945; x_wconf 78' lang='lat'>35,</span> <span class='ocrx_word' id='word_1_446' title='bbox 2209 917 2232 940; x_wconf 74' lang='grc'>6.</span> 
     </span>
     <span class='ocr_line' id='line_1_21' title="bbox 46 932 2235 980; baseline 0.009 -25"><span class='ocrx_word' id='word_1_447' title='bbox 46 943 99 965; x_wconf 62' lang='lat' dir='ltr'>m„</span> <span class='ocrx_word' id='word_1_448' title='bbox 112 939 193 974; x_wconf 62' lang='lat' dir='ltr'>piem</span> <span class='ocrx_word' id='word_1_449' title='bbox 220 939 282 966; x_wconf 87' lang='lat' dir='ltr'>Stat.</span> <span class='ocrx_word' id='word_1_450' title='bbox 296 938 389 966; x_wconf 55' lang='lat' dir='ltr'>Theb,</span> <span class='ocrx_word' id='word_1_451' title='bbox 406 948 423 965; x_wconf 72' lang='grc' dir='ltr'>Η</span> <span class='ocrx_word' id='word_1_452' title='bbox 433 959 441 971; x_wconf 63' lang='lat'><strong>‚</strong></span> <span class='ocrx_word' id='word_1_453' title='bbox 455 941 517 965; x_wconf 73' lang='lat'>506,</span> <span class='ocrx_word' id='word_1_454' title='bbox 589 933 691 962; x_wconf 75' lang='lat' dir='ltr'>Persen</span> <span class='ocrx_word' id='word_1_455' title='bbox 705 932 834 959; x_wconf 85' lang='lat' dir='ltr'>obstinata</span> <span class='ocrx_word' id='word_1_456' title='bbox 848 939 935 960; x_wconf 87' lang='lat' dir='ltr'>mente</span> <span class='ocrx_word' id='word_1_457' title='bbox 967 934 1064 961; x_wconf 88' lang='lat' dir='ltr'>Catull.</span> <span class='ocrx_word' id='word_1_458' title='bbox 1080 939 1109 966; x_wconf 83' lang='lat'>8,</span> <span class='ocrx_word' id='word_1_459' title='bbox 1123 946 1157 964; x_wconf 75' lang='lat'>20</span> <span class='ocrx_word' id='word_1_460' title='bbox 1173 937 1190 962; x_wconf 84' lang='lat' dir='ltr'>i.</span> <span class='ocrx_word' id='word_1_461' title='bbox 1211 937 1248 962; x_wconf 84' lang='lat' dir='ltr'>illi</span> <span class='ocrx_word' id='word_1_462' title='bbox 1262 937 1299 963; x_wconf 85' lang='lat' dir='ltr'>ita</span> <span class='ocrx_word' id='word_1_463' title='bbox 1306 938 1398 970; x_wconf 80' lang='lat' dir='ltr'>ſsmilis</span> <span class='ocrx_word' id='word_1_464' title='bbox 1414 938 1460 973; x_wconf 61' lang='lat' dir='ltr'>‘st’</span> <span class='ocrx_word' id='word_1_465' title='bbox 1481 946 1511 964; x_wconf 85' lang='lat' dir='ltr'>vt</span> <span class='ocrx_word' id='word_1_466' title='bbox 1521 946 1569 974; x_wconf 78' lang='lat' dir='ltr'>pro</span> <span class='ocrx_word' id='word_1_467' title='bbox 1583 949 1611 964; x_wconf 80' lang='lat' dir='ltr'>ea</span> <span class='ocrx_word' id='word_1_468' title='bbox 1624 940 1711 966; x_wconf 74' lang='lat' dir='ltr'>haberi</span> <span class='ocrx_word' id='word_1_469' title='bbox 1722 939 1799 975; x_wconf 62' lang='lat' dir='ltr'>ppffit.</span> <span class='ocrx_word' id='word_1_470' title='bbox 1873 943 2002 970; x_wconf 79' lang='lat' dir='ltr'>Dolorem</span> <span class='ocrx_word' id='word_1_471' title='bbox 2017 947 2106 980; x_wconf 78' lang='lat' dir='ltr'>capitis</span> <span class='ocrx_word' id='word_1_472' title='bbox 2126 949 2235 975; x_wconf 80' lang='lat' dir='ltr'>mentita</span> 
     </span>
     <span class='ocr_line' id='line_1_22' title="bbox 46 969 2234 1016; baseline 0.003 -15"><span class='ocrx_word' id='word_1_473' title='bbox 46 983 76 1001; x_wconf 92' lang='grc' dir='ltr'>ιι.</span> <span class='ocrx_word' id='word_1_474' title='bbox 131 975 267 1002; x_wconf 81' lang='lat' dir='ltr'>Permanet</span> <span class='ocrx_word' id='word_1_475' title='bbox 278 974 354 1001; x_wconf 84' lang='lat' dir='ltr'>firma</span> <span class='ocrx_word' id='word_1_476' title='bbox 370 984 443 1001; x_wconf 68' lang='lat' dir='ltr'>men:</span> <span class='ocrx_word' id='word_1_477' title='bbox 469 971 550 1000; x_wconf 87' lang='lat' dir='ltr'>Ouid.</span> <span class='ocrx_word' id='word_1_478' title='bbox 565 969 643 1004; x_wconf 82' lang='lat' dir='ltr'>Epist.</span> <span class='ocrx_word' id='word_1_479' title='bbox 658 971 704 1002; x_wconf 79' lang='lat'>16,</span> <span class='ocrx_word' id='word_1_480' title='bbox 722 972 772 999; x_wconf 76' lang='lat'>¹68.</span> <span class='ocrx_word' id='word_1_481' title='bbox 847 969 985 996; x_wconf 67' lang='lat' dir='ltr'>Pei-motus</span> <span class='ocrx_word' id='word_1_482' title='bbox 1004 977 1108 1002; x_wconf 86' lang='lat' dir='ltr'>mente,</span> <span class='ocrx_word' id='word_1_483' title='bbox 1172 973 1258 1006; x_wconf 89' lang='lat' dir='ltr'>puella</span> <span class='ocrx_word' id='word_1_484' title='bbox 1285 972 1366 999; x_wconf 86' lang='lat' dir='ltr'>Ouid.</span> <span class='ocrx_word' id='word_1_485' title='bbox 1380 974 1471 1000; x_wconf 83' lang='lat' dir='ltr'>Amor.</span> <span class='ocrx_word' id='word_1_486' title='bbox 1486 983 1516 1007; x_wconf 86' lang='lat'>2,</span> <span class='ocrx_word' id='word_1_487' title='bbox 1538 984 1580 1007; x_wconf 90' lang='lat'>19,</span> <span class='ocrx_word' id='word_1_488' title='bbox 1596 983 1626 1001; x_wconf 89' lang='grc' dir='ltr'>ιι.</span> <span class='ocrx_word' id='word_1_489' title='bbox 1701 977 1792 1003; x_wconf 86' lang='lat' dir='ltr'>Fidem</span> <span class='ocrx_word' id='word_1_490' title='bbox 1825 978 1917 1005; x_wconf 87' lang='lat' dir='ltr'>Claud.</span> <span class='ocrx_word' id='word_1_491' title='bbox 1933 980 2010 1006; x_wconf 86' lang='lat' dir='ltr'>Cons.</span> <span class='ocrx_word' id='word_1_492' title='bbox 2026 981 2102 1007; x_wconf 84' lang='lat' dir='ltr'>Prob.</span> <span class='ocrx_word' id='word_1_493' title='bbox 2116 990 2139 1009; x_wconf 82' lang='lat' dir='ltr'>et</span> <span class='ocrx_word' id='word_1_494' title='bbox 2156 984 2234 1016; x_wconf 82' lang='lat' dir='ltr'>Olyb.</span> 
     </span>
     <span class='ocr_line' id='line_1_23' title="bbox 45 1004 2234 1050; baseline 0.004 -16"><span class='ocrx_word' id='word_1_495' title='bbox 45 1011 98 1036; x_wconf 79' lang='lat' dir='ltr'>vid.</span> <span class='ocrx_word' id='word_1_496' title='bbox 113 1017 128 1036; x_wconf 77' lang='lat' dir='ltr'>P</span> <span class='ocrx_word' id='word_1_497' title='bbox 141 1017 158 1037; x_wconf 76' lang='grc' dir='ltr'>Ε</span> <span class='ocrx_word' id='word_1_498' title='bbox 169 1017 187 1038; x_wconf 77' lang='lat' dir='ltr'>R</span> <span class='ocrx_word' id='word_1_499' title='bbox 197 1017 280 1038; x_wconf 83' lang='lat' dir='ltr'>MOV</span> <span class='ocrx_word' id='word_1_500' title='bbox 290 1017 343 1037; x_wconf 76' lang='lat' dir='ltr'>Eo.</span> <span class='ocrx_word' id='word_1_501' title='bbox 417 1009 491 1042; x_wconf 83' lang='lat' dir='ltr'>Virg.</span> <span class='ocrx_word' id='word_1_502' title='bbox 506 1008 568 1032; x_wconf 82' lang='lat' dir='ltr'>Aen.</span> <span class='ocrx_word' id='word_1_503' title='bbox 580 1014 609 1039; x_wconf 83' lang='lat'>4,</span> <span class='ocrx_word' id='word_1_504' title='bbox 623 1014 669 1031; x_wconf 83' lang='lat'>100</span> <span class='ocrx_word' id='word_1_505' title='bbox 705 1020 752 1025; x_wconf 93' lang='lat'>—-</span> <span class='ocrx_word' id='word_1_506' title='bbox 772 1004 851 1031; x_wconf 88' lang='lat' dir='ltr'>habes</span> <span class='ocrx_word' id='word_1_507' title='bbox 866 1012 920 1031; x_wconf 90' lang='lat' dir='ltr'>tota</span> <span class='ocrx_word' id='word_1_508' title='bbox 933 1005 1007 1040; x_wconf 87' lang='lat' dir='ltr'>quod</span> <span class='ocrx_word' id='word_1_509' title='bbox 1020 1012 1109 1032; x_wconf 85' lang='lat' dir='ltr'>mente</span> <span class='ocrx_word' id='word_1_510' title='bbox 1172 1013 1224 1037; x_wconf 85' lang='lat'>108.</span> <span class='ocrx_word' id='word_1_511' title='bbox 1280 1009 1395 1034; x_wconf 88' lang='lat' dir='ltr'>Martial.</span> <span class='ocrx_word' id='word_1_512' title='bbox 1410 1018 1439 1042; x_wconf 81' lang='grc'>3,</span> <span class='ocrx_word' id='word_1_513' title='bbox 1452 1019 1480 1042; x_wconf 68' lang='grc'>43</span> <span class='ocrx_word' id='word_1_514' title='bbox 1513 1010 1637 1037; x_wconf 83' lang='lat' dir='ltr'>Mentiris</span> <span class='ocrx_word' id='word_1_515' title='bbox 1652 1011 1777 1039; x_wconf 79' lang='lat' dir='ltr'>iuuenem</span> <span class='ocrx_word' id='word_1_516' title='bbox 1791 1013 1882 1047; x_wconf 67' lang='lat' dir='ltr'>tine‘tis</span> <span class='ocrx_word' id='word_1_517' title='bbox 1899 1015 2008 1042; x_wconf 87' lang='lat' dir='ltr'>Lentine</span> <span class='ocrx_word' id='word_1_518' title='bbox 2022 1017 2136 1050; x_wconf 78' lang='lat' dir='ltr'>capillis,</span> <span class='ocrx_word' id='word_1_519' title='bbox 2161 1020 2234 1046; x_wconf 77' lang='lat' dir='ltr'>Taui</span> 
     </span>
     <span class='ocr_line' id='line_1_24' title="bbox 45 1040 2234 1089; baseline 0.004 -17"><span class='ocrx_word' id='word_1_520' title='bbox 45 1046 141 1074; x_wconf 74' lang='lat' dir='ltr'>Petilii.</span> <span class='ocrx_word' id='word_1_521' title='bbox 215 1046 369 1082; x_wconf 73' lang='lat' dir='ltr'>Praecipitat</span> <span class='ocrx_word' id='word_1_522' title='bbox 381 1049 495 1073; x_wconf 75' lang='lat' dir='ltr'>mentem</span> <span class='ocrx_word' id='word_1_523' title='bbox 510 1041 605 1075; x_wconf 89' lang='lat' dir='ltr'>furor,</span> <span class='ocrx_word' id='word_1_524' title='bbox 626 1040 719 1075; x_wconf 87' lang='lat' dir='ltr'>iraque</span> <span class='ocrx_word' id='word_1_525' title='bbox 746 1040 785 1068; x_wconf 87' lang='lat' dir='ltr'>Id.</span> <span class='ocrx_word' id='word_1_526' title='bbox 798 1040 866 1068; x_wconf 76' lang='lat' dir='ltr'>ibid.</span> <span class='ocrx_word' id='word_1_527' title='bbox 881 1049 913 1074; x_wconf 80' lang='lat'>2,</span> <span class='ocrx_word' id='word_1_528' title='bbox 928 1049 976 1081; x_wconf 65' lang='grc'>317.</span> <span class='ocrx_word' id='word_1_529' title='bbox 1034 1042 1110 1082; x_wconf 76' lang='lat' dir='ltr'>Prae·</span> <span class='ocrx_word' id='word_1_530' title='bbox 1171 1043 1260 1070; x_wconf 89' lang='lat' dir='ltr'>subito</span> <span class='ocrx_word' id='word_1_531' title='bbox 1272 1052 1385 1077; x_wconf 87' lang='lat' dir='ltr'>coruus,</span> <span class='ocrx_word' id='word_1_532' title='bbox 1415 1045 1462 1080; x_wconf 90' lang='lat' dir='ltr'>qui</span> <span class='ocrx_word' id='word_1_533' title='bbox 1480 1046 1562 1073; x_wconf 86' lang='lat' dir='ltr'>modo</span> <span class='ocrx_word' id='word_1_534' title='bbox 1582 1055 1675 1077; x_wconf 85' lang='lat' dir='ltr'>cycnus</span> <span class='ocrx_word' id='word_1_535' title='bbox 1694 1057 1759 1074; x_wconf 84' lang='lat' dir='ltr'>eras.</span> <span class='ocrx_word' id='word_1_536' title='bbox 1834 1051 1935 1076; x_wconf 87' lang='lat' dir='ltr'>Verum</span> <span class='ocrx_word' id='word_1_537' title='bbox 1954 1051 2037 1078; x_wconf 84' lang='lat' dir='ltr'>robur</span> <span class='ocrx_word' id='word_1_538' title='bbox 2057 1054 2129 1079; x_wconf 87' lang='lat' dir='ltr'>inani</span> <span class='ocrx_word' id='word_1_539' title='bbox 2149 1055 2234 1089; x_wconf 63' lang='lat' dir='ltr'>sagina</span> 
     </span>
     <span class='ocr_line' id='line_1_25' title="bbox 46 1076 2235 1123; baseline 0.005 -17"><span class='ocrx_word' id='word_1_540' title='bbox 46 1082 115 1109; x_wconf 81' lang='lat' dir='ltr'>ditus</span> <span class='ocrx_word' id='word_1_541' title='bbox 128 1083 179 1110; x_wconf 70' lang='lat' dir='ltr'>alta</span> <span class='ocrx_word' id='word_1_542' title='bbox 192 1089 297 1115; x_wconf 79' lang='lat' dir='ltr'>mente,</span> <span class='ocrx_word' id='word_1_543' title='bbox 327 1082 381 1108; x_wconf 80' lang='lat' dir='ltr'>vid.</span> <span class='ocrx_word' id='word_1_544' title='bbox 401 1084 542 1105; x_wconf 74' lang='lat' dir='ltr'>ALTVS.</span> <span class='ocrx_word' id='word_1_545' title='bbox 616 1077 713 1103; x_wconf 84' lang='lat' dir='ltr'>Pressus</span> <span class='ocrx_word' id='word_1_546' title='bbox 725 1082 843 1103; x_wconf 86' lang='lat' dir='ltr'>mentem</span> <span class='ocrx_word' id='word_1_547' title='bbox 856 1076 1004 1103; x_wconf 73' lang='lat' dir='ltr'>formidine</span> <span class='ocrx_word' id='word_1_548' title='bbox 1031 1078 1108 1112; x_wconf 82' lang='lat' dir='ltr'>Virg.</span> <span class='ocrx_word' id='word_1_549' title='bbox 1172 1079 1304 1112; x_wconf 67' lang='lat' dir='ltr'>Quinem.</span> <span class='ocrx_word' id='word_1_550' title='bbox 1325 1088 1356 1114; x_wconf 81' lang='lat'>2,</span> <span class='ocrx_word' id='word_1_551' title='bbox 1381 1088 1422 1113; x_wconf 78' lang='grc' dir='ltr'><strong>ις,</strong></span> <span class='ocrx_word' id='word_1_552' title='bbox 1450 1088 1488 1114; x_wconf 78' lang='lat'>25.</span> <span class='ocrx_word' id='word_1_553' title='bbox 1576 1082 1671 1109; x_wconf 82' lang='lat' dir='ltr'>Sexum</span> <span class='ocrx_word' id='word_1_554' title='bbox 1691 1083 1817 1110; x_wconf 83' lang='lat' dir='ltr'>muliebri</span> <span class='ocrx_word' id='word_1_555' title='bbox 1837 1092 1911 1112; x_wconf 87' lang='lat' dir='ltr'>motu</span> <span class='ocrx_word' id='word_1_556' title='bbox 1945 1087 2074 1115; x_wconf 88' lang='lat' dir='ltr'>Columel.</span> <span class='ocrx_word' id='word_1_557' title='bbox 2095 1098 2103 1115; x_wconf 88' lang='lat'>1</span> <span class='ocrx_word' id='word_1_558' title='bbox 2127 1091 2235 1123; x_wconf 81' lang='lat' dir='ltr'>praefat.</span> 
     </span>
    </p>
   </div>
   <div class='ocr_carea' id='block_1_4' title="bbox 45 1112 2236 1337">
    <p class='ocr_par' dir='ltr' id='par_1_4' title="bbox 45 1112 2236 1295">
     <span class='ocr_line' id='line_1_26' title="bbox 46 1112 2234 1155; baseline 0.001 -10"><span class='ocrx_word' id='word_1_559' title='bbox 46 1119 110 1145; x_wconf 75' lang='lat' dir='ltr'>Aen.</span> <span class='ocrx_word' id='word_1_560' title='bbox 126 1127 154 1152; x_wconf 80' lang='lat'>3,</span> <span class='ocrx_word' id='word_1_561' title='bbox 173 1127 214 1154; x_wconf 83' lang='lat'>47.</span> <span class='ocrx_word' id='word_1_562' title='bbox 286 1118 428 1150; x_wconf 84' lang='lat' dir='ltr'>Receptum</span> <span class='ocrx_word' id='word_1_563' title='bbox 446 1122 542 1140; x_wconf 87' lang='lat' dir='ltr'>munus</span> <span class='ocrx_word' id='word_1_564' title='bbox 555 1113 621 1140; x_wconf 79' lang='lat' dir='ltr'>laeta</span> <span class='ocrx_word' id='word_1_565' title='bbox 634 1119 722 1139; x_wconf 85' lang='lat' dir='ltr'>mente</span> <span class='ocrx_word' id='word_1_566' title='bbox 755 1112 838 1139; x_wconf 90' lang='lat' dir='ltr'>Ouid.</span> <span class='ocrx_word' id='word_1_567' title='bbox 856 1114 949 1139; x_wconf 82' lang='lat' dir='ltr'>Amor.</span> <span class='ocrx_word' id='word_1_568' title='bbox 971 1121 1003 1147; x_wconf 88' lang='lat'>2,</span> <span class='ocrx_word' id='word_1_569' title='bbox 1026 1122 1065 1146; x_wconf 83' lang='grc' dir='ltr'><strong>ις,</strong></span> <span class='ocrx_word' id='word_1_570' title='bbox 1086 1122 1108 1145; x_wconf 81' lang='grc'>3.</span> <span class='ocrx_word' id='word_1_571' title='bbox 1125 1125 1156 1151; x_wconf 73' lang='lat'>25</span> <span class='ocrx_word' id='word_1_572' title='bbox 1173 1115 1288 1141; x_wconf 84' lang='lat' dir='ltr'>Martial.</span> <span class='ocrx_word' id='word_1_573' title='bbox 1303 1124 1311 1141; x_wconf 91' lang='grc' dir='ltr'>ι</span> <span class='ocrx_word' id='word_1_574' title='bbox 1326 1136 1334 1148; x_wconf 93' lang='grc'>,</span> <span class='ocrx_word' id='word_1_575' title='bbox 1349 1118 1380 1146; x_wconf 88' lang='lat'>86</span> <span class='ocrx_word' id='word_1_576' title='bbox 1411 1117 1596 1151; x_wconf 82' lang='lat' dir='ltr'>Mentiturque</span> <span class='ocrx_word' id='word_1_577' title='bbox 1608 1119 1705 1145; x_wconf 88' lang='lat' dir='ltr'>Virum</span> <span class='ocrx_word' id='word_1_578' title='bbox 1719 1120 1870 1155; x_wconf 82' lang='lat' dir='ltr'>prodigiosa</span> <span class='ocrx_word' id='word_1_579' title='bbox 1885 1122 1982 1149; x_wconf 82' lang='lat' dir='ltr'>Venus.</span> <span class='ocrx_word' id='word_1_580' title='bbox 2056 1125 2144 1151; x_wconf 86' lang='lat' dir='ltr'>Vitam</span> <span class='ocrx_word' id='word_1_581' title='bbox 2164 1128 2234 1153; x_wconf 80' lang='lat' dir='ltr'>vani.</span> 
     </span>
     <span class='ocr_line' id='line_1_27' title="bbox 45 1149 2235 1196; baseline 0.004 -18"><span class='ocrx_word' id='word_1_582' title='bbox 45 1154 192 1182; x_wconf 58' lang='lat' dir='ltr'>Rei-ludere</span> <span class='ocrx_word' id='word_1_583' title='bbox 203 1159 301 1182; x_wconf 81' lang='lat' dir='ltr'>mentes</span> <span class='ocrx_word' id='word_1_584' title='bbox 313 1152 432 1186; x_wconf 82' lang='lat' dir='ltr'>superas,</span> <span class='ocrx_word' id='word_1_585' title='bbox 454 1150 561 1182; x_wconf 78' lang='lat' dir='ltr'>Conſssia</span> <span class='ocrx_word' id='word_1_586' title='bbox 573 1149 672 1184; x_wconf 69' lang='lat' dir='ltr'>uper-ire</span> <span class='ocrx_word' id='word_1_587' title='bbox 687 1151 794 1188; x_wconf 63' lang='lat' dir='ltr'>Deorfam</span> <span class='ocrx_word' id='word_1_588' title='bbox 819 1149 863 1174; x_wconf 89' lang='lat' dir='ltr'>Sil.</span> <span class='ocrx_word' id='word_1_589' title='bbox 879 1157 902 1181; x_wconf 88' lang='lat'>1,</span> <span class='ocrx_word' id='word_1_590' title='bbox 919 1157 953 1181; x_wconf 86' lang='lat'>¹9·</span> <span class='ocrx_word' id='word_1_591' title='bbox 1025 1149 1107 1188; x_wconf 78' lang='lat' dir='ltr'>Ouid.</span> <span class='ocrx_word' id='word_1_592' title='bbox 1171 1156 1209 1177; x_wconf 87' lang='lat' dir='ltr'>tas</span> <span class='ocrx_word' id='word_1_593' title='bbox 1224 1150 1354 1178; x_wconf 82' lang='lat' dir='ltr'>mentitur</span> <span class='ocrx_word' id='word_1_594' title='bbox 1366 1151 1414 1178; x_wconf 86' lang='lat' dir='ltr'>fibi</span> <span class='ocrx_word' id='word_1_595' title='bbox 1441 1153 1506 1180; x_wconf 86' lang='lat' dir='ltr'>Plin.</span> <span class='ocrx_word' id='word_1_596' title='bbox 1522 1161 1548 1187; x_wconf 93' lang='grc'>7,</span> <span class='ocrx_word' id='word_1_597' title='bbox 1564 1162 1599 1187; x_wconf 77' lang='grc' dir='ltr'>ςς.</span> <span class='ocrx_word' id='word_1_598' title='bbox 1673 1155 1801 1189; x_wconf 84' lang='lat' dir='ltr'>Mentiri,</span> <span class='ocrx_word' id='word_1_599' title='bbox 1817 1164 1864 1192; x_wconf 78' lang='lat' dir='ltr'>pro</span> <span class='ocrx_word' id='word_1_600' title='bbox 1880 1158 1947 1193; x_wconf 75' lang='lat' dir='ltr'>Fuisv</span> <span class='ocrx_word' id='word_1_601' title='bbox 1956 1158 2070 1193; x_wconf 65' lang='lat' dir='ltr'>scribere.</span> <span class='ocrx_word' id='word_1_602' title='bbox 2134 1161 2173 1187; x_wconf 89' lang='lat' dir='ltr'>Id.</span> <span class='ocrx_word' id='word_1_603' title='bbox 2192 1171 2235 1196; x_wconf 67' lang='grc' dir='ltr'>ιιι,</span> 
     </span>
     <span class='ocr_line' id='line_1_28' title="bbox 45 1183 2236 1226; baseline 0.002 -10"><span class='ocrx_word' id='word_1_604' title='bbox 45 1191 110 1217; x_wconf 87' lang='lat' dir='ltr'>Met.</span> <span class='ocrx_word' id='word_1_605' title='bbox 124 1202 150 1224; x_wconf 82' lang='lat'>9,</span> <span class='ocrx_word' id='word_1_606' title='bbox 162 1197 207 1223; x_wconf 74' lang='lat'>382</span> <span class='ocrx_word' id='word_1_607' title='bbox 226 1189 300 1216; x_wconf 84' lang='lat' dir='ltr'>Mens</span> <span class='ocrx_word' id='word_1_608' title='bbox 316 1193 402 1213; x_wconf 86' lang='lat' dir='ltr'>tamen</span> <span class='ocrx_word' id='word_1_609' title='bbox 416 1192 444 1212; x_wconf 91' lang='lat' dir='ltr'>vt</span> <span class='ocrx_word' id='word_1_610' title='bbox 454 1185 559 1218; x_wconf 85' lang='lat' dir='ltr'>Rediit,</span> <span class='ocrx_word' id='word_1_611' title='bbox 580 1185 679 1219; x_wconf 87' lang='lat' dir='ltr'>pariter</span> <span class='ocrx_word' id='word_1_612' title='bbox 695 1183 810 1210; x_wconf 82' lang='lat' dir='ltr'>Rediere</span> <span class='ocrx_word' id='word_1_613' title='bbox 823 1184 939 1211; x_wconf 83' lang='lat' dir='ltr'>furores.</span> <span class='ocrx_word' id='word_1_614' title='bbox 995 1184 1109 1211; x_wconf 83' lang='lat' dir='ltr'>Reducit</span> <span class='ocrx_word' id='word_1_615' title='bbox 1172 1194 1197 1219; x_wconf 77' lang='grc' dir='ltr'>ις</span> <span class='ocrx_word' id='word_1_616' title='bbox 1220 1186 1276 1213; x_wconf 78' lang='lat' dir='ltr'>Nec</span> <span class='ocrx_word' id='word_1_617' title='bbox 1284 1196 1338 1213; x_wconf 93' lang='lat' dir='ltr'>non</span> <span class='ocrx_word' id='word_1_618' title='bbox 1347 1187 1422 1214; x_wconf 87' lang='lat' dir='ltr'>fuere</span> <span class='ocrx_word' id='word_1_619' title='bbox 1430 1190 1566 1223; x_wconf 85' lang='lat' dir='ltr'>quieture</span> <span class='ocrx_word' id='word_1_620' title='bbox 1577 1189 1675 1217; x_wconf 88' lang='lat' dir='ltr'>arbore</span> <span class='ocrx_word' id='word_1_621' title='bbox 1682 1197 1824 1226; x_wconf 83' lang='lat' dir='ltr'>vtrumque</span> <span class='ocrx_word' id='word_1_622' title='bbox 1837 1193 1906 1219; x_wconf 83' lang='lat' dir='ltr'>nasci</span> <span class='ocrx_word' id='word_1_623' title='bbox 1921 1195 2105 1223; x_wconf 84' lang='lat' dir='ltr'>mentirentur.</span> <span class='ocrx_word' id='word_1_624' title='bbox 2163 1198 2236 1223; x_wconf 84' lang='lat' dir='ltr'>Meu.</span> 
     </span>
     <span class='ocr_line' id='line_1_29' title="bbox 45 1220 2236 1267; baseline 0.003 -15"><span class='ocrx_word' id='word_1_625' title='bbox 45 1227 116 1260; x_wconf 86' lang='lat' dir='ltr'>spem</span> <span class='ocrx_word' id='word_1_626' title='bbox 129 1227 226 1258; x_wconf 82' lang='lat' dir='ltr'>Lyaeus</span> <span class='ocrx_word' id='word_1_627' title='bbox 240 1223 324 1252; x_wconf 80' lang='lat' dir='ltr'>anxiis</span> <span class='ocrx_word' id='word_1_628' title='bbox 337 1221 469 1250; x_wconf 83' lang='lat' dir='ltr'>mentibus</span> <span class='ocrx_word' id='word_1_629' title='bbox 496 1221 563 1248; x_wconf 86' lang='lat' dir='ltr'>Hor.</span> <span class='ocrx_word' id='word_1_630' title='bbox 577 1222 666 1247; x_wconf 77' lang='lat' dir='ltr'>earm.</span> <span class='ocrx_word' id='word_1_631' title='bbox 682 1230 712 1253; x_wconf 83' lang='lat'>3,</span> <span class='ocrx_word' id='word_1_632' title='bbox 726 1228 767 1250; x_wconf 87' lang='lat'>21,</span> <span class='ocrx_word' id='word_1_633' title='bbox 783 1227 818 1255; x_wconf 82' lang='lat'>17.</span> <span class='ocrx_word' id='word_1_634' title='bbox 893 1220 1018 1260; x_wconf 76' lang='lat' dir='ltr'>Relaxare</span> <span class='ocrx_word' id='word_1_635' title='bbox 1037 1230 1110 1247; x_wconf 89' lang='lat' dir='ltr'>men·</span> <span class='ocrx_word' id='word_1_636' title='bbox 1171 1221 1262 1253; x_wconf 91' lang='lat' dir='ltr'>tibor,</span> <span class='ocrx_word' id='word_1_637' title='bbox 1288 1222 1442 1259; x_wconf 74' lang='grc' dir='ltr'>[ψεύσομαι]</span> <span class='ocrx_word' id='word_1_638' title='bbox 1479 1226 1561 1252; x_wconf 88' lang='lat' dir='ltr'>Plaut.</span> <span class='ocrx_word' id='word_1_639' title='bbox 1575 1226 1657 1253; x_wconf 90' lang='lat' dir='ltr'>Milit.</span> <span class='ocrx_word' id='word_1_640' title='bbox 1673 1235 1698 1260; x_wconf 86' lang='lat'>2,</span> <span class='ocrx_word' id='word_1_641' title='bbox 1713 1236 1742 1261; x_wconf 85' lang='lat'>2,</span> <span class='ocrx_word' id='word_1_642' title='bbox 1755 1236 1790 1261; x_wconf 89' lang='lat'>99</span> <span class='ocrx_word' id='word_1_643' title='bbox 1820 1228 1852 1254; x_wconf 80' lang='lat' dir='ltr'>Et</span> <span class='ocrx_word' id='word_1_644' title='bbox 1864 1230 2040 1257; x_wconf 77' lang='lat' dir='ltr'>assemandum</span> <span class='ocrx_word' id='word_1_645' title='bbox 2054 1231 2090 1258; x_wconf 87' lang='lat' dir='ltr'>est</span> <span class='ocrx_word' id='word_1_646' title='bbox 2103 1232 2236 1267; x_wconf 88' lang='lat' dir='ltr'>quidquid</span> 
     </span>
     <span class='ocr_line' id='line_1_30' title="bbox 45 1256 1404 1295; baseline -0.002 -7"><span class='ocrx_word' id='word_1_647' title='bbox 45 1268 97 1288; x_wconf 85' lang='lat' dir='ltr'>tem</span> <span class='ocrx_word' id='word_1_648' title='bbox 126 1262 211 1288; x_wconf 84' lang='lat' dir='ltr'>Senec.</span> <span class='ocrx_word' id='word_1_649' title='bbox 226 1260 335 1295; x_wconf 77' lang='lat' dir='ltr'>Hippoi.</span> <span class='ocrx_word' id='word_1_650' title='bbox 350 1270 373 1291; x_wconf 82' lang='lat'>4·</span> <span class='ocrx_word' id='word_1_651' title='bbox 445 1257 607 1292; x_wconf 83' lang='lat' dir='ltr'>Relinquere</span> <span class='ocrx_word' id='word_1_652' title='bbox 621 1256 736 1291; x_wconf 85' lang='lat' dir='ltr'>aliquem</span> <span class='ocrx_word' id='word_1_653' title='bbox 749 1257 809 1282; x_wconf 87' lang='lat' dir='ltr'>fuae</span> <span class='ocrx_word' id='word_1_654' title='bbox 822 1256 905 1283; x_wconf 85' lang='lat' dir='ltr'>menti</span> <span class='ocrx_word' id='word_1_655' title='bbox 937 1256 982 1283; x_wconf 84' lang='lat' dir='ltr'>Sil.</span> <span class='ocrx_word' id='word_1_656' title='bbox 999 1266 1029 1290; x_wconf 89' lang='grc' dir='ltr'>ιι,</span> <span class='ocrx_word' id='word_1_657' title='bbox 1050 1258 1108 1289; x_wconf 88' lang='grc'><strong>326.</strong></span> <span class='ocrx_word' id='word_1_658' title='bbox 1171 1257 1215 1285; x_wconf 90' lang='lat' dir='ltr'>hic</span> <span class='ocrx_word' id='word_1_659' title='bbox 1235 1258 1404 1286; x_wconf 85' lang='lat' dir='ltr'>mentibitur.</span> 
     </span>
    </p>

    <p class='ocr_par' dir='ltr' id='par_1_5' title="bbox 45 1292 2001 1337">
     <span class='ocr_line' id='line_1_31' title="bbox 45 1292 2001 1337; baseline 0.002 -13"><span class='ocrx_word' id='word_1_660' title='bbox 45 1297 172 1333; x_wconf 85' lang='lat' dir='ltr'>Repetere</span> <span class='ocrx_word' id='word_1_661' title='bbox 183 1296 284 1332; x_wconf 88' lang='lat' dir='ltr'>aliquid</span> <span class='ocrx_word' id='word_1_662' title='bbox 298 1301 383 1322; x_wconf 86' lang='lat' dir='ltr'>mente</span> <span class='ocrx_word' id='word_1_663' title='bbox 396 1294 510 1321; x_wconf 82' lang='lat' dir='ltr'>inoblita</span> <span class='ocrx_word' id='word_1_664' title='bbox 536 1292 618 1319; x_wconf 88' lang='lat' dir='ltr'>Ouid.</span> <span class='ocrx_word' id='word_1_665' title='bbox 631 1301 663 1318; x_wconf 87' lang='lat' dir='ltr'>ex</span> <span class='ocrx_word' id='word_1_666' title='bbox 677 1293 752 1318; x_wconf 91' lang='lat' dir='ltr'>Pont.</span> <span class='ocrx_word' id='word_1_667' title='bbox 766 1302 790 1326; x_wconf 79' lang='grc'>4,</span> <span class='ocrx_word' id='word_1_668' title='bbox 805 1301 838 1325; x_wconf 77' lang='grc' dir='ltr'>ις,</span> <span class='ocrx_word' id='word_1_669' title='bbox 854 1299 892 1326; x_wconf 79' lang='grc'>37.</span> <span class='ocrx_word' id='word_1_670' title='bbox 968 1293 1108 1327; x_wconf 83' lang='lat' dir='ltr'>Reponere</span> <span class='ocrx_word' id='word_1_671' title='bbox 1127 1305 1158 1329; x_wconf 82' lang='lat'>30</span> <span class='ocrx_word' id='word_1_672' title='bbox 1211 1301 1235 1320; x_wconf 89' lang='lat' dir='ltr'>M</span> <span class='ocrx_word' id='word_1_673' title='bbox 1246 1301 1262 1320; x_wconf 84' lang='lat' dir='ltr'><em>E</em></span> <span class='ocrx_word' id='word_1_674' title='bbox 1274 1301 1296 1320; x_wconf 91' lang='lat' dir='ltr'>N</span> <span class='ocrx_word' id='word_1_675' title='bbox 1307 1301 1329 1320; x_wconf 89' lang='lat' dir='ltr'>T</span> <span class='ocrx_word' id='word_1_676' title='bbox 1338 1302 1347 1320; x_wconf 86' lang='lat'>1</span> <span class='ocrx_word' id='word_1_677' title='bbox 1357 1301 1373 1321; x_wconf 85' lang='lat' dir='ltr'>E</span> <span class='ocrx_word' id='word_1_678' title='bbox 1382 1302 1425 1322; x_wconf 87' lang='lat' dir='ltr'>Ns</span> <span class='ocrx_word' id='word_1_679' title='bbox 1434 1317 1442 1329; x_wconf 96' lang='lat'>,</span> <span class='ocrx_word' id='word_1_680' title='bbox 1463 1296 1540 1323; x_wconf 88' lang='lat' dir='ltr'>entis.</span> <span class='ocrx_word' id='word_1_681' title='bbox 1579 1297 1672 1325; x_wconf 88' lang='lat' dir='ltr'>Partic.</span> <span class='ocrx_word' id='word_1_682' title='bbox 1729 1299 1860 1332; x_wconf 63' lang='lat' dir='ltr'>Quinetil.</span> <span class='ocrx_word' id='word_1_683' title='bbox 1873 1302 1890 1327; x_wconf 88' lang='lat'>6</span> <span class='ocrx_word' id='word_1_684' title='bbox 1899 1323 1906 1334; x_wconf 94' lang='lat'>‚</span> <span class='ocrx_word' id='word_1_685' title='bbox 1921 1310 1943 1335; x_wconf 87' lang='grc'>3,</span> <span class='ocrx_word' id='word_1_686' title='bbox 1957 1308 2001 1337; x_wconf 86' lang='lat'>73.</span> 
     </span>
    </p>
   </div>
   <div class='ocr_carea' id='block_1_5' title="bbox 44 1327 2241 1550">
    <p class='ocr_par' dir='ltr' id='par_1_6' title="bbox 44 1327 2241 1517">
     <span class='ocr_line' id='line_1_32' title="bbox 44 1327 2236 1373; baseline 0.002 -13"><span class='ocrx_word' id='word_1_687' title='bbox 44 1340 160 1360; x_wconf 84' lang='lat' dir='ltr'>mentem</span> <span class='ocrx_word' id='word_1_688' title='bbox 172 1333 268 1365; x_wconf 85' lang='lat' dir='ltr'>alicui,</span> <span class='ocrx_word' id='word_1_689' title='bbox 296 1333 403 1358; x_wconf 72' lang='lat' dir='ltr'>Reddere</span> <span class='ocrx_word' id='word_1_690' title='bbox 420 1331 529 1355; x_wconf 80' lang='lat' dir='ltr'>animum</span> <span class='ocrx_word' id='word_1_691' title='bbox 562 1329 650 1355; x_wconf 82' lang='lat' dir='ltr'>Valet.</span> <span class='ocrx_word' id='word_1_692' title='bbox 670 1329 770 1362; x_wconf 83' lang='lat' dir='ltr'>Argon.</span> <span class='ocrx_word' id='word_1_693' title='bbox 783 1335 817 1363; x_wconf 85' lang='lat'>7,</span> <span class='ocrx_word' id='word_1_694' title='bbox 837 1336 891 1362; x_wconf 74' lang='lat'>245.</span> <span class='ocrx_word' id='word_1_695' title='bbox 965 1327 1108 1363; x_wconf 75' lang='lat' dir='ltr'>Repostum</span> <span class='ocrx_word' id='word_1_696' title='bbox 1211 1331 1444 1365; x_wconf 81' lang='lat' dir='ltr'>MENTi‘Tvs‚</span> <span class='ocrx_word' id='word_1_697' title='bbox 1470 1340 1500 1365; x_wconf 90' lang='lat' dir='ltr'>a,</span> <span class='ocrx_word' id='word_1_698' title='bbox 1527 1342 1580 1359; x_wconf 91' lang='lat' dir='ltr'>um.</span> <span class='ocrx_word' id='word_1_699' title='bbox 1620 1334 1712 1362; x_wconf 87' lang='lat' dir='ltr'>Partic.</span> <span class='ocrx_word' id='word_1_700' title='bbox 1748 1336 1926 1372; x_wconf 57' lang='grc' dir='ltr'>[ἐψευσμένος]</span> <span class='ocrx_word' id='word_1_701' title='bbox 1974 1338 2029 1365; x_wconf 89' lang='lat' dir='ltr'>Cic.</span> <span class='ocrx_word' id='word_1_702' title='bbox 2051 1337 2129 1366; x_wconf 81' lang='lat' dir='ltr'>Acad.</span> <span class='ocrx_word' id='word_1_703' title='bbox 2148 1348 2184 1373; x_wconf 90' lang='lat'>4,</span> <span class='ocrx_word' id='word_1_704' title='bbox 2202 1342 2236 1373; x_wconf 86' lang='lat'>96</span> 
     </span>
     <span class='ocr_line' id='line_1_33' title="bbox 46 1363 2236 1407; baseline -0.001 -11"><span class='ocrx_word' id='word_1_705' title='bbox 46 1369 97 1396; x_wconf 83' lang='lat' dir='ltr'>alta</span> <span class='ocrx_word' id='word_1_706' title='bbox 110 1375 197 1395; x_wconf 87' lang='lat' dir='ltr'>mente</span> <span class='ocrx_word' id='word_1_707' title='bbox 223 1368 298 1403; x_wconf 84' lang='lat' dir='ltr'>Virg.</span> <span class='ocrx_word' id='word_1_708' title='bbox 312 1367 377 1393; x_wconf 85' lang='lat' dir='ltr'>Aen.</span> <span class='ocrx_word' id='word_1_709' title='bbox 392 1376 410 1399; x_wconf 87' lang='lat'>1,</span> <span class='ocrx_word' id='word_1_710' title='bbox 424 1374 466 1399; x_wconf 82' lang='lat'>30.</span> <span class='ocrx_word' id='word_1_711' title='bbox 540 1364 687 1391; x_wconf 84' lang='lat' dir='ltr'>Restituere</span> <span class='ocrx_word' id='word_1_712' title='bbox 703 1363 781 1391; x_wconf 89' lang='lat' dir='ltr'>ebrio</span> <span class='ocrx_word' id='word_1_713' title='bbox 796 1370 910 1390; x_wconf 85' lang='lat' dir='ltr'>mentem</span> <span class='ocrx_word' id='word_1_714' title='bbox 937 1364 1108 1391; x_wconf 84' lang='lat' dir='ltr'>Scribon.12.</span> <span class='ocrx_word' id='word_1_715' title='bbox 1174 1366 1218 1393; x_wconf 87' lang='lat' dir='ltr'>Ne</span> <span class='ocrx_word' id='word_1_716' title='bbox 1232 1372 1261 1392; x_wconf 89' lang='lat' dir='ltr'>tu</span> <span class='ocrx_word' id='word_1_717' title='bbox 1274 1367 1321 1402; x_wconf 89' lang='lat' dir='ltr'>qui</span> <span class='ocrx_word' id='word_1_718' title='bbox 1339 1367 1411 1394; x_wconf 87' lang='lat' dir='ltr'>idem</span> <span class='ocrx_word' id='word_1_719' title='bbox 1432 1377 1473 1394; x_wconf 90' lang='lat' dir='ltr'>me</span> <span class='ocrx_word' id='word_1_720' title='bbox 1492 1367 1626 1396; x_wconf 75' lang='lat' dir='ltr'>fa&amp;urum</span> <span class='ocrx_word' id='word_1_721' title='bbox 1646 1371 1734 1404; x_wconf 90' lang='lat' dir='ltr'>paullo</span> <span class='ocrx_word' id='word_1_722' title='bbox 1753 1379 1813 1398; x_wconf 90' lang='lat' dir='ltr'>ante</span> <span class='ocrx_word' id='word_1_723' title='bbox 1832 1372 1946 1407; x_wconf 81' lang='lat' dir='ltr'>dixeris,</span> <span class='ocrx_word' id='word_1_724' title='bbox 1977 1374 2084 1401; x_wconf 62' lang='lat' dir='ltr'>videare</span> <span class='ocrx_word' id='word_1_725' title='bbox 2103 1376 2236 1402; x_wconf 77' lang='lat' dir='ltr'>mentitus.</span> 
     </span>
     <span class='ocr_line' id='line_1_34' title="bbox 45 1400 2235 1445; baseline 0.002 -13"><span class='ocrx_word' id='word_1_726' title='bbox 45 1405 186 1432; x_wconf 80' lang='lat' dir='ltr'>Reuincire</span> <span class='ocrx_word' id='word_1_727' title='bbox 201 1410 316 1430; x_wconf 85' lang='lat' dir='ltr'>mentem</span> <span class='ocrx_word' id='word_1_728' title='bbox 330 1411 422 1429; x_wconf 85' lang='lat' dir='ltr'>amore</span> <span class='ocrx_word' id='word_1_729' title='bbox 447 1400 544 1428; x_wconf 81' lang='lat' dir='ltr'>Catuli.</span> <span class='ocrx_word' id='word_1_730' title='bbox 560 1409 601 1435; x_wconf 75' lang='lat'>59,</span> <span class='ocrx_word' id='word_1_731' title='bbox 615 1409 651 1433; x_wconf 80' lang='lat'>33.</span> <span class='ocrx_word' id='word_1_732' title='bbox 726 1400 830 1427; x_wconf 86' lang='lat' dir='ltr'>Lucret.</span> <span class='ocrx_word' id='word_1_733' title='bbox 844 1408 874 1432; x_wconf 82' lang='lat'>3,</span> <span class='ocrx_word' id='word_1_734' title='bbox 887 1407 937 1432; x_wconf 63' lang='lat'>529</span> <span class='ocrx_word' id='word_1_735' title='bbox 1173 1403 1264 1435; x_wconf 70' lang='lat' dir='ltr'>Quum</span> <span class='ocrx_word' id='word_1_736' title='bbox 1279 1410 1373 1429; x_wconf 83' lang='lat' dir='ltr'>neuter</span> <span class='ocrx_word' id='word_1_737' title='bbox 1385 1404 1418 1430; x_wconf 93' lang='lat' dir='ltr'>ab</span> <span class='ocrx_word' id='word_1_738' title='bbox 1430 1413 1478 1437; x_wconf 87' lang='lat' dir='ltr'>eo,</span> <span class='ocrx_word' id='word_1_739' title='bbox 1499 1413 1553 1438; x_wconf 89' lang='lat' dir='ltr'>quo</span> <span class='ocrx_word' id='word_1_740' title='bbox 1568 1406 1892 1440; x_wconf 83' lang='lat' dir='ltr'>arguebatur‚·mentitus</span> <span class='ocrx_word' id='word_1_741' title='bbox 1912 1411 1987 1444; x_wconf 85' lang='lat' dir='ltr'>argui</span> <span class='ocrx_word' id='word_1_742' title='bbox 2009 1411 2089 1443; x_wconf 86' lang='lat' dir='ltr'>posset</span> <span class='ocrx_word' id='word_1_743' title='bbox 2123 1412 2191 1439; x_wconf 91' lang='lat' dir='ltr'>Vell.</span> <span class='ocrx_word' id='word_1_744' title='bbox 2205 1420 2235 1445; x_wconf 75' lang='lat'>2,</span> 
     </span>
     <span class='ocr_line' id='line_1_35' title="bbox 200 1436 2238 1483; baseline -0.006 -17"><span class='ocrx_word' id='word_1_745' title='bbox 200 1440 232 1467; x_wconf 86' lang='lat' dir='ltr'>Et</span> <span class='ocrx_word' id='word_1_746' title='bbox 253 1439 380 1474; x_wconf 80' lang='lat' dir='ltr'>qnoniam</span> <span class='ocrx_word' id='word_1_747' title='bbox 401 1443 516 1464; x_wconf 86' lang='lat' dir='ltr'>mentem</span> <span class='ocrx_word' id='word_1_748' title='bbox 538 1436 638 1468; x_wconf 78' lang='lat' dir='ltr'>sanari,</span> <span class='ocrx_word' id='word_1_749' title='bbox 660 1444 755 1470; x_wconf 87' lang='lat' dir='ltr'>corpus</span> <span class='ocrx_word' id='word_1_750' title='bbox 775 1442 803 1475; x_wconf 71' lang='grc' dir='ltr'>γι</span> <span class='ocrx_word' id='word_1_751' title='bbox 823 1444 934 1470; x_wconf 79' lang='lat' dir='ltr'>aegrum</span> <span class='ocrx_word' id='word_1_752' title='bbox 1174 1447 1218 1470; x_wconf 84' lang='grc'>33,</span> <span class='ocrx_word' id='word_1_753' title='bbox 1238 1446 1263 1464; x_wconf 86' lang='lat'>2.</span> <span class='ocrx_word' id='word_1_754' title='bbox 1322 1440 1352 1464; x_wconf 82' lang='lat' dir='ltr'>Et</span> <span class='ocrx_word' id='word_1_755' title='bbox 1364 1439 1459 1465; x_wconf 59' lang='lat' dir='ltr'>dii-itur</span> <span class='ocrx_word' id='word_1_756' title='bbox 1478 1441 1554 1466; x_wconf 84' lang='lat' dir='ltr'>etiam</span> <span class='ocrx_word' id='word_1_757' title='bbox 1569 1439 1661 1476; x_wconf 63' lang='lat' dir='ltr'>paffiue</span> <span class='ocrx_word' id='word_1_758' title='bbox 1676 1449 1723 1477; x_wconf 58' lang='lat' dir='ltr'>pm</span> <span class='ocrx_word' id='word_1_759' title='bbox 1735 1443 1805 1477; x_wconf 58' lang='lat' dir='ltr'><em>Falso</em></span> <span class='ocrx_word' id='word_1_760' title='bbox 1819 1445 1954 1478; x_wconf 68' lang='lat' dir='ltr'>etsta-ata,</span> <span class='ocrx_word' id='word_1_761' title='bbox 1973 1446 2126 1480; x_wconf 66' lang='lat' dir='ltr'>affimulato,</span> <span class='ocrx_word' id='word_1_762' title='bbox 2152 1456 2181 1472; x_wconf 62' lang='lat' dir='ltr'>Ut</span> <span class='ocrx_word' id='word_1_763' title='bbox 2198 1456 2238 1483; x_wconf 39' lang='lat' dir='ltr'>ap.</span> 
     </span>
     <span class='ocr_line' id='line_1_36' title="bbox 201 1471 2241 1517; baseline 0.001 -15"><span class='ocrx_word' id='word_1_764' title='bbox 201 1475 360 1507; x_wconf 85' lang='lat' dir='ltr'>Cernimus,</span> <span class='ocrx_word' id='word_1_765' title='bbox 381 1480 406 1500; x_wconf 90' lang='lat' dir='ltr'>et</span> <span class='ocrx_word' id='word_1_766' title='bbox 427 1472 498 1500; x_wconf 63' lang='lat' dir='ltr'>flecti</span> <span class='ocrx_word' id='word_1_767' title='bbox 520 1471 651 1498; x_wconf 84' lang='lat' dir='ltr'>medicina</span> <span class='ocrx_word' id='word_1_768' title='bbox 671 1472 740 1506; x_wconf 76' lang='lat' dir='ltr'>poffe</span> <span class='ocrx_word' id='word_1_769' title='bbox 760 1471 897 1497; x_wconf 80' lang='lat' dir='ltr'>videmus:</span> <span class='ocrx_word' id='word_1_770' title='bbox 1127 1480 1156 1506; x_wconf 76' lang='lat'>35</span> <span class='ocrx_word' id='word_1_771' title='bbox 1173 1474 1232 1499; x_wconf 90' lang='lat' dir='ltr'>Val.</span> <span class='ocrx_word' id='word_1_772' title='bbox 1247 1474 1328 1500; x_wconf 83' lang='lat' dir='ltr'>Flacc.</span> <span class='ocrx_word' id='word_1_773' title='bbox 1342 1482 1375 1508; x_wconf 88' lang='lat'>7,</span> <span class='ocrx_word' id='word_1_774' title='bbox 1389 1483 1436 1507; x_wconf 76' lang='lat'>153.</span> <span class='ocrx_word' id='word_1_775' title='bbox 1451 1483 1475 1501; x_wconf 82' lang='lat' dir='ltr'>et</span> <span class='ocrx_word' id='word_1_776' title='bbox 1489 1484 1534 1502; x_wconf 82' lang='lat'>211.</span> <span class='ocrx_word' id='word_1_777' title='bbox 1593 1478 1648 1504; x_wconf 59' lang='lat' dir='ltr'>Via.</span> <span class='ocrx_word' id='word_1_778' title='bbox 1670 1478 1809 1506; x_wconf 56' lang='lat' dir='ltr'>Dra-kent.</span> <span class='ocrx_word' id='word_1_779' title='bbox 1829 1483 1864 1505; x_wconf 80' lang='lat' dir='ltr'>ad</span> <span class='ocrx_word' id='word_1_780' title='bbox 1883 1480 1927 1507; x_wconf 85' lang='lat' dir='ltr'>Sil.</span> <span class='ocrx_word' id='word_1_781' title='bbox 1941 1490 1969 1513; x_wconf 82' lang='grc'>2,</span> <span class='ocrx_word' id='word_1_782' title='bbox 1988 1486 2046 1517; x_wconf 79' lang='lat'>637.</span> <span class='ocrx_word' id='word_1_783' title='bbox 2104 1484 2192 1509; x_wconf 68' lang='lat' dir='ltr'>Barth,</span> <span class='ocrx_word' id='word_1_784' title='bbox 2204 1485 2241 1509; x_wconf 73' lang='lat' dir='ltr'>ad</span> 
     </span>
    </p>

    <p class='ocr_par' dir='ltr' id='par_1_7' title="bbox 170 1505 2235 1550">
     <span class='ocr_line' id='line_1_37' title="bbox 170 1505 2235 1550; baseline 0.003 -12"><span class='ocrx_word' id='word_1_785' title='bbox 170 1505 175 1509; x_wconf 45' lang='lat'>¹</span> <span class='ocrx_word' id='word_1_786' title='bbox 199 1511 230 1539; x_wconf 89' lang='lat' dir='ltr'>Id</span> <span class='ocrx_word' id='word_1_787' title='bbox 251 1519 358 1546; x_wconf 88' lang='lat' dir='ltr'>quoque</span> <span class='ocrx_word' id='word_1_788' title='bbox 379 1509 505 1544; x_wconf 81' lang='lat' dir='ltr'>praesagit</span> <span class='ocrx_word' id='word_1_789' title='bbox 524 1507 665 1534; x_wconf 81' lang='lat' dir='ltr'>mortalem</span> <span class='ocrx_word' id='word_1_790' title='bbox 685 1505 778 1534; x_wconf 49' lang='lat' dir='ltr'>{uere</span> <span class='ocrx_word' id='word_1_791' title='bbox 795 1514 920 1534; x_wconf 85' lang='lat' dir='ltr'>mentem.</span> <span class='ocrx_word' id='word_1_792' title='bbox 1173 1510 1264 1544; x_wconf 74' lang='lat' dir='ltr'>Script.</span> <span class='ocrx_word' id='word_1_793' title='bbox 1283 1511 1340 1537; x_wconf 78' lang='lat' dir='ltr'>Ven.</span> <span class='ocrx_word' id='word_1_794' title='bbox 1352 1517 1378 1545; x_wconf 91' lang='lat' dir='ltr'>p.</span> <span class='ocrx_word' id='word_1_795' title='bbox 1387 1516 1425 1543; x_wconf 84' lang='lat'>78.</span> <span class='ocrx_word' id='word_1_796' title='bbox 1483 1512 1520 1538; x_wconf 79' lang='lat' dir='ltr'>Os</span> <span class='ocrx_word' id='word_1_797' title='bbox 1535 1513 1676 1540; x_wconf 87' lang='lat' dir='ltr'>mentitum</span> <span class='ocrx_word' id='word_1_798' title='bbox 1698 1513 1780 1541; x_wconf 86' lang='lat' dir='ltr'>Ouid.</span> <span class='ocrx_word' id='word_1_799' title='bbox 1794 1514 1858 1543; x_wconf 85' lang='lat' dir='ltr'>Fast.</span> <span class='ocrx_word' id='word_1_800' title='bbox 1872 1518 1904 1549; x_wconf 85' lang='lat'>6,</span> <span class='ocrx_word' id='word_1_801' title='bbox 1922 1520 1984 1550; x_wconf 85' lang='lat'>426.</span> <span class='ocrx_word' id='word_1_802' title='bbox 2059 1518 2114 1545; x_wconf 87' lang='lat' dir='ltr'>Cic.</span> <span class='ocrx_word' id='word_1_803' title='bbox 2129 1519 2160 1545; x_wconf 89' lang='lat' dir='ltr'>de</span> <span class='ocrx_word' id='word_1_804' title='bbox 2174 1519 2235 1546; x_wconf 79' lang='lat' dir='ltr'>Nat.</span> 
     </span>
    </p>
   </div>
   <div class='ocr_carea' id='block_1_6' title="bbox 42 1542 2237 1690">
    <p class='ocr_par' dir='ltr' id='par_1_8' title="bbox 42 1542 2237 1690">
     <span class='ocr_line' id='line_1_38' title="bbox 42 1542 2237 1589; baseline 0.006 -21"><span class='ocrx_word' id='word_1_805' title='bbox 42 1547 174 1581; x_wconf 72' lang='lat' dir='ltr'>Qiinffil,</span> <span class='ocrx_word' id='word_1_806' title='bbox 188 1555 213 1581; x_wconf 85' lang='lat'>2,</span> <span class='ocrx_word' id='word_1_807' title='bbox 229 1557 242 1579; x_wconf 87' lang='lat'><strong>4</strong></span> <span class='ocrx_word' id='word_1_808' title='bbox 274 1546 348 1579; x_wconf 73' lang='lat' dir='ltr'>Quin</span> <span class='ocrx_word' id='word_1_809' title='bbox 363 1545 421 1580; x_wconf 82' lang='lat' dir='ltr'>ipsis</span> <span class='ocrx_word' id='word_1_810' title='bbox 434 1543 594 1571; x_wconf 61' lang='lat' dir='ltr'>doetoribus</span> <span class='ocrx_word' id='word_1_811' title='bbox 606 1542 657 1569; x_wconf 88' lang='lat' dir='ltr'>hoc</span> <span class='ocrx_word' id='word_1_812' title='bbox 671 1551 748 1569; x_wconf 85' lang='lat' dir='ltr'>curae</span> <span class='ocrx_word' id='word_1_813' title='bbox 765 1543 814 1569; x_wconf 75' lang='lat' dir='ltr'>ess&#39;e</span> <span class='ocrx_word' id='word_1_814' title='bbox 831 1543 932 1583; x_wconf 77' lang='lat' dir='ltr'>yelim,</span> <span class='ocrx_word' id='word_1_815' title='bbox 963 1548 992 1569; x_wconf 93' lang='lat' dir='ltr'>vt</span> <span class='ocrx_word' id='word_1_816' title='bbox 1005 1548 1108 1569; x_wconf 86' lang='lat' dir='ltr'>teneras</span> <span class='ocrx_word' id='word_1_817' title='bbox 1173 1544 1253 1571; x_wconf 85' lang='lat' dir='ltr'>Deor.</span> <span class='ocrx_word' id='word_1_818' title='bbox 1268 1553 1300 1578; x_wconf 86' lang='lat'>2,</span> <span class='ocrx_word' id='word_1_819' title='bbox 1314 1548 1345 1576; x_wconf 80' lang='lat'>56</span> <span class='ocrx_word' id='word_1_820' title='bbox 1371 1547 1499 1582; x_wconf 82' lang='lat' dir='ltr'>Qiaeque</span> <span class='ocrx_word' id='word_1_821' title='bbox 1512 1547 1553 1574; x_wconf 85' lang='lat' dir='ltr'>his</span> <span class='ocrx_word' id='word_1_822' title='bbox 1567 1556 1676 1582; x_wconf 89' lang='lat' dir='ltr'>vacant,</span> <span class='ocrx_word' id='word_1_823' title='bbox 1694 1551 1820 1583; x_wconf 83' lang='lat' dir='ltr'>mentita,</span> <span class='ocrx_word' id='word_1_824' title='bbox 1840 1558 1865 1577; x_wconf 86' lang='lat' dir='ltr'>et</span> <span class='ocrx_word' id='word_1_825' title='bbox 1879 1551 1940 1579; x_wconf 84' lang='lat' dir='ltr'>falsa</span> <span class='ocrx_word' id='word_1_826' title='bbox 1951 1573 1959 1586; x_wconf 92' lang='lat'>,</span> <span class='ocrx_word' id='word_1_827' title='bbox 1986 1553 2114 1589; x_wconf 85' lang='lat' dir='ltr'>plenaque</span> <span class='ocrx_word' id='word_1_828' title='bbox 2128 1556 2237 1582; x_wconf 87' lang='lat' dir='ltr'>erroris.</span> 
     </span>
     <span class='ocr_line' id='line_1_39' title="bbox 43 1578 2237 1624; baseline 0.003 -14"><span class='ocrx_word' id='word_1_829' title='bbox 43 1584 126 1610; x_wconf 76' lang='lat' dir='ltr'>adhuc</span> <span class='ocrx_word' id='word_1_830' title='bbox 139 1590 239 1610; x_wconf 86' lang='lat' dir='ltr'>mentes</span> <span class='ocrx_word' id='word_1_831' title='bbox 258 1591 334 1609; x_wconf 87' lang='lat' dir='ltr'>more</span> <span class='ocrx_word' id='word_1_832' title='bbox 354 1581 489 1607; x_wconf 85' lang='lat' dir='ltr'>nutricum</span> <span class='ocrx_word' id='word_1_833' title='bbox 509 1579 618 1605; x_wconf 88' lang='lat' dir='ltr'>mollius</span> <span class='ocrx_word' id='word_1_834' title='bbox 638 1579 723 1612; x_wconf 86' lang='lat' dir='ltr'>alant,</span> <span class='ocrx_word' id='word_1_835' title='bbox 749 1585 775 1605; x_wconf 90' lang='lat' dir='ltr'>et</span> <span class='ocrx_word' id='word_1_836' title='bbox 791 1579 880 1605; x_wconf 78' lang='lat' dir='ltr'>satiari</span> <span class='ocrx_word' id='word_1_837' title='bbox 898 1578 1107 1618; x_wconf 34' lang='lat' dir='ltr'>velut-quodam</span> <span class='ocrx_word' id='word_1_838' title='bbox 1172 1581 1276 1615; x_wconf 71' lang='lat' dir='ltr'>Legitur</span> <span class='ocrx_word' id='word_1_839' title='bbox 1289 1588 1313 1606; x_wconf 79' lang='lat' dir='ltr'>et</span> <span class='ocrx_word' id='word_1_840' title='bbox 1333 1582 1471 1611; x_wconf 81' lang='lat' dir='ltr'>Ementita.</span> <span class='ocrx_word' id='word_1_841' title='bbox 1538 1585 1622 1611; x_wconf 90' lang='lat' dir='ltr'>Color</span> <span class='ocrx_word' id='word_1_842' title='bbox 1636 1587 1761 1612; x_wconf 85' lang='lat' dir='ltr'>mentitus</span> <span class='ocrx_word' id='word_1_843' title='bbox 1786 1587 1918 1620; x_wconf 70' lang='lat' dir='ltr'>Qiintffll.</span> <span class='ocrx_word' id='word_1_844' title='bbox 1931 1597 1966 1622; x_wconf 83' lang='lat'>12,</span> <span class='ocrx_word' id='word_1_845' title='bbox 1983 1600 2025 1623; x_wconf 86' lang='grc' dir='ltr'><strong>ιο,</strong></span> <span class='ocrx_word' id='word_1_846' title='bbox 2039 1591 2081 1624; x_wconf 87' lang='grc'>76.</span> <span class='ocrx_word' id='word_1_847' title='bbox 2139 1591 2237 1618; x_wconf 87' lang='lat' dir='ltr'>Honor</span> 
     </span>
     <span class='ocr_line' id='line_1_40' title="bbox 44 1615 2237 1659; baseline 0.006 -19"><span class='ocrx_word' id='word_1_848' title='bbox 44 1618 209 1646; x_wconf 72' lang='lat' dir='ltr'>iucundioris</span> <span class='ocrx_word' id='word_1_849' title='bbox 234 1617 387 1653; x_wconf 82' lang='lat' dir='ltr'>disciplinae</span> <span class='ocrx_word' id='word_1_850' title='bbox 406 1616 484 1649; x_wconf 88' lang='lat' dir='ltr'>cibo,</span> <span class='ocrx_word' id='word_1_851' title='bbox 512 1615 632 1649; x_wconf 66' lang='lat' dir='ltr'>laeteque</span> <span class='ocrx_word' id='word_1_852' title='bbox 658 1615 799 1649; x_wconf 86' lang='lat' dir='ltr'>patiantur.</span> <span class='ocrx_word' id='word_1_853' title='bbox 872 1615 988 1641; x_wconf 81' lang='lat' dir='ltr'>Scrutari</span> <span class='ocrx_word' id='word_1_854' title='bbox 1008 1621 1108 1639; x_wconf 83' lang='lat' dir='ltr'>mentes</span> <span class='ocrx_word' id='word_1_855' title='bbox 1172 1617 1258 1642; x_wconf 84' lang='lat' dir='ltr'>Anon.</span> <span class='ocrx_word' id='word_1_856' title='bbox 1273 1624 1311 1652; x_wconf 83' lang='lat' dir='ltr'>ap.</span> <span class='ocrx_word' id='word_1_857' title='bbox 1324 1617 1392 1644; x_wconf 88' lang='lat' dir='ltr'>Suet.</span> <span class='ocrx_word' id='word_1_858' title='bbox 1406 1618 1434 1644; x_wconf 93' lang='lat' dir='ltr'>in</span> <span class='ocrx_word' id='word_1_859' title='bbox 1449 1619 1513 1646; x_wconf 87' lang='lat' dir='ltr'>Oth.</span> <span class='ocrx_word' id='word_1_860' title='bbox 1528 1629 1548 1646; x_wconf 91' lang='lat' dir='ltr'>c.</span> <span class='ocrx_word' id='word_1_861' title='bbox 1558 1629 1579 1652; x_wconf 83' lang='grc'>3.</span> <span class='ocrx_word' id='word_1_862' title='bbox 1639 1621 1715 1648; x_wconf 85' lang='lat' dir='ltr'>Fama</span> <span class='ocrx_word' id='word_1_863' title='bbox 1729 1623 1838 1649; x_wconf 84' lang='lat' dir='ltr'>mentita</span> <span class='ocrx_word' id='word_1_864' title='bbox 1866 1624 1947 1651; x_wconf 87' lang='lat' dir='ltr'>Ouid.</span> <span class='ocrx_word' id='word_1_865' title='bbox 1962 1626 2026 1652; x_wconf 87' lang='lat' dir='ltr'>Met.</span> <span class='ocrx_word' id='word_1_866' title='bbox 2040 1634 2086 1659; x_wconf 83' lang='lat'>10,</span> <span class='ocrx_word' id='word_1_867' title='bbox 2104 1630 2139 1656; x_wconf 85' lang='lat'>28.</span> <span class='ocrx_word' id='word_1_868' title='bbox 2196 1627 2237 1653; x_wconf 79' lang='lat' dir='ltr'>Fi-</span> 
     </span>
     <span class='ocr_line' id='line_1_41' title="bbox 44 1651 1773 1690; baseline 0.003 -12"><span class='ocrx_word' id='word_1_869' title='bbox 44 1652 124 1680; x_wconf 74' lang='lat' dir='ltr'>deum</span> <span class='ocrx_word' id='word_1_870' title='bbox 137 1655 165 1681; x_wconf 91' lang='lat' dir='ltr'>in</span> <span class='ocrx_word' id='word_1_871' title='bbox 178 1654 252 1681; x_wconf 85' lang='lat' dir='ltr'>fibris</span> <span class='ocrx_word' id='word_1_872' title='bbox 281 1653 360 1680; x_wconf 88' lang='lat' dir='ltr'>Ouid.</span> <span class='ocrx_word' id='word_1_873' title='bbox 374 1653 439 1679; x_wconf 88' lang='lat' dir='ltr'>Met.</span> <span class='ocrx_word' id='word_1_874' title='bbox 459 1660 498 1685; x_wconf 84' lang='grc' dir='ltr'><strong>ις,</strong></span> <span class='ocrx_word' id='word_1_875' title='bbox 520 1653 568 1683; x_wconf 74' lang='grc'><strong>136.</strong></span> <span class='ocrx_word' id='word_1_876' title='bbox 643 1651 755 1677; x_wconf 87' lang='lat' dir='ltr'>Senescit</span> <span class='ocrx_word' id='word_1_877' title='bbox 770 1658 844 1676; x_wconf 86' lang='lat' dir='ltr'>mens</span> <span class='ocrx_word' id='word_1_878' title='bbox 876 1651 1029 1689; x_wconf 54' lang='lat' dir='ltr'>Luci-cuj,</span> <span class='ocrx_word' id='word_1_879' title='bbox 1049 1656 1107 1683; x_wconf 80' lang='lat'>447.</span> <span class='ocrx_word' id='word_1_880' title='bbox 1121 1661 1158 1686; x_wconf 88' lang='lat'>40</span> <span class='ocrx_word' id='word_1_881' title='bbox 1172 1652 1245 1686; x_wconf 86' lang='lat' dir='ltr'>guris</span> <span class='ocrx_word' id='word_1_882' title='bbox 1259 1654 1376 1680; x_wconf 80' lang='lat' dir='ltr'>mentitis</span> <span class='ocrx_word' id='word_1_883' title='bbox 1390 1654 1474 1681; x_wconf 85' lang='lat' dir='ltr'>celare</span> <span class='ocrx_word' id='word_1_884' title='bbox 1489 1657 1513 1682; x_wconf 84' lang='lat' dir='ltr'>se</span> <span class='ocrx_word' id='word_1_885' title='bbox 1539 1656 1576 1683; x_wconf 86' lang='lat' dir='ltr'>Id.</span> <span class='ocrx_word' id='word_1_886' title='bbox 1590 1655 1659 1683; x_wconf 85' lang='lat' dir='ltr'>lbid.</span> <span class='ocrx_word' id='word_1_887' title='bbox 1673 1666 1702 1690; x_wconf 84' lang='grc' dir='ltr'>ς,</span> <span class='ocrx_word' id='word_1_888' title='bbox 1716 1660 1773 1689; x_wconf 75' lang='grc'><strong>326.</strong></span> 
     </span>
    </p>
   </div>
   <div class='ocr_carea' id='block_1_7' title="bbox 36 1684 2239 1836">
    <p class='ocr_par' dir='ltr' id='par_1_9' title="bbox 41 1684 2238 1794">
     <span class='ocr_line' id='line_1_42' title="bbox 42 1684 2236 1730; baseline 0.002 -15"><span class='ocrx_word' id='word_1_889' title='bbox 42 1689 171 1716; x_wconf 82' lang='lat' dir='ltr'>Seuocare</span> <span class='ocrx_word' id='word_1_890' title='bbox 185 1696 300 1717; x_wconf 88' lang='lat' dir='ltr'>mentem</span> <span class='ocrx_word' id='word_1_891' title='bbox 314 1688 346 1715; x_wconf 82' lang='lat' dir='ltr'>ab</span> <span class='ocrx_word' id='word_1_892' title='bbox 360 1688 444 1715; x_wconf 86' lang='lat' dir='ltr'>oculis</span> <span class='ocrx_word' id='word_1_893' title='bbox 472 1687 528 1713; x_wconf 89' lang='lat' dir='ltr'>Cic.</span> <span class='ocrx_word' id='word_1_894' title='bbox 542 1685 574 1712; x_wconf 90' lang='lat' dir='ltr'>de</span> <span class='ocrx_word' id='word_1_895' title='bbox 587 1686 647 1713; x_wconf 81' lang='lat' dir='ltr'>Nat.</span> <span class='ocrx_word' id='word_1_896' title='bbox 656 1686 735 1712; x_wconf 84' lang='lat' dir='ltr'>Deor.</span> <span class='ocrx_word' id='word_1_897' title='bbox 751 1695 773 1718; x_wconf 79' lang='lat'>3,</span> <span class='ocrx_word' id='word_1_898' title='bbox 788 1693 823 1711; x_wconf 80' lang='lat'>21.</span> <span class='ocrx_word' id='word_1_899' title='bbox 896 1685 973 1724; x_wconf 74' lang='lat' dir='ltr'>Stetit</span> <span class='ocrx_word' id='word_1_900' title='bbox 987 1693 1014 1710; x_wconf 84' lang='grc' dir='ltr'><strong>1η</strong></span> <span class='ocrx_word' id='word_1_901' title='bbox 1022 1684 1106 1724; x_wconf 60' lang='lat' dir='ltr'>dubio</span> <span class='ocrx_word' id='word_1_902' title='bbox 1206 1694 1256 1714; x_wconf 81' lang='grc' dir='ltr'>ΜΕ</span> <span class='ocrx_word' id='word_1_903' title='bbox 1270 1694 1292 1714; x_wconf 98' lang='grc' dir='ltr'>Ν</span> <span class='ocrx_word' id='word_1_904' title='bbox 1304 1695 1374 1715; x_wconf 83' lang='lat' dir='ltr'>TIT</span> <span class='ocrx_word' id='word_1_905' title='bbox 1384 1691 1432 1716; x_wconf 57' lang='lat' dir='ltr'>VR</span> <span class='ocrx_word' id='word_1_906' title='bbox 1442 1697 1462 1715; x_wconf 91' lang='lat' dir='ltr'>v</span> <span class='ocrx_word' id='word_1_907' title='bbox 1472 1697 1502 1723; x_wconf 89' lang='lat' dir='ltr'>s,</span> <span class='ocrx_word' id='word_1_908' title='bbox 1522 1699 1536 1717; x_wconf 89' lang='lat' dir='ltr'>a</span> <span class='ocrx_word' id='word_1_909' title='bbox 1549 1712 1558 1723; x_wconf 87' lang='lat'>,</span> <span class='ocrx_word' id='word_1_910' title='bbox 1584 1700 1638 1718; x_wconf 86' lang='lat' dir='ltr'>um.</span> <span class='ocrx_word' id='word_1_911' title='bbox 1677 1693 1761 1718; x_wconf 82' lang='lat' dir='ltr'>Aliud</span> <span class='ocrx_word' id='word_1_912' title='bbox 1777 1692 1870 1720; x_wconf 90' lang='lat' dir='ltr'>Partic.</span> <span class='ocrx_word' id='word_1_913' title='bbox 1908 1693 1921 1728; x_wconf 86' lang='lat'>[</span> <span class='ocrx_word' id='word_1_914' title='bbox 1935 1698 2073 1727; x_wconf 68' lang='grc' dir='ltr'>ψευσόμενις</span> <span class='ocrx_word' id='word_1_915' title='bbox 2085 1696 2097 1730; x_wconf 89' lang='grc'>]</span> <span class='ocrx_word' id='word_1_916' title='bbox 2155 1696 2236 1723; x_wconf 81' lang='lat' dir='ltr'>Ouid.</span> 
     </span>
     <span class='ocr_line' id='line_1_43' title="bbox 42 1719 2238 1764; baseline -0.001 -3"><span class='ocrx_word' id='word_1_917' title='bbox 42 1734 118 1751; x_wconf 51' lang='grc' dir='ltr'>’ΠΨ-ς</span> <span class='ocrx_word' id='word_1_918' title='bbox 144 1726 239 1752; x_wconf 61' lang='lat' dir='ltr'><strong>Lucan·</strong></span> <span class='ocrx_word' id='word_1_919' title='bbox 252 1732 286 1759; x_wconf 78' lang='lat'>7,</span> <span class='ocrx_word' id='word_1_920' title='bbox 300 1732 358 1758; x_wconf 63' lang='lat'>247.</span> <span class='ocrx_word' id='word_1_921' title='bbox 431 1722 506 1755; x_wconf 67' lang='lat' dir='ltr'>Virg·</span> <span class='ocrx_word' id='word_1_922' title='bbox 519 1722 583 1747; x_wconf 65' lang='lat' dir='ltr'>Aen·</span> <span class='ocrx_word' id='word_1_923' title='bbox 597 1730 642 1752; x_wconf 74' lang='lat'>¹0⁹</span> <span class='ocrx_word' id='word_1_924' title='bbox 663 1725 708 1751; x_wconf 78' lang='lat'>824</span> <span class='ocrx_word' id='word_1_925' title='bbox 734 1721 766 1746; x_wconf 64' lang='lat' dir='ltr'>Et</span> <span class='ocrx_word' id='word_1_926' title='bbox 778 1726 894 1747; x_wconf 86' lang='lat' dir='ltr'>mentem</span> <span class='ocrx_word' id='word_1_927' title='bbox 907 1726 1007 1754; x_wconf 74' lang='lat' dir='ltr'>P³ffl¹³e</span> <span class='ocrx_word' id='word_1_928' title='bbox 1020 1719 1107 1760; x_wconf 57' lang='lat' dir='ltr'>subm</span> <span class='ocrx_word' id='word_1_929' title='bbox 1170 1722 1198 1749; x_wconf 88' lang='lat' dir='ltr'>in</span> <span class='ocrx_word' id='word_1_930' title='bbox 1225 1723 1284 1750; x_wconf 89' lang='lat' dir='ltr'>Ibin</span> <span class='ocrx_word' id='word_1_931' title='bbox 1305 1726 1339 1750; x_wconf 83' lang='lat'>66</span> <span class='ocrx_word' id='word_1_932' title='bbox 1377 1725 1442 1751; x_wconf 91' lang='lat' dir='ltr'>Non</span> <span class='ocrx_word' id='word_1_933' title='bbox 1466 1726 1615 1753; x_wconf 86' lang='lat' dir='ltr'>mentituro</span> <span class='ocrx_word' id='word_1_934' title='bbox 1640 1727 1755 1763; x_wconf 89' lang='lat' dir='ltr'>quilibet</span> <span class='ocrx_word' id='word_1_935' title='bbox 1784 1738 1832 1756; x_wconf 86' lang='lat' dir='ltr'>ore</span> <span class='ocrx_word' id='word_1_936' title='bbox 1851 1729 1926 1764; x_wconf 86' lang='lat' dir='ltr'>legat.</span> <span class='ocrx_word' id='word_1_937' title='bbox 2003 1731 2064 1757; x_wconf 83' lang='lat' dir='ltr'>Vox</span> <span class='ocrx_word' id='word_1_938' title='bbox 2093 1733 2238 1759; x_wconf 77' lang='lat' dir='ltr'>mentitura</span> 
     </span>
     <span class='ocr_line' id='line_1_44' title="bbox 41 1755 1484 1794; baseline 0 -8"><span class='ocrx_word' id='word_1_939' title='bbox 41 1761 146 1794; x_wconf 84' lang='lat' dir='ltr'>pietatis</span> <span class='ocrx_word' id='word_1_940' title='bbox 158 1761 255 1794; x_wconf 84' lang='lat' dir='ltr'>imago.</span> <span class='ocrx_word' id='word_1_941' title='bbox 288 1762 297 1770; x_wconf 75' lang='grc'><strong>“</strong></span> <span class='ocrx_word' id='word_1_942' title='bbox 317 1756 457 1785; x_wconf 86' lang='lat' dir='ltr'>Succubuit</span> <span class='ocrx_word' id='word_1_943' title='bbox 469 1764 541 1782; x_wconf 87' lang='lat' dir='ltr'>mens</span> <span class='ocrx_word' id='word_1_944' title='bbox 554 1755 683 1781; x_wconf 71' lang='lat' dir='ltr'>labefaela</span> <span class='ocrx_word' id='word_1_945' title='bbox 714 1755 801 1782; x_wconf 79' lang='lat' dir='ltr'>senec.</span> <span class='ocrx_word' id='word_1_946' title='bbox 815 1755 920 1782; x_wconf 86' lang='lat' dir='ltr'>Troad.</span> <span class='ocrx_word' id='word_1_947' title='bbox 931 1765 966 1782; x_wconf 84' lang='grc' dir='ltr'>ιο.</span> <span class='ocrx_word' id='word_1_948' title='bbox 1026 1756 1107 1782; x_wconf 74' lang='lat' dir='ltr'>Susci-</span> <span class='ocrx_word' id='word_1_949' title='bbox 1171 1759 1253 1786; x_wconf 89' lang='lat' dir='ltr'>Ouid.</span> <span class='ocrx_word' id='word_1_950' title='bbox 1269 1759 1355 1787; x_wconf 80' lang='lat' dir='ltr'>Trist.</span> <span class='ocrx_word' id='word_1_951' title='bbox 1369 1769 1398 1794; x_wconf 88' lang='grc'><strong>4,</strong></span> <span class='ocrx_word' id='word_1_952' title='bbox 1412 1770 1434 1794; x_wconf 78' lang='lat'>3,</span> <span class='ocrx_word' id='word_1_953' title='bbox 1448 1763 1484 1788; x_wconf 85' lang='lat'>16.</span> 
     </span>
    </p>

    <p class='ocr_par' dir='ltr' id='par_1_10' title="bbox 36 1791 2239 1836">
     <span class='ocr_line' id='line_1_45' title="bbox 36 1791 2239 1836; baseline 0.004 -15"><span class='ocrx_word' id='word_1_954' title='bbox 36 1804 102 1831; x_wconf 74' lang='lat' dir='ltr'>pere</span> <span class='ocrx_word' id='word_1_955' title='bbox 130 1795 185 1822; x_wconf 86' lang='lat' dir='ltr'>Cic.</span> <span class='ocrx_word' id='word_1_956' title='bbox 201 1795 229 1820; x_wconf 87' lang='lat' dir='ltr'>in</span> <span class='ocrx_word' id='word_1_957' title='bbox 244 1794 322 1820; x_wconf 79' lang='lat' dir='ltr'>Catil.</span> <span class='ocrx_word' id='word_1_958' title='bbox 336 1803 363 1824; x_wconf 83' lang='lat'>3,</span> <span class='ocrx_word' id='word_1_959' title='bbox 384 1800 425 1818; x_wconf 83' lang='lat'>22.</span> <span class='ocrx_word' id='word_1_960' title='bbox 483 1791 556 1817; x_wconf 88' lang='lat' dir='ltr'>Sum.</span> <span class='ocrx_word' id='word_1_961' title='bbox 613 1791 668 1819; x_wconf 84' lang='lat' dir='ltr'>Cic.</span> <span class='ocrx_word' id='word_1_962' title='bbox 688 1791 716 1817; x_wconf 87' lang='lat' dir='ltr'>iu</span> <span class='ocrx_word' id='word_1_963' title='bbox 734 1791 819 1817; x_wconf 85' lang='lat' dir='ltr'>Pison.</span> <span class='ocrx_word' id='word_1_964' title='bbox 837 1798 869 1824; x_wconf 75' lang='lat'>50</span> <span class='ocrx_word' id='word_1_965' title='bbox 903 1792 954 1818; x_wconf 88' lang='lat' dir='ltr'>Hic</span> <span class='ocrx_word' id='word_1_966' title='bbox 972 1791 990 1818; x_wconf 88' lang='lat' dir='ltr'>s1</span> <span class='ocrx_word' id='word_1_967' title='bbox 1009 1793 1105 1818; x_wconf 82' lang='lat' dir='ltr'>mentis</span> <span class='ocrx_word' id='word_1_968' title='bbox 1206 1802 1437 1830; x_wconf 83' lang='lat' dir='ltr'>MENTl&#39;rlo,</span> <span class='ocrx_word' id='word_1_969' title='bbox 1457 1797 1526 1824; x_wconf 80' lang='lat' dir='ltr'>onis.</span> <span class='ocrx_word' id='word_1_970' title='bbox 1547 1796 1566 1825; x_wconf 87' lang='lat' dir='ltr'>s.</span> <span class='ocrx_word' id='word_1_971' title='bbox 1605 1798 1728 1826; x_wconf 84' lang='lat' dir='ltr'>Verbale.</span> <span class='ocrx_word' id='word_1_972' title='bbox 1766 1800 1869 1827; x_wconf 63' lang='grc' dir='ltr'>Λιιᾶοι·</span> <span class='ocrx_word' id='word_1_973' title='bbox 1880 1800 1912 1827; x_wconf 78' lang='lat' dir='ltr'>ad</span> <span class='ocrx_word' id='word_1_974' title='bbox 1926 1801 2076 1836; x_wconf 79' lang='lat' dir='ltr'>Heren.3‚3</span> <span class='ocrx_word' id='word_1_975' title='bbox 2088 1811 2134 1830; x_wconf 86' lang='lat' dir='ltr'>c.2</span> <span class='ocrx_word' id='word_1_976' title='bbox 2155 1803 2239 1830; x_wconf 68' lang='lat' dir='ltr'>Dolus</span> 
     </span>
    </p>
   </div>
   <div class='ocr_carea' id='block_1_8' title="bbox 3 1826 2239 2191">
    <p class='ocr_par' dir='ltr' id='par_1_11' title="bbox 3 1826 2239 1904">
     <span class='ocr_line' id='line_1_46' title="bbox 38 1826 2239 1872; baseline 0.005 -15"><span class='ocrx_word' id='word_1_977' title='bbox 38 1831 99 1858; x_wconf 77' lang='lat' dir='ltr'>esset</span> <span class='ocrx_word' id='word_1_978' title='bbox 111 1831 185 1861; x_wconf 85' lang='lat' dir='ltr'>suae,</span> <span class='ocrx_word' id='word_1_979' title='bbox 207 1828 254 1855; x_wconf 86' lang='lat' dir='ltr'>nifi</span> <span class='ocrx_word' id='word_1_980' title='bbox 267 1837 364 1863; x_wconf 86' lang='lat' dir='ltr'>poenas</span> <span class='ocrx_word' id='word_1_981' title='bbox 379 1827 494 1862; x_wconf 83' lang='lat' dir='ltr'>patriae,</span> <span class='ocrx_word' id='word_1_982' title='bbox 514 1826 619 1861; x_wconf 81' lang='lat' dir='ltr'>diisque</span> <span class='ocrx_word' id='word_1_983' title='bbox 632 1826 829 1854; x_wconf 81' lang='lat' dir='ltr'>immortalibus</span> <span class='ocrx_word' id='word_1_984' title='bbox 843 1836 903 1861; x_wconf 88' lang='lat' dir='ltr'>eas,</span> <span class='ocrx_word' id='word_1_985' title='bbox 927 1837 994 1863; x_wconf 87' lang='lat' dir='ltr'>quae</span> <span class='ocrx_word' id='word_1_986' title='bbox 1008 1828 1106 1863; x_wconf 79' lang='lat' dir='ltr'>grauis-</span> <span class='ocrx_word' id='word_1_987' title='bbox 1122 1838 1156 1865; x_wconf 74' lang='lat'>45</span> <span class='ocrx_word' id='word_1_988' title='bbox 1172 1832 1336 1858; x_wconf 90' lang='lat' dir='ltr'>consumitur</span> <span class='ocrx_word' id='word_1_989' title='bbox 1351 1833 1379 1858; x_wconf 86' lang='lat' dir='ltr'>in</span> <span class='ocrx_word' id='word_1_990' title='bbox 1401 1834 1554 1868; x_wconf 85' lang='lat' dir='ltr'>pecuniam,</span> <span class='ocrx_word' id='word_1_991' title='bbox 1579 1835 1803 1869; x_wconf 80' lang='lat' dir='ltr'>pollicitationes,</span> <span class='ocrx_word' id='word_1_992' title='bbox 1828 1836 2061 1872; x_wconf 77' lang='lat' dir='ltr'>diffimulationes,</span> <span class='ocrx_word' id='word_1_993' title='bbox 2085 1840 2239 1867; x_wconf 85' lang='lat' dir='ltr'>maturatio-</span> 
     </span>
     <span class='ocr_line' id='line_1_47' title="bbox 3 1862 1746 1904; baseline 0.003 -11"><span class='ocrx_word' id='word_1_994' title='bbox 3 1872 5 1878; x_wconf 75' lang='lat'><em>·</em></span> <span class='ocrx_word' id='word_1_995' title='bbox 38 1866 117 1894; x_wconf 72' lang='lat' dir='ltr'>limae</span> <span class='ocrx_word' id='word_1_996' title='bbox 129 1867 204 1899; x_wconf 89' lang='lat' dir='ltr'>sunt,</span> <span class='ocrx_word' id='word_1_997' title='bbox 222 1865 318 1891; x_wconf 88' lang='lat' dir='ltr'>furore</span> <span class='ocrx_word' id='word_1_998' title='bbox 330 1870 408 1898; x_wconf 88' lang='lat' dir='ltr'>atque</span> <span class='ocrx_word' id='word_1_999' title='bbox 421 1863 521 1890; x_wconf 85' lang='lat' dir='ltr'>insania</span> <span class='ocrx_word' id='word_1_1000' title='bbox 534 1862 675 1897; x_wconf 83' lang='lat' dir='ltr'>penderet,</span> <span class='ocrx_word' id='word_1_1001' title='bbox 694 1864 770 1889; x_wconf 88' lang='lat' dir='ltr'>ausus</span> <span class='ocrx_word' id='word_1_1002' title='bbox 778 1864 848 1897; x_wconf 81' lang='lat' dir='ltr'>effet,</span> <span class='ocrx_word' id='word_1_1003' title='bbox 869 1871 915 1890; x_wconf 82' lang='lat' dir='ltr'>etc.</span> <span class='ocrx_word' id='word_1_1004' title='bbox 971 1865 1001 1891; x_wconf 89' lang='lat' dir='ltr'>In</span> <span class='ocrx_word' id='word_1_1005' title='bbox 1009 1871 1107 1897; x_wconf 89' lang='lat' dir='ltr'>mente,</span> <span class='ocrx_word' id='word_1_1006' title='bbox 1170 1876 1232 1900; x_wconf 84' lang='lat' dir='ltr'>nes,</span> <span class='ocrx_word' id='word_1_1007' title='bbox 1252 1868 1424 1895; x_wconf 87' lang='lat' dir='ltr'>mentitiones</span> <span class='ocrx_word' id='word_1_1008' title='bbox 1433 1889 1441 1902; x_wconf 90' lang='lat'>,</span> <span class='ocrx_word' id='word_1_1009' title='bbox 1460 1875 1485 1896; x_wconf 91' lang='lat' dir='ltr'>et</span> <span class='ocrx_word' id='word_1_1010' title='bbox 1498 1876 1610 1897; x_wconf 87' lang='lat' dir='ltr'>caeteras</span> <span class='ocrx_word' id='word_1_1011' title='bbox 1625 1880 1665 1897; x_wconf 84' lang='lat' dir='ltr'>res</span> <span class='ocrx_word' id='word_1_1012' title='bbox 1674 1892 1681 1904; x_wconf 83' lang='lat'>‚</span> <span class='ocrx_word' id='word_1_1013' title='bbox 1703 1879 1746 1897; x_wconf 74' lang='lat' dir='ltr'>etc.</span> 
     </span>
    </p>

    <p class='ocr_par' dir='ltr' id='par_1_12' title="bbox 38 1898 2238 2010">
     <span class='ocr_line' id='line_1_48' title="bbox 38 1898 2238 1946; baseline 0.004 -17"><span class='ocrx_word' id='word_1_1014' title='bbox 38 1910 63 1929; x_wconf 84' lang='lat' dir='ltr'>et</span> <span class='ocrx_word' id='word_1_1015' title='bbox 75 1902 103 1928; x_wconf 89' lang='lat' dir='ltr'>in</span> <span class='ocrx_word' id='word_1_1016' title='bbox 116 1908 231 1929; x_wconf 85' lang='lat' dir='ltr'>mentem</span> <span class='ocrx_word' id='word_1_1017' title='bbox 244 1900 280 1928; x_wconf 84' lang='lat' dir='ltr'>est</span> <span class='ocrx_word' id='word_1_1018' title='bbox 292 1900 377 1932; x_wconf 87' lang='lat' dir='ltr'>mihi,</span> <span class='ocrx_word' id='word_1_1019' title='bbox 409 1900 462 1925; x_wconf 79' lang='lat' dir='ltr'>vid.</span> <span class='ocrx_word' id='word_1_1020' title='bbox 478 1906 488 1925; x_wconf 89' lang='lat'>1</span> <span class='ocrx_word' id='word_1_1021' title='bbox 498 1906 520 1925; x_wconf 89' lang='lat' dir='ltr'>N</span> <span class='ocrx_word' id='word_1_1022' title='bbox 539 1898 771 1934; x_wconf 83' lang='lat' dir='ltr'>praepofitionem.</span> <span class='ocrx_word' id='word_1_1023' title='bbox 804 1918 807 1921; x_wconf 88' lang='lat'>-</span> <span class='ocrx_word' id='word_1_1024' title='bbox 844 1899 940 1926; x_wconf 87' lang='lat' dir='ltr'>Eadem</span> <span class='ocrx_word' id='word_1_1025' title='bbox 954 1906 1043 1926; x_wconf 84' lang='lat' dir='ltr'>mente</span> <span class='ocrx_word' id='word_1_1026' title='bbox 1056 1901 1106 1926; x_wconf 79' lang='lat' dir='ltr'>esse</span> <span class='ocrx_word' id='word_1_1027' title='bbox 1207 1909 1233 1930; x_wconf 84' lang='lat' dir='ltr'>M</span> <span class='ocrx_word' id='word_1_1028' title='bbox 1244 1910 1261 1930; x_wconf 78' lang='lat' dir='ltr'>E</span> <span class='ocrx_word' id='word_1_1029' title='bbox 1271 1911 1293 1930; x_wconf 88' lang='lat' dir='ltr'>N</span> <span class='ocrx_word' id='word_1_1030' title='bbox 1302 1910 1324 1930; x_wconf 85' lang='lat' dir='ltr'>T</span> <span class='ocrx_word' id='word_1_1031' title='bbox 1334 1912 1343 1930; x_wconf 88' lang='lat'>1</span> <span class='ocrx_word' id='word_1_1032' title='bbox 1354 1911 1366 1930; x_wconf 92' lang='lat' dir='ltr'>s</span> <span class='ocrx_word' id='word_1_1033' title='bbox 1376 1925 1384 1937; x_wconf 89' lang='lat'>‚</span> <span class='ocrx_word' id='word_1_1034' title='bbox 1406 1911 1452 1940; x_wconf 73' lang='lat' dir='ltr'>pro</span> <span class='ocrx_word' id='word_1_1035' title='bbox 1466 1907 1557 1939; x_wconf 81' lang='lat' dir='ltr'>Mens,</span> <span class='ocrx_word' id='word_1_1036' title='bbox 1579 1916 1611 1932; x_wconf 83' lang='lat' dir='ltr'>ex</span> <span class='ocrx_word' id='word_1_1037' title='bbox 1626 1907 1714 1933; x_wconf 87' lang='lat' dir='ltr'>Ennio</span> <span class='ocrx_word' id='word_1_1038' title='bbox 1725 1909 1788 1934; x_wconf 83' lang='lat' dir='ltr'>citat</span> <span class='ocrx_word' id='word_1_1039' title='bbox 1802 1908 1923 1936; x_wconf 83' lang='lat' dir='ltr'>Priscian.</span> <span class='ocrx_word' id='word_1_1040' title='bbox 1937 1916 1955 1944; x_wconf 85' lang='lat'>7</span> <span class='ocrx_word' id='word_1_1041' title='bbox 1966 1918 1991 1944; x_wconf 86' lang='lat' dir='ltr'>p.</span> <span class='ocrx_word' id='word_1_1042' title='bbox 2005 1912 2069 1944; x_wconf 87' lang='lat'>764.</span> <span class='ocrx_word' id='word_1_1043' title='bbox 2125 1912 2238 1946; x_wconf 78' lang='lat' dir='ltr'>Antiqui</span> 
     </span>
     <span class='ocr_line' id='line_1_49' title="bbox 39 1933 2235 1982; baseline 0.006 -21"><span class='ocrx_word' id='word_1_1044' title='bbox 39 1937 109 1973; x_wconf 81' lang='lat' dir='ltr'>Nep.</span> <span class='ocrx_word' id='word_1_1045' title='bbox 124 1947 162 1971; x_wconf 77' lang='lat'>23,</span> <span class='ocrx_word' id='word_1_1046' title='bbox 175 1947 204 1970; x_wconf 90' lang='lat'>2,</span> <span class='ocrx_word' id='word_1_1047' title='bbox 218 1944 240 1970; x_wconf 80' lang='grc' dir='ltr'>ς.</span> <span class='ocrx_word' id='word_1_1048' title='bbox 314 1936 355 1962; x_wconf 84' lang='lat' dir='ltr'>Est</span> <span class='ocrx_word' id='word_1_1049' title='bbox 368 1944 440 1962; x_wconf 86' lang='lat' dir='ltr'>mens</span> <span class='ocrx_word' id='word_1_1050' title='bbox 453 1934 537 1968; x_wconf 88' lang='lat' dir='ltr'>mihi,</span> <span class='ocrx_word' id='word_1_1051' title='bbox 558 1935 575 1961; x_wconf 89' lang='lat' dir='ltr'>i.</span> <span class='ocrx_word' id='word_1_1052' title='bbox 597 1936 685 1961; x_wconf 64' lang='lat' dir='ltr'>Placet</span> <span class='ocrx_word' id='word_1_1053' title='bbox 697 1935 774 1966; x_wconf 80' lang='lat' dir='ltr'>mihi,</span> <span class='ocrx_word' id='word_1_1054' title='bbox 803 1933 860 1962; x_wconf 78' lang='lat' dir='ltr'><em>Volo</em></span> <span class='ocrx_word' id='word_1_1055' title='bbox 888 1935 970 1962; x_wconf 87' lang='lat' dir='ltr'>Ouid.</span> <span class='ocrx_word' id='word_1_1056' title='bbox 985 1935 1063 1972; x_wconf 83' lang='lat' dir='ltr'>Epist.</span> <span class='ocrx_word' id='word_1_1057' title='bbox 1076 1945 1106 1969; x_wconf 85' lang='lat'>2,</span> <span class='ocrx_word' id='word_1_1058' title='bbox 1172 1940 1210 1965; x_wconf 81' lang='lat' dir='ltr'>ita</span> <span class='ocrx_word' id='word_1_1059' title='bbox 1222 1940 1386 1974; x_wconf 73' lang='lat' dir='ltr'>profi’rebant</span> <span class='ocrx_word' id='word_1_1060' title='bbox 1414 1942 1472 1966; x_wconf 83' lang='lat' dir='ltr'>lura</span> <span class='ocrx_word' id='word_1_1061' title='bbox 1485 1943 1585 1968; x_wconf 75' lang='lat' dir='ltr'>mmina</span> <span class='ocrx_word' id='word_1_1062' title='bbox 1599 1944 1750 1979; x_wconf 78' lang='lat' dir='ltr'>Sanguinis,</span> <span class='ocrx_word' id='word_1_1063' title='bbox 1771 1945 1857 1982; x_wconf 66' lang='lat' dir='ltr'>Grais,</span> <span class='ocrx_word' id='word_1_1064' title='bbox 1868 1952 1915 1980; x_wconf 81' lang='lat' dir='ltr'>pro</span> <span class='ocrx_word' id='word_1_1065' title='bbox 1929 1947 2045 1980; x_wconf 82' lang='lat' dir='ltr'>Sanguis,</span> <span class='ocrx_word' id='word_1_1066' title='bbox 2061 1947 2135 1974; x_wconf 78' lang='lat' dir='ltr'>Grus.</span> <span class='ocrx_word' id='word_1_1067' title='bbox 2180 1948 2235 1975; x_wconf 83' lang='lat' dir='ltr'>Vid.</span> 
     </span>
     <span class='ocr_line' id='line_1_50' title="bbox 39 1970 1841 2010; baseline -0.002 -9"><span class='ocrx_word' id='word_1_1068' title='bbox 39 1982 87 2008; x_wconf 80' lang='lat'>134.</span> <span class='ocrx_word' id='word_1_1069' title='bbox 142 1974 206 2000; x_wconf 87' lang='lat' dir='ltr'>Non</span> <span class='ocrx_word' id='word_1_1070' title='bbox 218 1972 308 2000; x_wconf 89' lang='lat' dir='ltr'>eadem</span> <span class='ocrx_word' id='word_1_1071' title='bbox 323 1972 359 1998; x_wconf 88' lang='lat' dir='ltr'>est</span> <span class='ocrx_word' id='word_1_1072' title='bbox 371 1980 445 1998; x_wconf 87' lang='lat' dir='ltr'>mens</span> <span class='ocrx_word' id='word_1_1073' title='bbox 480 1972 548 1998; x_wconf 87' lang='lat' dir='ltr'>Hor.</span> <span class='ocrx_word' id='word_1_1074' title='bbox 564 1970 642 2005; x_wconf 86' lang='lat' dir='ltr'>Epist.</span> <span class='ocrx_word' id='word_1_1075' title='bbox 656 1980 675 2004; x_wconf 83' lang='lat'>1,</span> <span class='ocrx_word' id='word_1_1076' title='bbox 691 1981 709 2004; x_wconf 95' lang='grc' dir='ltr'>ι,</span> <span class='ocrx_word' id='word_1_1077' title='bbox 723 1983 745 2003; x_wconf 71' lang='lat'>4.</span> <span class='ocrx_word' id='word_1_1078' title='bbox 783 1974 802 1998; x_wconf 91' lang='lat' dir='ltr'>i.</span> <span class='ocrx_word' id='word_1_1079' title='bbox 828 1973 887 1998; x_wconf 75' lang='lat' dir='ltr'>Non</span> <span class='ocrx_word' id='word_1_1080' title='bbox 898 1971 962 1998; x_wconf 72' lang='lat' dir='ltr'>idem</span> <span class='ocrx_word' id='word_1_1081' title='bbox 975 1982 1039 1998; x_wconf 79' lang='lat' dir='ltr'>nunc</span> <span class='ocrx_word' id='word_1_1082' title='bbox 1048 1974 1105 2007; x_wconf 86' lang='lat' dir='ltr'>pla-</span> <span class='ocrx_word' id='word_1_1083' title='bbox 1172 1975 1320 2010; x_wconf 70' lang='lat' dir='ltr'>Rittershus,</span> <span class='ocrx_word' id='word_1_1084' title='bbox 1328 1977 1387 2002; x_wconf 72' lang='lat' dir='ltr'>adp</span> <span class='ocrx_word' id='word_1_1085' title='bbox 1409 1977 1480 2003; x_wconf 69' lang='lat' dir='ltr'>aeds,</span> <span class='ocrx_word' id='word_1_1086' title='bbox 1496 1978 1556 2004; x_wconf 64' lang='lat' dir='ltr'>fab,</span> <span class='ocrx_word' id='word_1_1087' title='bbox 1571 1987 1590 2010; x_wconf 62' lang='grc' dir='ltr'>ι,</span> <span class='ocrx_word' id='word_1_1088' title='bbox 1602 1985 1624 2008; x_wconf 72' lang='grc'><strong>8,</strong></span> <span class='ocrx_word' id='word_1_1089' title='bbox 1839 1995 1841 1998; x_wconf 81' lang='grc'><strong>,</strong></span> 
     </span>
    </p>

    <p class='ocr_par' dir='ltr' id='par_1_13' title="bbox 36 2006 2236 2191">
     <span class='ocr_line' id='line_1_51' title="bbox 36 2006 2235 2053; baseline 0.003 -17"><span class='ocrx_word' id='word_1_1090' title='bbox 36 2017 80 2036; x_wconf 77' lang='lat' dir='ltr'>tet.</span> <span class='ocrx_word' id='word_1_1091' title='bbox 137 2009 253 2036; x_wconf 89' lang='lat' dir='ltr'>Pandere</span> <span class='ocrx_word' id='word_1_1092' title='bbox 271 2008 376 2038; x_wconf 87' lang='lat' dir='ltr'>valuas,</span> <span class='ocrx_word' id='word_1_1093' title='bbox 402 2016 475 2034; x_wconf 88' lang='lat' dir='ltr'>mens</span> <span class='ocrx_word' id='word_1_1094' title='bbox 488 2007 540 2033; x_wconf 83' lang='lat' dir='ltr'>erit</span> <span class='ocrx_word' id='word_1_1095' title='bbox 553 2006 703 2034; x_wconf 84' lang='lat' dir='ltr'>Nemefian.</span> <span class='ocrx_word' id='word_1_1096' title='bbox 716 2008 814 2042; x_wconf 82' lang='lat' dir='ltr'>Cyneg.</span> <span class='ocrx_word' id='word_1_1097' title='bbox 827 2016 853 2034; x_wconf 90' lang='lat' dir='ltr'>v.</span> <span class='ocrx_word' id='word_1_1098' title='bbox 868 2015 920 2042; x_wconf 76' lang='lat'>173.</span> <span class='ocrx_word' id='word_1_1099' title='bbox 981 2009 1059 2034; x_wconf 82' lang='lat' dir='ltr'>Varr.</span> <span class='ocrx_word' id='word_1_1100' title='bbox 1074 2007 1106 2034; x_wconf 82' lang='lat' dir='ltr'>de</span> <span class='ocrx_word' id='word_1_1101' title='bbox 1123 2019 1155 2043; x_wconf 79' lang='lat'>50</span> <span class='ocrx_word' id='word_1_1102' title='bbox 1207 2018 1233 2037; x_wconf 88' lang='grc' dir='ltr'><strong>Μ</strong></span> <span class='ocrx_word' id='word_1_1103' title='bbox 1243 2017 1259 2036; x_wconf 81' lang='grc' dir='ltr'><strong><em>Ε</em></strong></span> <span class='ocrx_word' id='word_1_1104' title='bbox 1271 2017 1294 2036; x_wconf 87' lang='grc' dir='ltr'>Ν</span> <span class='ocrx_word' id='word_1_1105' title='bbox 1305 2018 1317 2036; x_wconf 87' lang='lat' dir='ltr'><strong>S</strong></span> <span class='ocrx_word' id='word_1_1106' title='bbox 1328 2018 1351 2036; x_wconf 84' lang='lat' dir='ltr'>A</span> <span class='ocrx_word' id='word_1_1107' title='bbox 1361 2031 1370 2043; x_wconf 87' lang='lat'>‚</span> <span class='ocrx_word' id='word_1_1108' title='bbox 1387 2020 1426 2037; x_wconf 89' lang='lat' dir='ltr'>ae.</span> <span class='ocrx_word' id='word_1_1109' title='bbox 1452 2012 1472 2038; x_wconf 86' lang='lat' dir='ltr'>f.</span> <span class='ocrx_word' id='word_1_1110' title='bbox 1510 2012 1524 2044; x_wconf 88' lang='lat'>[</span> <span class='ocrx_word' id='word_1_1111' title='bbox 1531 2015 1654 2044; x_wconf 66' lang='grc' dir='ltr'><strong>τράπεζα,</strong></span> <span class='ocrx_word' id='word_1_1112' title='bbox 1678 2011 1783 2047; x_wconf 59' lang='lat' dir='ltr'>fidaque]</span> <span class='ocrx_word' id='word_1_1113' title='bbox 1824 2014 1929 2044; x_wconf 82' lang='lat' dir='ltr'>Tabula,</span> <span class='ocrx_word' id='word_1_1114' title='bbox 1942 2015 1969 2039; x_wconf 80' lang='lat' dir='ltr'>in</span> <span class='ocrx_word' id='word_1_1115' title='bbox 1982 2024 2030 2048; x_wconf 75' lang='lat' dir='ltr'>qua</span> <span class='ocrx_word' id='word_1_1116' title='bbox 2043 2016 2093 2042; x_wconf 82' lang='lat' dir='ltr'>cibi</span> <span class='ocrx_word' id='word_1_1117' title='bbox 2100 2019 2191 2052; x_wconf 72' lang='lat' dir='ltr'>apponi</span> <span class='ocrx_word' id='word_1_1118' title='bbox 2196 2018 2235 2053; x_wconf 80' lang='lat' dir='ltr'>so.</span> 
     </span>
     <span class='ocr_line' id='line_1_52' title="bbox 37 2043 2236 2087; baseline 0.004 -17"><span class='ocrx_word' id='word_1_1119' title='bbox 37 2046 67 2072; x_wconf 92' lang='lat' dir='ltr'>L.</span> <span class='ocrx_word' id='word_1_1120' title='bbox 80 2045 109 2072; x_wconf 91' lang='lat' dir='ltr'>L.</span> <span class='ocrx_word' id='word_1_1121' title='bbox 123 2053 147 2079; x_wconf 83' lang='grc' dir='ltr'>ς,</span> <span class='ocrx_word' id='word_1_1122' title='bbox 162 2050 177 2072; x_wconf 84' lang='grc'><strong>6</strong></span> <span class='ocrx_word' id='word_1_1123' title='bbox 208 2045 249 2072; x_wconf 90' lang='lat' dir='ltr'>Sic</span> <span class='ocrx_word' id='word_1_1124' title='bbox 260 2044 395 2070; x_wconf 86' lang='lat' dir='ltr'>reminisci</span> <span class='ocrx_word' id='word_1_1125' title='bbox 413 2052 474 2069; x_wconf 91' lang='lat' dir='ltr'>cum</span> <span class='ocrx_word' id='word_1_1126' title='bbox 487 2051 527 2075; x_wconf 86' lang='lat' dir='ltr'>ea,</span> <span class='ocrx_word' id='word_1_1127' title='bbox 546 2051 612 2076; x_wconf 85' lang='lat' dir='ltr'>quae</span> <span class='ocrx_word' id='word_1_1128' title='bbox 628 2043 714 2069; x_wconf 86' lang='lat' dir='ltr'>tenuit</span> <span class='ocrx_word' id='word_1_1129' title='bbox 731 2051 821 2075; x_wconf 86' lang='lat' dir='ltr'>mens,</span> <span class='ocrx_word' id='word_1_1130' title='bbox 841 2052 870 2069; x_wconf 88' lang='lat' dir='ltr'>ac</span> <span class='ocrx_word' id='word_1_1131' title='bbox 883 2044 1016 2068; x_wconf 86' lang='lat' dir='ltr'>memoria</span> <span class='ocrx_word' id='word_1_1132' title='bbox 1025 2062 1033 2074; x_wconf 91' lang='lat'>,</span> <span class='ocrx_word' id='word_1_1133' title='bbox 1059 2050 1104 2068; x_wconf 81' lang='lat' dir='ltr'>etc.</span> <span class='ocrx_word' id='word_1_1134' title='bbox 1168 2046 1239 2076; x_wconf 78' lang='lat' dir='ltr'>lent,</span> <span class='ocrx_word' id='word_1_1135' title='bbox 1259 2053 1306 2068; x_wconf 80' lang='lat' dir='ltr'>non</span> <span class='ocrx_word' id='word_1_1136' title='bbox 1319 2052 1417 2069; x_wconf 84' lang='lat' dir='ltr'>tantum</span> <span class='ocrx_word' id='word_1_1137' title='bbox 1430 2046 1511 2070; x_wconf 83' lang='lat' dir='ltr'>maior</span> <span class='ocrx_word' id='word_1_1138' title='bbox 1524 2054 1547 2070; x_wconf 78' lang='lat' dir='ltr'>et</span> <span class='ocrx_word' id='word_1_1139' title='bbox 1560 2047 1699 2078; x_wconf 71' lang='lat' dir='ltr'>communis,</span> <span class='ocrx_word' id='word_1_1140' title='bbox 1714 2048 1780 2072; x_wconf 82' lang='lat' dir='ltr'>circa</span> <span class='ocrx_word' id='word_1_1141' title='bbox 1793 2057 1866 2082; x_wconf 76' lang='lat' dir='ltr'>quam</span> <span class='ocrx_word' id='word_1_1142' title='bbox 1884 2051 2034 2076; x_wconf 77' lang='lat' dir='ltr'>accumbitur</span> <span class='ocrx_word' id='word_1_1143' title='bbox 2048 2053 2088 2077; x_wconf 78' lang='lat' dir='ltr'>vel</span> <span class='ocrx_word' id='word_1_1144' title='bbox 2101 2052 2236 2087; x_wconf 80' lang='lat' dir='ltr'>affidetur,</span> 
     </span>
     <span class='ocr_line' id='line_1_53' title="bbox 38 2077 2235 2123; baseline 0.003 -15"><span class='ocrx_word' id='word_1_1145' title='bbox 38 2081 196 2108; x_wconf 84' lang='lat' dir='ltr'>Tenerascit</span> <span class='ocrx_word' id='word_1_1146' title='bbox 207 2089 281 2106; x_wconf 85' lang='lat' dir='ltr'>mens</span> <span class='ocrx_word' id='word_1_1147' title='bbox 292 2080 322 2106; x_wconf 90' lang='lat' dir='ltr'>in</span> <span class='ocrx_word' id='word_1_1148' title='bbox 335 2085 428 2105; x_wconf 89' lang='lat' dir='ltr'>tenero</span> <span class='ocrx_word' id='word_1_1149' title='bbox 443 2086 558 2112; x_wconf 86' lang='lat' dir='ltr'>corpore</span> <span class='ocrx_word' id='word_1_1150' title='bbox 579 2078 685 2103; x_wconf 87' lang='lat' dir='ltr'>Lucret.</span> <span class='ocrx_word' id='word_1_1151' title='bbox 700 2087 721 2109; x_wconf 78' lang='lat'>3,</span> <span class='ocrx_word' id='word_1_1152' title='bbox 734 2079 796 2110; x_wconf 82' lang='grc'>766.</span> <span class='ocrx_word' id='word_1_1153' title='bbox 869 2077 1026 2109; x_wconf 87' lang='lat' dir='ltr'>Tepescunt</span> <span class='ocrx_word' id='word_1_1154' title='bbox 1034 2084 1106 2101; x_wconf 89' lang='lat' dir='ltr'>men-</span> <span class='ocrx_word' id='word_1_1155' title='bbox 1163 2078 1216 2112; x_wconf 80' lang='lat' dir='ltr'>sed</span> <span class='ocrx_word' id='word_1_1156' title='bbox 1227 2078 1309 2102; x_wconf 81' lang='lat' dir='ltr'>minor</span> <span class='ocrx_word' id='word_1_1157' title='bbox 1320 2079 1408 2111; x_wconf 77' lang='lat' dir='ltr'>etiam,</span> <span class='ocrx_word' id='word_1_1158' title='bbox 1434 2079 1518 2113; x_wconf 83' lang='lat' dir='ltr'>qualis</span> <span class='ocrx_word' id='word_1_1159' title='bbox 1527 2080 1639 2115; x_wconf 79' lang='lat' dir='ltr'>singulis</span> <span class='ocrx_word' id='word_1_1160' title='bbox 1659 2081 1806 2117; x_wconf 62' lang='lat' dir='ltr'>destinatur.</span> <span class='ocrx_word' id='word_1_1161' title='bbox 1881 2084 1956 2120; x_wconf 84' lang='lat' dir='ltr'>Virg.</span> <span class='ocrx_word' id='word_1_1162' title='bbox 1973 2087 2037 2113; x_wconf 78' lang='lat' dir='ltr'>Aen.</span> <span class='ocrx_word' id='word_1_1163' title='bbox 2054 2095 2077 2118; x_wconf 85' lang='grc' dir='ltr'><strong>ι,</strong></span> <span class='ocrx_word' id='word_1_1164' title='bbox 2095 2095 2142 2123; x_wconf 84' lang='lat'>710</span> <span class='ocrx_word' id='word_1_1165' title='bbox 2174 2090 2235 2116; x_wconf 72' lang='lat' dir='ltr'>Pare</span> 
     </span>
     <span class='ocr_line' id='line_1_54' title="bbox 38 2110 2234 2159; baseline 0.004 -17"><span class='ocrx_word' id='word_1_1166' title='bbox 38 2123 76 2143; x_wconf 87' lang='lat' dir='ltr'>tes</span> <span class='ocrx_word' id='word_1_1167' title='bbox 100 2117 197 2142; x_wconf 84' lang='lat' dir='ltr'>Lucan.</span> <span class='ocrx_word' id='word_1_1168' title='bbox 211 2126 240 2147; x_wconf 85' lang='lat'>4,</span> <span class='ocrx_word' id='word_1_1169' title='bbox 253 2120 306 2145; x_wconf 75' lang='lat'>284.</span> <span class='ocrx_word' id='word_1_1170' title='bbox 378 2114 500 2139; x_wconf 87' lang='lat' dir='ltr'>Terrent</span> <span class='ocrx_word' id='word_1_1171' title='bbox 515 2112 596 2138; x_wconf 86' lang='lat' dir='ltr'>etiam</span> <span class='ocrx_word' id='word_1_1172' title='bbox 609 2120 679 2137; x_wconf 88' lang='lat' dir='ltr'>nunc</span> <span class='ocrx_word' id='word_1_1173' title='bbox 692 2110 784 2136; x_wconf 87' lang='lat' dir='ltr'>nubila</span> <span class='ocrx_word' id='word_1_1174' title='bbox 798 2116 913 2136; x_wconf 88' lang='lat' dir='ltr'>mentem</span> <span class='ocrx_word' id='word_1_1175' title='bbox 943 2110 1024 2136; x_wconf 89' lang='lat' dir='ltr'>Ouid.</span> <span class='ocrx_word' id='word_1_1176' title='bbox 1039 2110 1104 2136; x_wconf 88' lang='lat' dir='ltr'>Met.</span> <span class='ocrx_word' id='word_1_1177' title='bbox 1168 2113 1252 2146; x_wconf 85' lang='lat' dir='ltr'>epulis</span> <span class='ocrx_word' id='word_1_1178' title='bbox 1265 2119 1378 2140; x_wconf 80' lang='lat' dir='ltr'>onerant</span> <span class='ocrx_word' id='word_1_1179' title='bbox 1399 2115 1513 2147; x_wconf 83' lang='lat' dir='ltr'>mensas,</span> <span class='ocrx_word' id='word_1_1180' title='bbox 1538 2123 1564 2142; x_wconf 90' lang='lat' dir='ltr'>et</span> <span class='ocrx_word' id='word_1_1181' title='bbox 1584 2117 1660 2151; x_wconf 85' lang='lat' dir='ltr'>plena</span> <span class='ocrx_word' id='word_1_1182' title='bbox 1677 2126 1810 2152; x_wconf 88' lang='lat' dir='ltr'>reponunt</span> <span class='ocrx_word' id='word_1_1183' title='bbox 1831 2120 1933 2147; x_wconf 85' lang='lat' dir='ltr'>Pocula.</span> <span class='ocrx_word' id='word_1_1184' title='bbox 1990 2122 2123 2150; x_wconf 70' lang='lat' dir='ltr'>Charisius</span> <span class='ocrx_word' id='word_1_1185' title='bbox 2140 2135 2146 2151; x_wconf 94' lang='grc' dir='ltr'>ι</span> <span class='ocrx_word' id='word_1_1186' title='bbox 2165 2134 2189 2159; x_wconf 88' lang='lat' dir='ltr'>p.</span> <span class='ocrx_word' id='word_1_1187' title='bbox 2202 2134 2234 2159; x_wconf 82' lang='lat'>43</span> 
     </span>
     <span class='ocr_line' id='line_1_55' title="bbox 38 2145 2235 2191; baseline 0.006 -18"><span class='ocrx_word' id='word_1_1188' title='bbox 38 2161 64 2186; x_wconf 63' lang='grc' dir='ltr'>ι,</span> <span class='ocrx_word' id='word_1_1189' title='bbox 77 2159 132 2186; x_wconf 77' lang='lat'>357,</span> <span class='ocrx_word' id='word_1_1190' title='bbox 187 2149 322 2184; x_wconf 87' lang='lat' dir='ltr'>Trepidat</span> <span class='ocrx_word' id='word_1_1191' title='bbox 334 2154 406 2175; x_wconf 92' lang='lat' dir='ltr'>metu</span> <span class='ocrx_word' id='word_1_1192' title='bbox 439 2148 506 2174; x_wconf 86' lang='lat' dir='ltr'>Hor.</span> <span class='ocrx_word' id='word_1_1193' title='bbox 520 2147 610 2174; x_wconf 78' lang='lat' dir='ltr'>earm.</span> <span class='ocrx_word' id='word_1_1194' title='bbox 627 2154 658 2179; x_wconf 79' lang='lat'>2,</span> <span class='ocrx_word' id='word_1_1195' title='bbox 677 2155 719 2179; x_wconf 83' lang='lat'>19,</span> <span class='ocrx_word' id='word_1_1196' title='bbox 737 2155 759 2176; x_wconf 86' lang='lat'>5.</span> <span class='ocrx_word' id='word_1_1197' title='bbox 834 2145 976 2172; x_wconf 87' lang='lat' dir='ltr'>Turbatus</span> <span class='ocrx_word' id='word_1_1198' title='bbox 994 2145 1105 2172; x_wconf 88' lang='lat' dir='ltr'>vulnere</span> <span class='ocrx_word' id='word_1_1199' title='bbox 1169 2148 1285 2174; x_wconf 82' lang='lat' dir='ltr'>Mensam</span> <span class='ocrx_word' id='word_1_1200' title='bbox 1300 2148 1352 2175; x_wconf 84' lang='lat' dir='ltr'>fine</span> <span class='ocrx_word' id='word_1_1201' title='bbox 1366 2156 1387 2175; x_wconf 98' lang='lat' dir='ltr'>N</span> <span class='ocrx_word' id='word_1_1202' title='bbox 1403 2150 1478 2176; x_wconf 87' lang='lat' dir='ltr'>litera</span> <span class='ocrx_word' id='word_1_1203' title='bbox 1492 2150 1589 2178; x_wconf 64' lang='lat' dir='ltr'>dieiam</span> <span class='ocrx_word' id='word_1_1204' title='bbox 1604 2153 1692 2179; x_wconf 91' lang='lat' dir='ltr'>Varro</span> <span class='ocrx_word' id='word_1_1205' title='bbox 1704 2154 1755 2186; x_wconf 87' lang='lat' dir='ltr'>ait,</span> <span class='ocrx_word' id='word_1_1206' title='bbox 1782 2155 1853 2189; x_wconf 83' lang='lat' dir='ltr'>quod</span> <span class='ocrx_word' id='word_1_1207' title='bbox 1873 2154 1957 2182; x_wconf 74' lang='lat' dir='ltr'>media</span> <span class='ocrx_word' id='word_1_1208' title='bbox 1976 2165 2129 2191; x_wconf 83' lang='lat' dir='ltr'>poneretur.</span> <span class='ocrx_word' id='word_1_1209' title='bbox 2186 2161 2235 2187; x_wconf 86' lang='lat' dir='ltr'>Sed</span> 
     </span>
    </p>
   </div>
   <div class='ocr_carea' id='block_1_9' title="bbox 37 2180 2235 2374">
    <p class='ocr_par' dir='ltr' id='par_1_14' title="bbox 37 2180 2235 2374">
     <span class='ocr_line' id='line_1_56' title="bbox 37 2180 2234 2224; baseline -0.001 -9"><span class='ocrx_word' id='word_1_1210' title='bbox 37 2194 135 2215; x_wconf 79' lang='lat' dir='ltr'>mentis</span> <span class='ocrx_word' id='word_1_1211' title='bbox 160 2186 236 2221; x_wconf 84' lang='lat' dir='ltr'>Virg.</span> <span class='ocrx_word' id='word_1_1212' title='bbox 258 2186 323 2211; x_wconf 80' lang='lat' dir='ltr'>Aen.</span> <span class='ocrx_word' id='word_1_1213' title='bbox 345 2193 384 2219; x_wconf 80' lang='grc'>12,</span> <span class='ocrx_word' id='word_1_1214' title='bbox 405 2185 458 2210; x_wconf 83' lang='lat'>160.</span> <span class='ocrx_word' id='word_1_1215' title='bbox 533 2182 589 2208; x_wconf 88' lang='lat' dir='ltr'>Cic.</span> <span class='ocrx_word' id='word_1_1216' title='bbox 609 2181 641 2207; x_wconf 91' lang='lat' dir='ltr'>de</span> <span class='ocrx_word' id='word_1_1217' title='bbox 660 2182 722 2207; x_wconf 90' lang='lat' dir='ltr'>Nat.</span> <span class='ocrx_word' id='word_1_1218' title='bbox 737 2182 819 2207; x_wconf 88' lang='lat' dir='ltr'>Deor.</span> <span class='ocrx_word' id='word_1_1219' title='bbox 834 2189 861 2212; x_wconf 87' lang='lat'>2,</span> <span class='ocrx_word' id='word_1_1220' title='bbox 877 2183 918 2209; x_wconf 78' lang='lat'>168</span> <span class='ocrx_word' id='word_1_1221' title='bbox 951 2181 1022 2206; x_wconf 85' lang='lat' dir='ltr'>Haec</span> <span class='ocrx_word' id='word_1_1222' title='bbox 1035 2180 1104 2207; x_wconf 87' lang='lat' dir='ltr'>mihi</span> <span class='ocrx_word' id='word_1_1223' title='bbox 1122 2191 1150 2217; x_wconf 77' lang='lat'>55</span> <span class='ocrx_word' id='word_1_1224' title='bbox 1167 2183 1290 2210; x_wconf 61' lang='lat' dir='ltr'>auditores</span> <span class='ocrx_word' id='word_1_1225' title='bbox 1306 2194 1366 2211; x_wconf 88' lang='lat' dir='ltr'>cum</span> <span class='ocrx_word' id='word_1_1226' title='bbox 1384 2192 1406 2211; x_wconf 88' lang='lat' dir='ltr'>N</span> <span class='ocrx_word' id='word_1_1227' title='bbox 1422 2186 1498 2212; x_wconf 87' lang='lat' dir='ltr'>litera</span> <span class='ocrx_word' id='word_1_1228' title='bbox 1512 2189 1699 2221; x_wconf 82' lang='lat' dir='ltr'>protulerunt,</span> <span class='ocrx_word' id='word_1_1229' title='bbox 1726 2190 1857 2223; x_wconf 83' lang='lat' dir='ltr'>Virgilius</span> <span class='ocrx_word' id='word_1_1230' title='bbox 1870 2190 1951 2224; x_wconf 76' lang='lat' dir='ltr'>saepe,</span> <span class='ocrx_word' id='word_1_1231' title='bbox 2008 2193 2055 2219; x_wconf 72' lang='lat' dir='ltr'>Sed</span> <span class='ocrx_word' id='word_1_1232' title='bbox 2075 2201 2101 2221; x_wconf 63' lang='lat' dir='ltr'>et</span> <span class='ocrx_word' id='word_1_1233' title='bbox 2117 2196 2234 2223; x_wconf 59' lang='lat' dir='ltr'>Mensam</span> 
     </span>
     <span class='ocr_line' id='line_1_57' title="bbox 37 2215 2234 2267; baseline -0.002 -17"><span class='ocrx_word' id='word_1_1234' title='bbox 37 2224 95 2250; x_wconf 84' lang='lat' dir='ltr'>fere</span> <span class='ocrx_word' id='word_1_1235' title='bbox 109 2224 137 2250; x_wconf 88' lang='lat' dir='ltr'>in</span> <span class='ocrx_word' id='word_1_1236' title='bbox 151 2227 266 2249; x_wconf 82' lang='lat' dir='ltr'>mentem</span> <span class='ocrx_word' id='word_1_1237' title='bbox 280 2219 444 2252; x_wconf 86' lang='lat' dir='ltr'>Veniebant,</span> <span class='ocrx_word' id='word_1_1238' title='bbox 465 2226 532 2253; x_wconf 90' lang='lat' dir='ltr'>quae</span> <span class='ocrx_word' id='word_1_1239' title='bbox 549 2216 659 2242; x_wconf 87' lang='lat' dir='ltr'>dicenda</span> <span class='ocrx_word' id='word_1_1240' title='bbox 678 2220 799 2254; x_wconf 80' lang='lat' dir='ltr'>putarem</span> <span class='ocrx_word' id='word_1_1241' title='bbox 822 2215 854 2241; x_wconf 90' lang='lat' dir='ltr'>de</span> <span class='ocrx_word' id='word_1_1242' title='bbox 874 2221 968 2241; x_wconf 90' lang='lat' dir='ltr'>natura</span> <span class='ocrx_word' id='word_1_1243' title='bbox 980 2215 1103 2243; x_wconf 81' lang='lat' dir='ltr'>deorum.</span> <span class='ocrx_word' id='word_1_1244' title='bbox 1168 2228 1229 2245; x_wconf 85' lang='lat' dir='ltr'>cum</span> <span class='ocrx_word' id='word_1_1245' title='bbox 1242 2227 1264 2246; x_wconf 89' lang='lat' dir='ltr'>N</span> <span class='ocrx_word' id='word_1_1246' title='bbox 1278 2221 1348 2254; x_wconf 81' lang='lat' dir='ltr'>poss&#39;e</span> <span class='ocrx_word' id='word_1_1247' title='bbox 1364 2221 1433 2253; x_wconf 88' lang='lat' dir='ltr'>dici,</span> <span class='ocrx_word' id='word_1_1248' title='bbox 1453 2221 1525 2248; x_wconf 87' lang='lat' dir='ltr'>idem</span> <span class='ocrx_word' id='word_1_1249' title='bbox 1540 2223 1627 2248; x_wconf 82' lang='lat' dir='ltr'>Varro</span> <span class='ocrx_word' id='word_1_1250' title='bbox 1640 2223 1693 2255; x_wconf 89' lang='lat' dir='ltr'>ait,</span> <span class='ocrx_word' id='word_1_1251' title='bbox 1713 2225 1785 2258; x_wconf 89' lang='lat' dir='ltr'>quod</span> <span class='ocrx_word' id='word_1_1252' title='bbox 1799 2231 1824 2251; x_wconf 91' lang='lat' dir='ltr'>et</span> <span class='ocrx_word' id='word_1_1253' title='bbox 1838 2227 1924 2252; x_wconf 88' lang='lat' dir='ltr'>mensa</span> <span class='ocrx_word' id='word_1_1254' title='bbox 1939 2226 2014 2258; x_wconf 65' lang='grc' dir='ltr'><strong><em>Ερωτὰ</em></strong></span> <span class='ocrx_word' id='word_1_1255' title='bbox 2024 2248 2030 2258; x_wconf 89' lang='grc'>,</span> <span class='ocrx_word' id='word_1_1256' title='bbox 2059 2230 2112 2262; x_wconf 53' lang='lat' dir='ltr'>(fif</span> <span class='ocrx_word' id='word_1_1257' title='bbox 2126 2233 2174 2258; x_wconf 38' lang='lat' dir='ltr'>se,-</span> <span class='ocrx_word' id='word_1_1258' title='bbox 2188 2239 2234 2267; x_wconf 62' lang='lat' dir='ltr'>pro</span> 
     </span>
     <span class='ocr_line' id='line_1_58' title="bbox 37 2250 2235 2301; baseline 0.002 -14"><span class='ocrx_word' id='word_1_1259' title='bbox 37 2259 112 2287; x_wconf 89' lang='lat' dir='ltr'>Idem</span> <span class='ocrx_word' id='word_1_1260' title='bbox 127 2259 183 2287; x_wconf 72' lang='lat' dir='ltr'>Att..</span> <span class='ocrx_word' id='word_1_1261' title='bbox 197 2266 228 2290; x_wconf 84' lang='grc'>12,</span> <span class='ocrx_word' id='word_1_1262' title='bbox 241 2258 271 2289; x_wconf 85' lang='grc'>36</span> <span class='ocrx_word' id='word_1_1263' title='bbox 306 2255 451 2289; x_wconf 89' lang='lat' dir='ltr'>Nunquam</span> <span class='ocrx_word' id='word_1_1264' title='bbox 464 2261 494 2279; x_wconf 90' lang='lat' dir='ltr'>ea</span> <span class='ocrx_word' id='word_1_1265' title='bbox 507 2260 548 2279; x_wconf 84' lang='lat' dir='ltr'>res</span> <span class='ocrx_word' id='word_1_1266' title='bbox 564 2250 615 2278; x_wconf 90' lang='lat' dir='ltr'>tibi</span> <span class='ocrx_word' id='word_1_1267' title='bbox 628 2256 680 2277; x_wconf 86' lang='lat' dir='ltr'>tam</span> <span class='ocrx_word' id='word_1_1268' title='bbox 695 2250 764 2278; x_wconf 88' lang='lat' dir='ltr'>belle</span> <span class='ocrx_word' id='word_1_1269' title='bbox 779 2259 806 2276; x_wconf 90' lang='grc' dir='ltr'>ιιι</span> <span class='ocrx_word' id='word_1_1270' title='bbox 820 2256 937 2277; x_wconf 86' lang='lat' dir='ltr'>mentem</span> <span class='ocrx_word' id='word_1_1271' title='bbox 951 2252 1045 2277; x_wconf 87' lang='lat' dir='ltr'>venire</span> <span class='ocrx_word' id='word_1_1272' title='bbox 1058 2261 1105 2286; x_wconf 86' lang='lat' dir='ltr'>po·</span> <span class='ocrx_word' id='word_1_1273' title='bbox 1167 2253 1281 2288; x_wconf 63' lang='grc' dir='ltr'><strong>ἄβρωτα,</strong></span> <span class='ocrx_word' id='word_1_1274' title='bbox 1300 2257 1340 2281; x_wconf 87' lang='lat' dir='ltr'>cui</span> <span class='ocrx_word' id='word_1_1275' title='bbox 1352 2256 1462 2288; x_wconf 77' lang='lat' dir='ltr'>adhaesit</span> <span class='ocrx_word' id='word_1_1276' title='bbox 1474 2257 1567 2282; x_wconf 83' lang='lat' dir='ltr'>vltima</span> <span class='ocrx_word' id='word_1_1277' title='bbox 1580 2258 1671 2283; x_wconf 54' lang='lat' dir='ltr'>voi-«li.-</span> <span class='ocrx_word' id='word_1_1278' title='bbox 1687 2268 1717 2284; x_wconf 85' lang='lat' dir='ltr'>ex</span> <span class='ocrx_word' id='word_1_1279' title='bbox 1731 2261 1838 2295; x_wconf 81' lang='lat' dir='ltr'>mensa)</span> <span class='ocrx_word' id='word_1_1280' title='bbox 1871 2261 1958 2288; x_wconf 86' lang='lat' dir='ltr'>edulia</span> <span class='ocrx_word' id='word_1_1281' title='bbox 1971 2269 1997 2289; x_wconf 89' lang='lat' dir='ltr'>et</span> <span class='ocrx_word' id='word_1_1282' title='bbox 2012 2258 2235 2301; x_wconf 52' lang='lat' dir='ltr'>esculenta&#39;pone.</span> 
     </span>
     <span class='ocr_line' id='line_1_59' title="bbox 37 2286 2235 2337; baseline -0.006 -15"><span class='ocrx_word' id='word_1_1283' title='bbox 37 2295 132 2323; x_wconf 82' lang='lat' dir='ltr'>tuiffet.</span> <span class='ocrx_word' id='word_1_1284' title='bbox 209 2292 282 2320; x_wconf 87' lang='lat' dir='ltr'>Idem</span> <span class='ocrx_word' id='word_1_1285' title='bbox 307 2298 340 2325; x_wconf 86' lang='lat'>7,</span> <span class='ocrx_word' id='word_1_1286' title='bbox 364 2300 385 2322; x_wconf 87' lang='lat'>¹3</span> <span class='ocrx_word' id='word_1_1287' title='bbox 422 2290 514 2323; x_wconf 85' lang='lat' dir='ltr'>Qum</span> <span class='ocrx_word' id='word_1_1288' title='bbox 539 2293 628 2314; x_wconf 88' lang='lat' dir='ltr'>autem</span> <span class='ocrx_word' id='word_1_1289' title='bbox 651 2286 806 2314; x_wconf 82' lang='lat' dir='ltr'>Dolabellae</span> <span class='ocrx_word' id='word_1_1290' title='bbox 823 2287 904 2326; x_wconf 75' lang='lat' dir='ltr'>Venit</span> <span class='ocrx_word' id='word_1_1291' title='bbox 923 2287 957 2326; x_wconf 44' lang='lat' dir='ltr'>in·</span> <span class='ocrx_word' id='word_1_1292' title='bbox 970 2293 1103 2327; x_wconf 79' lang='lat' dir='ltr'>mentem,</span> <span class='ocrx_word' id='word_1_1293' title='bbox 1167 2296 1270 2316; x_wconf 85' lang='lat' dir='ltr'>rentur.</span> <span class='ocrx_word' id='word_1_1294' title='bbox 1327 2292 1395 2317; x_wconf 80' lang='lat' dir='ltr'>Haec</span> <span class='ocrx_word' id='word_1_1295' title='bbox 1412 2291 1553 2318; x_wconf 72' lang='lat' dir='ltr'>Charisius.</span> <span class='ocrx_word' id='word_1_1296' title='bbox 1608 2293 1739 2321; x_wconf 85' lang='lat' dir='ltr'>Varronis</span> <span class='ocrx_word' id='word_1_1297' title='bbox 1758 2296 1802 2320; x_wconf 65' lang='lat' dir='ltr'>har</span> <span class='ocrx_word' id='word_1_1298' title='bbox 1820 2297 1851 2321; x_wconf 80' lang='lat' dir='ltr'>de</span> <span class='ocrx_word' id='word_1_1299' title='bbox 1868 2307 1894 2322; x_wconf 68' lang='lat' dir='ltr'>re</span> <span class='ocrx_word' id='word_1_1300' title='bbox 1914 2300 1989 2323; x_wconf 47' lang='grc' dir='ltr'><strong>ναίὴ,</strong></span> <span class='ocrx_word' id='word_1_1301' title='bbox 2010 2299 2042 2326; x_wconf 69' lang='lat' dir='ltr'>de</span> <span class='ocrx_word' id='word_1_1302' title='bbox 2062 2302 2088 2327; x_wconf 45' lang='lat' dir='ltr'>L·</span> <span class='ocrx_word' id='word_1_1303' title='bbox 2106 2303 2134 2329; x_wconf 44' lang='grc' dir='ltr'>[η</span> <span class='ocrx_word' id='word_1_1304' title='bbox 2149 2311 2166 2336; x_wconf 74' lang='lat'>4</span> <span class='ocrx_word' id='word_1_1305' title='bbox 2205 2311 2235 2337; x_wconf 45' lang='grc' dir='ltr'>ις</span> 
     </span>
     <span class='ocr_line' id='line_1_60' title="bbox 38 2322 2235 2374; baseline -0.003 -17"><span class='ocrx_word' id='word_1_1306' title='bbox 38 2331 156 2366; x_wconf 82' lang='lat' dir='ltr'>paullum</span> <span class='ocrx_word' id='word_1_1307' title='bbox 168 2329 279 2363; x_wconf 88' lang='lat' dir='ltr'>respiro.</span> <span class='ocrx_word' id='word_1_1308' title='bbox 350 2327 406 2353; x_wconf 88' lang='lat' dir='ltr'>Cic.</span> <span class='ocrx_word' id='word_1_1309' title='bbox 421 2326 492 2353; x_wconf 87' lang='lat' dir='ltr'>Fam.</span> <span class='ocrx_word' id='word_1_1310' title='bbox 505 2333 540 2360; x_wconf 87' lang='lat'>7,</span> <span class='ocrx_word' id='word_1_1311' title='bbox 552 2333 564 2356; x_wconf 85' lang='grc'><strong>3</strong></span> <span class='ocrx_word' id='word_1_1312' title='bbox 585 2323 654 2350; x_wconf 86' lang='lat' dir='ltr'>Solet</span> <span class='ocrx_word' id='word_1_1313' title='bbox 667 2323 695 2349; x_wconf 93' lang='lat' dir='ltr'>in</span> <span class='ocrx_word' id='word_1_1314' title='bbox 707 2329 823 2349; x_wconf 86' lang='lat' dir='ltr'>mentem</span> <span class='ocrx_word' id='word_1_1315' title='bbox 837 2323 938 2348; x_wconf 83' lang='lat' dir='ltr'>Venire</span> <span class='ocrx_word' id='word_1_1316' title='bbox 951 2322 1023 2349; x_wconf 80' lang='lat' dir='ltr'>illius</span> <span class='ocrx_word' id='word_1_1317' title='bbox 1039 2328 1103 2348; x_wconf 83' lang='lat' dir='ltr'>tem·</span> <span class='ocrx_word' id='word_1_1318' title='bbox 1169 2334 1194 2359; x_wconf 80' lang='lat' dir='ltr'>p.</span> <span class='ocrx_word' id='word_1_1319' title='bbox 1208 2334 1239 2357; x_wconf 83' lang='lat'>30</span> <span class='ocrx_word' id='word_1_1320' title='bbox 1257 2325 1320 2361; x_wconf 81' lang='lat' dir='ltr'>sunt</span> <span class='ocrx_word' id='word_1_1321' title='bbox 1334 2328 1405 2352; x_wconf 78' lang='lat' dir='ltr'>haec:</span> <span class='ocrx_word' id='word_1_1322' title='bbox 1444 2327 1560 2354; x_wconf 86' lang='lat' dir='ltr'>Mensam</span> <span class='ocrx_word' id='word_1_1323' title='bbox 1573 2329 1698 2355; x_wconf 88' lang='lat' dir='ltr'>escariam</span> <span class='ocrx_word' id='word_1_1324' title='bbox 1712 2330 1799 2357; x_wconf 73' lang='lat' dir='ltr'>cibilla</span> <span class='ocrx_word' id='word_1_1325' title='bbox 1812 2332 1986 2366; x_wconf 56' lang='lat' dir='ltr'>appellabant,</span> <span class='ocrx_word' id='word_1_1326' title='bbox 2043 2336 2076 2363; x_wconf 60' lang='lat' dir='ltr'>Ea</span> <span class='ocrx_word' id='word_1_1327' title='bbox 2097 2345 2154 2365; x_wconf 63' lang='lat' dir='ltr'>emt</span> <span class='ocrx_word' id='word_1_1328' title='bbox 2173 2325 2235 2374; x_wconf 50' lang='lat' dir='ltr'>swa-</span> 
     </span>
    </p>
   </div>
   <div class='ocr_carea' id='block_1_10' title="bbox 36 2358 2236 2766">
    <p class='ocr_par' dir='ltr' id='par_1_15' title="bbox 37 2358 2236 2550">
     <span class='ocr_line' id='line_1_61' title="bbox 38 2358 2236 2402; baseline 0.014 -30"><span class='ocrx_word' id='word_1_1329' title='bbox 38 2367 121 2402; x_wconf 83' lang='lat' dir='ltr'>poris.</span> <span class='ocrx_word' id='word_1_1330' title='bbox 176 2364 250 2392; x_wconf 66' lang='lat' dir='ltr'>Idem</span> <span class='ocrx_word' id='word_1_1331' title='bbox 263 2371 313 2397; x_wconf 65' lang='lat' dir='ltr'>pro</span> <span class='ocrx_word' id='word_1_1332' title='bbox 327 2363 419 2396; x_wconf 44' lang='lat' dir='ltr'>Qlint·</span> <span class='ocrx_word' id='word_1_1333' title='bbox 433 2363 449 2388; x_wconf 76' lang='lat'>6</span> <span class='ocrx_word' id='word_1_1334' title='bbox 475 2361 539 2388; x_wconf 72' lang='lat' dir='ltr'>No„</span> <span class='ocrx_word' id='word_1_1335' title='bbox 552 2359 640 2386; x_wconf 76' lang='lat' dir='ltr'>minus</span> <span class='ocrx_word' id='word_1_1336' title='bbox 656 2359 730 2393; x_wconf 78' lang='lat' dir='ltr'>saepe</span> <span class='ocrx_word' id='word_1_1337' title='bbox 743 2358 768 2384; x_wconf 88' lang='lat' dir='ltr'>ei</span> <span class='ocrx_word' id='word_1_1338' title='bbox 781 2358 862 2384; x_wconf 88' lang='lat' dir='ltr'>Venit</span> <span class='ocrx_word' id='word_1_1339' title='bbox 875 2358 904 2385; x_wconf 87' lang='lat' dir='ltr'>in</span> <span class='ocrx_word' id='word_1_1340' title='bbox 917 2365 1033 2398; x_wconf 80' lang='lat' dir='ltr'>mentem</span> <span class='ocrx_word' id='word_1_1341' title='bbox 1046 2365 1104 2393; x_wconf 85' lang='lat' dir='ltr'>pot·</span> <span class='ocrx_word' id='word_1_1342' title='bbox 1118 2364 1154 2389; x_wconf 85' lang='lat'>60</span> <span class='ocrx_word' id='word_1_1343' title='bbox 1169 2359 1259 2394; x_wconf 61' lang='lat' dir='ltr'>dritta,</span> <span class='ocrx_word' id='word_1_1344' title='bbox 1279 2367 1308 2388; x_wconf 90' lang='lat' dir='ltr'>vt</span> <span class='ocrx_word' id='word_1_1345' title='bbox 1321 2363 1477 2389; x_wconf 84' lang='lat' dir='ltr'>etiamnunc</span> <span class='ocrx_word' id='word_1_1346' title='bbox 1491 2363 1614 2390; x_wconf 82' lang='lat' dir='ltr'>incastris</span> <span class='ocrx_word' id='word_1_1347' title='bbox 1629 2365 1674 2398; x_wconf 83' lang='lat' dir='ltr'>est,</span> <span class='ocrx_word' id='word_1_1348' title='bbox 1695 2374 1708 2392; x_wconf 91' lang='lat' dir='ltr'>a</span> <span class='ocrx_word' id='word_1_1349' title='bbox 1722 2366 1783 2393; x_wconf 90' lang='lat' dir='ltr'>cibo</span> <span class='ocrx_word' id='word_1_1350' title='bbox 1796 2367 1885 2395; x_wconf 84' lang='lat' dir='ltr'>cibilla</span> <span class='ocrx_word' id='word_1_1351' title='bbox 1900 2369 1979 2396; x_wconf 65' lang='lat' dir='ltr'>dina.</span> <span class='ocrx_word' id='word_1_1352' title='bbox 2016 2372 2103 2399; x_wconf 85' lang='lat' dir='ltr'>Postea</span> <span class='ocrx_word' id='word_1_1353' title='bbox 2120 2375 2236 2402; x_wconf 83' lang='lat' dir='ltr'>rotunda</span> 
     </span>
     <span class='ocr_line' id='line_1_62' title="bbox 39 2394 2235 2441; baseline 0.003 -13"><span class='ocrx_word' id='word_1_1354' title='bbox 39 2401 143 2434; x_wconf 74' lang='lat' dir='ltr'>estatis,</span> <span class='ocrx_word' id='word_1_1355' title='bbox 162 2409 241 2435; x_wconf 88' lang='lat' dir='ltr'>quam</span> <span class='ocrx_word' id='word_1_1356' title='bbox 258 2398 397 2433; x_wconf 80' lang='lat' dir='ltr'>aequitatis</span> <span class='ocrx_word' id='word_1_1357' title='bbox 417 2404 484 2424; x_wconf 85' lang='lat' dir='ltr'>tuae.</span> <span class='ocrx_word' id='word_1_1358' title='bbox 538 2397 570 2421; x_wconf 85' lang='lat' dir='ltr'>Et</span> <span class='ocrx_word' id='word_1_1359' title='bbox 582 2394 614 2421; x_wconf 90' lang='lat' dir='ltr'>de</span> <span class='ocrx_word' id='word_1_1360' title='bbox 629 2394 704 2421; x_wconf 89' lang='lat' dir='ltr'>Orat.</span> <span class='ocrx_word' id='word_1_1361' title='bbox 719 2403 750 2427; x_wconf 90' lang='lat'>2,</span> <span class='ocrx_word' id='word_1_1362' title='bbox 764 2402 813 2434; x_wconf 62' lang='lat'>²5⁴9</span> <span class='ocrx_word' id='word_1_1363' title='bbox 827 2430 832 2434; x_wconf 46' lang='grc'><em>.</em></span> <span class='ocrx_word' id='word_1_1364' title='bbox 844 2395 879 2421; x_wconf 93' lang='lat' dir='ltr'>Vt</span> <span class='ocrx_word' id='word_1_1365' title='bbox 892 2400 1105 2435; x_wconf 72' lang='lat' dir='ltr'>quotiescunque</span> <span class='ocrx_word' id='word_1_1366' title='bbox 1168 2396 1238 2423; x_wconf 65' lang='lat' dir='ltr'>faeta</span> <span class='ocrx_word' id='word_1_1367' title='bbox 1258 2396 1303 2424; x_wconf 89' lang='lat' dir='ltr'>est.</span> <span class='ocrx_word' id='word_1_1368' title='bbox 1360 2398 1391 2424; x_wconf 88' lang='lat' dir='ltr'>Et</span> <span class='ocrx_word' id='word_1_1369' title='bbox 1409 2399 1482 2434; x_wconf 84' lang='lat' dir='ltr'>quod</span> <span class='ocrx_word' id='word_1_1370' title='bbox 1501 2408 1515 2425; x_wconf 89' lang='lat' dir='ltr'>a</span> <span class='ocrx_word' id='word_1_1371' title='bbox 1534 2400 1612 2426; x_wconf 73' lang='lat' dir='ltr'>nobis</span> <span class='ocrx_word' id='word_1_1372' title='bbox 1632 2401 1734 2435; x_wconf 87' lang='lat' dir='ltr'>media,</span> <span class='ocrx_word' id='word_1_1373' title='bbox 1766 2411 1790 2430; x_wconf 89' lang='lat' dir='ltr'>et</span> <span class='ocrx_word' id='word_1_1374' title='bbox 1812 2413 1827 2430; x_wconf 91' lang='lat' dir='ltr'>a</span> <span class='ocrx_word' id='word_1_1375' title='bbox 1849 2405 1955 2431; x_wconf 78' lang='lat' dir='ltr'>Graecis</span> <span class='ocrx_word' id='word_1_1376' title='bbox 1973 2411 2051 2441; x_wconf 46' lang='lat' dir='ltr'>uto-a,</span> <span class='ocrx_word' id='word_1_1377' title='bbox 2077 2411 2161 2437; x_wconf 80' lang='lat' dir='ltr'>mensa</span> <span class='ocrx_word' id='word_1_1378' title='bbox 2181 2411 2235 2438; x_wconf 84' lang='lat' dir='ltr'>dici</span> 
     </span>
     <span class='ocr_line' id='line_1_63' title="bbox 39 2430 2234 2474; baseline 0.008 -18"><span class='ocrx_word' id='word_1_1379' title='bbox 39 2437 150 2472; x_wconf 62' lang='lat' dir='ltr'>gradum</span> <span class='ocrx_word' id='word_1_1380' title='bbox 164 2436 285 2467; x_wconf 67' lang='lat' dir='ltr'>facimus,</span> <span class='ocrx_word' id='word_1_1381' title='bbox 304 2434 383 2460; x_wconf 84' lang='lat' dir='ltr'>toties</span> <span class='ocrx_word' id='word_1_1382' title='bbox 395 2432 445 2459; x_wconf 90' lang='lat' dir='ltr'>tibi</span> <span class='ocrx_word' id='word_1_1383' title='bbox 454 2439 558 2458; x_wconf 90' lang='lat' dir='ltr'>tuarum</span> <span class='ocrx_word' id='word_1_1384' title='bbox 572 2431 704 2457; x_wconf 86' lang='lat' dir='ltr'>virtutum</span> <span class='ocrx_word' id='word_1_1385' title='bbox 713 2431 810 2456; x_wconf 84' lang='lat' dir='ltr'>Veniat</span> <span class='ocrx_word' id='word_1_1386' title='bbox 825 2439 852 2456; x_wconf 87' lang='grc' dir='ltr'>ιιι</span> <span class='ocrx_word' id='word_1_1387' title='bbox 866 2436 991 2457; x_wconf 86' lang='lat' dir='ltr'>mentem.</span> <span class='ocrx_word' id='word_1_1388' title='bbox 1047 2430 1104 2457; x_wconf 76' lang='lat' dir='ltr'>Cic.</span> <span class='ocrx_word' id='word_1_1389' title='bbox 1168 2432 1268 2467; x_wconf 86' lang='lat' dir='ltr'>potest;</span> <span class='ocrx_word' id='word_1_1390' title='bbox 1305 2433 1364 2461; x_wconf 79' lang='lat' dir='ltr'>Nifi</span> <span class='ocrx_word' id='word_1_1391' title='bbox 1375 2434 1456 2461; x_wconf 89' lang='lat' dir='ltr'>etiam</span> <span class='ocrx_word' id='word_1_1392' title='bbox 1470 2435 1542 2470; x_wconf 91' lang='lat' dir='ltr'>quod</span> <span class='ocrx_word' id='word_1_1393' title='bbox 1557 2436 1691 2470; x_wconf 86' lang='lat' dir='ltr'>ponebant</span> <span class='ocrx_word' id='word_1_1394' title='bbox 1703 2438 1828 2474; x_wconf 85' lang='lat' dir='ltr'>pleraque</span> <span class='ocrx_word' id='word_1_1395' title='bbox 1842 2440 1870 2466; x_wconf 89' lang='lat' dir='ltr'>in</span> <span class='ocrx_word' id='word_1_1396' title='bbox 1883 2440 1943 2467; x_wconf 74' lang='lat' dir='ltr'>cibo</span> <span class='ocrx_word' id='word_1_1397' title='bbox 1957 2443 2053 2471; x_wconf 85' lang='lat' dir='ltr'>mensa.</span> <span class='ocrx_word' id='word_1_1398' title='bbox 2096 2446 2151 2472; x_wconf 84' lang='lat' dir='ltr'>Vid.</span> <span class='ocrx_word' id='word_1_1399' title='bbox 2164 2447 2234 2473; x_wconf 85' lang='lat' dir='ltr'>Plut.</span> 
     </span>
     <span class='ocr_line' id='line_1_64' title="bbox 38 2465 2234 2514; baseline 0.005 -14"><span class='ocrx_word' id='word_1_1400' title='bbox 38 2473 70 2500; x_wconf 82' lang='lat' dir='ltr'>de</span> <span class='ocrx_word' id='word_1_1401' title='bbox 87 2473 159 2500; x_wconf 84' lang='lat' dir='ltr'>Petit.</span> <span class='ocrx_word' id='word_1_1402' title='bbox 173 2472 251 2498; x_wconf 88' lang='lat' dir='ltr'>Cons.</span> <span class='ocrx_word' id='word_1_1403' title='bbox 263 2478 288 2501; x_wconf 84' lang='lat'>⁴¹</span> <span class='ocrx_word' id='word_1_1404' title='bbox 306 2469 377 2498; x_wconf 64' lang='lat' dir='ltr'>Haec</span> <span class='ocrx_word' id='word_1_1405' title='bbox 389 2466 458 2494; x_wconf 89' lang='lat' dir='ltr'>mihi</span> <span class='ocrx_word' id='word_1_1406' title='bbox 471 2467 621 2493; x_wconf 86' lang='lat' dir='ltr'>Veniebant</span> <span class='ocrx_word' id='word_1_1407' title='bbox 636 2467 664 2493; x_wconf 93' lang='lat' dir='ltr'>in</span> <span class='ocrx_word' id='word_1_1408' title='bbox 677 2472 793 2493; x_wconf 85' lang='lat' dir='ltr'>mentem</span> <span class='ocrx_word' id='word_1_1409' title='bbox 807 2466 839 2492; x_wconf 90' lang='lat' dir='ltr'>de</span> <span class='ocrx_word' id='word_1_1410' title='bbox 853 2465 954 2492; x_wconf 86' lang='lat' dir='ltr'>duabus</span> <span class='ocrx_word' id='word_1_1411' title='bbox 969 2466 1023 2492; x_wconf 82' lang='lat' dir='ltr'>illis</span> <span class='ocrx_word' id='word_1_1412' title='bbox 1035 2475 1105 2493; x_wconf 90' lang='lat' dir='ltr'>com·</span> <span class='ocrx_word' id='word_1_1413' title='bbox 1168 2470 1253 2496; x_wconf 82' lang='lat' dir='ltr'>Probl.</span> <span class='ocrx_word' id='word_1_1414' title='bbox 1266 2473 1301 2502; x_wconf 80' lang='lat'>03.</span> <span class='ocrx_word' id='word_1_1415' title='bbox 1447 2468 1468 2509; x_wconf 61' lang='lat' dir='ltr'>fl</span> <span class='ocrx_word' id='word_1_1416' title='bbox 1490 2480 1502 2497; x_wconf 86' lang='lat'><em>2</em></span> <span class='ocrx_word' id='word_1_1417' title='bbox 1541 2473 1672 2507; x_wconf 51' lang='lat' dir='ltr'>k&#39;pitlreta:</span> <span class='ocrx_word' id='word_1_1418' title='bbox 1709 2476 1810 2501; x_wconf 75' lang='lat' dir='ltr'>Aterna</span> <span class='ocrx_word' id='word_1_1419' title='bbox 1837 2476 1920 2503; x_wconf 77' lang='lat' dir='ltr'>Ouid·</span> <span class='ocrx_word' id='word_1_1420' title='bbox 1933 2477 1988 2504; x_wconf 88' lang='lat' dir='ltr'>Met</span> <span class='ocrx_word' id='word_1_1421' title='bbox 2012 2487 2051 2513; x_wconf 85' lang='lat'>¹2,</span> <span class='ocrx_word' id='word_1_1422' title='bbox 2070 2489 2129 2514; x_wconf 77' lang='lat'>234.</span> <span class='ocrx_word' id='word_1_1423' title='bbox 2186 2484 2234 2509; x_wconf 78' lang='lat' dir='ltr'>Ar—</span> 
     </span>
     <span class='ocr_line' id='line_1_65' title="bbox 37 2502 2219 2550; baseline 0.005 -17"><span class='ocrx_word' id='word_1_1424' title='bbox 37 2507 217 2537; x_wconf 83' lang='lat' dir='ltr'>motionibus‚</span> <span class='ocrx_word' id='word_1_1425' title='bbox 240 2512 285 2532; x_wconf 82' lang='lat' dir='ltr'>etc.</span> <span class='ocrx_word' id='word_1_1426' title='bbox 359 2503 398 2531; x_wconf 93' lang='lat' dir='ltr'>Id.</span> <span class='ocrx_word' id='word_1_1427' title='bbox 412 2512 464 2539; x_wconf 84' lang='lat' dir='ltr'>pro</span> <span class='ocrx_word' id='word_1_1428' title='bbox 483 2503 560 2530; x_wconf 83' lang='lat' dir='ltr'>Font.</span> <span class='ocrx_word' id='word_1_1429' title='bbox 580 2512 597 2536; x_wconf 89' lang='lat'>9</span> <span class='ocrx_word' id='word_1_1430' title='bbox 629 2503 743 2529; x_wconf 87' lang='lat' dir='ltr'>Fonteio</span> <span class='ocrx_word' id='word_1_1431' title='bbox 760 2511 816 2529; x_wconf 87' lang='lat' dir='ltr'>non</span> <span class='ocrx_word' id='word_1_1432' title='bbox 834 2502 863 2528; x_wconf 90' lang='lat' dir='ltr'>in</span> <span class='ocrx_word' id='word_1_1433' title='bbox 882 2503 966 2529; x_wconf 90' lang='lat' dir='ltr'>Gallia</span> <span class='ocrx_word' id='word_1_1434' title='bbox 985 2503 1104 2537; x_wconf 87' lang='lat' dir='ltr'>primum</span> <span class='ocrx_word' id='word_1_1435' title='bbox 1168 2511 1276 2539; x_wconf 84' lang='lat' dir='ltr'>genteae</span> <span class='ocrx_word' id='word_1_1436' title='bbox 1295 2506 1323 2532; x_wconf 88' lang='lat' dir='ltr'>in</span> <span class='ocrx_word' id='word_1_1437' title='bbox 1344 2505 1463 2533; x_wconf 84' lang='lat' dir='ltr'>delubris</span> <span class='ocrx_word' id='word_1_1438' title='bbox 1500 2507 1555 2534; x_wconf 88' lang='lat' dir='ltr'>Cic.</span> <span class='ocrx_word' id='word_1_1439' title='bbox 1576 2508 1608 2535; x_wconf 86' lang='lat' dir='ltr'>de</span> <span class='ocrx_word' id='word_1_1440' title='bbox 1629 2509 1691 2536; x_wconf 88' lang='lat' dir='ltr'>Nat.</span> <span class='ocrx_word' id='word_1_1441' title='bbox 1718 2510 1800 2538; x_wconf 84' lang='lat' dir='ltr'>Deor.</span> <span class='ocrx_word' id='word_1_1442' title='bbox 1820 2521 1847 2545; x_wconf 82' lang='lat'>3,</span> <span class='ocrx_word' id='word_1_1443' title='bbox 1873 2517 1914 2545; x_wconf 82' lang='lat'>84.</span> <span class='ocrx_word' id='word_1_1444' title='bbox 1995 2516 2114 2544; x_wconf 79' lang='lat' dir='ltr'>Maerob.</span> <span class='ocrx_word' id='word_1_1445' title='bbox 2135 2518 2185 2545; x_wconf 88' lang='lat' dir='ltr'>Sat.</span> <span class='ocrx_word' id='word_1_1446' title='bbox 2203 2527 2219 2550; x_wconf 78' lang='lat'>3</span> 
     </span>
    </p>

    <p class='ocr_par' dir='ltr' id='par_1_16' title="bbox 36 2538 2235 2766">
     <span class='ocr_line' id='line_1_66' title="bbox 37 2538 2235 2586; baseline 0.009 -25"><span class='ocrx_word' id='word_1_1447' title='bbox 37 2544 141 2571; x_wconf 56' lang='lat' dir='ltr'>vtum-e</span> <span class='ocrx_word' id='word_1_1448' title='bbox 153 2543 180 2570; x_wconf 71' lang='lat' dir='ltr'>i„</span> <span class='ocrx_word' id='word_1_1449' title='bbox 194 2547 324 2574; x_wconf 71' lang='lat' dir='ltr'>mentem,</span> <span class='ocrx_word' id='word_1_1450' title='bbox 350 2545 379 2567; x_wconf 89' lang='lat' dir='ltr'>vt</span> <span class='ocrx_word' id='word_1_1451' title='bbox 392 2539 546 2575; x_wconf 88' lang='lat' dir='ltr'>portorium</span> <span class='ocrx_word' id='word_1_1452' title='bbox 561 2539 618 2565; x_wconf 90' lang='lat' dir='ltr'>vini</span> <span class='ocrx_word' id='word_1_1453' title='bbox 633 2539 790 2566; x_wconf 75' lang='lat' dir='ltr'>institueret.</span> <span class='ocrx_word' id='word_1_1454' title='bbox 866 2538 923 2564; x_wconf 86' lang='lat' dir='ltr'>Cic.</span> <span class='ocrx_word' id='word_1_1455' title='bbox 939 2538 970 2578; x_wconf 73' lang='lat' dir='ltr'>de</span> <span class='ocrx_word' id='word_1_1456' title='bbox 984 2539 1061 2579; x_wconf 81' lang='lat' dir='ltr'>Orat.</span> <span class='ocrx_word' id='word_1_1457' title='bbox 1078 2547 1103 2572; x_wconf 88' lang='lat'>1,</span> <span class='ocrx_word' id='word_1_1458' title='bbox 1118 2545 1149 2575; x_wconf 78' lang='lat'>65</span> <span class='ocrx_word' id='word_1_1459' title='bbox 1168 2542 1188 2567; x_wconf 76' lang='grc' dir='ltr'>[ι’</span> <span class='ocrx_word' id='word_1_1460' title='bbox 1202 2549 1232 2567; x_wconf 86' lang='lat' dir='ltr'>ex</span> <span class='ocrx_word' id='word_1_1461' title='bbox 1251 2542 1310 2568; x_wconf 87' lang='lat' dir='ltr'>iure</span> <span class='ocrx_word' id='word_1_1462' title='bbox 1330 2542 1490 2577; x_wconf 83' lang='lat' dir='ltr'>Papiniano,</span> <span class='ocrx_word' id='word_1_1463' title='bbox 1520 2545 1550 2571; x_wconf 95' lang='lat' dir='ltr'>In</span> <span class='ocrx_word' id='word_1_1464' title='bbox 1570 2545 1670 2580; x_wconf 85' lang='lat' dir='ltr'>templo</span> <span class='ocrx_word' id='word_1_1465' title='bbox 1689 2547 1800 2573; x_wconf 85' lang='lat' dir='ltr'>Iunonis</span> <span class='ocrx_word' id='word_1_1466' title='bbox 1820 2548 1983 2582; x_wconf 86' lang='lat' dir='ltr'>Populoniae</span> <span class='ocrx_word' id='word_1_1467' title='bbox 2000 2552 2133 2586; x_wconf 83' lang='lat' dir='ltr'>augustata</span> <span class='ocrx_word' id='word_1_1468' title='bbox 2146 2539 2235 2581; x_wconf 60' lang='lat' dir='ltr'>mensi</span> 
     </span>
     <span class='ocr_line' id='line_1_67' title="bbox 37 2574 2233 2622; baseline 0.008 -23"><span class='ocrx_word' id='word_1_1469' title='bbox 37 2587 69 2612; x_wconf 80' lang='lat'>24</span> <span class='ocrx_word' id='word_1_1470' title='bbox 94 2578 167 2613; x_wconf 76' lang='lat' dir='ltr'>Qiid</span> <span class='ocrx_word' id='word_1_1471' title='bbox 179 2578 230 2606; x_wconf 77' lang='lat' dir='ltr'>tibi</span> <span class='ocrx_word' id='word_1_1472' title='bbox 242 2578 270 2604; x_wconf 89' lang='lat' dir='ltr'>in</span> <span class='ocrx_word' id='word_1_1473' title='bbox 283 2581 400 2603; x_wconf 86' lang='lat' dir='ltr'>mentem</span> <span class='ocrx_word' id='word_1_1474' title='bbox 415 2576 497 2603; x_wconf 84' lang='lat' dir='ltr'>Venit·</span> <span class='ocrx_word' id='word_1_1475' title='bbox 509 2576 545 2602; x_wconf 80' lang='lat' dir='ltr'>ita</span> <span class='ocrx_word' id='word_1_1476' title='bbox 559 2575 735 2610; x_wconf 76' lang='lat' dir='ltr'>respondere3</span> <span class='ocrx_word' id='word_1_1477' title='bbox 792 2574 867 2602; x_wconf 89' lang='lat' dir='ltr'>Idem</span> <span class='ocrx_word' id='word_1_1478' title='bbox 880 2574 912 2600; x_wconf 88' lang='lat' dir='ltr'>de</span> <span class='ocrx_word' id='word_1_1479' title='bbox 926 2575 1058 2608; x_wconf 82' lang='lat' dir='ltr'>Diuin.2‚</span> <span class='ocrx_word' id='word_1_1480' title='bbox 1072 2583 1104 2610; x_wconf 74' lang='lat'>57</span> <span class='ocrx_word' id='word_1_1481' title='bbox 1167 2576 1212 2603; x_wconf 81' lang='lat' dir='ltr'>est.</span> <span class='ocrx_word' id='word_1_1482' title='bbox 1268 2577 1437 2612; x_wconf 84' lang='lat' dir='ltr'>Augustatam</span> <span class='ocrx_word' id='word_1_1483' title='bbox 1450 2587 1535 2613; x_wconf 79' lang='lat' dir='ltr'>vocat,</span> <span class='ocrx_word' id='word_1_1484' title='bbox 1581 2591 1625 2606; x_wconf 80' lang='lat' dir='ltr'>uae</span> <span class='ocrx_word' id='word_1_1485' title='bbox 1637 2581 1738 2617; x_wconf 64' lang='lat' dir='ltr'>augtqsta</span> <span class='ocrx_word' id='word_1_1486' title='bbox 1745 2583 1821 2616; x_wconf 64' lang='lat' dir='ltr'>fhHa</span> <span class='ocrx_word' id='word_1_1487' title='bbox 1833 2584 1880 2619; x_wconf 74' lang='lat' dir='ltr'>est,</span> <span class='ocrx_word' id='word_1_1488' title='bbox 1906 2586 1936 2611; x_wconf 78' lang='lat' dir='ltr'>id</span> <span class='ocrx_word' id='word_1_1489' title='bbox 1947 2586 1982 2622; x_wconf 83' lang='lat' dir='ltr'>est</span> <span class='ocrx_word' id='word_1_1490' title='bbox 1992 2588 2142 2622; x_wconf 53' lang='lat' dir='ltr'>consecrata.</span> <span class='ocrx_word' id='word_1_1491' title='bbox 2187 2591 2233 2617; x_wconf 83' lang='lat' dir='ltr'>Al.</span> 
     </span>
     <span class='ocr_line' id='line_1_68' title="bbox 36 2610 2234 2661; baseline 0.008 -25"><span class='ocrx_word' id='word_1_1492' title='bbox 36 2615 110 2649; x_wconf 66' lang='lat' dir='ltr'>Qiid</span> <span class='ocrx_word' id='word_1_1493' title='bbox 122 2616 150 2642; x_wconf 71' lang='lat' dir='ltr'>in</span> <span class='ocrx_word' id='word_1_1494' title='bbox 163 2620 280 2641; x_wconf 76' lang='lat' dir='ltr'>mentem</span> <span class='ocrx_word' id='word_1_1495' title='bbox 292 2612 374 2639; x_wconf 89' lang='lat' dir='ltr'>Venit</span> <span class='ocrx_word' id='word_1_1496' title='bbox 389 2611 534 2640; x_wconf 81' lang='lat' dir='ltr'>Calissheni</span> <span class='ocrx_word' id='word_1_1497' title='bbox 545 2611 634 2637; x_wconf 85' lang='lat' dir='ltr'>dicere</span> <span class='ocrx_word' id='word_1_1498' title='bbox 648 2612 728 2644; x_wconf 79' lang='lat' dir='ltr'>deos,</span> <span class='ocrx_word' id='word_1_1499' title='bbox 748 2618 794 2638; x_wconf 82' lang='lat' dir='ltr'>etc.</span> <span class='ocrx_word' id='word_1_1500' title='bbox 850 2611 890 2636; x_wconf 84' lang='lat' dir='ltr'>Sic</span> <span class='ocrx_word' id='word_1_1501' title='bbox 903 2610 934 2636; x_wconf 89' lang='lat' dir='ltr'>de</span> <span class='ocrx_word' id='word_1_1502' title='bbox 949 2610 1019 2637; x_wconf 85' lang='lat' dir='ltr'>Clar.</span> <span class='ocrx_word' id='word_1_1503' title='bbox 1028 2611 1104 2638; x_wconf 87' lang='lat' dir='ltr'>Orat.</span> <span class='ocrx_word' id='word_1_1504' title='bbox 1167 2612 1290 2647; x_wconf 82' lang='lat' dir='ltr'>Augusta.</span> <span class='ocrx_word' id='word_1_1505' title='bbox 1348 2614 1438 2641; x_wconf 89' lang='lat' dir='ltr'>Citrea</span> <span class='ocrx_word' id='word_1_1506' title='bbox 1456 2623 1479 2641; x_wconf 76' lang='lat' dir='ltr'>et</span> <span class='ocrx_word' id='word_1_1507' title='bbox 1491 2624 1585 2642; x_wconf 82' lang='lat' dir='ltr'>acerna</span> <span class='ocrx_word' id='word_1_1508' title='bbox 1613 2616 1727 2644; x_wconf 87' lang='lat' dir='ltr'>Martial.</span> <span class='ocrx_word' id='word_1_1509' title='bbox 1740 2627 1785 2652; x_wconf 85' lang='lat'>14,</span> <span class='ocrx_word' id='word_1_1510' title='bbox 1798 2628 1834 2652; x_wconf 88' lang='lat'>94</span> <span class='ocrx_word' id='word_1_1511' title='bbox 1848 2628 1872 2646; x_wconf 81' lang='lat' dir='ltr'>et</span> <span class='ocrx_word' id='word_1_1512' title='bbox 1890 2629 1927 2654; x_wconf 84' lang='lat'>95.</span> <span class='ocrx_word' id='word_1_1513' title='bbox 1985 2623 2040 2650; x_wconf 92' lang='lat' dir='ltr'>Cic.</span> <span class='ocrx_word' id='word_1_1514' title='bbox 2057 2625 2135 2651; x_wconf 85' lang='lat' dir='ltr'>Verr.</span> <span class='ocrx_word' id='word_1_1515' title='bbox 2149 2634 2167 2658; x_wconf 88' lang='lat'>4</span> <span class='ocrx_word' id='word_1_1516' title='bbox 2202 2634 2234 2661; x_wconf 82' lang='grc'>37</span> 
     </span>
     <span class='ocr_line' id='line_1_69' title="bbox 37 2646 2234 2689; baseline 0.006 -13"><span class='ocrx_word' id='word_1_1517' title='bbox 37 2660 71 2680; x_wconf 74' lang='lat'>22</span> <span class='ocrx_word' id='word_1_1518' title='bbox 102 2650 173 2678; x_wconf 82' lang='lat' dir='ltr'>Mihi</span> <span class='ocrx_word' id='word_1_1519' title='bbox 186 2652 266 2679; x_wconf 88' lang='lat' dir='ltr'>Brute</span> <span class='ocrx_word' id='word_1_1520' title='bbox 280 2649 309 2675; x_wconf 87' lang='lat' dir='ltr'>in</span> <span class='ocrx_word' id='word_1_1521' title='bbox 320 2654 345 2675; x_wconf 90' lang='lat' dir='ltr'>te</span> <span class='ocrx_word' id='word_1_1522' title='bbox 358 2648 473 2676; x_wconf 89' lang='lat' dir='ltr'>intuenti</span> <span class='ocrx_word' id='word_1_1523' title='bbox 492 2647 586 2674; x_wconf 82' lang='lat' dir='ltr'>crebro</span> <span class='ocrx_word' id='word_1_1524' title='bbox 600 2647 628 2673; x_wconf 90' lang='lat' dir='ltr'>in</span> <span class='ocrx_word' id='word_1_1525' title='bbox 646 2654 763 2674; x_wconf 88' lang='lat' dir='ltr'>mentem</span> <span class='ocrx_word' id='word_1_1526' title='bbox 778 2647 859 2673; x_wconf 86' lang='lat' dir='ltr'>Venit</span> <span class='ocrx_word' id='word_1_1527' title='bbox 877 2647 967 2674; x_wconf 88' lang='lat' dir='ltr'>vereri</span> <span class='ocrx_word' id='word_1_1528' title='bbox 988 2647 1102 2681; x_wconf 86' lang='lat' dir='ltr'>ecquod·</span> <span class='ocrx_word' id='word_1_1529' title='bbox 1168 2648 1217 2675; x_wconf 90' lang='lat' dir='ltr'>Tu</span> <span class='ocrx_word' id='word_1_1530' title='bbox 1232 2650 1373 2676; x_wconf 84' lang='lat' dir='ltr'>maximam</span> <span class='ocrx_word' id='word_1_1531' title='bbox 1387 2658 1412 2677; x_wconf 89' lang='lat' dir='ltr'>et</span> <span class='ocrx_word' id='word_1_1532' title='bbox 1430 2651 1637 2686; x_wconf 86' lang='lat' dir='ltr'>pulcherrimam</span> <span class='ocrx_word' id='word_1_1533' title='bbox 1659 2655 1775 2681; x_wconf 84' lang='lat' dir='ltr'>mensam</span> <span class='ocrx_word' id='word_1_1534' title='bbox 1793 2656 1903 2682; x_wconf 87' lang='lat' dir='ltr'>citream</span> <span class='ocrx_word' id='word_1_1535' title='bbox 1923 2666 1937 2683; x_wconf 93' lang='lat' dir='ltr'>a</span> <span class='ocrx_word' id='word_1_1536' title='bbox 1957 2658 2072 2686; x_wconf 88' lang='lat' dir='ltr'>Lutadio</span> <span class='ocrx_word' id='word_1_1537' title='bbox 2097 2646 2234 2689; x_wconf 82' lang='lat' dir='ltr'>abstul’isti.</span> 
     </span>
     <span class='ocr_line' id='line_1_70' title="bbox 37 2682 2233 2727; baseline 0.009 -22"><span class='ocrx_word' id='word_1_1538' title='bbox 37 2695 114 2720; x_wconf 61' lang='lat' dir='ltr'>nam,</span> <span class='ocrx_word' id='word_1_1539' title='bbox 134 2694 177 2714; x_wconf 70' lang='lat' dir='ltr'>m,</span> <span class='ocrx_word' id='word_1_1540' title='bbox 233 2686 264 2711; x_wconf 84' lang='lat' dir='ltr'>Et</span> <span class='ocrx_word' id='word_1_1541' title='bbox 277 2685 347 2711; x_wconf 86' lang='lat' dir='ltr'>Fam.</span> <span class='ocrx_word' id='word_1_1542' title='bbox 361 2693 396 2718; x_wconf 86' lang='lat'>4,</span> <span class='ocrx_word' id='word_1_1543' title='bbox 415 2693 438 2717; x_wconf 81' lang='lat'>13</span> <span class='ocrx_word' id='word_1_1544' title='bbox 471 2682 529 2711; x_wconf 86' lang='lat' dir='ltr'>Nec</span> <span class='ocrx_word' id='word_1_1545' title='bbox 542 2683 611 2710; x_wconf 86' lang='lat' dir='ltr'>mihi</span> <span class='ocrx_word' id='word_1_1546' title='bbox 630 2683 776 2718; x_wconf 87' lang='lat' dir='ltr'>quidquam</span> <span class='ocrx_word' id='word_1_1547' title='bbox 794 2683 841 2709; x_wconf 87' lang='lat' dir='ltr'>tali</span> <span class='ocrx_word' id='word_1_1548' title='bbox 855 2689 977 2717; x_wconf 86' lang='lat' dir='ltr'>tempore</span> <span class='ocrx_word' id='word_1_1549' title='bbox 991 2683 1019 2709; x_wconf 85' lang='lat' dir='ltr'>in</span> <span class='ocrx_word' id='word_1_1550' title='bbox 1032 2692 1104 2709; x_wconf 88' lang='lat' dir='ltr'>men-</span> <span class='ocrx_word' id='word_1_1551' title='bbox 1167 2684 1325 2720; x_wconf 78' lang='lat' dir='ltr'>Conscripta</span> <span class='ocrx_word' id='word_1_1552' title='bbox 1338 2686 1402 2712; x_wconf 87' lang='lat' dir='ltr'>vino</span> <span class='ocrx_word' id='word_1_1553' title='bbox 1429 2687 1510 2714; x_wconf 88' lang='lat' dir='ltr'>Ouid.</span> <span class='ocrx_word' id='word_1_1554' title='bbox 1525 2690 1616 2716; x_wconf 82' lang='lat' dir='ltr'>Amor.</span> <span class='ocrx_word' id='word_1_1555' title='bbox 1631 2698 1654 2722; x_wconf 89' lang='lat'>2,</span> <span class='ocrx_word' id='word_1_1556' title='bbox 1667 2697 1690 2722; x_wconf 80' lang='grc' dir='ltr'>ς,</span> <span class='ocrx_word' id='word_1_1557' title='bbox 1704 2697 1741 2724; x_wconf 85' lang='lat'>17.</span> <span class='ocrx_word' id='word_1_1558' title='bbox 1814 2692 1989 2727; x_wconf 81' lang='lat' dir='ltr'>Curionales,</span> <span class='ocrx_word' id='word_1_1559' title='bbox 2016 2696 2069 2725; x_wconf 75' lang='lat' dir='ltr'>vid,</span> <span class='ocrx_word' id='word_1_1560' title='bbox 2093 2702 2110 2724; x_wconf 91' lang='lat' dir='ltr'>c</span> <span class='ocrx_word' id='word_1_1561' title='bbox 2122 2704 2171 2724; x_wconf 84' lang='lat' dir='ltr'>VR</span> <span class='ocrx_word' id='word_1_1562' title='bbox 2182 2704 2191 2724; x_wconf 87' lang='lat'><em>1</em></span> <span class='ocrx_word' id='word_1_1563' title='bbox 2201 2704 2233 2725; x_wconf 84' lang='grc' dir='ltr'>Α.</span> 
     </span>
     <span class='ocr_line' id='line_1_71' title="bbox 37 2719 2233 2766; baseline 0.01 -28"><span class='ocrx_word' id='word_1_1564' title='bbox 37 2730 91 2751; x_wconf 83' lang='lat' dir='ltr'>tem</span> <span class='ocrx_word' id='word_1_1565' title='bbox 105 2722 186 2749; x_wconf 63' lang='lat' dir='ltr'>Venit</span> <span class='ocrx_word' id='word_1_1566' title='bbox 200 2728 301 2756; x_wconf 61' lang='lat' dir='ltr'>optare,</span> <span class='ocrx_word' id='word_1_1567' title='bbox 375 2720 474 2747; x_wconf 78' lang='lat' dir='ltr'>Videre</span> <span class='ocrx_word' id='word_1_1568' title='bbox 491 2720 593 2755; x_wconf 83' lang='lat' dir='ltr'>aliquid</span> <span class='ocrx_word' id='word_1_1569' title='bbox 613 2726 701 2746; x_wconf 87' lang='lat' dir='ltr'>mente</span> <span class='ocrx_word' id='word_1_1570' title='bbox 733 2719 815 2746; x_wconf 88' lang='lat' dir='ltr'>Ouid.</span> <span class='ocrx_word' id='word_1_1571' title='bbox 833 2727 864 2745; x_wconf 83' lang='lat' dir='ltr'>ex</span> <span class='ocrx_word' id='word_1_1572' title='bbox 886 2719 962 2745; x_wconf 87' lang='lat' dir='ltr'>Pont.</span> <span class='ocrx_word' id='word_1_1573' title='bbox 976 2727 1007 2751; x_wconf 81' lang='lat' dir='ltr'>z,</span> <span class='ocrx_word' id='word_1_1574' title='bbox 1027 2728 1061 2752; x_wconf 86' lang='lat'>4,</span> <span class='ocrx_word' id='word_1_1575' title='bbox 1079 2725 1102 2748; x_wconf 91' lang='lat'>8.</span> <span class='ocrx_word' id='word_1_1576' title='bbox 1116 2730 1152 2758; x_wconf 89' lang='lat'>70</span> <span class='ocrx_word' id='word_1_1577' title='bbox 1169 2721 1271 2747; x_wconf 86' lang='lat' dir='ltr'>Escaria</span> <span class='ocrx_word' id='word_1_1578' title='bbox 1287 2723 1374 2748; x_wconf 83' lang='lat' dir='ltr'>Varro</span> <span class='ocrx_word' id='word_1_1579' title='bbox 1388 2722 1420 2748; x_wconf 88' lang='lat' dir='ltr'>de</span> <span class='ocrx_word' id='word_1_1580' title='bbox 1435 2723 1463 2749; x_wconf 85' lang='lat' dir='ltr'>L.</span> <span class='ocrx_word' id='word_1_1581' title='bbox 1473 2723 1501 2749; x_wconf 92' lang='lat' dir='ltr'>L.</span> <span class='ocrx_word' id='word_1_1582' title='bbox 1516 2732 1544 2758; x_wconf 83' lang='lat'>4,</span> <span class='ocrx_word' id='word_1_1583' title='bbox 1557 2732 1596 2757; x_wconf 79' lang='lat'>25.</span> <span class='ocrx_word' id='word_1_1584' title='bbox 1655 2725 1798 2760; x_wconf 85' lang='lat' dir='ltr'>Delphicae</span> <span class='ocrx_word' id='word_1_1585' title='bbox 1811 2736 1826 2754; x_wconf 90' lang='lat' dir='ltr'>e</span> <span class='ocrx_word' id='word_1_1586' title='bbox 1838 2737 1973 2756; x_wconf 84' lang='lat' dir='ltr'>marmore</span> <span class='ocrx_word' id='word_1_1587' title='bbox 1998 2731 2054 2758; x_wconf 85' lang='lat' dir='ltr'>Cic.</span> <span class='ocrx_word' id='word_1_1588' title='bbox 2070 2733 2182 2766; x_wconf 84' lang='lat' dir='ltr'>Verr.4‚</span> <span class='ocrx_word' id='word_1_1589' title='bbox 2193 2742 2233 2766; x_wconf 84' lang='grc'><strong>131.</strong></span> 
     </span>
    </p>
   </div>
   <div class='ocr_carea' id='block_1_11' title="bbox 35 2755 2233 3227">
    <p class='ocr_par' dir='ltr' id='par_1_17' title="bbox 35 2755 2233 2978">
     <span class='ocr_line' id='line_1_72' title="bbox 37 2755 2233 2797; baseline 0.005 -11"><span class='ocrx_word' id='word_1_1590' title='bbox 37 2758 137 2786; x_wconf 85' lang='lat' dir='ltr'>Videre</span> <span class='ocrx_word' id='word_1_1591' title='bbox 150 2757 252 2793; x_wconf 86' lang='lat' dir='ltr'>liquida</span> <span class='ocrx_word' id='word_1_1592' title='bbox 265 2761 354 2782; x_wconf 86' lang='lat' dir='ltr'>mente</span> <span class='ocrx_word' id='word_1_1593' title='bbox 377 2756 472 2783; x_wconf 78' lang='lat' dir='ltr'>Catuli.</span> <span class='ocrx_word' id='word_1_1594' title='bbox 486 2759 523 2790; x_wconf 91' lang='grc'>61,</span> <span class='ocrx_word' id='word_1_1595' title='bbox 537 2758 583 2789; x_wconf 87' lang='lat'>46.</span> <span class='ocrx_word' id='word_1_1596' title='bbox 658 2755 759 2790; x_wconf 83' lang='lat' dir='ltr'>Vigilat</span> <span class='ocrx_word' id='word_1_1597' title='bbox 772 2764 846 2782; x_wconf 85' lang='lat' dir='ltr'>mens</span> <span class='ocrx_word' id='word_1_1598' title='bbox 860 2755 944 2781; x_wconf 82' lang='lat' dir='ltr'>animi</span> <span class='ocrx_word' id='word_1_1599' title='bbox 963 2755 1103 2789; x_wconf 87' lang='lat' dir='ltr'>Lucret.4,</span> <span class='ocrx_word' id='word_1_1600' title='bbox 1168 2757 1350 2784; x_wconf 86' lang='lat' dir='ltr'>Gemmiferae</span> <span class='ocrx_word' id='word_1_1601' title='bbox 1382 2758 1474 2785; x_wconf 89' lang='lat' dir='ltr'>Claud.</span> <span class='ocrx_word' id='word_1_1602' title='bbox 1496 2759 1575 2787; x_wconf 90' lang='lat' dir='ltr'>Cons.</span> <span class='ocrx_word' id='word_1_1603' title='bbox 1592 2760 1670 2789; x_wconf 91' lang='lat' dir='ltr'>Prob.</span> <span class='ocrx_word' id='word_1_1604' title='bbox 1690 2769 1714 2787; x_wconf 74' lang='lat' dir='ltr'>et</span> <span class='ocrx_word' id='word_1_1605' title='bbox 1733 2762 1812 2794; x_wconf 86' lang='lat' dir='ltr'>Olyb.</span> <span class='ocrx_word' id='word_1_1606' title='bbox 1830 2765 1889 2796; x_wconf 76' lang='lat'>265.</span> <span class='ocrx_word' id='word_1_1607' title='bbox 1967 2766 2097 2794; x_wconf 86' lang='lat' dir='ltr'>Lanionia</span> <span class='ocrx_word' id='word_1_1608' title='bbox 2125 2769 2233 2797; x_wconf 84' lang='lat' dir='ltr'>Sueton.</span> 
     </span>
     <span class='ocr_line' id='line_1_73' title="bbox 35 2789 2233 2836; baseline 0.005 -15"><span class='ocrx_word' id='word_1_1609' title='bbox 35 2797 96 2830; x_wconf 83' lang='lat'>762..</span> <span class='ocrx_word' id='word_1_1610' title='bbox 153 2795 251 2821; x_wconf 74' lang='lat' dir='ltr'>Virens</span> <span class='ocrx_word' id='word_1_1611' title='bbox 265 2798 352 2818; x_wconf 87' lang='lat' dir='ltr'>mente</span> <span class='ocrx_word' id='word_1_1612' title='bbox 382 2792 444 2819; x_wconf 85' lang='lat' dir='ltr'>Stat.</span> <span class='ocrx_word' id='word_1_1613' title='bbox 459 2793 551 2819; x_wconf 82' lang='lat' dir='ltr'>Theb.</span> <span class='ocrx_word' id='word_1_1614' title='bbox 565 2801 594 2825; x_wconf 81' lang='grc'>3,</span> <span class='ocrx_word' id='word_1_1615' title='bbox 613 2800 670 2825; x_wconf 83' lang='lat'>453.</span> <span class='ocrx_word' id='word_1_1616' title='bbox 848 2789 869 2828; x_wconf 57' lang='lat' dir='ltr'>fl</span> <span class='ocrx_word' id='word_1_1617' title='bbox 891 2794 906 2817; x_wconf 93' lang='lat'><strong>6</strong></span> <span class='ocrx_word' id='word_1_1618' title='bbox 945 2791 1047 2817; x_wconf 88' lang='lat' dir='ltr'>Mentes</span> <span class='ocrx_word' id='word_1_1619' title='bbox 1059 2798 1104 2826; x_wconf 82' lang='lat' dir='ltr'>pro</span> <span class='ocrx_word' id='word_1_1620' title='bbox 1168 2793 1260 2820; x_wconf 85' lang='lat' dir='ltr'>Claud.</span> <span class='ocrx_word' id='word_1_1621' title='bbox 1273 2803 1294 2820; x_wconf 86' lang='lat' dir='ltr'>c.</span> <span class='ocrx_word' id='word_1_1622' title='bbox 1304 2803 1328 2826; x_wconf 77' lang='lat'>15</span> <span class='ocrx_word' id='word_1_1623' title='bbox 1354 2795 1398 2820; x_wconf 85' lang='lat' dir='ltr'>vbi</span> <span class='ocrx_word' id='word_1_1624' title='bbox 1411 2795 1466 2822; x_wconf 82' lang='lat' dir='ltr'>vid.</span> <span class='ocrx_word' id='word_1_1625' title='bbox 1481 2796 1581 2831; x_wconf 84' lang='lat' dir='ltr'>Casaub.</span> <span class='ocrx_word' id='word_1_1626' title='bbox 1596 2804 1619 2822; x_wconf 80' lang='lat' dir='ltr'>et</span> <span class='ocrx_word' id='word_1_1627' title='bbox 1634 2798 1748 2824; x_wconf 73' lang='lat' dir='ltr'>Beroald.</span> <span class='ocrx_word' id='word_1_1628' title='bbox 1821 2799 2011 2836; x_wconf 78' lang='lat' dir='ltr'>Panthei-inae,</span> <span class='ocrx_word' id='word_1_1629' title='bbox 2031 2805 2085 2829; x_wconf 72' lang='lat' dir='ltr'>vid.</span> <span class='ocrx_word' id='word_1_1630' title='bbox 2099 2805 2233 2832; x_wconf 88' lang='lat' dir='ltr'>Pantheri-</span> 
     </span>
     <span class='ocr_line' id='line_1_74' title="bbox 35 2827 2231 2874; baseline 0.003 -17"><span class='ocrx_word' id='word_1_1631' title='bbox 35 2831 176 2857; x_wconf 83' lang='lat' dir='ltr'>membrana</span> <span class='ocrx_word' id='word_1_1632' title='bbox 192 2829 286 2855; x_wconf 77' lang='lat' dir='ltr'>cerebri</span> <span class='ocrx_word' id='word_1_1633' title='bbox 299 2828 323 2863; x_wconf 90' lang='lat' dir='ltr'>s.</span> <span class='ocrx_word' id='word_1_1634' title='bbox 337 2829 456 2863; x_wconf 71' lang='lat' dir='ltr'>Meninge</span> <span class='ocrx_word' id='word_1_1635' title='bbox 465 2829 545 2864; x_wconf 65' lang='lat' dir='ltr'>posuit</span> <span class='ocrx_word' id='word_1_1636' title='bbox 564 2828 635 2855; x_wconf 87' lang='lat' dir='ltr'>Cael.</span> <span class='ocrx_word' id='word_1_1637' title='bbox 648 2827 739 2854; x_wconf 88' lang='lat' dir='ltr'>Aurel.</span> <span class='ocrx_word' id='word_1_1638' title='bbox 758 2828 832 2854; x_wconf 78' lang='lat' dir='ltr'>Acut.</span> <span class='ocrx_word' id='word_1_1639' title='bbox 845 2836 870 2860; x_wconf 86' lang='grc'>2,</span> <span class='ocrx_word' id='word_1_1640' title='bbox 883 2837 898 2861; x_wconf 90' lang='lat'><strong>9</strong></span> <span class='ocrx_word' id='word_1_1641' title='bbox 907 2850 915 2862; x_wconf 83' lang='lat'>,</span> <span class='ocrx_word' id='word_1_1642' title='bbox 929 2836 964 2860; x_wconf 86' lang='lat'>42</span> <span class='ocrx_word' id='word_1_1643' title='bbox 998 2827 1102 2853; x_wconf 90' lang='lat' dir='ltr'>Dehinc</span> <span class='ocrx_word' id='word_1_1644' title='bbox 1167 2838 1232 2862; x_wconf 85' lang='lat' dir='ltr'>nus,</span> <span class='ocrx_word' id='word_1_1645' title='bbox 1253 2830 1279 2854; x_wconf 83' lang='lat' dir='ltr'>in</span> <span class='ocrx_word' id='word_1_1646' title='bbox 1294 2836 1310 2856; x_wconf 81' lang='grc' dir='ltr'><strong>Ρ</strong></span> <span class='ocrx_word' id='word_1_1647' title='bbox 1319 2837 1341 2857; x_wconf 91' lang='grc' dir='ltr'>Α</span> <span class='ocrx_word' id='word_1_1648' title='bbox 1351 2837 1373 2857; x_wconf 82' lang='grc' dir='ltr'>Ν</span> <span class='ocrx_word' id='word_1_1649' title='bbox 1384 2837 1406 2857; x_wconf 89' lang='lat' dir='ltr'>T</span> <span class='ocrx_word' id='word_1_1650' title='bbox 1416 2837 1438 2857; x_wconf 81' lang='lat' dir='ltr'>H</span> <span class='ocrx_word' id='word_1_1651' title='bbox 1447 2838 1464 2857; x_wconf 71' lang='grc' dir='ltr'><strong><em>Ε</em></strong></span> <span class='ocrx_word' id='word_1_1652' title='bbox 1473 2838 1501 2857; x_wconf 83' lang='lat' dir='ltr'>R.</span> <span class='ocrx_word' id='word_1_1653' title='bbox 1575 2832 1675 2859; x_wconf 86' lang='lat' dir='ltr'>Polluta</span> <span class='ocrx_word' id='word_1_1654' title='bbox 1689 2841 1786 2860; x_wconf 87' lang='lat' dir='ltr'>cruore</span> <span class='ocrx_word' id='word_1_1655' title='bbox 1812 2835 1857 2861; x_wconf 87' lang='lat' dir='ltr'>Sil.</span> <span class='ocrx_word' id='word_1_1656' title='bbox 1873 2843 1889 2870; x_wconf 89' lang='lat'>7</span> <span class='ocrx_word' id='word_1_1657' title='bbox 1898 2856 1905 2869; x_wconf 90' lang='grc'>,</span> <span class='ocrx_word' id='word_1_1658' title='bbox 1927 2842 1972 2869; x_wconf 85' lang='lat'>¹83·</span> <span class='ocrx_word' id='word_1_1659' title='bbox 2045 2839 2142 2874; x_wconf 78' lang='lat' dir='ltr'>Supina</span> <span class='ocrx_word' id='word_1_1660' title='bbox 2169 2843 2231 2867; x_wconf 81' lang='lat' dir='ltr'>Pro.</span> 
     </span>
     <span class='ocr_line' id='line_1_75' title="bbox 36 2863 2231 2909; baseline 0.002 -15"><span class='ocrx_word' id='word_1_1661' title='bbox 36 2866 121 2894; x_wconf 82' lang='lat' dir='ltr'>odore</span> <span class='ocrx_word' id='word_1_1662' title='bbox 135 2864 297 2901; x_wconf 86' lang='lat' dir='ltr'>penetrando</span> <span class='ocrx_word' id='word_1_1663' title='bbox 309 2863 474 2891; x_wconf 83' lang='lat' dir='ltr'>membranas</span> <span class='ocrx_word' id='word_1_1664' title='bbox 488 2863 584 2896; x_wconf 80' lang='lat' dir='ltr'>inurit,</span> <span class='ocrx_word' id='word_1_1665' title='bbox 605 2870 631 2890; x_wconf 87' lang='lat' dir='ltr'>et</span> <span class='ocrx_word' id='word_1_1666' title='bbox 644 2870 768 2898; x_wconf 85' lang='lat' dir='ltr'>tanquam</span> <span class='ocrx_word' id='word_1_1667' title='bbox 781 2871 839 2890; x_wconf 86' lang='lat' dir='ltr'>acre</span> <span class='ocrx_word' id='word_1_1668' title='bbox 854 2864 997 2896; x_wconf 85' lang='lat' dir='ltr'>collyrium</span> <span class='ocrx_word' id='word_1_1669' title='bbox 1011 2864 1103 2890; x_wconf 73' lang='lat' dir='ltr'>oculos</span> <span class='ocrx_word' id='word_1_1670' title='bbox 1167 2872 1234 2899; x_wconf 87' lang='lat' dir='ltr'>pert.</span> <span class='ocrx_word' id='word_1_1671' title='bbox 1247 2874 1276 2898; x_wconf 88' lang='grc'>4,</span> <span class='ocrx_word' id='word_1_1672' title='bbox 1291 2875 1317 2898; x_wconf 89' lang='lat'>9,</span> <span class='ocrx_word' id='word_1_1673' title='bbox 1332 2871 1365 2896; x_wconf 82' lang='lat'>18.</span> <span class='ocrx_word' id='word_1_1674' title='bbox 1439 2867 1541 2902; x_wconf 87' lang='lat' dir='ltr'>Tripes</span> <span class='ocrx_word' id='word_1_1675' title='bbox 1567 2868 1635 2895; x_wconf 81' lang='lat' dir='ltr'>Hor,</span> <span class='ocrx_word' id='word_1_1676' title='bbox 1649 2868 1731 2897; x_wconf 84' lang='lat' dir='ltr'>Serm.</span> <span class='ocrx_word' id='word_1_1677' title='bbox 1746 2879 1764 2902; x_wconf 87' lang='grc' dir='ltr'>ι,</span> <span class='ocrx_word' id='word_1_1678' title='bbox 1778 2880 1790 2902; x_wconf 83' lang='lat'><em>3</em></span> <span class='ocrx_word' id='word_1_1679' title='bbox 1800 2891 1809 2903; x_wconf 89' lang='lat'>‚</span> <span class='ocrx_word' id='word_1_1680' title='bbox 1823 2880 1855 2904; x_wconf 80' lang='lat'>¹3-</span> <span class='ocrx_word' id='word_1_1681' title='bbox 1909 2872 2019 2900; x_wconf 84' lang='lat' dir='ltr'>Vinaria</span> <span class='ocrx_word' id='word_1_1682' title='bbox 2034 2878 2148 2903; x_wconf 84' lang='lat' dir='ltr'>rotunda</span> <span class='ocrx_word' id='word_1_1683' title='bbox 2161 2877 2231 2909; x_wconf 88' lang='lat' dir='ltr'>Cyli-</span> 
     </span>
     <span class='ocr_line' id='line_1_76' title="bbox 36 2896 2230 2944; baseline 0.004 -20"><span class='ocrx_word' id='word_1_1684' title='bbox 36 2902 69 2929; x_wconf 73' lang='lat' dir='ltr'>fic</span> <span class='ocrx_word' id='word_1_1685' title='bbox 89 2908 188 2929; x_wconf 72' lang='lat' dir='ltr'>mentes</span> <span class='ocrx_word' id='word_1_1686' title='bbox 207 2901 362 2927; x_wconf 83' lang='lat' dir='ltr'>inflammat.</span> <span class='ocrx_word' id='word_1_1687' title='bbox 505 2914 506 2917; x_wconf 67' lang='lat'><em>=</em></span> <span class='ocrx_word' id='word_1_1688' title='bbox 540 2896 561 2937; x_wconf 61' lang='lat' dir='ltr'>fl</span> <span class='ocrx_word' id='word_1_1689' title='bbox 588 2907 605 2934; x_wconf 88' lang='grc'>7</span> <span class='ocrx_word' id='word_1_1690' title='bbox 642 2902 673 2926; x_wconf 87' lang='lat' dir='ltr'>In</span> <span class='ocrx_word' id='word_1_1691' title='bbox 691 2901 766 2925; x_wconf 77' lang='lat' dir='ltr'>MSS.</span> <span class='ocrx_word' id='word_1_1692' title='bbox 783 2907 962 2934; x_wconf 81' lang='lat' dir='ltr'>permutantur</span> <span class='ocrx_word' id='word_1_1693' title='bbox 986 2900 1061 2926; x_wconf 83' lang='lat' dir='ltr'>Mens</span> <span class='ocrx_word' id='word_1_1694' title='bbox 1080 2907 1103 2925; x_wconf 80' lang='lat' dir='ltr'>et</span> <span class='ocrx_word' id='word_1_1695' title='bbox 1117 2908 1149 2936; x_wconf 75' lang='lat'>73</span> <span class='ocrx_word' id='word_1_1696' title='bbox 1167 2901 1277 2927; x_wconf 87' lang='lat' dir='ltr'>bathum</span> <span class='ocrx_word' id='word_1_1697' title='bbox 1297 2903 1385 2929; x_wconf 88' lang='lat' dir='ltr'>Varro</span> <span class='ocrx_word' id='word_1_1698' title='bbox 1404 2902 1436 2929; x_wconf 89' lang='lat' dir='ltr'>de</span> <span class='ocrx_word' id='word_1_1699' title='bbox 1453 2903 1482 2929; x_wconf 91' lang='lat' dir='ltr'>L.</span> <span class='ocrx_word' id='word_1_1700' title='bbox 1501 2904 1532 2929; x_wconf 91' lang='lat' dir='ltr'>L.</span> <span class='ocrx_word' id='word_1_1701' title='bbox 1551 2912 1584 2936; x_wconf 85' lang='lat'>4,</span> <span class='ocrx_word' id='word_1_1702' title='bbox 1600 2907 1631 2929; x_wconf 90' lang='lat'>26</span> <span class='ocrx_word' id='word_1_1703' title='bbox 1649 2911 1688 2938; x_wconf 75' lang='lat' dir='ltr'>pr.</span> <span class='ocrx_word' id='word_1_1704' title='bbox 1871 2904 1891 2944; x_wconf 60' lang='lat' dir='ltr'>fl</span> <span class='ocrx_word' id='word_1_1705' title='bbox 1917 2915 1928 2940; x_wconf 82' lang='lat'>3</span> <span class='ocrx_word' id='word_1_1706' title='bbox 1966 2910 2068 2943; x_wconf 57' lang='lat' dir='ltr'>[formae</span> <span class='ocrx_word' id='word_1_1707' title='bbox 2089 2913 2230 2943; x_wconf 63' lang='lat' dir='ltr'>verborumg</span> 
     </span>
     <span class='ocr_line' id='line_1_77' title="bbox 37 2937 2229 2978; baseline 0.01 -26"><span class='ocrx_word' id='word_1_1708' title='bbox 37 2939 107 2966; x_wconf 66' lang='lat' dir='ltr'>Gens</span> <span class='ocrx_word' id='word_1_1709' title='bbox 122 2948 128 2964; x_wconf 62' lang='lat'>3</span> <span class='ocrx_word' id='word_1_1710' title='bbox 162 2937 206 2963; x_wconf 67' lang='lat' dir='ltr'>vbi</span> <span class='ocrx_word' id='word_1_1711' title='bbox 218 2938 286 2964; x_wconf 52' lang='lat' dir='ltr'><em>vide·</em></span> <span class='ocrx_word' id='word_1_1712' title='bbox 1166 2937 1275 2964; x_wconf 76' lang='lat' dir='ltr'>Adstare</span> <span class='ocrx_word' id='word_1_1713' title='bbox 1282 2946 1325 2964; x_wconf 86' lang='lat' dir='ltr'>me</span> <span class='ocrx_word' id='word_1_1714' title='bbox 1399 2938 1512 2972; x_wconf 87' lang='lat' dir='ltr'>domini,</span> <span class='ocrx_word' id='word_1_1715' title='bbox 1531 2940 1584 2965; x_wconf 72' lang='lat' dir='ltr'>vid.</span> <span class='ocrx_word' id='word_1_1716' title='bbox 1598 2946 1667 2966; x_wconf 80' lang='lat' dir='ltr'>ADS</span> <span class='ocrx_word' id='word_1_1717' title='bbox 1678 2945 1735 2966; x_wconf 66' lang='lat' dir='ltr'>T&#39;o.</span> <span class='ocrx_word' id='word_1_1718' title='bbox 1791 2942 1938 2970; x_wconf 75' lang='lat' dir='ltr'>Cic-Tusc.</span> <span class='ocrx_word' id='word_1_1719' title='bbox 1946 2953 1968 2978; x_wconf 78' lang='grc' dir='ltr'>ς,</span> <span class='ocrx_word' id='word_1_1720' title='bbox 1976 2948 2004 2971; x_wconf 83' lang='grc'><strong>61</strong></span> <span class='ocrx_word' id='word_1_1721' title='bbox 2025 2946 2101 2973; x_wconf 88' lang='lat' dir='ltr'>Tum</span> <span class='ocrx_word' id='word_1_1722' title='bbox 2115 2948 2145 2973; x_wconf 85' lang='lat' dir='ltr'>ad</span> <span class='ocrx_word' id='word_1_1723' title='bbox 2160 2957 2229 2973; x_wconf 80' lang='lat' dir='ltr'>men-</span> 
     </span>
    </p>

    <p class='ocr_par' dir='ltr' id='par_1_18' title="bbox 35 2971 2229 3227">
     <span class='ocr_line' id='line_1_78' title="bbox 71 2971 2228 3009; baseline 0.003 -8"><span class='ocrx_word' id='word_1_1724' title='bbox 71 2979 249 3006; x_wconf 82' lang='lat' dir='ltr'>MENTlo,</span> <span class='ocrx_word' id='word_1_1725' title='bbox 269 2972 338 2999; x_wconf 70' lang='lat' dir='ltr'>onis.</span> <span class='ocrx_word' id='word_1_1726' title='bbox 358 2972 379 2999; x_wconf 89' lang='lat' dir='ltr'>f.</span> <span class='ocrx_word' id='word_1_1727' title='bbox 415 2971 534 3006; x_wconf 61' lang='lat' dir='ltr'>[nv-fun]</span> <span class='ocrx_word' id='word_1_1728' title='bbox 570 2980 586 2996; x_wconf 71' lang='lat' dir='ltr'>a</span> <span class='ocrx_word' id='word_1_1729' title='bbox 598 2971 689 3006; x_wconf 81' lang='lat' dir='ltr'>Supino</span> <span class='ocrx_word' id='word_1_1730' title='bbox 696 2971 828 3004; x_wconf 75' lang='lat' dir='ltr'>Mennim,</span> <span class='ocrx_word' id='word_1_1731' title='bbox 849 2971 1024 3006; x_wconf 73' lang='lat' dir='ltr'>quodaMeno</span> <span class='ocrx_word' id='word_1_1732' title='bbox 1031 2971 1104 2997; x_wconf 81' lang='lat' dir='ltr'>verbo</span> <span class='ocrx_word' id='word_1_1733' title='bbox 1166 2974 1218 2999; x_wconf 90' lang='lat' dir='ltr'>sam</span> <span class='ocrx_word' id='word_1_1734' title='bbox 1233 2973 1330 3000; x_wconf 86' lang='lat' dir='ltr'>eximia</span> <span class='ocrx_word' id='word_1_1735' title='bbox 1377 2983 1433 3000; x_wconf 87' lang='lat' dir='ltr'>rma</span> <span class='ocrx_word' id='word_1_1736' title='bbox 1446 2983 1543 3009; x_wconf 84' lang='lat' dir='ltr'>pueros</span> <span class='ocrx_word' id='word_1_1737' title='bbox 1557 2975 1674 3002; x_wconf 68' lang='lat' dir='ltr'>delc&amp;os</span> <span class='ocrx_word' id='word_1_1738' title='bbox 1688 2976 1754 3003; x_wconf 85' lang='lat' dir='ltr'>iuffit</span> <span class='ocrx_word' id='word_1_1739' title='bbox 1761 2977 1916 3006; x_wconf 80' lang='lat' dir='ltr'>Consistere.</span> <span class='ocrx_word' id='word_1_1740' title='bbox 1974 2981 2143 3009; x_wconf 84' lang='lat' dir='ltr'>Discumbere</span> <span class='ocrx_word' id='word_1_1741' title='bbox 2158 2992 2228 3008; x_wconf 76' lang='lat' dir='ltr'>ruen-</span> 
     </span>
     <span class='ocr_line' id='line_1_79' title="bbox 35 3007 2228 3050; baseline 0.005 -17"><span class='ocrx_word' id='word_1_1742' title='bbox 35 3011 136 3045; x_wconf 68' lang='lat' dir='ltr'>„m&#39;quo</span> <span class='ocrx_word' id='word_1_1743' title='bbox 150 3009 296 3041; x_wconf 81' lang='lat' dir='ltr'>deducitur,</span> <span class='ocrx_word' id='word_1_1744' title='bbox 323 3010 388 3034; x_wconf 81' lang='lat' dir='ltr'>vnde</span> <span class='ocrx_word' id='word_1_1745' title='bbox 400 3008 434 3043; x_wconf 79' lang='lat' dir='ltr'>est</span> <span class='ocrx_word' id='word_1_1746' title='bbox 455 3009 526 3041; x_wconf 71' lang='lat' dir='ltr'>Pers.</span> <span class='ocrx_word' id='word_1_1747' title='bbox 546 3007 670 3034; x_wconf 88' lang='lat' dir='ltr'>Memini.</span> <span class='ocrx_word' id='word_1_1748' title='bbox 728 3007 884 3043; x_wconf 73' lang='lat' dir='ltr'>Construitur</span> <span class='ocrx_word' id='word_1_1749' title='bbox 903 3017 951 3033; x_wconf 78' lang='lat' dir='ltr'>nvn</span> <span class='ocrx_word' id='word_1_1750' title='bbox 968 3018 1030 3033; x_wconf 78' lang='lat' dir='ltr'>raro</span> <span class='ocrx_word' id='word_1_1751' title='bbox 1050 3017 1102 3033; x_wconf 83' lang='lat' dir='ltr'>cum</span> <span class='ocrx_word' id='word_1_1752' title='bbox 1166 3008 1197 3035; x_wconf 84' lang='lat' dir='ltr'>fis</span> <span class='ocrx_word' id='word_1_1753' title='bbox 1224 3009 1285 3037; x_wconf 87' lang='lat' dir='ltr'>Stat.</span> <span class='ocrx_word' id='word_1_1754' title='bbox 1299 3010 1363 3037; x_wconf 83' lang='lat' dir='ltr'>Silu.</span> <span class='ocrx_word' id='word_1_1755' title='bbox 1380 3021 1405 3043; x_wconf 73' lang='lat'>4,</span> <span class='ocrx_word' id='word_1_1756' title='bbox 1418 3019 1444 3043; x_wconf 90' lang='lat'>2,</span> <span class='ocrx_word' id='word_1_1757' title='bbox 1458 3020 1489 3042; x_wconf 82' lang='lat'>33.</span> <span class='ocrx_word' id='word_1_1758' title='bbox 1564 3010 1704 3037; x_wconf 86' lang='lat' dir='ltr'>Exstruere</span> <span class='ocrx_word' id='word_1_1759' title='bbox 1716 3014 1935 3048; x_wconf 83' lang='lat' dir='ltr'>conquisitiffimis</span> <span class='ocrx_word' id='word_1_1760' title='bbox 1948 3016 2013 3043; x_wconf 73' lang='lat' dir='ltr'>cibis</span> <span class='ocrx_word' id='word_1_1761' title='bbox 2040 3018 2094 3044; x_wconf 86' lang='lat' dir='ltr'>Cic.</span> <span class='ocrx_word' id='word_1_1762' title='bbox 2108 3019 2189 3044; x_wconf 84' lang='lat' dir='ltr'>Tusc.</span> <span class='ocrx_word' id='word_1_1763' title='bbox 2204 3025 2228 3050; x_wconf 81' lang='grc' dir='ltr'>ς,</span> 
     </span>
     <span class='ocr_line' id='line_1_80' title="bbox 36 3043 2229 3088; baseline 0.005 -18"><span class='ocrx_word' id='word_1_1764' title='bbox 36 3047 90 3074; x_wconf 84' lang='lat' dir='ltr'>De:</span> <span class='ocrx_word' id='word_1_1765' title='bbox 147 3045 204 3071; x_wconf 90' lang='lat' dir='ltr'>Cic.</span> <span class='ocrx_word' id='word_1_1766' title='bbox 219 3044 314 3079; x_wconf 86' lang='lat' dir='ltr'>Philip.</span> <span class='ocrx_word' id='word_1_1767' title='bbox 329 3052 360 3076; x_wconf 86' lang='lat'>2,</span> <span class='ocrx_word' id='word_1_1768' title='bbox 374 3053 403 3077; x_wconf 77' lang='lat'>39</span> <span class='ocrx_word' id='word_1_1769' title='bbox 431 3043 577 3078; x_wconf 86' lang='lat' dir='ltr'>Nunquam</span> <span class='ocrx_word' id='word_1_1770' title='bbox 591 3043 624 3070; x_wconf 84' lang='lat' dir='ltr'>ab</span> <span class='ocrx_word' id='word_1_1771' title='bbox 638 3052 671 3070; x_wconf 86' lang='lat' dir='ltr'>eo</span> <span class='ocrx_word' id='word_1_1772' title='bbox 685 3043 787 3070; x_wconf 86' lang='lat' dir='ltr'>mentio</span> <span class='ocrx_word' id='word_1_1773' title='bbox 800 3043 832 3070; x_wconf 88' lang='lat' dir='ltr'>de</span> <span class='ocrx_word' id='word_1_1774' title='bbox 847 3052 904 3076; x_wconf 89' lang='lat' dir='ltr'>me,</span> <span class='ocrx_word' id='word_1_1775' title='bbox 923 3043 971 3070; x_wconf 69' lang='lat' dir='ltr'>nisi</span> <span class='ocrx_word' id='word_1_1776' title='bbox 991 3043 1102 3070; x_wconf 86' lang='lat' dir='ltr'>honori·</span> <span class='ocrx_word' id='word_1_1777' title='bbox 1166 3047 1197 3071; x_wconf 83' lang='lat'>62</span> <span class='ocrx_word' id='word_1_1778' title='bbox 1211 3054 1273 3072; x_wconf 86' lang='lat' dir='ltr'>c.21.</span> <span class='ocrx_word' id='word_1_1779' title='bbox 1330 3045 1402 3073; x_wconf 90' lang='lat' dir='ltr'>Idem</span> <span class='ocrx_word' id='word_1_1780' title='bbox 1415 3047 1442 3072; x_wconf 91' lang='lat' dir='ltr'>iu</span> <span class='ocrx_word' id='word_1_1781' title='bbox 1459 3047 1544 3073; x_wconf 86' lang='lat' dir='ltr'>Pison.</span> <span class='ocrx_word' id='word_1_1782' title='bbox 1557 3050 1590 3081; x_wconf 86' lang='lat'>67</span> <span class='ocrx_word' id='word_1_1783' title='bbox 1618 3047 1754 3074; x_wconf 68' lang='lat' dir='ltr'>Exstrue&#39;ta</span> <span class='ocrx_word' id='word_1_1784' title='bbox 1766 3051 1852 3076; x_wconf 86' lang='lat' dir='ltr'>mensa</span> <span class='ocrx_word' id='word_1_1785' title='bbox 1865 3061 1919 3078; x_wconf 81' lang='lat' dir='ltr'>non</span> <span class='ocrx_word' id='word_1_1786' title='bbox 1928 3052 2081 3084; x_wconf 80' lang='lat' dir='ltr'>conchyliis,</span> <span class='ocrx_word' id='word_1_1787' title='bbox 2102 3060 2146 3079; x_wconf 87' lang='lat' dir='ltr'>aut</span> <span class='ocrx_word' id='word_1_1788' title='bbox 2156 3054 2229 3088; x_wconf 78' lang='lat' dir='ltr'>pisci-</span> 
     </span>
     <span class='ocr_line' id='line_1_81' title="bbox 37 3078 2228 3121; baseline 0.004 -14"><span class='ocrx_word' id='word_1_1789' title='bbox 37 3081 98 3114; x_wconf 79' lang='lat' dir='ltr'>flca,</span> <span class='ocrx_word' id='word_1_1790' title='bbox 116 3081 164 3109; x_wconf 83' lang='lat' dir='ltr'>nifi</span> <span class='ocrx_word' id='word_1_1791' title='bbox 176 3080 253 3115; x_wconf 88' lang='lat' dir='ltr'>plena</span> <span class='ocrx_word' id='word_1_1792' title='bbox 266 3079 413 3107; x_wconf 86' lang='lat' dir='ltr'>amiciffimi</span> <span class='ocrx_word' id='word_1_1793' title='bbox 432 3078 563 3105; x_wconf 80' lang='lat' dir='ltr'>desiderii.</span> <span class='ocrx_word' id='word_1_1794' title='bbox 618 3080 724 3114; x_wconf 81' lang='lat' dir='ltr'>Agitare</span> <span class='ocrx_word' id='word_1_1795' title='bbox 738 3080 919 3112; x_wconf 88' lang='lat' dir='ltr'>mentionem,</span> <span class='ocrx_word' id='word_1_1796' title='bbox 938 3080 994 3106; x_wconf 74' lang='lat' dir='ltr'>vid.</span> <span class='ocrx_word' id='word_1_1797' title='bbox 1009 3080 1100 3114; x_wconf 79' lang='lat' dir='ltr'>Agito,</span> <span class='ocrx_word' id='word_1_1798' title='bbox 1115 3087 1147 3112; x_wconf 85' lang='lat'>80</span> <span class='ocrx_word' id='word_1_1799' title='bbox 1166 3080 1230 3113; x_wconf 86' lang='lat' dir='ltr'>bus,</span> <span class='ocrx_word' id='word_1_1800' title='bbox 1258 3081 1302 3108; x_wconf 85' lang='lat' dir='ltr'>sed</span> <span class='ocrx_word' id='word_1_1801' title='bbox 1318 3083 1400 3108; x_wconf 89' lang='lat' dir='ltr'>multa</span> <span class='ocrx_word' id='word_1_1802' title='bbox 1414 3091 1490 3108; x_wconf 86' lang='lat' dir='ltr'>earne</span> <span class='ocrx_word' id='word_1_1803' title='bbox 1506 3082 1677 3117; x_wconf 78' lang='lat' dir='ltr'>subrancida,</span> <span class='ocrx_word' id='word_1_1804' title='bbox 1697 3085 1767 3112; x_wconf 87' lang='lat' dir='ltr'>serui</span> <span class='ocrx_word' id='word_1_1805' title='bbox 1781 3086 1907 3114; x_wconf 87' lang='lat' dir='ltr'>sordidati</span> <span class='ocrx_word' id='word_1_1806' title='bbox 1924 3088 2087 3121; x_wconf 82' lang='lat' dir='ltr'>ministrant,</span> <span class='ocrx_word' id='word_1_1807' title='bbox 2104 3089 2228 3118; x_wconf 80' lang='lat' dir='ltr'>nonnulli</span> 
     </span>
     <span class='ocr_line' id='line_1_82' title="bbox 38 3115 2227 3158; baseline 0.003 -17"><span class='ocrx_word' id='word_1_1808' title='bbox 38 3116 66 3141; x_wconf 69' lang='lat' dir='ltr'>in</span> <span class='ocrx_word' id='word_1_1809' title='bbox 80 3124 166 3145; x_wconf 80' lang='lat' dir='ltr'>AGO.</span> <span class='ocrx_word' id='word_1_1810' title='bbox 228 3117 324 3143; x_wconf 79' lang='lat' dir='ltr'>Facere</span> <span class='ocrx_word' id='word_1_1811' title='bbox 347 3115 528 3148; x_wconf 86' lang='lat' dir='ltr'>mentionem,</span> <span class='ocrx_word' id='word_1_1812' title='bbox 559 3116 759 3142; x_wconf 76' lang='lat' dir='ltr'>Commemorare.</span> <span class='ocrx_word' id='word_1_1813' title='bbox 821 3116 878 3142; x_wconf 91' lang='lat' dir='ltr'>Cic.</span> <span class='ocrx_word' id='word_1_1814' title='bbox 897 3115 929 3141; x_wconf 89' lang='lat' dir='ltr'>de</span> <span class='ocrx_word' id='word_1_1815' title='bbox 948 3115 1049 3142; x_wconf 67' lang='lat' dir='ltr'>Sene&amp;</span> <span class='ocrx_word' id='word_1_1816' title='bbox 1070 3117 1100 3147; x_wconf 84' lang='lat'>63</span> <span class='ocrx_word' id='word_1_1817' title='bbox 1164 3117 1244 3143; x_wconf 86' lang='lat' dir='ltr'>etiam</span> <span class='ocrx_word' id='word_1_1818' title='bbox 1258 3117 1339 3144; x_wconf 84' lang='lat' dir='ltr'>senes.</span> <span class='ocrx_word' id='word_1_1819' title='bbox 1413 3118 1544 3145; x_wconf 86' lang='lat' dir='ltr'>Instruere</span> <span class='ocrx_word' id='word_1_1820' title='bbox 1572 3119 1649 3154; x_wconf 87' lang='lat' dir='ltr'>Virg.</span> <span class='ocrx_word' id='word_1_1821' title='bbox 1664 3122 1728 3146; x_wconf 90' lang='lat' dir='ltr'>Aen.</span> <span class='ocrx_word' id='word_1_1822' title='bbox 1743 3129 1765 3154; x_wconf 82' lang='lat'>3,</span> <span class='ocrx_word' id='word_1_1823' title='bbox 1780 3129 1827 3154; x_wconf 83' lang='lat'>23¹·</span> <span class='ocrx_word' id='word_1_1824' title='bbox 1899 3123 2018 3149; x_wconf 89' lang='lat' dir='ltr'>Onerare</span> <span class='ocrx_word' id='word_1_1825' title='bbox 2038 3125 2122 3158; x_wconf 85' lang='lat' dir='ltr'>epulis</span> <span class='ocrx_word' id='word_1_1826' title='bbox 2155 3125 2227 3152; x_wconf 80' lang='lat' dir='ltr'>Idem</span> 
     </span>
     <span class='ocr_line' id='line_1_83' title="bbox 42 3151 2228 3191; baseline 0.005 -15"><span class='ocrx_word' id='word_1_1827' title='bbox 42 3151 200 3182; x_wconf 82' lang='lat' dir='ltr'>Lysandrum</span> <span class='ocrx_word' id='word_1_1828' title='bbox 214 3151 454 3179; x_wconf 85' lang='lat' dir='ltr'>Lacedaemonium</span> <span class='ocrx_word' id='word_1_1829' title='bbox 476 3151 571 3184; x_wconf 82' lang='lat' dir='ltr'>(cuius</span> <span class='ocrx_word' id='word_1_1830' title='bbox 579 3151 660 3178; x_wconf 90' lang='lat' dir='ltr'>modo</span> <span class='ocrx_word' id='word_1_1831' title='bbox 669 3151 832 3178; x_wconf 88' lang='lat' dir='ltr'>mentionem</span> <span class='ocrx_word' id='word_1_1832' title='bbox 841 3152 908 3186; x_wconf 80' lang='lat' dir='ltr'>feci)</span> <span class='ocrx_word' id='word_1_1833' title='bbox 928 3151 1017 3178; x_wconf 89' lang='lat' dir='ltr'>dicere</span> <span class='ocrx_word' id='word_1_1834' title='bbox 1026 3151 1101 3177; x_wconf 89' lang='lat' dir='ltr'>aiunt</span> <span class='ocrx_word' id='word_1_1835' title='bbox 1165 3153 1263 3187; x_wconf 84' lang='lat' dir='ltr'>Georg.</span> <span class='ocrx_word' id='word_1_1836' title='bbox 1279 3163 1291 3184; x_wconf 83' lang='lat'>4</span> <span class='ocrx_word' id='word_1_1837' title='bbox 1301 3173 1309 3185; x_wconf 94' lang='lat'>,</span> <span class='ocrx_word' id='word_1_1838' title='bbox 1323 3159 1377 3187; x_wconf 83' lang='grc'>378.</span> <span class='ocrx_word' id='word_1_1839' title='bbox 1451 3154 1614 3188; x_wconf 85' lang='lat' dir='ltr'>Opnlenta&#39;re</span> <span class='ocrx_word' id='word_1_1840' title='bbox 1627 3156 1747 3190; x_wconf 81' lang='lat' dir='ltr'>pretiosis</span> <span class='ocrx_word' id='word_1_1841' title='bbox 1761 3156 1870 3191; x_wconf 82' lang='lat' dir='ltr'>dapibus</span> <span class='ocrx_word' id='word_1_1842' title='bbox 1881 3177 1889 3190; x_wconf 83' lang='lat'>‚</span> <span class='ocrx_word' id='word_1_1843' title='bbox 1921 3158 1975 3184; x_wconf 84' lang='lat' dir='ltr'>vid.</span> <span class='ocrx_word' id='word_1_1844' title='bbox 1995 3165 2038 3184; x_wconf 70' lang='lat' dir='ltr'>or</span> <span class='ocrx_word' id='word_1_1845' title='bbox 2048 3166 2070 3184; x_wconf 92' lang='lat' dir='ltr'>v</span> <span class='ocrx_word' id='word_1_1846' title='bbox 2081 3166 2097 3185; x_wconf 79' lang='lat'>1.</span> <span class='ocrx_word' id='word_1_1847' title='bbox 2109 3167 2125 3186; x_wconf 76' lang='grc' dir='ltr'>Ε</span> <span class='ocrx_word' id='word_1_1848' title='bbox 2138 3167 2159 3187; x_wconf 94' lang='grc' dir='ltr'>Ν</span> <span class='ocrx_word' id='word_1_1849' title='bbox 2171 3167 2228 3188; x_wconf 84' lang='lat' dir='ltr'>TO.</span> 
     </span>
     <span class='ocr_line' id='line_1_84' title="bbox 39 3186 2229 3227; baseline 0.003 -14"><span class='ocrx_word' id='word_1_1850' title='bbox 39 3186 154 3219; x_wconf 85' lang='lat' dir='ltr'>solitum,</span> <span class='ocrx_word' id='word_1_1851' title='bbox 171 3188 368 3216; x_wconf 84' lang='lat' dir='ltr'>Lacedaemone</span> <span class='ocrx_word' id='word_1_1852' title='bbox 376 3188 424 3214; x_wconf 85' lang='lat' dir='ltr'>else</span> <span class='ocrx_word' id='word_1_1853' title='bbox 431 3186 638 3214; x_wconf 86' lang='lat' dir='ltr'>honestissimum</span> <span class='ocrx_word' id='word_1_1854' title='bbox 646 3186 814 3214; x_wconf 87' lang='lat' dir='ltr'>domicilium</span> <span class='ocrx_word' id='word_1_1855' title='bbox 829 3187 979 3214; x_wconf 66' lang='lat' dir='ltr'>seneti&#39;tutis.</span> <span class='ocrx_word' id='word_1_1856' title='bbox 1024 3187 1099 3221; x_wconf 82' lang='lat' dir='ltr'>Conf.</span> <span class='ocrx_word' id='word_1_1857' title='bbox 1165 3188 1303 3222; x_wconf 85' lang='lat' dir='ltr'>Reponere</span> <span class='ocrx_word' id='word_1_1858' title='bbox 1317 3190 1379 3217; x_wconf 89' lang='lat' dir='ltr'>vina</span> <span class='ocrx_word' id='word_1_1859' title='bbox 1392 3189 1485 3216; x_wconf 73' lang='lat' dir='ltr'>mensis-</span> <span class='ocrx_word' id='word_1_1860' title='bbox 1509 3191 1586 3225; x_wconf 82' lang='lat' dir='ltr'>Virg.</span> <span class='ocrx_word' id='word_1_1861' title='bbox 1601 3192 1665 3218; x_wconf 88' lang='lat' dir='ltr'>Aen.</span> <span class='ocrx_word' id='word_1_1862' title='bbox 1678 3201 1701 3225; x_wconf 92' lang='lat'>7,</span> <span class='ocrx_word' id='word_1_1863' title='bbox 1712 3200 1762 3225; x_wconf 72' lang='lat'>13⁴·</span> <span class='ocrx_word' id='word_1_1864' title='bbox 1835 3193 1966 3227; x_wconf 86' lang='lat' dir='ltr'>Tangunt</span> <span class='ocrx_word' id='word_1_1865' title='bbox 1979 3202 2023 3219; x_wconf 84' lang='lat' dir='ltr'>aut</span> <span class='ocrx_word' id='word_1_1866' title='bbox 2035 3195 2144 3223; x_wconf 88' lang='lat' dir='ltr'>Tenent</span> <span class='ocrx_word' id='word_1_1867' title='bbox 2156 3205 2229 3223; x_wconf 89' lang='lat' dir='ltr'>men.</span> 
     </span>
    </p>
   </div>
   <div class='ocr_carea' id='block_1_12' title="bbox 39 3223 2228 3479">
    <p class='ocr_par' dir='ltr' id='par_1_19' title="bbox 39 3223 2228 3479">
     <span class='ocr_line' id='line_1_85' title="bbox 40 3223 2227 3267; baseline 0.005 -18"><span class='ocrx_word' id='word_1_1868' title='bbox 40 3223 98 3249; x_wconf 90' lang='lat' dir='ltr'>Cic.</span> <span class='ocrx_word' id='word_1_1869' title='bbox 111 3230 159 3256; x_wconf 85' lang='lat' dir='ltr'>pro</span> <span class='ocrx_word' id='word_1_1870' title='bbox 169 3223 193 3250; x_wconf 87' lang='lat' dir='ltr'>S.</span> <span class='ocrx_word' id='word_1_1871' title='bbox 207 3225 281 3251; x_wconf 83' lang='lat' dir='ltr'>Rosc.</span> <span class='ocrx_word' id='word_1_1872' title='bbox 295 3233 350 3251; x_wconf 80' lang='lat' dir='ltr'>c.2.</span> <span class='ocrx_word' id='word_1_1873' title='bbox 371 3231 394 3250; x_wconf 84' lang='lat' dir='ltr'>et</span> <span class='ocrx_word' id='word_1_1874' title='bbox 410 3223 439 3250; x_wconf 91' lang='lat' dir='ltr'>in</span> <span class='ocrx_word' id='word_1_1875' title='bbox 453 3224 502 3251; x_wconf 88' lang='lat' dir='ltr'>Pis.</span> <span class='ocrx_word' id='word_1_1876' title='bbox 516 3233 538 3250; x_wconf 91' lang='lat' dir='ltr'>c.</span> <span class='ocrx_word' id='word_1_1877' title='bbox 546 3232 584 3250; x_wconf 90' lang='lat'>10.</span> <span class='ocrx_word' id='word_1_1878' title='bbox 647 3223 742 3250; x_wconf 80' lang='lat' dir='ltr'>Facere</span> <span class='ocrx_word' id='word_1_1879' title='bbox 754 3223 919 3250; x_wconf 75' lang='lat' dir='ltr'>mentionem</span> <span class='ocrx_word' id='word_1_1880' title='bbox 933 3223 1099 3250; x_wconf 81' lang='lat' dir='ltr'>necessariam</span> <span class='ocrx_word' id='word_1_1881' title='bbox 1164 3225 1218 3250; x_wconf 89' lang='lat' dir='ltr'>sam</span> <span class='ocrx_word' id='word_1_1882' title='bbox 1237 3232 1356 3259; x_wconf 80' lang='lat' dir='ltr'>tanquam</span> <span class='ocrx_word' id='word_1_1883' title='bbox 1373 3233 1446 3252; x_wconf 88' lang='lat' dir='ltr'>aram</span> <span class='ocrx_word' id='word_1_1884' title='bbox 1464 3234 1570 3253; x_wconf 80' lang='lat' dir='ltr'>orantes.</span> <span class='ocrx_word' id='word_1_1885' title='bbox 1630 3229 1686 3254; x_wconf 86' lang='lat' dir='ltr'>Vid.</span> <span class='ocrx_word' id='word_1_1886' title='bbox 1706 3227 1792 3263; x_wconf 77' lang='lat' dir='ltr'>Heins.</span> <span class='ocrx_word' id='word_1_1887' title='bbox 1816 3230 1852 3254; x_wconf 81' lang='lat' dir='ltr'>ad</span> <span class='ocrx_word' id='word_1_1888' title='bbox 1870 3228 1951 3256; x_wconf 89' lang='lat' dir='ltr'>Ouid.</span> <span class='ocrx_word' id='word_1_1889' title='bbox 1971 3229 2062 3256; x_wconf 86' lang='lat' dir='ltr'>Amor.</span> <span class='ocrx_word' id='word_1_1890' title='bbox 2082 3240 2108 3264; x_wconf 83' lang='lat'>1,</span> <span class='ocrx_word' id='word_1_1891' title='bbox 2134 3243 2164 3265; x_wconf 76' lang='lat'>4,</span> <span class='ocrx_word' id='word_1_1892' title='bbox 2183 3239 2227 3267; x_wconf 85' lang='lat'>27.</span> 
     </span>
     <span class='ocr_line' id='line_1_86' title="bbox 39 3258 2228 3302; baseline 0.004 -16"><span class='ocrx_word' id='word_1_1893' title='bbox 39 3259 153 3285; x_wconf 82' lang='lat' dir='ltr'>alicuius</span> <span class='ocrx_word' id='word_1_1894' title='bbox 165 3258 205 3284; x_wconf 73' lang='lat' dir='ltr'>rei</span> <span class='ocrx_word' id='word_1_1895' title='bbox 239 3260 370 3293; x_wconf 63' lang='lat' dir='ltr'>Quinctil.</span> <span class='ocrx_word' id='word_1_1896' title='bbox 384 3268 410 3293; x_wconf 89' lang='lat'>2,</span> <span class='ocrx_word' id='word_1_1897' title='bbox 423 3267 449 3286; x_wconf 82' lang='lat'>2.</span> <span class='ocrx_word' id='word_1_1898' title='bbox 523 3259 579 3286; x_wconf 87' lang='lat' dir='ltr'>Cic.</span> <span class='ocrx_word' id='word_1_1899' title='bbox 593 3268 644 3295; x_wconf 90' lang='lat' dir='ltr'>pro</span> <span class='ocrx_word' id='word_1_1900' title='bbox 657 3259 751 3292; x_wconf 75' lang='lat' dir='ltr'>Quint.</span> <span class='ocrx_word' id='word_1_1901' title='bbox 765 3266 794 3294; x_wconf 81' lang='lat'>37</span> <span class='ocrx_word' id='word_1_1902' title='bbox 826 3260 916 3292; x_wconf 71' lang='lat' dir='ltr'>Quum</span> <span class='ocrx_word' id='word_1_1903' title='bbox 932 3259 1056 3286; x_wconf 77' lang='lat' dir='ltr'>statuiffes</span> <span class='ocrx_word' id='word_1_1904' title='bbox 1068 3258 1100 3285; x_wconf 84' lang='lat' dir='ltr'>de</span> <span class='ocrx_word' id='word_1_1905' title='bbox 1120 3265 1148 3291; x_wconf 68' lang='grc' dir='ltr'>ες</span> <span class='ocrx_word' id='word_1_1906' title='bbox 1165 3259 1185 3296; x_wconf 58' lang='lat' dir='ltr'><strong>ff</strong></span> <span class='ocrx_word' id='word_1_1907' title='bbox 1208 3268 1226 3292; x_wconf 93' lang='lat'>4</span> <span class='ocrx_word' id='word_1_1908' title='bbox 1264 3262 1314 3286; x_wconf 84' lang='lat' dir='ltr'>Pro</span> <span class='ocrx_word' id='word_1_1909' title='bbox 1327 3261 1385 3296; x_wconf 74' lang='lat' dir='ltr'>ipsis</span> <span class='ocrx_word' id='word_1_1910' title='bbox 1397 3261 1474 3297; x_wconf 79' lang='lat' dir='ltr'>epulis</span> <span class='ocrx_word' id='word_1_1911' title='bbox 1485 3263 1614 3297; x_wconf 77' lang='lat' dir='ltr'>accipitur.</span> <span class='ocrx_word' id='word_1_1912' title='bbox 1673 3263 1760 3289; x_wconf 84' lang='lat' dir='ltr'>Mensa</span> <span class='ocrx_word' id='word_1_1913' title='bbox 1769 3284 1777 3296; x_wconf 87' lang='lat'>,</span> <span class='ocrx_word' id='word_1_1914' title='bbox 1800 3265 1951 3298; x_wconf 76' lang='lat' dir='ltr'>Prandium,</span> <span class='ocrx_word' id='word_1_1915' title='bbox 1974 3266 2017 3290; x_wconf 74' lang='lat' dir='ltr'>vel</span> <span class='ocrx_word' id='word_1_1916' title='bbox 2028 3267 2106 3292; x_wconf 72' lang='lat' dir='ltr'>Coena</span> <span class='ocrx_word' id='word_1_1917' title='bbox 2118 3271 2228 3302; x_wconf 79' lang='lat' dir='ltr'>quando-</span> 
     </span>
     <span class='ocr_line' id='line_1_87' title="bbox 39 3293 2227 3333; baseline 0.004 -12"><span class='ocrx_word' id='word_1_1918' title='bbox 39 3293 150 3330; x_wconf 84' lang='lat' dir='ltr'>pecunia</span> <span class='ocrx_word' id='word_1_1919' title='bbox 163 3295 322 3322; x_wconf 82' lang='lat' dir='ltr'>mentionem</span> <span class='ocrx_word' id='word_1_1920' title='bbox 335 3297 438 3323; x_wconf 88' lang='lat' dir='ltr'>Facere.</span> <span class='ocrx_word' id='word_1_1921' title='bbox 501 3295 574 3322; x_wconf 87' lang='lat' dir='ltr'>Idem</span> <span class='ocrx_word' id='word_1_1922' title='bbox 593 3295 625 3321; x_wconf 92' lang='lat' dir='ltr'>de</span> <span class='ocrx_word' id='word_1_1923' title='bbox 639 3295 730 3330; x_wconf 76' lang='lat' dir='ltr'>Logib.</span> <span class='ocrx_word' id='word_1_1924' title='bbox 742 3304 770 3329; x_wconf 82' lang='lat'>3,</span> <span class='ocrx_word' id='word_1_1925' title='bbox 784 3304 814 3329; x_wconf 84' lang='grc'><strong>14</strong></span> <span class='ocrx_word' id='word_1_1926' title='bbox 846 3296 998 3323; x_wconf 84' lang='lat' dir='ltr'>Demetrius</span> <span class='ocrx_word' id='word_1_1927' title='bbox 1011 3296 1056 3322; x_wconf 89' lang='lat' dir='ltr'>ille</span> <span class='ocrx_word' id='word_1_1928' title='bbox 1070 3294 1101 3320; x_wconf 86' lang='lat' dir='ltr'>de</span> <span class='ocrx_word' id='word_1_1929' title='bbox 1163 3306 1210 3330; x_wconf 87' lang='lat' dir='ltr'>que</span> <span class='ocrx_word' id='word_1_1930' title='bbox 1222 3296 1329 3323; x_wconf 70' lang='lat' dir='ltr'>dicitur.</span> <span class='ocrx_word' id='word_1_1931' title='bbox 1386 3298 1566 3324; x_wconf 73' lang='lat' dir='ltr'>Vere-cundati</span> <span class='ocrx_word' id='word_1_1932' title='bbox 1581 3298 1714 3324; x_wconf 85' lang='lat' dir='ltr'>neminem</span> <span class='ocrx_word' id='word_1_1933' title='bbox 1727 3299 1795 3333; x_wconf 91' lang='lat' dir='ltr'>apud</span> <span class='ocrx_word' id='word_1_1934' title='bbox 1810 3301 1922 3326; x_wconf 78' lang='lat' dir='ltr'>mensam</span> <span class='ocrx_word' id='word_1_1935' title='bbox 1936 3301 2009 3327; x_wconf 85' lang='lat' dir='ltr'>decet</span> <span class='ocrx_word' id='word_1_1936' title='bbox 2042 3302 2120 3329; x_wconf 88' lang='lat' dir='ltr'>Plaut.</span> <span class='ocrx_word' id='word_1_1937' title='bbox 2143 3303 2227 3331; x_wconf 88' lang='lat' dir='ltr'>Trin.</span> 
     </span>
     <span class='ocr_line' id='line_1_88' title="bbox 41 3329 2227 3372; baseline 0.004 -15"><span class='ocrx_word' id='word_1_1938' title='bbox 41 3339 95 3366; x_wconf 92' lang='lat' dir='ltr'>quo</span> <span class='ocrx_word' id='word_1_1939' title='bbox 110 3329 170 3355; x_wconf 83' lang='lat' dir='ltr'>Feci</span> <span class='ocrx_word' id='word_1_1940' title='bbox 183 3329 258 3362; x_wconf 86' lang='lat' dir='ltr'>supra</span> <span class='ocrx_word' id='word_1_1941' title='bbox 269 3331 441 3359; x_wconf 84' lang='lat' dir='ltr'>mentionem.</span> <span class='ocrx_word' id='word_1_1942' title='bbox 497 3333 529 3358; x_wconf 86' lang='lat' dir='ltr'>Et</span> <span class='ocrx_word' id='word_1_1943' title='bbox 542 3332 657 3365; x_wconf 78' lang='lat' dir='ltr'>QFrat.</span> <span class='ocrx_word' id='word_1_1944' title='bbox 670 3340 696 3365; x_wconf 83' lang='lat'>2,</span> <span class='ocrx_word' id='word_1_1945' title='bbox 711 3340 739 3358; x_wconf 90' lang='lat'>10</span> <span class='ocrx_word' id='word_1_1946' title='bbox 772 3332 811 3358; x_wconf 91' lang='lat' dir='ltr'>De</span> <span class='ocrx_word' id='word_1_1947' title='bbox 824 3337 849 3358; x_wconf 89' lang='lat' dir='ltr'>te</span> <span class='ocrx_word' id='word_1_1948' title='bbox 867 3339 883 3358; x_wconf 84' lang='lat' dir='ltr'>a</span> <span class='ocrx_word' id='word_1_1949' title='bbox 894 3332 984 3367; x_wconf 89' lang='lat' dir='ltr'>Sipylo</span> <span class='ocrx_word' id='word_1_1950' title='bbox 999 3331 1100 3358; x_wconf 87' lang='lat' dir='ltr'>mentio</span> <span class='ocrx_word' id='word_1_1951' title='bbox 1164 3339 1190 3364; x_wconf 77' lang='lat'>2,</span> <span class='ocrx_word' id='word_1_1952' title='bbox 1203 3341 1227 3365; x_wconf 80' lang='lat'>4,</span> <span class='ocrx_word' id='word_1_1953' title='bbox 1240 3339 1284 3366; x_wconf 88' lang='grc'>77.</span> <span class='ocrx_word' id='word_1_1954' title='bbox 1342 3333 1434 3362; x_wconf 86' lang='lat' dir='ltr'>quen.</span> <span class='ocrx_word' id='word_1_1955' title='bbox 1450 3334 1501 3360; x_wconf 85' lang='lat' dir='ltr'>Sat.</span> <span class='ocrx_word' id='word_1_1956' title='bbox 1517 3343 1537 3366; x_wconf 87' lang='lat'>1,</span> <span class='ocrx_word' id='word_1_1957' title='bbox 1550 3340 1588 3367; x_wconf 75' lang='lat'>133</span> <span class='ocrx_word' id='word_1_1958' title='bbox 1614 3334 1729 3361; x_wconf 70' lang='lat' dir='ltr'>Nam&#39;de</span> <span class='ocrx_word' id='word_1_1959' title='bbox 1744 3342 1783 3362; x_wconf 90' lang='lat' dir='ltr'>tot</span> <span class='ocrx_word' id='word_1_1960' title='bbox 1797 3335 1928 3370; x_wconf 64' lang='lat' dir='ltr'>pulchris,</span> <span class='ocrx_word' id='word_1_1961' title='bbox 1947 3343 1972 3362; x_wconf 89' lang='lat' dir='ltr'>et</span> <span class='ocrx_word' id='word_1_1962' title='bbox 1986 3337 2044 3363; x_wconf 84' lang='lat' dir='ltr'>latis</span> <span class='ocrx_word' id='word_1_1963' title='bbox 2058 3338 2182 3372; x_wconf 88' lang='lat' dir='ltr'>orbibus,</span> <span class='ocrx_word' id='word_1_1964' title='bbox 2200 3345 2227 3366; x_wconf 88' lang='lat' dir='ltr'>et</span> 
     </span>
     <span class='ocr_line' id='line_1_89' title="bbox 40 3362 2227 3405; baseline 0.004 -13"><span class='ocrx_word' id='word_1_1965' title='bbox 40 3366 76 3392; x_wconf 80' lang='lat' dir='ltr'>est</span> <span class='ocrx_word' id='word_1_1966' title='bbox 90 3362 239 3391; x_wconf 81' lang='lat' dir='ltr'>honorifica</span> <span class='ocrx_word' id='word_1_1967' title='bbox 252 3364 335 3393; x_wconf 71' lang='lat' dir='ltr'>Faeta.</span> <span class='ocrx_word' id='word_1_1968' title='bbox 396 3368 466 3394; x_wconf 81' lang='lat' dir='ltr'>Add.</span> <span class='ocrx_word' id='word_1_1969' title='bbox 484 3367 541 3395; x_wconf 88' lang='lat' dir='ltr'>Cic.</span> <span class='ocrx_word' id='word_1_1970' title='bbox 560 3368 592 3394; x_wconf 87' lang='lat' dir='ltr'>de</span> <span class='ocrx_word' id='word_1_1971' title='bbox 610 3368 641 3395; x_wconf 93' lang='lat' dir='ltr'>L.</span> <span class='ocrx_word' id='word_1_1972' title='bbox 655 3369 747 3402; x_wconf 84' lang='lat' dir='ltr'>Agrar.</span> <span class='ocrx_word' id='word_1_1973' title='bbox 762 3376 774 3400; x_wconf 88' lang='grc'><strong>3</strong></span> <span class='ocrx_word' id='word_1_1974' title='bbox 793 3377 815 3394; x_wconf 87' lang='lat' dir='ltr'>c.</span> <span class='ocrx_word' id='word_1_1975' title='bbox 829 3376 854 3394; x_wconf 89' lang='lat'>2.</span> <span class='ocrx_word' id='word_1_1976' title='bbox 882 3375 905 3393; x_wconf 83' lang='lat' dir='ltr'>et</span> <span class='ocrx_word' id='word_1_1977' title='bbox 920 3368 988 3395; x_wconf 88' lang='lat' dir='ltr'>Phil.</span> <span class='ocrx_word' id='word_1_1978' title='bbox 1002 3376 1018 3394; x_wconf 86' lang='lat'>2</span> <span class='ocrx_word' id='word_1_1979' title='bbox 1037 3373 1100 3397; x_wconf 60' lang='grc' dir='ltr'>αις.</span> <span class='ocrx_word' id='word_1_1980' title='bbox 1165 3373 1218 3394; x_wconf 87' lang='lat' dir='ltr'>tam</span> <span class='ocrx_word' id='word_1_1981' title='bbox 1247 3368 1372 3404; x_wconf 77' lang='lat' dir='ltr'>Antiquis</span> <span class='ocrx_word' id='word_1_1982' title='bbox 1392 3378 1442 3396; x_wconf 88' lang='lat' dir='ltr'>vna</span> <span class='ocrx_word' id='word_1_1983' title='bbox 1468 3369 1609 3396; x_wconf 86' lang='lat' dir='ltr'>comedunt</span> <span class='ocrx_word' id='word_1_1984' title='bbox 1630 3371 1790 3405; x_wconf 87' lang='lat' dir='ltr'>patrimonia</span> <span class='ocrx_word' id='word_1_1985' title='bbox 1816 3371 1910 3397; x_wconf 84' lang='lat' dir='ltr'>mensa.</span> <span class='ocrx_word' id='word_1_1986' title='bbox 1984 3373 2079 3400; x_wconf 80' lang='lat' dir='ltr'>Affecla</span> <span class='ocrx_word' id='word_1_1987' title='bbox 2103 3376 2227 3401; x_wconf 87' lang='lat' dir='ltr'>omnium</span> 
     </span>
     <span class='ocr_line' id='line_1_90' title="bbox 41 3401 2225 3443; baseline 0.004 -15"><span class='ocrx_word' id='word_1_1988' title='bbox 41 3402 110 3435; x_wconf 88' lang='lat' dir='ltr'>Nep.</span> <span class='ocrx_word' id='word_1_1989' title='bbox 125 3408 166 3433; x_wconf 76' lang='lat'>13,</span> <span class='ocrx_word' id='word_1_1990' title='bbox 185 3408 219 3433; x_wconf 86' lang='lat'>4,</span> <span class='ocrx_word' id='word_1_1991' title='bbox 239 3406 261 3432; x_wconf 77' lang='grc'>5-</span> <span class='ocrx_word' id='word_1_1992' title='bbox 316 3401 420 3430; x_wconf 80' lang='lat' dir='ltr'>Habere</span> <span class='ocrx_word' id='word_1_1993' title='bbox 439 3403 603 3430; x_wconf 79' lang='lat' dir='ltr'>mentionem</span> <span class='ocrx_word' id='word_1_1994' title='bbox 640 3403 772 3437; x_wconf 69' lang='lat' dir='ltr'>Qunetil.</span> <span class='ocrx_word' id='word_1_1995' title='bbox 785 3413 819 3437; x_wconf 90' lang='lat'>4,</span> <span class='ocrx_word' id='word_1_1996' title='bbox 838 3412 862 3430; x_wconf 85' lang='lat'>2.</span> <span class='ocrx_word' id='word_1_1997' title='bbox 918 3404 978 3430; x_wconf 91' lang='lat' dir='ltr'>Liu.</span> <span class='ocrx_word' id='word_1_1998' title='bbox 1000 3409 1042 3438; x_wconf 85' lang='lat'>38,</span> <span class='ocrx_word' id='word_1_1999' title='bbox 1061 3403 1100 3434; x_wconf 79' lang='lat'>56·</span> <span class='ocrx_word' id='word_1_2000' title='bbox 1165 3404 1315 3431; x_wconf 85' lang='lat' dir='ltr'>mensarum</span> <span class='ocrx_word' id='word_1_2001' title='bbox 1341 3405 1398 3432; x_wconf 84' lang='lat' dir='ltr'>Cic.</span> <span class='ocrx_word' id='word_1_2002' title='bbox 1412 3405 1440 3432; x_wconf 87' lang='lat' dir='ltr'>in</span> <span class='ocrx_word' id='word_1_2003' title='bbox 1454 3405 1553 3432; x_wconf 84' lang='lat' dir='ltr'>Sallust.</span> <span class='ocrx_word' id='word_1_2004' title='bbox 1568 3415 1599 3432; x_wconf 69' lang='grc' dir='ltr'>ει.</span> <span class='ocrx_word' id='word_1_2005' title='bbox 1674 3406 1831 3432; x_wconf 86' lang='lat' dir='ltr'>Reuerentia</span> <span class='ocrx_word' id='word_1_2006' title='bbox 1844 3407 1946 3434; x_wconf 84' lang='lat' dir='ltr'>mensae</span> <span class='ocrx_word' id='word_1_2007' title='bbox 1970 3408 2063 3436; x_wconf 87' lang='lat' dir='ltr'>quen.</span> <span class='ocrx_word' id='word_1_2008' title='bbox 2076 3410 2125 3437; x_wconf 81' lang='lat' dir='ltr'>Sat.</span> <span class='ocrx_word' id='word_1_2009' title='bbox 2136 3419 2160 3443; x_wconf 84' lang='lat'>2,</span> <span class='ocrx_word' id='word_1_2010' title='bbox 2175 3419 2225 3437; x_wconf 82' lang='lat'>110.</span> 
     </span>
     <span class='ocr_line' id='line_1_91' title="bbox 42 3434 2227 3479; baseline 0.004 -15"><span class='ocrx_word' id='word_1_2011' title='bbox 42 3437 141 3464; x_wconf 84' lang='lat' dir='ltr'>Habita</span> <span class='ocrx_word' id='word_1_2012' title='bbox 153 3435 189 3462; x_wconf 87' lang='lat' dir='ltr'>est</span> <span class='ocrx_word' id='word_1_2013' title='bbox 201 3434 303 3461; x_wconf 86' lang='lat' dir='ltr'>mentio</span> <span class='ocrx_word' id='word_1_2014' title='bbox 328 3436 445 3466; x_wconf 83' lang='lat' dir='ltr'>Scribon.</span> <span class='ocrx_word' id='word_1_2015' title='bbox 457 3447 508 3472; x_wconf 87' lang='grc'><strong>231.</strong></span> <span class='ocrx_word' id='word_1_2016' title='bbox 545 3441 615 3466; x_wconf 79' lang='lat' dir='ltr'>Add.</span> <span class='ocrx_word' id='word_1_2017' title='bbox 627 3439 696 3467; x_wconf 88' lang='lat' dir='ltr'>Vell.</span> <span class='ocrx_word' id='word_1_2018' title='bbox 710 3449 739 3473; x_wconf 87' lang='lat'>2,</span> <span class='ocrx_word' id='word_1_2019' title='bbox 752 3442 801 3472; x_wconf 75' lang='lat'>62,</span> <span class='ocrx_word' id='word_1_2020' title='bbox 819 3447 841 3472; x_wconf 77' lang='grc' dir='ltr'>ς.</span> <span class='ocrx_word' id='word_1_2021' title='bbox 904 3440 1054 3466; x_wconf 85' lang='lat' dir='ltr'>Paterculus</span> <span class='ocrx_word' id='word_1_2022' title='bbox 1069 3445 1100 3477; x_wconf 56' lang='lat'>22,</span> <span class='ocrx_word' id='word_1_2023' title='bbox 1114 3448 1148 3473; x_wconf 84' lang='lat'>90</span> <span class='ocrx_word' id='word_1_2024' title='bbox 1163 3440 1253 3466; x_wconf 83' lang='lat' dir='ltr'>Mensa</span> <span class='ocrx_word' id='word_1_2025' title='bbox 1267 3439 1319 3467; x_wconf 88' lang='lat' dir='ltr'>fine</span> <span class='ocrx_word' id='word_1_2026' title='bbox 1333 3448 1390 3468; x_wconf 85' lang='lat' dir='ltr'>arte</span> <span class='ocrx_word' id='word_1_2027' title='bbox 1415 3442 1531 3470; x_wconf 77' lang='lat' dir='ltr'>Martial,</span> <span class='ocrx_word' id='word_1_2028' title='bbox 1548 3451 1591 3475; x_wconf 88' lang='lat'>10,</span> <span class='ocrx_word' id='word_1_2029' title='bbox 1611 3449 1652 3477; x_wconf 78' lang='lat'>47.</span> <span class='ocrx_word' id='word_1_2030' title='bbox 1726 3441 1813 3468; x_wconf 75' lang='lat' dir='ltr'>senec.</span> <span class='ocrx_word' id='word_1_2031' title='bbox 1828 3442 1946 3474; x_wconf 84' lang='lat' dir='ltr'>Thyeste</span> <span class='ocrx_word' id='word_1_2032' title='bbox 1966 3453 1989 3470; x_wconf 92' lang='lat' dir='ltr'>v.</span> <span class='ocrx_word' id='word_1_2033' title='bbox 2003 3452 2048 3477; x_wconf 73' lang='lat'>452</span> <span class='ocrx_word' id='word_1_2034' title='bbox 2082 3446 2227 3479; x_wconf 84' lang='lat' dir='ltr'>Tutusque</span> 
     </span>
    </p>
   </div>
   <div class='ocr_carea' id='block_1_13' title="bbox 40 3470 2226 3586">
    <p class='ocr_par' dir='ltr' id='par_1_20' title="bbox 40 3470 2226 3586">
     <span class='ocr_line' id='line_1_92' title="bbox 41 3470 2226 3516; baseline 0.004 -16"><span class='ocrx_word' id='word_1_2035' title='bbox 41 3475 82 3506; x_wconf 73' lang='lat'>65,</span> <span class='ocrx_word' id='word_1_2036' title='bbox 97 3481 107 3499; x_wconf 90' lang='lat'>1</span> <span class='ocrx_word' id='word_1_2037' title='bbox 133 3472 210 3498; x_wconf 90' lang='lat' dir='ltr'>Tum</span> <span class='ocrx_word' id='word_1_2038' title='bbox 224 3471 295 3497; x_wconf 86' lang='lat' dir='ltr'>inter</span> <span class='ocrx_word' id='word_1_2039' title='bbox 309 3470 454 3507; x_wconf 85' lang='lat' dir='ltr'>Lepidum,</span> <span class='ocrx_word' id='word_1_2040' title='bbox 474 3475 630 3509; x_wconf 87' lang='lat' dir='ltr'>Caesarem,</span> <span class='ocrx_word' id='word_1_2041' title='bbox 656 3481 683 3502; x_wconf 89' lang='lat' dir='ltr'>et</span> <span class='ocrx_word' id='word_1_2042' title='bbox 702 3476 851 3502; x_wconf 87' lang='lat' dir='ltr'>Antonium</span> <span class='ocrx_word' id='word_1_2043' title='bbox 866 3476 1026 3503; x_wconf 83' lang='lat' dir='ltr'>commercia</span> <span class='ocrx_word' id='word_1_2044' title='bbox 1047 3481 1100 3507; x_wconf 78' lang='lat' dir='ltr'>epi·</span> <span class='ocrx_word' id='word_1_2045' title='bbox 1163 3476 1249 3502; x_wconf 76' lang='lat' dir='ltr'>mensa</span> <span class='ocrx_word' id='word_1_2046' title='bbox 1276 3477 1379 3511; x_wconf 83' lang='lat' dir='ltr'>capitur</span> <span class='ocrx_word' id='word_1_2047' title='bbox 1393 3475 1506 3512; x_wconf 84' lang='lat' dir='ltr'>Angusta</span> <span class='ocrx_word' id='word_1_2048' title='bbox 1529 3478 1612 3505; x_wconf 86' lang='lat' dir='ltr'>cibus.</span> <span class='ocrx_word' id='word_1_2049' title='bbox 1656 3479 1673 3504; x_wconf 85' lang='lat' dir='ltr'>i.</span> <span class='ocrx_word' id='word_1_2050' title='bbox 1708 3478 1801 3510; x_wconf 71' lang='grc' dir='ltr'><strong>Τεπηί,</strong></span> <span class='ocrx_word' id='word_1_2051' title='bbox 1826 3486 1873 3504; x_wconf 87' lang='lat' dir='ltr'>non</span> <span class='ocrx_word' id='word_1_2052' title='bbox 1894 3477 2029 3515; x_wconf 73' lang='lat' dir='ltr'>sumtrmsa.</span> <span class='ocrx_word' id='word_1_2053' title='bbox 2105 3481 2226 3516; x_wconf 83' lang='lat' dir='ltr'>Appofita</span> 
     </span>
     <span class='ocr_line' id='line_1_93' title="bbox 41 3505 2225 3549; baseline 0.003 -12"><span class='ocrx_word' id='word_1_2054' title='bbox 41 3509 183 3541; x_wconf 78' lang='lat' dir='ltr'>stolarum,</span> <span class='ocrx_word' id='word_1_2055' title='bbox 201 3513 227 3533; x_wconf 88' lang='lat' dir='ltr'>ct</span> <span class='ocrx_word' id='word_1_2056' title='bbox 240 3505 426 3538; x_wconf 79' lang='lat' dir='ltr'>conditionum</span> <span class='ocrx_word' id='word_1_2057' title='bbox 436 3509 505 3537; x_wconf 70' lang='lat' dir='ltr'>laeta</span> <span class='ocrx_word' id='word_1_2058' title='bbox 519 3512 631 3539; x_wconf 88' lang='lat' dir='ltr'>mentio.</span> <span class='ocrx_word' id='word_1_2059' title='bbox 704 3511 761 3538; x_wconf 89' lang='lat' dir='ltr'>Cic.</span> <span class='ocrx_word' id='word_1_2060' title='bbox 776 3511 839 3538; x_wconf 90' lang='lat' dir='ltr'>Diu.</span> <span class='ocrx_word' id='word_1_2061' title='bbox 852 3512 929 3539; x_wconf 85' lang='lat' dir='ltr'>Verr.</span> <span class='ocrx_word' id='word_1_2062' title='bbox 940 3520 972 3544; x_wconf 84' lang='lat'>50</span> <span class='ocrx_word' id='word_1_2063' title='bbox 993 3511 1059 3537; x_wconf 91' lang='lat' dir='ltr'>Casu</span> <span class='ocrx_word' id='word_1_2064' title='bbox 1072 3509 1101 3535; x_wconf 89' lang='lat' dir='ltr'>in</span> <span class='ocrx_word' id='word_1_2065' title='bbox 1164 3511 1246 3538; x_wconf 88' lang='lat' dir='ltr'>Ouid.</span> <span class='ocrx_word' id='word_1_2066' title='bbox 1261 3511 1340 3546; x_wconf 84' lang='lat' dir='ltr'>Epist.</span> <span class='ocrx_word' id='word_1_2067' title='bbox 1355 3520 1391 3546; x_wconf 90' lang='grc'>17,</span> <span class='ocrx_word' id='word_1_2068' title='bbox 1409 3520 1449 3548; x_wconf 78' lang='lat'>75,</span> <span class='ocrx_word' id='word_1_2069' title='bbox 1524 3515 1590 3549; x_wconf 86' lang='lat' dir='ltr'>Apta</span> <span class='ocrx_word' id='word_1_2070' title='bbox 1609 3514 1669 3540; x_wconf 88' lang='lat' dir='ltr'>ioco</span> <span class='ocrx_word' id='word_1_2071' title='bbox 1700 3512 1739 3539; x_wconf 88' lang='lat' dir='ltr'>Id.</span> <span class='ocrx_word' id='word_1_2072' title='bbox 1758 3511 1789 3538; x_wconf 90' lang='lat' dir='ltr'>de</span> <span class='ocrx_word' id='word_1_2073' title='bbox 1812 3515 1874 3540; x_wconf 79' lang='lat' dir='ltr'>Arte</span> <span class='ocrx_word' id='word_1_2074' title='bbox 1887 3515 1944 3540; x_wconf 83' lang='lat' dir='ltr'>Am.</span> <span class='ocrx_word' id='word_1_2075' title='bbox 1959 3523 1983 3548; x_wconf 91' lang='grc' dir='ltr'>ι,</span> <span class='ocrx_word' id='word_1_2076' title='bbox 2005 3524 2060 3549; x_wconf 67' lang='lat'>594.</span> <span class='ocrx_word' id='word_1_2077' title='bbox 2133 3518 2225 3544; x_wconf 75' lang='lat' dir='ltr'>Breuis</span> 
     </span>
     <span class='ocr_line' id='line_1_94' title="bbox 40 3541 2224 3586; baseline 0.004 -15"><span class='ocrx_word' id='word_1_2078' title='bbox 40 3553 135 3571; x_wconf 88' lang='lat' dir='ltr'>eorum</span> <span class='ocrx_word' id='word_1_2079' title='bbox 148 3543 313 3570; x_wconf 88' lang='lat' dir='ltr'>mentionem</span> <span class='ocrx_word' id='word_1_2080' title='bbox 327 3541 421 3570; x_wconf 85' lang='lat' dir='ltr'>Incidi.</span> <span class='ocrx_word' id='word_1_2081' title='bbox 482 3546 554 3574; x_wconf 82' lang='lat' dir='ltr'>Idem</span> <span class='ocrx_word' id='word_1_2082' title='bbox 569 3547 600 3574; x_wconf 75' lang='lat' dir='ltr'>de</span> <span class='ocrx_word' id='word_1_2083' title='bbox 612 3547 718 3574; x_wconf 77' lang='lat' dir='ltr'>Amicit.</span> <span class='ocrx_word' id='word_1_2084' title='bbox 731 3555 744 3580; x_wconf 80' lang='lat'>3</span> <span class='ocrx_word' id='word_1_2085' title='bbox 762 3556 783 3574; x_wconf 77' lang='lat' dir='ltr'>c,</span> <span class='ocrx_word' id='word_1_2086' title='bbox 798 3555 809 3574; x_wconf 92' lang='lat'>1</span> <span class='ocrx_word' id='word_1_2087' title='bbox 839 3547 964 3575; x_wconf 74' lang='lat' dir='ltr'>Scaeuola</span> <span class='ocrx_word' id='word_1_2088' title='bbox 977 3555 1059 3581; x_wconf 88' lang='lat' dir='ltr'>quum</span> <span class='ocrx_word' id='word_1_2089' title='bbox 1072 3546 1101 3572; x_wconf 87' lang='lat' dir='ltr'>in</span> <span class='ocrx_word' id='word_1_2090' title='bbox 1165 3548 1234 3574; x_wconf 86' lang='lat' dir='ltr'>Hor.</span> <span class='ocrx_word' id='word_1_2091' title='bbox 1249 3547 1281 3574; x_wconf 91' lang='lat' dir='ltr'>de</span> <span class='ocrx_word' id='word_1_2092' title='bbox 1294 3550 1358 3574; x_wconf 84' lang='lat' dir='ltr'>Arte</span> <span class='ocrx_word' id='word_1_2093' title='bbox 1371 3549 1444 3576; x_wconf 82' lang='lat' dir='ltr'>Poe&#39;t.</span> <span class='ocrx_word' id='word_1_2094' title='bbox 1458 3554 1508 3583; x_wconf 85' lang='lat'>¹98·</span> <span class='ocrx_word' id='word_1_2095' title='bbox 1581 3550 1646 3575; x_wconf 85' lang='lat' dir='ltr'>Cara</span> <span class='ocrx_word' id='word_1_2096' title='bbox 1656 3568 1664 3581; x_wconf 90' lang='lat'>‚</span> <span class='ocrx_word' id='word_1_2097' title='bbox 1682 3549 1755 3582; x_wconf 76' lang='lat' dir='ltr'>Qae</span> <span class='ocrx_word' id='word_1_2098' title='bbox 1769 3558 1855 3581; x_wconf 69' lang='lat' dir='ltr'>magno</span> <span class='ocrx_word' id='word_1_2099' title='bbox 1867 3550 1959 3585; x_wconf 78' lang='lat' dir='ltr'>conflat</span> <span class='ocrx_word' id='word_1_2100' title='bbox 1986 3551 2053 3578; x_wconf 85' lang='lat' dir='ltr'>Hor.</span> <span class='ocrx_word' id='word_1_2101' title='bbox 2062 3552 2145 3579; x_wconf 87' lang='lat' dir='ltr'>Serm.</span> <span class='ocrx_word' id='word_1_2102' title='bbox 2160 3562 2182 3585; x_wconf 77' lang='lat'>2,</span> <span class='ocrx_word' id='word_1_2103' title='bbox 2195 3562 2224 3586; x_wconf 84' lang='lat'>4,</span> 
     </span>
    </p>
   </div>
   <div class='ocr_carea' id='block_1_14' title="bbox 41 3577 2224 3869">
    <p class='ocr_par' dir='ltr' id='par_1_21' title="bbox 41 3577 2224 3869">
     <span class='ocr_line' id='line_1_95' title="bbox 41 3577 2224 3621; baseline 0.002 -11"><span class='ocrx_word' id='word_1_2104' title='bbox 41 3589 99 3607; x_wconf 70' lang='lat' dir='ltr'>eam</span> <span class='ocrx_word' id='word_1_2105' title='bbox 118 3579 282 3606; x_wconf 70' lang='lat' dir='ltr'>mentionem</span> <span class='ocrx_word' id='word_1_2106' title='bbox 302 3577 441 3617; x_wconf 59' lang='lat' dir='ltr'>Incidiffet·</span> <span class='ocrx_word' id='word_1_2107' title='bbox 513 3583 609 3610; x_wconf 76' lang='lat' dir='ltr'>Incidit</span> <span class='ocrx_word' id='word_1_2108' title='bbox 629 3583 661 3610; x_wconf 88' lang='lat' dir='ltr'>de</span> <span class='ocrx_word' id='word_1_2109' title='bbox 681 3583 805 3618; x_wconf 85' lang='lat' dir='ltr'>Philippo</span> <span class='ocrx_word' id='word_1_2110' title='bbox 818 3604 827 3616; x_wconf 95' lang='lat'>‚</span> <span class='ocrx_word' id='word_1_2111' title='bbox 858 3584 914 3610; x_wconf 81' lang='lat' dir='ltr'>vid.</span> <span class='ocrx_word' id='word_1_2112' title='bbox 943 3580 1099 3609; x_wconf 76' lang='lat' dir='ltr'>1chD0.</span> <span class='ocrx_word' id='word_1_2113' title='bbox 1164 3591 1204 3618; x_wconf 88' lang='grc'>37.</span> <span class='ocrx_word' id='word_1_2114' title='bbox 1261 3584 1365 3611; x_wconf 87' lang='lat' dir='ltr'>Diuites</span> <span class='ocrx_word' id='word_1_2115' title='bbox 1398 3585 1466 3612; x_wconf 91' lang='lat' dir='ltr'>Hor.</span> <span class='ocrx_word' id='word_1_2116' title='bbox 1489 3586 1571 3613; x_wconf 84' lang='lat' dir='ltr'>Serm.</span> <span class='ocrx_word' id='word_1_2117' title='bbox 1592 3593 1622 3616; x_wconf 79' lang='lat'>2,</span> <span class='ocrx_word' id='word_1_2118' title='bbox 1641 3593 1670 3615; x_wconf 68' lang='lat'>4,</span> <span class='ocrx_word' id='word_1_2119' title='bbox 1688 3588 1728 3618; x_wconf 81' lang='grc'>87-</span> <span class='ocrx_word' id='word_1_2120' title='bbox 1801 3584 1924 3612; x_wconf 86' lang='lat' dir='ltr'>Nitentes</span> <span class='ocrx_word' id='word_1_2121' title='bbox 1957 3586 1996 3613; x_wconf 89' lang='lat' dir='ltr'>Id.</span> <span class='ocrx_word' id='word_1_2122' title='bbox 2016 3587 2083 3615; x_wconf 80' lang='lat' dir='ltr'>ibid.</span> <span class='ocrx_word' id='word_1_2123' title='bbox 2102 3598 2131 3621; x_wconf 85' lang='lat'>2,</span> <span class='ocrx_word' id='word_1_2124' title='bbox 2152 3597 2182 3621; x_wconf 83' lang='lat'>2,</span> <span class='ocrx_word' id='word_1_2125' title='bbox 2197 3597 2224 3620; x_wconf 92' lang='lat'>4.</span> 
     </span>
     <span class='ocr_line' id='line_1_96' title="bbox 42 3612 2223 3657; baseline 0.003 -14"><span class='ocrx_word' id='word_1_2126' title='bbox 42 3615 144 3643; x_wconf 80' lang='lat' dir='ltr'>Inferi-e</span> <span class='ocrx_word' id='word_1_2127' title='bbox 171 3615 230 3643; x_wconf 85' lang='lat' dir='ltr'>Liu.</span> <span class='ocrx_word' id='word_1_2128' title='bbox 245 3623 279 3648; x_wconf 83' lang='lat'>4,</span> <span class='ocrx_word' id='word_1_2129' title='bbox 296 3622 314 3640; x_wconf 88' lang='lat'>1.</span> <span class='ocrx_word' id='word_1_2130' title='bbox 371 3612 471 3640; x_wconf 62' lang='grc' dir='ltr'>Ιῐῦθᾶἲᾱ</span> <span class='ocrx_word' id='word_1_2131' title='bbox 483 3619 583 3645; x_wconf 84' lang='lat' dir='ltr'>mentio</span> <span class='ocrx_word' id='word_1_2132' title='bbox 597 3619 629 3646; x_wconf 89' lang='lat' dir='ltr'>de</span> <span class='ocrx_word' id='word_1_2133' title='bbox 641 3620 733 3654; x_wconf 90' lang='lat' dir='ltr'>aliquo</span> <span class='ocrx_word' id='word_1_2134' title='bbox 765 3619 834 3646; x_wconf 85' lang='lat' dir='ltr'>Hor.</span> <span class='ocrx_word' id='word_1_2135' title='bbox 854 3619 938 3646; x_wconf 88' lang='lat' dir='ltr'>Serm.</span> <span class='ocrx_word' id='word_1_2136' title='bbox 958 3627 982 3651; x_wconf 87' lang='grc'>1,</span> <span class='ocrx_word' id='word_1_2137' title='bbox 1002 3627 1037 3651; x_wconf 88' lang='lat'>4,</span> <span class='ocrx_word' id='word_1_2138' title='bbox 1054 3626 1100 3650; x_wconf 83' lang='lat'>94·</span> <span class='ocrx_word' id='word_1_2139' title='bbox 1116 3629 1147 3655; x_wconf 77' lang='lat'>95</span> <span class='ocrx_word' id='word_1_2140' title='bbox 1165 3620 1278 3654; x_wconf 89' lang='lat' dir='ltr'>Opimae</span> <span class='ocrx_word' id='word_1_2141' title='bbox 1292 3620 1395 3647; x_wconf 89' lang='lat' dir='ltr'>mensae</span> <span class='ocrx_word' id='word_1_2142' title='bbox 1414 3621 1581 3648; x_wconf 81' lang='lat' dir='ltr'>inconsuetus</span> <span class='ocrx_word' id='word_1_2143' title='bbox 1601 3619 1676 3644; x_wconf 86' lang='lat' dir='ltr'>miles</span> <span class='ocrx_word' id='word_1_2144' title='bbox 1708 3619 1752 3646; x_wconf 87' lang='lat' dir='ltr'>Sil.</span> <span class='ocrx_word' id='word_1_2145' title='bbox 1766 3628 1804 3653; x_wconf 87' lang='grc' dir='ltr'>ιι,</span> <span class='ocrx_word' id='word_1_2146' title='bbox 1824 3626 1873 3652; x_wconf 77' lang='lat'>283.</span> <span class='ocrx_word' id='word_1_2147' title='bbox 1948 3623 2060 3657; x_wconf 79' lang='lat' dir='ltr'>Pingues</span> <span class='ocrx_word' id='word_1_2148' title='bbox 2091 3624 2176 3650; x_wconf 87' lang='lat' dir='ltr'>Catul.</span> <span class='ocrx_word' id='word_1_2149' title='bbox 2196 3624 2223 3650; x_wconf 86' lang='lat' dir='ltr'>in</span> 
     </span>
     <span class='ocr_line' id='line_1_97' title="bbox 43 3649 2223 3691; baseline 0.005 -14"><span class='ocrx_word' id='word_1_2150' title='bbox 43 3650 99 3678; x_wconf 85' lang='lat' dir='ltr'>Cic.</span> <span class='ocrx_word' id='word_1_2151' title='bbox 110 3652 162 3678; x_wconf 82' lang='lat' dir='ltr'>Att.</span> <span class='ocrx_word' id='word_1_2152' title='bbox 176 3659 200 3685; x_wconf 82' lang='grc' dir='ltr'>ς,</span> <span class='ocrx_word' id='word_1_2153' title='bbox 214 3659 230 3684; x_wconf 91' lang='lat'>9</span> <span class='ocrx_word' id='word_1_2154' title='bbox 255 3651 313 3677; x_wconf 86' lang='lat' dir='ltr'>Nec</span> <span class='ocrx_word' id='word_1_2155' title='bbox 326 3650 366 3677; x_wconf 90' lang='lat' dir='ltr'>tui</span> <span class='ocrx_word' id='word_1_2156' title='bbox 379 3649 540 3688; x_wconf 79' lang='lat' dir='ltr'>mentionem</span> <span class='ocrx_word' id='word_1_2157' title='bbox 553 3654 695 3682; x_wconf 68' lang='lat' dir='ltr'>Inter-mitti</span> <span class='ocrx_word' id='word_1_2158' title='bbox 707 3655 775 3682; x_wconf 84' lang='lat' dir='ltr'>finit.</span> <span class='ocrx_word' id='word_1_2159' title='bbox 834 3656 948 3682; x_wconf 88' lang='lat' dir='ltr'>Monere</span> <span class='ocrx_word' id='word_1_2160' title='bbox 961 3654 1001 3680; x_wconf 88' lang='lat' dir='ltr'>rei</span> <span class='ocrx_word' id='word_1_2161' title='bbox 1016 3654 1101 3680; x_wconf 84' lang='lat' dir='ltr'>cuius-</span> <span class='ocrx_word' id='word_1_2162' title='bbox 1163 3656 1253 3682; x_wconf 87' lang='lat' dir='ltr'>Carm.</span> <span class='ocrx_word' id='word_1_2163' title='bbox 1266 3661 1340 3691; x_wconf 85' lang='lat' dir='ltr'>nupt.</span> <span class='ocrx_word' id='word_1_2164' title='bbox 1355 3658 1406 3690; x_wconf 86' lang='lat'>60,</span> <span class='ocrx_word' id='word_1_2165' title='bbox 1430 3666 1452 3689; x_wconf 80' lang='lat'>3.</span> <span class='ocrx_word' id='word_1_2166' title='bbox 1527 3657 1601 3683; x_wconf 81' lang='lat' dir='ltr'>Plena</span> <span class='ocrx_word' id='word_1_2167' title='bbox 1629 3655 1704 3690; x_wconf 80' lang='lat' dir='ltr'>Virg.</span> <span class='ocrx_word' id='word_1_2168' title='bbox 1721 3655 1785 3683; x_wconf 84' lang='lat' dir='ltr'>Aen.</span> <span class='ocrx_word' id='word_1_2169' title='bbox 1804 3664 1840 3689; x_wconf 87' lang='lat'>11,</span> <span class='ocrx_word' id='word_1_2170' title='bbox 1858 3662 1910 3691; x_wconf 82' lang='lat'><strong>738·</strong></span> <span class='ocrx_word' id='word_1_2171' title='bbox 1985 3659 2087 3685; x_wconf 78' lang='lat' dir='ltr'>Primae</span> <span class='ocrx_word' id='word_1_2172' title='bbox 2108 3659 2223 3691; x_wconf 75' lang='lat' dir='ltr'>mensae,</span> 
     </span>
     <span class='ocr_line' id='line_1_98' title="bbox 43 3685 2222 3729; baseline 0.003 -17"><span class='ocrx_word' id='word_1_2173' title='bbox 43 3685 112 3721; x_wconf 88' lang='lat' dir='ltr'>piam</span> <span class='ocrx_word' id='word_1_2174' title='bbox 133 3687 192 3713; x_wconf 88' lang='lat' dir='ltr'>Liu.</span> <span class='ocrx_word' id='word_1_2175' title='bbox 205 3691 245 3719; x_wconf 76' lang='lat'>28,</span> <span class='ocrx_word' id='word_1_2176' title='bbox 260 3694 292 3713; x_wconf 89' lang='lat'>11.</span> <span class='ocrx_word' id='word_1_2177' title='bbox 349 3686 509 3720; x_wconf 75' lang='lat' dir='ltr'>Opprimere</span> <span class='ocrx_word' id='word_1_2178' title='bbox 523 3686 652 3723; x_wconf 79' lang='lat' dir='ltr'>aliquam,</span> <span class='ocrx_word' id='word_1_2179' title='bbox 671 3691 725 3717; x_wconf 85' lang='lat' dir='ltr'>vid.</span> <span class='ocrx_word' id='word_1_2180' title='bbox 741 3697 807 3718; x_wconf 74' lang='grc' dir='ltr'>οΡΡ</span> <span class='ocrx_word' id='word_1_2181' title='bbox 817 3697 836 3718; x_wconf 80' lang='lat' dir='ltr'>R</span> <span class='ocrx_word' id='word_1_2182' title='bbox 846 3698 927 3718; x_wconf 86' lang='grc' dir='ltr'>ιΜο.</span> <span class='ocrx_word' id='word_1_2183' title='bbox 983 3690 1014 3716; x_wconf 93' lang='lat' dir='ltr'>In</span> <span class='ocrx_word' id='word_1_2184' title='bbox 1028 3698 1100 3716; x_wconf 86' lang='lat' dir='ltr'>men-</span> <span class='ocrx_word' id='word_1_2185' title='bbox 1163 3691 1182 3718; x_wconf 81' lang='lat' dir='ltr'>i.</span> <span class='ocrx_word' id='word_1_2186' title='bbox 1206 3692 1290 3717; x_wconf 75' lang='lat' dir='ltr'>Primi</span> <span class='ocrx_word' id='word_1_2187' title='bbox 1303 3692 1358 3718; x_wconf 78' lang='lat' dir='ltr'>cibi.</span> <span class='ocrx_word' id='word_1_2188' title='bbox 1432 3692 1550 3719; x_wconf 86' lang='lat' dir='ltr'>Macrob.</span> <span class='ocrx_word' id='word_1_2189' title='bbox 1564 3691 1666 3717; x_wconf 82' lang='lat' dir='ltr'>Saturn.</span> <span class='ocrx_word' id='word_1_2190' title='bbox 1678 3698 1706 3725; x_wconf 84' lang='lat'>7,</span> <span class='ocrx_word' id='word_1_2191' title='bbox 1719 3700 1728 3718; x_wconf 93' lang='grc' dir='ltr'>ι</span> <span class='ocrx_word' id='word_1_2192' title='bbox 1765 3692 1859 3719; x_wconf 76' lang='lat' dir='ltr'>Primis</span> <span class='ocrx_word' id='word_1_2193' title='bbox 1879 3693 1971 3720; x_wconf 76' lang='lat' dir='ltr'>mensis</span> <span class='ocrx_word' id='word_1_2194' title='bbox 1991 3694 2047 3728; x_wconf 89' lang='lat' dir='ltr'>post</span> <span class='ocrx_word' id='word_1_2195' title='bbox 2064 3695 2151 3729; x_wconf 78' lang='lat' dir='ltr'>epulas</span> <span class='ocrx_word' id='word_1_2196' title='bbox 2170 3695 2222 3720; x_wconf 79' lang='lat' dir='ltr'>iam</span> 
     </span>
     <span class='ocr_line' id='line_1_99' title="bbox 43 3721 2221 3762; baseline 0.002 -14"><span class='ocrx_word' id='word_1_2197' title='bbox 43 3721 117 3748; x_wconf 88' lang='lat' dir='ltr'>tione</span> <span class='ocrx_word' id='word_1_2198' title='bbox 128 3729 212 3749; x_wconf 87' lang='lat' dir='ltr'>terrae</span> <span class='ocrx_word' id='word_1_2199' title='bbox 225 3722 342 3748; x_wconf 85' lang='lat' dir='ltr'>dicetur:</span> <span class='ocrx_word' id='word_1_2200' title='bbox 379 3722 404 3747; x_wconf 79' lang='lat' dir='ltr'>h.</span> <span class='ocrx_word' id='word_1_2201' title='bbox 418 3731 438 3747; x_wconf 75' lang='lat' dir='ltr'>e.</span> <span class='ocrx_word' id='word_1_2202' title='bbox 458 3723 523 3746; x_wconf 87' lang='lat' dir='ltr'>Dum</span> <span class='ocrx_word' id='word_1_2203' title='bbox 539 3724 679 3751; x_wconf 74' lang='lat' dir='ltr'>mentionem</span> <span class='ocrx_word' id='word_1_2204' title='bbox 692 3733 774 3752; x_wconf 78' lang='lat' dir='ltr'>terrae</span> <span class='ocrx_word' id='word_1_2205' title='bbox 786 3727 909 3761; x_wconf 80' lang='lat' dir='ltr'>faciemus</span> <span class='ocrx_word' id='word_1_2206' title='bbox 942 3726 1008 3752; x_wconf 86' lang='lat' dir='ltr'>Plin.</span> <span class='ocrx_word' id='word_1_2207' title='bbox 1023 3734 1055 3758; x_wconf 82' lang='lat'>2,</span> <span class='ocrx_word' id='word_1_2208' title='bbox 1075 3730 1098 3756; x_wconf 81' lang='lat'>8.</span> <span class='ocrx_word' id='word_1_2209' title='bbox 1163 3727 1290 3759; x_wconf 78' lang='lat' dir='ltr'>remotis,</span> <span class='ocrx_word' id='word_1_2210' title='bbox 1309 3734 1334 3753; x_wconf 81' lang='lat' dir='ltr'>et</span> <span class='ocrx_word' id='word_1_2211' title='bbox 1347 3727 1480 3754; x_wconf 83' lang='lat' dir='ltr'>discurfim</span> <span class='ocrx_word' id='word_1_2212' title='bbox 1495 3724 1656 3753; x_wconf 78' lang='lat' dir='ltr'>variantibus</span> <span class='ocrx_word' id='word_1_2213' title='bbox 1669 3727 1771 3762; x_wconf 84' lang='lat' dir='ltr'>poculis</span> <span class='ocrx_word' id='word_1_2214' title='bbox 1785 3728 1994 3762; x_wconf 74' lang='lat' dir='ltr'>minutioribus,</span> <span class='ocrx_word' id='word_1_2215' title='bbox 2014 3738 2057 3756; x_wconf 65' lang='lat' dir='ltr'>etc.</span> <span class='ocrx_word' id='word_1_2216' title='bbox 2116 3729 2221 3762; x_wconf 75' lang='lat' dir='ltr'>Regales</span> 
     </span>
     <span class='ocr_line' id='line_1_100' title="bbox 43 3757 2219 3799; baseline 0 -11"><span class='ocrx_word' id='word_1_2217' title='bbox 43 3757 212 3793; x_wconf 80' lang='lat' dir='ltr'>Insponsaliis</span> <span class='ocrx_word' id='word_1_2218' title='bbox 225 3759 296 3783; x_wconf 74' lang='lat' dir='ltr'>habet</span> <span class='ocrx_word' id='word_1_2219' title='bbox 308 3757 386 3793; x_wconf 82' lang='lat' dir='ltr'>vsum·</span> <span class='ocrx_word' id='word_1_2220' title='bbox 443 3757 610 3783; x_wconf 87' lang='lat' dir='ltr'>Mentionem</span> <span class='ocrx_word' id='word_1_2221' title='bbox 623 3760 693 3787; x_wconf 85' lang='lat' dir='ltr'>enim</span> <span class='ocrx_word' id='word_1_2222' title='bbox 705 3761 802 3796; x_wconf 85' lang='lat' dir='ltr'>facere,</span> <span class='ocrx_word' id='word_1_2223' title='bbox 819 3762 960 3799; x_wconf 82' lang='lat' dir='ltr'>estPoscere</span> <span class='ocrx_word' id='word_1_2224' title='bbox 968 3760 1098 3797; x_wconf 76' lang='lat' dir='ltr'>sponsa7113</span> <span class='ocrx_word' id='word_1_2225' title='bbox 1163 3763 1238 3797; x_wconf 82' lang='lat' dir='ltr'>Virg.</span> <span class='ocrx_word' id='word_1_2226' title='bbox 1259 3764 1323 3789; x_wconf 88' lang='lat' dir='ltr'>Aen.</span> <span class='ocrx_word' id='word_1_2227' title='bbox 1337 3771 1363 3796; x_wconf 90' lang='grc' dir='ltr'>ι,</span> <span class='ocrx_word' id='word_1_2228' title='bbox 1382 3766 1443 3797; x_wconf 80' lang='grc' dir='ltr'><strong>69ο,</strong></span> <span class='ocrx_word' id='word_1_2229' title='bbox 1517 3761 1648 3788; x_wconf 82' lang='lat' dir='ltr'>Secundae</span> <span class='ocrx_word' id='word_1_2230' title='bbox 1667 3764 1786 3795; x_wconf 82' lang='lat' dir='ltr'>mensae,</span> <span class='ocrx_word' id='word_1_2231' title='bbox 1817 3764 1835 3790; x_wconf 86' lang='lat' dir='ltr'>i.</span> <span class='ocrx_word' id='word_1_2232' title='bbox 1863 3766 1970 3790; x_wconf 49' lang='lat' dir='ltr'>Akamas·</span> <span class='ocrx_word' id='word_1_2233' title='bbox 1989 3766 2051 3799; x_wconf 76' lang='lat' dir='ltr'>cibi,</span> <span class='ocrx_word' id='word_1_2234' title='bbox 2080 3767 2123 3790; x_wconf 62' lang='lat' dir='ltr'>vel</span> <span class='ocrx_word' id='word_1_2235' title='bbox 2140 3764 2219 3797; x_wconf 63' lang='lat' dir='ltr'>spalat</span> 
     </span>
     <span class='ocr_line' id='line_1_101' title="bbox 41 3792 2220 3834; baseline 0 -13"><span class='ocrx_word' id='word_1_2236' title='bbox 41 3801 67 3821; x_wconf 78' lang='lat' dir='ltr'>et</span> <span class='ocrx_word' id='word_1_2237' title='bbox 80 3793 253 3827; x_wconf 74' lang='lat' dir='ltr'>Reprominere</span> <span class='ocrx_word' id='word_1_2238' title='bbox 267 3793 301 3829; x_wconf 84' lang='lat' dir='ltr'>est</span> <span class='ocrx_word' id='word_1_2239' title='bbox 317 3793 493 3829; x_wconf 78' lang='lat' dir='ltr'>respondentis.</span> <span class='ocrx_word' id='word_1_2240' title='bbox 553 3792 609 3819; x_wconf 73' lang='lat' dir='ltr'>Vid.</span> <span class='ocrx_word' id='word_1_2241' title='bbox 631 3794 763 3825; x_wconf 82' lang='lat' dir='ltr'>Taubman.</span> <span class='ocrx_word' id='word_1_2242' title='bbox 781 3801 817 3825; x_wconf 81' lang='lat' dir='ltr'>ad</span> <span class='ocrx_word' id='word_1_2243' title='bbox 835 3799 917 3825; x_wconf 80' lang='lat' dir='ltr'>Plaut.</span> <span class='ocrx_word' id='word_1_2244' title='bbox 935 3797 995 3825; x_wconf 82' lang='lat' dir='ltr'>Aul.</span> <span class='ocrx_word' id='word_1_2245' title='bbox 1014 3806 1047 3832; x_wconf 88' lang='lat'>2,</span> <span class='ocrx_word' id='word_1_2246' title='bbox 1068 3798 1202 3831; x_wconf 86' lang='lat' dir='ltr'>2,1001d.</span> <span class='ocrx_word' id='word_1_2247' title='bbox 1215 3799 1313 3833; x_wconf 84' lang='lat' dir='ltr'>Georg.</span> <span class='ocrx_word' id='word_1_2248' title='bbox 1326 3807 1352 3832; x_wconf 88' lang='lat'>2,</span> <span class='ocrx_word' id='word_1_2249' title='bbox 1367 3809 1417 3826; x_wconf 82' lang='lat'>101.</span> <span class='ocrx_word' id='word_1_2250' title='bbox 1489 3797 1545 3824; x_wconf 85' lang='lat' dir='ltr'>Cic.</span> <span class='ocrx_word' id='word_1_2251' title='bbox 1557 3798 1609 3825; x_wconf 87' lang='lat' dir='ltr'>Att.</span> <span class='ocrx_word' id='word_1_2252' title='bbox 1623 3807 1660 3832; x_wconf 84' lang='lat'>14,</span> <span class='ocrx_word' id='word_1_2253' title='bbox 1674 3802 1691 3825; x_wconf 84' lang='lat'><strong>6</strong></span> <span class='ocrx_word' id='word_1_2254' title='bbox 1718 3799 1790 3830; x_wconf 80' lang='lat' dir='ltr'>Haec</span> <span class='ocrx_word' id='word_1_2255' title='bbox 1803 3800 1834 3826; x_wconf 89' lang='lat' dir='ltr'>ad</span> <span class='ocrx_word' id='word_1_2256' title='bbox 1848 3806 1872 3826; x_wconf 88' lang='lat' dir='ltr'>te</span> <span class='ocrx_word' id='word_1_2257' title='bbox 1886 3800 1971 3833; x_wconf 71' lang='lat' dir='ltr'>scripti</span> <span class='ocrx_word' id='word_1_2258' title='bbox 1987 3800 2098 3834; x_wconf 78' lang='lat' dir='ltr'>apposita</span> <span class='ocrx_word' id='word_1_2259' title='bbox 2113 3796 2220 3824; x_wconf 83' lang='lat' dir='ltr'>secunda</span> 
     </span>
     <span class='ocr_line' id='line_1_102' title="bbox 43 3832 2218 3869; baseline -0.002 -9"><span class='ocrx_word' id='word_1_2260' title='bbox 43 3835 77 3863; x_wconf 83' lang='lat'>27</span> <span class='ocrx_word' id='word_1_2261' title='bbox 97 3837 122 3863; x_wconf 86' lang='lat' dir='ltr'>P·</span> <span class='ocrx_word' id='word_1_2262' title='bbox 140 3833 183 3860; x_wconf 81' lang='lat'>¹83·</span> <span class='ocrx_word' id='word_1_2263' title='bbox 1162 3835 1257 3863; x_wconf 79' lang='lat' dir='ltr'>mensa.</span> <span class='ocrx_word' id='word_1_2264' title='bbox 1313 3835 1386 3868; x_wconf 77' lang='lat' dir='ltr'>Conf.</span> <span class='ocrx_word' id='word_1_2265' title='bbox 1398 3834 1435 3860; x_wconf 90' lang='lat' dir='ltr'>Id.</span> <span class='ocrx_word' id='word_1_2266' title='bbox 1450 3833 1520 3859; x_wconf 80' lang='lat' dir='ltr'>Fam.</span> <span class='ocrx_word' id='word_1_2267' title='bbox 1538 3836 1572 3865; x_wconf 69' lang='lat'>¹6,</span> <span class='ocrx_word' id='word_1_2268' title='bbox 1585 3841 1620 3860; x_wconf 81' lang='lat'>2¹.</span> <span class='ocrx_word' id='word_1_2269' title='bbox 1660 3834 1729 3869; x_wconf 82' lang='lat' dir='ltr'>Nep.</span> <span class='ocrx_word' id='word_1_2270' title='bbox 1745 3842 1781 3869; x_wconf 80' lang='grc'>17,</span> <span class='ocrx_word' id='word_1_2271' title='bbox 1795 3839 1818 3867; x_wconf 82' lang='grc'>8,</span> <span class='ocrx_word' id='word_1_2272' title='bbox 1831 3844 1858 3867; x_wconf 88' lang='lat'>4.</span> <span class='ocrx_word' id='word_1_2273' title='bbox 1929 3836 2096 3866; x_wconf 72' lang='lat' dir='ltr'>Syracusanae</span> <span class='ocrx_word' id='word_1_2274' title='bbox 2109 3832 2218 3864; x_wconf 68' lang='lat' dir='ltr'>mensae,</span> 
     </span>
    </p>
   </div>
   <div class='ocr_carea' id='block_1_15' title="bbox 41 3862 2219 4012">
    <p class='ocr_par' dir='ltr' id='par_1_22' title="bbox 41 3862 2219 4012">
     <span class='ocr_line' id='line_1_103' title="bbox 78 3862 2218 3904; baseline 0.003 -15"><span class='ocrx_word' id='word_1_2275' title='bbox 78 3870 102 3889; x_wconf 85' lang='lat' dir='ltr'>M</span> <span class='ocrx_word' id='word_1_2276' title='bbox 112 3869 129 3890; x_wconf 81' lang='grc' dir='ltr'><strong><em>Ε</em></strong></span> <span class='ocrx_word' id='word_1_2277' title='bbox 141 3870 191 3890; x_wconf 88' lang='lat' dir='ltr'>NT</span> <span class='ocrx_word' id='word_1_2278' title='bbox 199 3870 210 3889; x_wconf 94' lang='lat'>1</span> <span class='ocrx_word' id='word_1_2279' title='bbox 218 3869 238 3891; x_wconf 90' lang='lat'>0</span> <span class='ocrx_word' id='word_1_2280' title='bbox 252 3865 375 3890; x_wconf 83' lang='lat' dir='ltr'>tribuitur</span> <span class='ocrx_word' id='word_1_2281' title='bbox 390 3862 554 3900; x_wconf 77' lang='lat' dir='ltr'>vetustiffimis</span> <span class='ocrx_word' id='word_1_2282' title='bbox 565 3874 581 3889; x_wconf 93' lang='lat' dir='ltr'>a</span> <span class='ocrx_word' id='word_1_2283' title='bbox 595 3864 726 3893; x_wconf 74' lang='lat' dir='ltr'>Prisc-iano</span> <span class='ocrx_word' id='word_1_2284' title='bbox 737 3873 751 3897; x_wconf 83' lang='lat'><strong>8</strong></span> <span class='ocrx_word' id='word_1_2285' title='bbox 770 3878 794 3903; x_wconf 78' lang='lat' dir='ltr'>p,</span> <span class='ocrx_word' id='word_1_2286' title='bbox 803 3876 865 3904; x_wconf 84' lang='lat'>799,</span> <span class='ocrx_word' id='word_1_2287' title='bbox 1162 3871 1321 3896; x_wconf 80' lang='lat' dir='ltr'>Prouerbium</span> <span class='ocrx_word' id='word_1_2288' title='bbox 1329 3890 1337 3903; x_wconf 89' lang='lat'>,</span> <span class='ocrx_word' id='word_1_2289' title='bbox 1362 3870 1416 3895; x_wconf 83' lang='lat' dir='ltr'>vid.</span> <span class='ocrx_word' id='word_1_2290' title='bbox 1430 3875 1443 3894; x_wconf 90' lang='lat' dir='ltr'><strong>s</strong></span> <span class='ocrx_word' id='word_1_2291' title='bbox 1452 3875 1470 3894; x_wconf 81' lang='lat' dir='ltr'>Y</span> <span class='ocrx_word' id='word_1_2292' title='bbox 1481 3874 1500 3895; x_wconf 84' lang='lat' dir='ltr'>R</span> <span class='ocrx_word' id='word_1_2293' title='bbox 1510 3875 1532 3895; x_wconf 82' lang='grc' dir='ltr'>Α</span> <span class='ocrx_word' id='word_1_2294' title='bbox 1541 3875 1558 3896; x_wconf 93' lang='lat' dir='ltr'>C</span> <span class='ocrx_word' id='word_1_2295' title='bbox 1569 3875 1588 3896; x_wconf 88' lang='lat' dir='ltr'>v</span> <span class='ocrx_word' id='word_1_2296' title='bbox 1598 3875 1611 3896; x_wconf 87' lang='lat' dir='ltr'>S</span> <span class='ocrx_word' id='word_1_2297' title='bbox 1621 3878 1643 3897; x_wconf 82' lang='grc' dir='ltr'>Α</span> <span class='ocrx_word' id='word_1_2298' title='bbox 1652 3877 1678 3896; x_wconf 84' lang='grc' dir='ltr'>Ε.</span> <span class='ocrx_word' id='word_1_2299' title='bbox 1750 3871 1857 3897; x_wconf 81' lang='lat' dir='ltr'>Tenuis</span> <span class='ocrx_word' id='word_1_2300' title='bbox 1887 3871 1954 3897; x_wconf 84' lang='lat' dir='ltr'>Hor.</span> <span class='ocrx_word' id='word_1_2301' title='bbox 1974 3873 2058 3897; x_wconf 78' lang='lat' dir='ltr'>Cat-m.</span> <span class='ocrx_word' id='word_1_2302' title='bbox 2073 3877 2087 3893; x_wconf 85' lang='lat'>2</span> <span class='ocrx_word' id='word_1_2303' title='bbox 2096 3889 2103 3899; x_wconf 91' lang='lat'>,</span> <span class='ocrx_word' id='word_1_2304' title='bbox 2125 3870 2164 3898; x_wconf 79' lang='lat'>16,</span> <span class='ocrx_word' id='word_1_2305' title='bbox 2181 3875 2218 3899; x_wconf 80' lang='lat'>¹4-</span> 
     </span>
     <span class='ocr_line' id='line_1_104' title="bbox 79 3900 2217 3943; baseline 0.002 -16"><span class='ocrx_word' id='word_1_2306' title='bbox 79 3906 280 3934; x_wconf 82' lang='lat' dir='ltr'>MENTIOR,</span> <span class='ocrx_word' id='word_1_2307' title='bbox 300 3901 344 3927; x_wconf 84' lang='lat' dir='ltr'>iri.</span> <span class='ocrx_word' id='word_1_2308' title='bbox 367 3900 469 3936; x_wconf 84' lang='lat' dir='ltr'>Depou.</span> <span class='ocrx_word' id='word_1_2309' title='bbox 497 3900 642 3935; x_wconf 56' lang='grc' dir='ltr'>[ψεύδομαίι</span> <span class='ocrx_word' id='word_1_2310' title='bbox 663 3904 824 3936; x_wconf 64' lang='grc' dir='ltr'><strong>Φίυδομνθὲω,</strong></span> <span class='ocrx_word' id='word_1_2311' title='bbox 839 3907 1001 3937; x_wconf 66' lang='grc' dir='ltr'><strong>ψευδολογία),</strong></span> <span class='ocrx_word' id='word_1_2312' title='bbox 1018 3907 1099 3931; x_wconf 54' lang='grc' dir='ltr'>ἂλίτιιι</span> <span class='ocrx_word' id='word_1_2313' title='bbox 1161 3906 1217 3932; x_wconf 83' lang='lat' dir='ltr'>Huc</span> <span class='ocrx_word' id='word_1_2314' title='bbox 1236 3906 1334 3939; x_wconf 57' lang='lat' dir='ltr'>referas</span> <span class='ocrx_word' id='word_1_2315' title='bbox 1352 3906 1427 3930; x_wconf 79' lang='lat' dir='ltr'>etiam</span> <span class='ocrx_word' id='word_1_2316' title='bbox 1446 3904 1571 3938; x_wconf 79' lang='lat' dir='ltr'>formulas</span> <span class='ocrx_word' id='word_1_2317' title='bbox 1584 3916 1591 3929; x_wconf 92' lang='lat'><em>:</em></span> <span class='ocrx_word' id='word_1_2318' title='bbox 1634 3906 1775 3940; x_wconf 86' lang='lat' dir='ltr'>Apponere</span> <span class='ocrx_word' id='word_1_2319' title='bbox 1801 3907 1913 3931; x_wconf 82' lang='lat' dir='ltr'>mensam</span> <span class='ocrx_word' id='word_1_2320' title='bbox 1930 3928 1938 3939; x_wconf 91' lang='lat'>‚</span> <span class='ocrx_word' id='word_1_2321' title='bbox 1969 3910 2021 3931; x_wconf 66' lang='lat' dir='ltr'>vm.</span> <span class='ocrx_word' id='word_1_2322' title='bbox 2048 3910 2067 3929; x_wconf 80' lang='grc' dir='ltr'><em>Α</em></span> <span class='ocrx_word' id='word_1_2323' title='bbox 2078 3909 2092 3927; x_wconf 89' lang='grc' dir='ltr'><em>Ρ</em></span> <span class='ocrx_word' id='word_1_2324' title='bbox 2102 3909 2115 3927; x_wconf 80' lang='grc' dir='ltr'><strong><em>Γ</em></strong></span> <span class='ocrx_word' id='word_1_2325' title='bbox 2125 3908 2143 3928; x_wconf 95' lang='lat' dir='ltr'>O</span> <span class='ocrx_word' id='word_1_2326' title='bbox 2155 3908 2176 3927; x_wconf 88' lang='lat' dir='ltr'>N</span> <span class='ocrx_word' id='word_1_2327' title='bbox 2186 3909 2217 3943; x_wconf 68' lang='lat'>9·</span> 
     </span>
     <span class='ocr_line' id='line_1_105' title="bbox 42 3934 2215 3976; baseline 0.001 -17"><span class='ocrx_word' id='word_1_2328' title='bbox 42 3948 84 3969; x_wconf 59' lang='grc' dir='ltr'>μη.</span> <span class='ocrx_word' id='word_1_2329' title='bbox 96 3937 109 3971; x_wconf 90' lang='grc'>]</span> <span class='ocrx_word' id='word_1_2330' title='bbox 148 3934 244 3970; x_wconf 86' lang='lat' dir='ltr'>Falsum</span> <span class='ocrx_word' id='word_1_2331' title='bbox 258 3937 340 3962; x_wconf 79' lang='lat' dir='ltr'>dicere</span> <span class='ocrx_word' id='word_1_2332' title='bbox 351 3936 497 3972; x_wconf 72' lang='lat' dir='ltr'>fignificat,</span> <span class='ocrx_word' id='word_1_2333' title='bbox 520 3946 550 3963; x_wconf 81' lang='lat' dir='ltr'>ac</span> <span class='ocrx_word' id='word_1_2334' title='bbox 568 3937 668 3962; x_wconf 69' lang='lat' dir='ltr'>videtur</span> <span class='ocrx_word' id='word_1_2335' title='bbox 682 3939 844 3971; x_wconf 76' lang='lat' dir='ltr'>cognationem</span> <span class='ocrx_word' id='word_1_2336' title='bbox 857 3942 945 3966; x_wconf 73' lang='lat' dir='ltr'>habere</span> <span class='ocrx_word' id='word_1_2337' title='bbox 958 3950 1009 3966; x_wconf 88' lang='lat' dir='ltr'>cum</span> <span class='ocrx_word' id='word_1_2338' title='bbox 1023 3940 1097 3964; x_wconf 81' lang='lat' dir='ltr'>verbo</span> <span class='ocrx_word' id='word_1_2339' title='bbox 1161 3942 1290 3973; x_wconf 80' lang='lat' dir='ltr'>Auferre,</span> <span class='ocrx_word' id='word_1_2340' title='bbox 1323 3940 1377 3966; x_wconf 83' lang='lat' dir='ltr'>vid.</span> <span class='ocrx_word' id='word_1_2341' title='bbox 1398 3947 1419 3967; x_wconf 85' lang='lat' dir='ltr'>A</span> <span class='ocrx_word' id='word_1_2342' title='bbox 1428 3947 1449 3968; x_wconf 88' lang='lat' dir='ltr'>V</span> <span class='ocrx_word' id='word_1_2343' title='bbox 1460 3946 1501 3967; x_wconf 72' lang='grc' dir='ltr'>ΡΞ</span> <span class='ocrx_word' id='word_1_2344' title='bbox 1511 3947 1529 3967; x_wconf 79' lang='lat' dir='ltr'>R</span> <span class='ocrx_word' id='word_1_2345' title='bbox 1539 3948 1567 3968; x_wconf 89' lang='grc' dir='ltr'>ο.</span> <span class='ocrx_word' id='word_1_2346' title='bbox 1654 3941 1860 3967; x_wconf 87' lang='lat' dir='ltr'>Communicare</span> <span class='ocrx_word' id='word_1_2347' title='bbox 1884 3942 1998 3976; x_wconf 84' lang='lat' dir='ltr'>aliquem</span> <span class='ocrx_word' id='word_1_2348' title='bbox 2027 3937 2111 3963; x_wconf 86' lang='lat' dir='ltr'>mensa</span> <span class='ocrx_word' id='word_1_2349' title='bbox 2120 3959 2127 3971; x_wconf 82' lang='lat'><em>‚</em></span> <span class='ocrx_word' id='word_1_2350' title='bbox 2163 3940 2215 3963; x_wconf 72' lang='lat' dir='ltr'>vul.</span> 
     </span>
     <span class='ocr_line' id='line_1_106' title="bbox 41 3971 2219 4012; baseline 0.001 -14"><span class='ocrx_word' id='word_1_2351' title='bbox 41 3973 172 4008; x_wconf 78' lang='lat' dir='ltr'>antiquato</span> <span class='ocrx_word' id='word_1_2352' title='bbox 184 3971 282 4003; x_wconf 87' lang='lat' dir='ltr'>Meno,</span> <span class='ocrx_word' id='word_1_2353' title='bbox 300 3974 365 3998; x_wconf 79' lang='lat' dir='ltr'>vnde</span> <span class='ocrx_word' id='word_1_2354' title='bbox 377 3972 522 4008; x_wconf 80' lang='lat' dir='ltr'>Minister,</span> <span class='ocrx_word' id='word_1_2355' title='bbox 543 3972 756 4006; x_wconf 87' lang='lat' dir='ltr'>Comminiscor,</span> <span class='ocrx_word' id='word_1_2356' title='bbox 780 3982 941 4003; x_wconf 75' lang='lat' dir='ltr'>commentus</span> <span class='ocrx_word' id='word_1_2357' title='bbox 956 3976 1011 4011; x_wconf 85' lang='lat' dir='ltr'>sum</span> <span class='ocrx_word' id='word_1_2358' title='bbox 1023 3985 1030 3998; x_wconf 86' lang='lat'><em>:</em></span> <span class='ocrx_word' id='word_1_2359' title='bbox 1065 3972 1147 4012; x_wconf 67' lang='lat' dir='ltr'>‘stio5</span> <span class='ocrx_word' id='word_1_2360' title='bbox 1161 3982 1272 4005; x_wconf 82' lang='lat' dir='ltr'>COMM</span> <span class='ocrx_word' id='word_1_2361' title='bbox 1282 3983 1302 4002; x_wconf 89' lang='lat' dir='ltr'>v</span> <span class='ocrx_word' id='word_1_2362' title='bbox 1313 3981 1419 4004; x_wconf 83' lang='lat' dir='ltr'>N1C0.</span> <span class='ocrx_word' id='word_1_2363' title='bbox 1499 3976 1640 4004; x_wconf 78' lang='lat' dir='ltr'>Considere</span> <span class='ocrx_word' id='word_1_2364' title='bbox 1661 3976 1754 4004; x_wconf 79' lang='lat' dir='ltr'>menfis</span> <span class='ocrx_word' id='word_1_2365' title='bbox 1772 3978 1904 4012; x_wconf 70' lang='lat' dir='ltr'>perpetuis</span> <span class='ocrx_word' id='word_1_2366' title='bbox 1939 3976 2010 4008; x_wconf 81' lang='lat' dir='ltr'>Virg.</span> <span class='ocrx_word' id='word_1_2367' title='bbox 2030 3973 2095 3999; x_wconf 76' lang='lat' dir='ltr'>Aen.</span> <span class='ocrx_word' id='word_1_2368' title='bbox 2109 3980 2141 4009; x_wconf 89' lang='lat'>7,</span> <span class='ocrx_word' id='word_1_2369' title='bbox 2166 3976 2219 4006; x_wconf 82' lang='lat'>176.</span> 
     </span>
    </p>
   </div>
   <div class='ocr_carea' id='block_1_16' title="bbox 196 4008 2218 4040">
    <p class='ocr_par' dir='ltr' id='par_1_23' title="bbox 196 4008 2218 4040">
     <span class='ocr_line' id='line_1_107' title="bbox 196 4008 2218 4040; baseline -0 -5"><span class='ocrx_word' id='word_1_2370' title='bbox 196 4012 285 4035; x_wconf 76' lang='lat' dir='ltr'>vol..</span> <span class='ocrx_word' id='word_1_2371' title='bbox 304 4008 362 4036; x_wconf 85' lang='lat'>111.</span> <span class='ocrx_word' id='word_1_2372' title='bbox 1325 4011 1347 4038; x_wconf 81' lang='grc' dir='ltr'>Κ</span> <span class='ocrx_word' id='word_1_2373' title='bbox 1366 4011 1385 4040; x_wconf 68' lang='grc' dir='ltr'>ις</span> <span class='ocrx_word' id='word_1_2374' title='bbox 2152 4008 2218 4034; x_wconf 84' lang='lat' dir='ltr'>Data</span> 
     </span>
    </p>
   </div>
  </div>
 </body>
</html>
