2517 4231
250 210 339 247 ¹019
635 182 939 232 PRAE
1755 172 2058 218 PRAE
2344 177 2436 220 1020

288 292 332 312 PR
341 283 546 312 Αερὸτεῃς
599 281 674 308 entis.
714 276 774 305 Adi.
809 272 892 308 [πολύ
914 269 1058 306 δυνάμεως]
1099 269 1179 298 Valde
1205 276 1307 307 potens.
1371 274 1477 305 cuipare,
1488 268 1542 304 fiae
1567 268 1745 307 praenoscere,
1767 273 1812 296 aut
1837 270 1996 304 praeuenire.
2091 268 2148 298 Cic.
2162 268 2216 297 Off.
2228 275 2251 303 3,
2266 274 2293 299 81
2308 277 2330 296 c.
2344 275 2380 296 20
2397 267 2435 298 Vt
2468 282 2469 287 ¹

255 321 319 350 Prae
339 327 412 348 otens
427 320 499 346 Deus
521 301 578 345 eii.
594 318 625 344 de
639 317 700 343 Nat.
717 314 796 339 Deor.
812 319 838 343 2,
853 317 898 344 77.
995 309 1152 342 Praepotens
1166 312 1192 334 et
1206 308 1307 342 glorio·
1374 306 1466 332 Mario
1497 307 1650 341 praeripere
1681 305 1800 341 Collegis
1832 310 1859 332 et
1895 305 1980 332 Trib.
2012 303 2086 332 Pleb.
2119 307 2277 341 popularem
2301 304 2436 340 gratiam,

256 359 284 386 sa
297 330 403 384 pffssoso
423 355 468 382 hia
498 355 547 382 Cic
579 354 610 380 de
624 353 696 378 Orat.
711 357 731 380 1,
746 355 796 379 ¹93·
890 343 964 371 Idem
979 344 1010 370 de
1024 343 1082 369 Fin.
1098 351 1124 376 2,
1142 351 1174 379 57
1193 345 1308 378 Praepo-
1374 350 1430 368 non
1460 341 1498 367 ita
1526 346 1611 376 turpe.
1763 343 1817 369 Iter
1856 341 2025 376 praeripere,
2044 343 2228 378 Praeoccupare
2266 341 2328 368 Liu.
2359 349 2395 375 3„
2406 349 2435 374 9.
2454 355 2470 374 ,Ι

293 400 356 419 nem
394 366 423 420 vi}
436 393 465 419 M
488 375 587 418 Crathis
599 387 658 413 fuit.
751 383 853 408 Domus
877 380 974 406 Seneca
987 379 1082 406 OE’tau.
1097 381 1114 406 s.
1124 388 1148 406 2.
1220 381 1307 414 Impe-
1375 377 1434 404 Cic.
1450 376 1482 403 de
1494 377 1588 411 Arusp.
1601 378 1677 414 Resp.
1689 388 1707 412 9
1719 388 1740 406 c.
1754 387 1767 412 3
1789 377 1840 405 Cui
1854 387 1897 404 me
1907 376 2062 412 praeripere
2075 379 2228 413 desponsam
2243 377 2295 404 iam
2304 396 2312 409 ,
2321 383 2347 404 et
2360 376 2439 404 desti·
2452 390 2463 408 ις
2481 392 2485 412 g

257 402 299 458 ξ-ἷέ,
318 413 399 456 Vasa·
421 413 483 455 Ma}
507 435 523 461 7
544 434 567 451 2.
585 422 613 448 de
627 422 709 455 Appio
725 417 835 444 Claudio.
941 415 1044 450 Opibus
1063 421 1221 451 praepotens
1241 417 1310 442 Plin.
1336 421 1351 448 ς
1375 420 1462 440 natam
1477 412 1600 445 laudem,
1620 423 1703 448 quum
1717 415 1771 450 ipse
1783 417 1840 442 eius
1853 422 1936 449 opera
1950 420 1976 440 et
1990 414 2147 448 dignitatem
2159 420 2186 440 et
2198 414 2310 441 salutem
2329 421 2439 448 recupe.
2451 426 2460 451 ⁴.

274 468 289 492 6
316 472 329 498 ς
400 449 406 456 ”
454 446 542 490 Τξῃῖῃ
554 463 709 492 praepotens
723 454 845 487 marique
857 451 992 485 Carthago
1012 451 1069 478 Cic.
1084 453 1223 486 proCorn.
1233 452 1308 479 Balb.
1373 450 1474 481 ratim,
1490 447 1568 475 valde
1581 448 1618 474 est
1633 450 1769 485 iniquum.
1876 449 1973 477 Oscula
1994 450 2100 478 Lucret.
2114 459 2137 483 3,
2145 458 2208 483 909.
2316 449 2373 477 Cic.
2382 449 2439 476 Att.
2468 457 2476 465 ’ν

257 474 271 498 3
291 485 318 528 'c
331 487 369 527 ⁸1-
483 497 592 529 Coiizpar.
630 490 743 517 Saluian.
758 488 789 515 de
804 488 920 515 Gubern.
937 487 986 513 Dei
1000 498 1018 522 4
1032 497 1056 523 p.
1067 496 1118 522 144
1137 489 1207 515 Cum
1220 488 1309 516 vietus
1374 493 1425 520 4‚5
1442 485 1577 512 viaticum
1592 484 1718 520 Craffipes
1732 486 1868 522 praeripit,
1876 492 1904 513 tu
1919 485 1951 513 de
1963 486 2009 512 via
2022 486 2094 513 tedia
2108 487 2136 513 in
2149 485 2253 514 hortos.
2321 485 2439 513 Hieron.
2458 488 2466 494 “’

259 510 395 565 {iiiu'sdziin
410 529 528 569 pauperis
543 536 619 562 prece
633 525 842 561 praepotentiori
856 525 962 551 cuidam
981 524 1166 558 supplicarem.
1229 525 1231 527 ’
1375 521 1457 558 Epist.
1471 521 1504 548 ad
1520 521 1667 556 Nepotian.
1682 521 1715 547 de
1728 523 1874 555 Cicerone,
1891 521 2082 549 Demosthenes
2096 522 2149 549 tibi
2161 521 2311 557 praeripuit
2323 530 2356 548 ne
2375 521 2440 548 esse·
2468 533 2470 535 >

296 579 314 600 p
325 579 342 599 R
353 580 374 599 A
384 577 421 597 EF
431 573 503 594 οΤΕ
514 571 535 590 Ν
548 569 568 589 Τ
581 569 589 588 1
600 569 618 589 Α
629 581 636 593 ,
656 570 694 587 ae.
724 561 742 587 f.
779 560 900 587 Tertull.
916 559 976 586 adu.
991 561 1075 587 Marc.
1090 569 1114 591 2,
1128 568 1145 596 7
1179 561 1250 588 Deus
1262 568 1310 597 per
1373 560 1477 593 primus
1491 563 1584 584 orator
1598 567 1603 583 :
1641 563 1671 583 tu
1690 556 1734 584 illi
1752 558 1821 592 (non
1838 558 2027 595 praeripuisti,
2039 558 2087 595 fid
2097 558 2183 593 omtffiz
2194 562 2295 586 natione
2311 559 2354 588 τ’ἧς
2365 565 2441 592 prae,
2458 563 2460 566 ’
2482 561 2484 566 “

280 605 454 637 raescientiatu
468 608 492 628 et
504 598 713 635 praepotentiam
729 598 801 623 suam
815 596 979 623 interceffiffe
998 597 1129 631 potuisset.
1321 604 1352 623 ιο
1373 594 1504 630 rapuisti)
1518 602 1552 620 ne
1565 593 1644 620 solus.
2472 625 2474 627 Ι

260 618 277 645 p
299 651 314 671 p
325 650 343 669 R
353 649 371 667 Α
381 644 420 666 13?
429 644 447 663 o
457 644 468 663 s
477 642 498 661 T
508 634 524 662 ἐ
533 642 550 661 R
561 642 581 661 v
590 642 603 660 s
612 653 621 666 ‚
640 642 670 664 a,
695 642 750 659 um.
785 632 846 659 Adi.
881 631 1100 668 [ὖςεροπρότερας]
1138 632 1273 669 Peruersus
1287 638 1312 658 et
1416 637 1432 657 Ρ
1445 636 1465 656 R
1477 637 1499 657 A
1508 637 1525 656 E
1534 636 1579 657 RE
1590 635 1606 655 Ρ
1617 635 1639 655 Τ
1649 636 1669 656 ν
1681 636 1711 662 s,
1730 638 1760 661 a,
1780 638 1835 657 um.
1852 632 1948 659 Pal-tic.
1986 628 2190 667 [προωρπαιθεὶς]
2225 630 2440 665 Praereptusim-

261 677 378 713 fnuegfiis.
421 672 454 698 11¹1
469 671 600 706 posterum
607 668 654 703 fit,
669 668 734 705 quod
745 668 902 703 praecedere
916 668 1023 696 debebat.
1080 670 1136 696 Cic.
1150 669 1222 696 Fam.
1233 676 1267 702 15,
1285 676 1310 701 17
1376 673 1480 693 matura
1494 672 1582 693 morte
1607 665 1754 693 Aur.VieI.
1762 664 1795 693 de
1803 667 1977 695 Virisillustr.
1987 677 2008 694 c.
2018 677 2039 698 5·
2113 666 2226 701 Cupidis
2239 673 2391 702 praereptus
2405 665 2447 703 ab·
2462 682 2465 688 ·

262 717 324 743 Prae
343 710 440 737 osteros
455 707 534 733 habes
547 705 700 732 tabellarios
709 724 718 737 ‚
738 703 783 731 etti
795 714 838 732 me
852 704 962 740 quidem
975 714 1030 732 non
1042 705 1196 737 offendunt,
1216 704 1259 731 scd
1273 710 1310 730 ta·
1376 703 1451 730 astris
1468 702 1563 729 Claud.
1575 702 1608 729 de
1615 702 1726 729 B.Gild.
1740 711 1766 728 v.
1779 709 1834 735 253.
1905 704 1999 730 Virtus
2012 709 2151 738 praerepta
2169 702 2214 729 Sil.
2228 712 2256 736 4,
2269 708 2325 735 840.
2462 721 2464 726 .

262 758 332 779 men,
352 753 432 779 quum
452 752 465 769 a
481 751 522 769 me
536 741 686 773 discedunt,
699 741 819 775 flagitant
833 742 931 769 literas.
1024 742 1080 768 Cic.
1095 741 1128 768 de
1140 742 1215 768 Orat.
1230 750 1259 774 3,
1277 744 1311 773 48
1413 745 1513 766 PRAE
1523 745 1586 765 RIP
1596 745 1605 764 1
1615 746 1653 770 A,
1675 741 1765 765 orum.
1785 747 1812 765 n.
1833 738 1873 765 ΡΙ.
1909 740 1974 767 Loca
1986 743 2073 766 uicina
2088 742 2164 774 ripis.
2199 739 2335 774 Praeripia
2352 738 2443 768 flumi,
2469 748 2487 772 ,χι

259 785 322 813 Νοη
336 779 469 814 discerptis
485 777 636 808 sententiis,
654 785 709 803 non
723 778 898 812 praeposteris
918 778 1103 813 temporibus,
1123 787 1178 804 non
1196 776 1311 803 consulis
1331 786 1357 812 ις
1375 775 1417 802 nis
1438 775 1515 809 Apul.
1530 775 1610 810 Apol.
1626 784 1650 810 p.
1665 781 1714 810 278
1736 775 1846 801 Elmenh.
1900 775 1959 800 Via.
1974 776 2081 805 Gronou.
2096 775 2227 812 Obseruat.
2245 785 2272 808 ι,
2284 785 2314 803 2⁰
2332 779 2377 812 qui
2388 774 2444 804 chr,
2460 792 2466 807 Ἰι
2482 789 2484 792 -

259 817 392 854 personis,
407 824 461 841 non
484 814 639 849 perturbato
660 813 766 840 ordine.
875 814 930 840 Cic.
955 823 1005 848 pro
1028 814 1134 841 Cluent.
1150 822 1180 849 71
1202 815 1238 840 Vt
1252 818 1309 838 erat
1374 815 1441 849 rigit
1453 814 1527 838 etiam
1541 812 1666 839 Seruium
1679 810 1714 837 ad
1727 810 1802 845 Virg.
1817 811 1884 837 Aen.
1897 812 1930 840 6,
1942 817 2006 845 704.
2464 842 2465 846 Ἰ

258 856 359 888 semper
373 850 553 886 praeposterus
567 856 592 876 et
606 850 760 884 peruersuS,
780 849 890 876 initium
914 850 979 877 facit
1002 859 1017 877 a
1040 849 1137 876 Bulbo.
1235 849 1309 876 Idem
1413 854 1539 875 PRAER
1549 855 1558 874 1
1570 853 1589 874 G
1603 846 1641 874 in
1652 855 1673 873 V
1683 854 1713 878 s,
1730 856 1761 880 a,
1781 857 1837 874 um.
1880 846 1940 873 Adi.
1978 847 2110 881 Qinffil.
2130 847 2205 875 Decl.
2225 855 2254 883 17
2273 856 2298 882 p.
2311 846 2489 884 227¹V091=21

256 898 306 925 pro
320 888 410 915 Rabir.
425 886 491 913 Post.
505 894 537 922 37
553 885 626 920 Quid
642 892 695 912 tam
710 886 841 918 insolens,
862 892 914 912 tam
927 887 1084 921 peruersum
1103 884 1311 921 praeposterum·
1374 884 1484 920 ignotos
1498 884 1667 920 praerigidae
1681 883 1778 917 mentis
1792 882 1912 910 adfectus
1925 883 2058 909 vocabulo
2070 885 2196 912 molliore
2214 884 2314 911 lenitis.
2461 889 2482 912 ..“

256 935 290 953 ve
305 924 373 956 dici,
392 929 438 950 aut
451 922 598 957 excogitari
610 921 694 956 potest
709 923 718 948 3
814 922 914 949 Omnia
927 924 1049 957 peruersa
1065 922 1232 957 praepostera
1253 922 1311 948 sunt
1413 927 1487 948 PRA
1497 927 1514 947 E
1526 926 1626 948 ROBO
1636 927 1687 948 RA
1697 926 1786 953 TVS,
1806 933 1808 935 >
1827 927 1858 951 a,
1897 927 1954 946 um.
1990 919 2217 948 Praeroboratum
2246 929 2343 956 corpus
2366 919 2442 950 Cael.
2466 927 2489 946 ···.

256 961 360 989 ratione
379 960 483 986 Lucret.
498 967 525 992 4,
539 963 588 990 83¹-
682 957 870 984 Perturbatum
891 967 921 985 ac
945 959 1110 994 discrepans,
1135 965 1181 985 aut
1202 967 1311 993 praepo·
1326 971 1362 991 20
1377 957 1578 985 Aurel.Chron.
1587 966 1616 990 4,
1631 965 1650 983 1.
2469 959 2489 992 ’,ῃ

255 997 353 1025 sterum
368 1004 400 1022 ne
414 995 478 1029 quid
493 994 522 1021 sit
536 994 719 1020 conset-nemus
740 994 795 1021 Cic.
806 994 837 1020 de
845 995 920 1022 Orat.
934 1003 1004 1030 3,37.
1040 995 1068 1021 cle
1082 995 1168 1022 ordine
1180 997 1313 1022 orationis.
1414 1000 1429 1020 P
1438 1001 1458 1020 R
1467 1000 1514 1020 ΑΕ
1526 999 1546 1018 R
1557 994 1604 1020 61)
1615 999 1650 1024 Ο,
1671 991 1706 1025 fi,
1724 992 1797 1025 sum,
1818 991 1872 1019 ere.
1887 990 2090 1026 [καταβρῶσκω]
2125 993 2165 1018 De
2173 999 2281 1019 extremo
2293 992 2455 1029 autJitmmo.
2464 1001 2473 1017 J
2486 999 2490 1025 ἧ

256 1032 378 1060 Ambitio
410 1030 591 1066 praepostera,
617 1033 891 1067 importuna‚tempori
919 1041 968 1057 non
999 1031 1182 1064 accommodata
1221 1031 1314 1058 Tacit.
1379 1030 1475 1057 rodere.
1526 1029 1659 1056 Columel.
1674 1028 1706 1055 de
1720 1028 1785 1056 Arb.
1799 1037 1822 1055 c.
1836 1032 1862 1058 18
1870 1034 1914 1063 pr.
1940 1027 2014 1054 Nam
2035 1027 2054 1054 fi
2075 1028 2179 1063 saepius
2202 1029 2340 1055 cacumina
2361 1037 2449 1058 manu
2463 1034 2486 1067 3‘;.

255 1072 325 1096 Ann.
346 1070 384 1100 16,
404 1075 442 1102 17·
537 1065 654 1093 Consilia
673 1066 858 1101 praepostera,
879 1068 948 1103 Qae
973 1068 1007 1094 ad
1027 1075 1125 1103 tempus
1139 1077 1188 1094 non
1209 1067 1314 1094 dantur.
1380 1065 1545 1102 praefi-afta,
1561 1071 1606 1092 aut
1625 1073 1640 1092 a
1660 1073 1756 1100 pecore
1774 1065 1898 1100 praerosa
1917 1063 2035 1097 fuerint,
2054 1064 2083 1090 in
2094 1070 2253 1100 perpetuum
2267 1073 2447 1099 corrumpun-
2460 1075 2471 1085 1·

257 1105 313 1133 Cic.
328 1104 360 1130 de
377 1102 482 1130 Amicit.
502 1107 535 1137 87
555 1112 576 1130 c.
596 1111 630 1129 22
662 1103 730 1129 Cum
764 1103 856 1130 multis
887 1105 916 1131 in
951 1103 1031 1131 rebus
1065 1104 1228 1139 negligentia
1260 1103 1314 1138 ple·
1380 1109 1434 1129 tur.
1503 1101 1572 1129 Add.
1596 1101 1671 1128 Idem
1690 1102 1720 1128 R.
1741 1102 1773 1128 R.
1792 1109 1816 1134 ς,
1833 1110 1860 1126 10
1869 1107 1914 1136 pr.
1982 1101 2117 1128 Columel.
2142 1101 2175 1127 de
2199 1100 2351 1128 Arboribus
2373 1108 2395 1128 c.
2417 1110 2428 1128 1
2467 1115 2491 1138 1¹1

257 1141 372 1171 &imum
389 1144 444 1180 tum
459 1139 577 1179 maxime
604 1139 633 1165 in
655 1138 748 1179 amicis
767 1145 792 1166 et
813 1139 961 1181 deligendis
981 1146 1007 1167 et
1028 1141 1145 1167 colendis
1162 1151 1168 1167 ι
1205 1149 1315 1175 praepo·
1332 1153 1362 1181 ¹5
1380 1139 1470 1165 Genus
1482 1138 1519 1164 est
1528 1138 1670 1180 animalis,
1690 1137 1802 1164 volucra
1816 1136 1981 1172 appellatur,
1999 1135 2028 1163 id
2047 1136 2105 1164 fere
2119 1137 2263 1178 praerodit·
2277 1143 2383 1179 teneros
2401 1146 2414 1164 a
2428 1154 2447 1169 ⁷-
2459 1142 2491 1176 '¹8

256 1177 331 1205 fieris
357 1183 429 1202 enim
452 1181 555 1201 vtimur
577 1174 712 1207 consiliis,
734 1180 759 1201 et
784 1175 841 1203 aeia
867 1185 987 1211 agimus,
1007 1177 1081 1211 quod
1114 1183 1239 1204 vetamur
1271 1185 1316 1203 ve·
1381 1174 1433 1201 huc
1447 1181 1589 1210 pampinos
1599 1180 1625 1201 et
1638 1182 1713 1201 vuas.
1784 1173 1859 1201 Idem
1869 1175 1917 1206 5,6
1934 1173 1978 1200 Ne
1990 1173 2150 1207 prodeuntia
2163 1182 2300 1201 cacumina
2312 1173 2458 1202 seminum'·

255 1219 312 1240 tere
333 1210 490 1247 prouerbio.
587 1211 643 1238 Cic.
666 1220 716 1246 pro
742 1211 814 1239 Sulla
837 1221 867 1245 91
905 1213 931 1240 O
950 1213 1142 1248 praeposteram
1156 1213 1313 1248 gratulatio·
1381 1211 1415 1238 ab
1429 1211 1524 1238 auibus
1538 1210 1741 1246 praerodantur.
1835 1209 1954 1237 Caudam
1981 1209 2048 1236 Ptin.
2060 1218 2086 1243 9,
2099 1211 2143 1237 62.
2233 1210 2342 1245 Digitos
2361 1210 2447 1239 Plaut.
2466 1243 2468 1246 y
2489 1229 2491 1234 ·

255 1258 316 1277 nem
331 1259 336 1274 :
375 1256 454 1282 quam
474 1246 528 1273 cito
549 1246 594 1274 illa
614 1248 706 1274 omnia
728 1256 760 1274 ex
773 1248 875 1275 laetitia
888 1254 914 1275 et
927 1249 1065 1284 voluptate
1079 1250 1110 1276 ad
1125 1250 1228 1276 luctum
1242 1256 1267 1276 et
1282 1249 1317 1276 la·
1381 1248 1473 1275 Pseud.
1490 1255 1514 1280 3,
1527 1255 1548 1279 2,
1564 1256 1608 1281 94.
1681 1239 1800 1273 l-Iamum
1818 1246 1887 1286 Plin.
1900 1254 1928 1280 9,
1941 1254 1983 1279 43.

254 1286 349 1313 crimas
362 1281 529 1310 reciderunt!
599 1283 655 1310 Cic.
664 1284 693 1310 in
702 1284 788 1310 Pison.
797 1293 827 1317 92
848 1286 925 1319 Qae
939 1284 1051 1312 bellicae
1064 1285 1151 1312 laudis
1165 1285 1312 1312 victoriae.
1418 1291 1434 1310 P
1444 1291 1463 1310 R
1473 1291 1495 1310 A
1504 1289 1521 1310 E
1530 1290 1547 1310 R
1557 1284 1578 1310 ὁ
1587 1289 1651 1310 SVS
1660 1301 1668 1314 ,
1687 1291 1718 1314 a,
1736 1291 1792 1310 um.
1811 1282 1905 1310 Partic.
1942 1281 2153 1319 [καταβρωθᾶς]
2190 1283 2294 1310 Hamus
2306 1283 2449 1318 praerosa·
2459 1289 2473 1314 -ῗ

257 1331 310 1358 que
336 1329 426 1348 omnes
449 1325 538 1354 gentes
562 1319 675 1354 insignia
694 1326 720 1346 et
745 1320 911 1347 monimenta
925 1321 974 1347 effe
987 1322 1148 1355 voluerunt,
1168 1321 1259 1348 noster
1273 1321 1317 1348 hic
1334 1336 1367 1360 30
1381 1321 1452 1347 Hor.
1466 1320 1551 1346 Serm.
1565 1327 1591 1352 2,
1604 1328 1627 1352 ς,
1640 1327 1680 1353 25.
2102 1352 2105 1353 .
2459 1320 2486 1366 j(

257 1356 438 1394 praeposterus
465 1356 612 1390 imperator
636 1356 788 1383 amissorum
808 1356 971 1391 oppidorum
985 1378 994 1390 ,
1014 1359 1148 1385 caesarum
1167 1358 1317 1392 legionum,
1419 1363 1435 1384 1³
1446 1362 1465 1382 R
1475 1363 1496 1383 A
1509 1362 1525 1382 Ε
1539 1362 1559 1382 R
1572 1354 1621 1383 &G
1633 1361 1653 1382 ο
1662 1374 1670 1387 ,
1691 1358 1744 1382 5re.
1781 1354 1981 1391 [προκριματίζω
1995 1354 2076 1382 Gloss.
2089 1354 2204 1390 cyrilli,
2224 1354 2291 1391 quod
2303 1362 2463 1393 corruptum*
2478 1350 2482 1368 ’4

257 1393 414 1430 prouinciae
429 1391 559 1427 praesidio
577 1398 604 1418 et
615 1392 729 1427 reliquis
742 1392 877 1419 militibus
891 1393 1003 1420 orbatae
1015 1394 1046 1421 ad
1062 1394 1254 1430 sempiternum
1273 1394 1317 1421 de·
1381 1391 1484 1420 videtur
1497 1402 1527 1419 ex
1542 1390 1759 1428 προχρηματίζω]
1796 1394 1865 1418 Ante
1887 1393 1951 1418 alios
1974 1401 2065 1428 rogare.
2075 1393 2237 1428 sententiam.
2282 1391 2449 1420 Vid.·PRAE·
2478 1399 2482 1412 ἓ

258 1430 337 1457 decus
349 1429 388 1455 sui
402 1428 506 1463 generis
519 1434 546 1454 et
559 1428 677 1455 nominis
691 1428 792 1455 indicia
812 1429 958 1456 constituit.
987 1442 989 1444 ·
1052 1430 1191 1465 Obsequio
1206 1439 1317 1466 praepo·
1384 1434 1578 1456 ROGATIVA.
1672 1428 1742 1455 Suet.
1757 1428 1825 1462 Aug.
1839 1437 1861 1454 c.
1873 1436 1901 1461 35
1919 1428 2068 1455 Sententiae
2083 1428 2115 1455 de
2129 1428 2234 1455 maiore
2246 1428 2376 1464 negotio,
2389 1434 2455 1456 moi

255 1466 325 1494 stero
359 1465 460 1491 crimen
491 1465 607 1497 meruit,
644 1467 663 1492 i.
686 1466 832 1501 Importutzo
864 1472 888 1492 et
921 1466 1026 1502 exitioso
1047 1467 1140 1494 Tacit.
1154 1467 1223 1494 Hist.
1236 1476 1260 1500 3,
1275 1472 1317 1502 78.
1381 1475 1411 1493 re
1426 1472 1505 1500 atque
1519 1464 1634 1498 ordine,
1654 1464 1698 1491 sed
1710 1470 1791 1499 prout
1804 1463 1938 1498 libuifl'et,
1957 1464 2144 1500 praerogabat.
2311 1462 2333 1503 ff
2353 1473 2371 1492 2
2406 1463 2469 1499 Efl-
2489 1483 2491 1487 -

255 1501 332 1529 Ordo
349 1500 531 1536 praeposterus
549 1501 654 1527 Lucret.
669 1509 691 1533 3,
706 1503 763 1528 621.
881 1501 980 1529 Verbis
996 1503 1171 1538 praeposteris
1185 1503 1316 1538 quaedam
1332 1512 1361 1538 35
1381 1505 1457 1529 etiam
1472 1502 1649 1536 Praeerogare
1662 1498 1808 1533 contradle,
1826 1501 1850 1527 h.
1858 1510 1877 1527 e.
1898 1507 1955 1527 ante
1967 1508 2062 1537 tempus
2069 1501 2177 1538 soluere.
2232 1501 2378 1536 leianus,
2399 1502 2451 1529 Lo-
2465 1515 2473 1536 f

254 1538 431 1573 pronuntiare
452 1537 507 1564 Cic.
523 1545 572 1571 pro
585 1537 675 1563 Domo
691 1546 739 1570 140
753 1546 775 1564 c.
788 1544 825 1571 ςς.
942 1539 1110 1573 Contrarias,
1130 1541 1172 1566 vel
1190 1539 1318 1576 aduersas.
1382 1538 1434 1565 cati
1447 1543 1474 1564 et
1489 1537 1616 1565 conducti
1637 1537 1655 1564 l.
1671 1537 1720 1564 Sed
1735 1536 1814 1563 addes
1824 1557 1832 1569 ‚
1853 1536 1926 1564 Nam
1940 1536 2011 1564 inter
2023 1537 2150 1573 eum‚qui
2164 1545 2212 1573 per
2223 1545 2344 1567 errorem
2358 1535 2475 1572 soluiqi

256 1574 339 1602 Ouid.
352 1573 439 1600 Trist.
454 1582 476 1606 1,
494 1580 520 1608 7,
535 1582 547 1603 ς
567 1573 666 1600 Omnia
679 1580 789 1601 naturae
802 1573 968 1610 praepostera
982 1574 1084 1610 legibus
1103 1576 1191 1603 ibunt.
1383 1580 1410 1602 et
1423 1583 1496 1607 eum,
1508 1574 1557 1610 qui
1570 1572 1723 1608 pensionem
1738 1573 1872 1608 integram
1886 1574 2072 1609 praerogauit,
2091 1573 2208 1601 multum
2222 1574 2340 1601 interest.
2377 1573 2449 1602 Add.
2488 1594 2492 1601 .

293 1617 308 1636 P
319 1616 338 1636 R
350 1616 372 1637 A
382 1616 398 1636 E
408 1617 423 1636 Ρ
433 1615 452 1636 O
463 1616 475 1636 s
485 1617 506 1636 T
516 1606 533 1636 ἔ
542 1615 560 1635 R
570 1615 597 1637 Ε.
615 1609 683 1636 Adu.
720 1608 943 1646 [ὖςεμπροτέρως]
982 1611 1079 1638 Ordine
1092 1615 1230 1640 contrario.
1259 1611 1317 1639 Cic.
1382 1610 1452 1639 Cod.
1468 1620 1496 1637 10
1511 1616 1529 1637 t.
1543 1619 1556 1644 3
1573 1610 1591 1636 l.
1606 1618 1649 1637 20.
2393 1642 2395 1646 y
2460 1612 2472 1639 s

256 1645 338 1674 Acad.
353 1656 381 1680 4,
396 1647 431 1680 67
445 1654 467 1673 c.
484 1654 514 1672 20
528 1651 592 1672 extr.
613 1645 695 1680 Qiod
716 1647 846 1681 quoniam
864 1655 880 1673 a
900 1653 926 1673 te
938 1647 1087 1682 probatur,
1105 1655 1135 1676 vt
1149 1648 1319 1685 praepostere
1417 1653 1433 1674 Ρ
1443 1655 1494 1675 RA
1505 1653 1549 1674 ER
1559 1653 1639 1674 OGA
1649 1652 1700 1672 Tv
1712 1653 1741 1677 s,
1760 1654 1793 1680 a,
1821 1655 1876 1673 um.
1911 1646 2006 1674 Partic.
2043 1646 2164 1674 Comitia
2174 1645 2293 1674 comitiis
2310 1654 2465 1683 praeroga-2.

255 1688 346 1711 tecum
360 1690 436 1716 agam
450 1692 455 1707 ε
491 1681 546 1708 iam
561 1682 634 1708 enim
647 1682 763 1708 referam
777 1692 820 1708 mc
833 1681 865 1709 ad
879 1683 1012 1710 ordinem.
1085 1684 1230 1712 Contraria.
1259 1685 1364 1714 Cic.40
1383 1689 1409 1711 ta
1432 1684 1489 1711 Cic.
1503 1692 1554 1718 pro
1567 1683 1651 1709 Plane.
1665 1691 1687 1708 c.
1701 1691 1745 1710 20.
1780 1683 1825 1710 AI.
1842 1683 2040 1718 praerogatiua.
2079 1681 2169 1709 Eadem
2183 1690 2248 1710 certe
2257 1682 2396 1718 sententia.
2458 1679 2475 1714 l*

257 1719 313 1746 Att.
328 1726 354 1754 7,
372 1720 397 1744 16
406 1724 451 1753 pr.
471 1718 570 1744 Omnes
590 1718 711 1744 arbitror
729 1717 798 1744 mihi
818 1724 874 1744 tuas
889 1718 979 1746 literas
994 1719 1110 1747 redditas
1123 1722 1188 1752 esse,
1209 1720 1252 1746 sed
1266 1721 1321 1754 pri·
1419 1725 1434 1745 P
1445 1725 1465 1745 R
1475 1726 1496 1745 A
1506 1726 1523 1746 E
1534 1726 1551 1745 R
1562 1726 1581 1746 ο
1592 1725 1613 1746 G
1623 1725 1676 1745 AT
1687 1720 1701 1745 1'
1711 1725 1731 1744 V
1742 1725 1803 1751 VS,
1821 1727 1851 1751 a,
1867 1728 1923 1746 um.
1943 1719 2005 1746 Adi.
2041 1719 2231 1754 Praerogatiua
2252 1718 2338 1746 tribus
2357 1719 2465 1747 diceba-r·

215 1761 217 1763 ’
255 1764 312 1782 mas
343 1752 525 1789 praepostere,
544 1753 661 1787 reliquas
687 1752 785 1779 ordine
814 1762 868 1788 quo
889 1755 949 1780 sunt
970 1756 1059 1781 missae
1080 1765 1127 1790 per
1148 1756 1320 1782 Terentiam.
1383 1760 1442 1786 tur,
1463 1756 1532 1789 Qae
1540 1758 1627 1789 prima
1638 1761 1728 1790 rogata
1734 1755 1840 1791 ferebat
1853 1755 2007 1792 fiiffragia:
2043 1762 2067 1781 et
2097 1755 2286 1790 Praerogatiua
2321 1756 2452 1790 centuria,
2470 1770 2483 1789 ις

257 1790 316 1819 Cic.
331 1790 364 1816 de
378 1789 471 1816 Diuin.
486 1798 512 1822 2,
527 1791 575 1822 146
604 1789 685 1816 Nihil
719 1795 772 1815 tam
806 1789 990 1824 praepostere,
1009 1796 1063 1816 tam
1091 1792 1245 1823 incondite,
1266 1796 1320 1817 tam
1384 1790 1481 1815 itidem.
1552 1790 1614 1815 Liu.
1636 1793 1680 1821 26,
1697 1798 1730 1815 22
1767 1791 1880 1817 Fuluius
1894 1792 2009 1818 Romam
2022 1791 2201 1818 comitiorum
2216 1792 2291 1819 causa
2304 1791 2453 1826 accersitus,

257 1826 405 1854 monstrose
420 1826 533 1860 cogitari
547 1825 647 1860 potest,
664 1824 736 1861 quod
751 1834 806 1852 non
820 1825 941 1861 possimus
957 1826 1099 1854 somniare.
1208 1827 1323 1862 Praepo-
1384 1834 1469 1860 quum
1483 1825 1593 1851 comitia
1607 1824 1759 1851 consulibus
1771 1826 1897 1859 rogandis
1912 1827 2038 1859 haberet,
2057 1827 2245 1860 praerogatiua
2254 1827 2368 1855 Veturia
2381 1828 2452 1856 iunio

256 1863 326 1892 stete
339 1862 465 1889 inducere
477 1861 574 1888 calcem
595 1861 662 1888 Plin.
677 1871 700 1894 2,
714 1868 740 1896 7.
1331 1866 1365 1894 45
1385 1870 1467 1888 orum
1479 1860 1623 1889 declarauit
1636 1861 1675 1888 T.
1689 1861 1823 1887 Manlium
1837 1862 2014 1897 Torquatum
2023 1881 2032 1894 ‚
2052 1867 2079 1888 et
2091 1862 2130 1888 T.
2145 1862 2319 1889 octacilium.
2392 1864 2452 1892 Cic.
2487 1891 2491 1898 ,

300 1905 316 1926 P
326 1905 345 1925 R
354 1905 376 1925 A
386 1905 401 1924 E
410 1905 425 1925 P
434 1904 453 1924 O
462 1904 475 1924 s
485 1904 507 1923 'r
516 1904 533 1924 E
544 1904 562 1924 R
573 1896 584 1924 i
596 1903 617 1923 T
630 1904 652 1924 A
667 1903 680 1923 s
692 1917 699 1929 ,
722 1897 781 1923 atis.
807 1896 827 1923 f.
864 1897 967 1924 Arnob.
981 1907 992 1929 3
1008 1907 1033 1932 p.
1049 1904 1088 1928 113
1114 1897 1211 1925 Graeci
1232 1897 1322 1925 nomi·
1385 1907 1435 1933 pro
1448 1897 1533 1923 Planc.
1543 1905 1579 1930 49
1595 1906 1617 1923 c.
1626 1905 1661 1923 20
1679 1897 1721 1923 An
1733 1897 1840 1924 tandem
1853 1907 1904 1925 vna
1919 1898 2040 1925 centuria
2052 1899 2241 1932 praerogatiua
2255 1904 2358 1925 tantum
2371 1899 2455 1928 habe·

257 1935 300 1963 nin
314 1933 529 1970 praeposteritate
543 1942 573 1960 re
594 1934 674 1966 etita,
696 1936 715 1960 i.
734 1930 910 1969 nomine⁶H4uae
922 1937 960 1960 ita
967 1933 1151 1970 frequentato,
1171 1940 1201 1961 vt
1221 1933 1322 1961 tandem
1386 1933 1571 1965 auctoritatis,
1592 1939 1621 1959 vt
1634 1941 1715 1959 nemo
1730 1942 1848 1968 vnquam
1861 1934 1939 1968 prior
1952 1943 2011 1961 eam
2025 1934 2131 1964 tulerit,
2149 1935 2216 1968 quin
2229 1935 2394 1961 renuntiatus
2402 1936 2454 1965 fitz

256 1971 368 2008 vestias,
388 1967 551 2003 utrum‘ffipa
585 1972 668 1995 icatur
682 1978 716 1995 an
736 1967 792 2003 οἰῆρ.
1387 1975 1417 1995 tu
1434 1969 1549 1995 aedilem
1570 1968 1706 1995 Plancium
1725 1969 1827 1995 faelium
1846 1970 1972 2002 miraris,
1991 1969 2066 1995 cuius
2083 1969 2113 1994 in
2126 1969 2230 1994 honore
2244 1977 2300 1995 non
2315 1969 2392 1996 vnius
2404 1973 2450 2000 tri-

294 2013 308 2032 Ρ
317 2013 336 2033 R
345 2013 366 2032 A
377 2012 393 2032 13
406 2012 420 2032 r
435 2011 454 2031 0
467 2013 478 2032 s
487 2012 508 2031 T
520 2003 564 2031 ER
573 2011 609 2037 0,
631 2009 683 2032 are.
721 2005 874 2031 Peruertere.
911 2003 1022 2037 Qtinc’t.
1037 2004 1122 2034 Trib.
1130 2005 1198 2032 Mar.
1211 2012 1257 2037 c.9
1271 2005 1323 2031 Or·
1386 2003 1437 2030 bus
1452 2012 1526 2038 pare,
1546 2003 1590 2030 sed
1604 2004 1716 2030 comitia
1729 2010 1785 2030 tota
1799 2005 1918 2030 comitiis
1933 2004 2038 2030 suerint
2053 2004 2241 2038 praerogatiua
2254 2004 2264 2031 3
2332 2005 2388 2032 Cic.
2399 2016 2450 2042 pro

257 2042 349 2072 dinem
363 2041 530 2068 iudiciorum
543 2040 637 2067 militis
651 2039 860 2076 praeposterauit
873 2040 1006 2075 impietas.
1338 2047 1372 2074 50
1386 2040 1509 2066 Muraen.
1523 2043 1552 2071 38
1574 2047 1594 2064 c.
1609 2043 1634 2068 18
1653 2039 1680 2064 Si
1694 2044 1764 2065 tanta
1778 2040 1807 2065 in
1821 2039 1877 2065 illis
1890 2039 2010 2066 comitiis
2024 2039 2123 2074 religio
2139 2039 2190 2073 est,
2205 2046 2236 2067 vt
2250 2039 2335 2068 adhue
2349 2042 2451 2078 semper

295 2085 337 2106 PR
346 2084 394 2105 ΑΕ
403 2083 418 2103 Ρ
427 2084 446 2104 o
457 2083 477 2102 T
488 2083 504 2104 E
514 2084 536 2103 N
547 2083 559 2102 s
568 2094 577 2108 ‚
603 2076 656 2103 vid.
678 2081 706 2103 in
730 2082 745 2101 1²
754 2082 773 2102 R
782 2084 804 2103 A
814 2081 854 2102 ΕΡ
864 2081 883 2102 o
895 2083 907 2103 s
917 2083 930 2103 S
940 2083 959 2103 v
970 2083 1005 2103 M.
1387 2084 1467 2102 omen
1481 2074 1596 2102 valuerit
1609 2074 1828 2109 praerogatiuum
1841 2085 1847 2101 :
1884 2075 1949 2110 quid
1973 2076 2074 2103 mirum
2088 2075 2125 2103 est
2142 2077 2172 2103 in
2192 2075 2244 2104 hoc
2262 2077 2401 2105 felicitatis
2413 2079 2452 2106 sa.

295 2123 311 2142 Ρ
322 2122 341 2142 R
351 2121 398 2141 ΑΕ
408 2119 422 2139 Ρ
433 2119 523 2140 ΚιΜΙ
535 2119 561 2140 s.
603 2113 658 2139 Vox
670 2112 778 2139 barbara
793 2123 801 2138 .·
837 2111 892 2138 vid.
911 2111 994 2146 Vorst.
1016 2111 1044 2138 de
1063 2113 1151 2139 Latin.
1171 2111 1243 2148 5⁸sp-
1259 2119 1324 2143 1³32
1386 2120 1475 2144 mam,
1490 2112 1697 2145 sermonemque
1709 2110 1818 2139 valuisse
1831 2111 1841 2137 ἓ
1917 2114 2027 2147 Nempe,
2047 2119 2076 2138 ut
2089 2115 2128 2139 ait
2143 2112 2208 2140 idem
2221 2113 2254 2140 de
2271 2114 2363 2141 Diuin.
2372 2123 2393 2148 1,
2407 2123 2452 2149 103
2472 2124 2483 2148 ἦ,

257 2151 319 2180 edit.
328 2147 422 2186 poster.
494 2149 583 2176 Cellar.
596 2149 685 2176 Atztih.
694 2155 723 2185 p.
738 2155 777 2178 82.
814 2155 837 2174 et
850 2149 907 2175 Cur.
924 2148 1016 2182 Postcr.
1028 2156 1056 2184 p.
1067 2153 1123 2180 363.
1387 2157 1410 2175 c.
1425 2156 1457 2182 43
1471 2154 1537 2175 extr.
1563 2147 1779 2182 Praerogatiuam
1803 2147 1921 2174 maiores
1943 2156 2024 2175 owen
2047 2148 2180 2176 iustorum
2206 2149 2381 2177 comitiorum
2402 2153 2463 2180 effe'

298 2194 314 2214 Ρ
323 2195 342 2214 R
352 2191 422 2213 AEP
431 2192 450 2212 R
460 2192 479 2213 0
488 2193 503 2212 P
512 2193 529 2212 E
540 2192 558 2212 R
569 2191 589 2212 O
598 2205 606 2217 ‚
625 2189 677 2212 are.
715 2185 904 2219 Praeproperat
913 2205 922 2217 ,
941 2184 1111 2220 ‚renuendum
1131 2184 1213 2211 Gloss'.
1227 2184 1287 2210 Vct.
1388 2184 1542 2211 voluerunt.
1613 2185 1712 2219 Repetit
1726 2192 1738 2210 2
1753 2193 1774 2209 c.
1787 2193 1825 2217 40
1863 2183 1971 2215 Tribus
2005 2185 2192 2220 praerogatiua
2222 2184 2256 2219 est
2287 2187 2348 2213 Liu.
2365 2196 2404 2221 ro,
2415 2196 2451 2217 22.

298 2230 314 2250 P
324 2231 342 2251 R
352 2230 373 2250 Α
382 2229 399 2248 E
408 2229 422 2248 P
432 2229 450 2249 R
460 2229 479 2249 Ο
488 2228 503 2247 P
514 2221 532 2249 ἑ
542 2229 561 2249 R
571 2228 590 2248 v
603 2228 616 2248 s
626 2240 635 2254 ,
673 2229 705 2254 a,
733 2230 789 2247 11111.
830 2221 892 2247 Adi.
929 2219 1027 2254 [μάλα
1040 2220 1202 2257 ἔπισπερχιῗς]
1245 2218 1322 2246 Valde
1338 2221 1367 2249 53
1387 2218 1409 2258 q
1432 2229 1444 2246 2
1483 2220 1673 2255 Praerogatiua
1682 2240 1691 2253 ,
1704 2218 1861 2256 substantiae
1881 2223 1954 2247 etiam
1975 2221 2090 2253 dicitur,
2107 2227 2161 2247 tum
2181 2222 2332 2250 centuriam
2352 2226 2393 2251 vet
2405 2230 2414 2252 t
2431 2225 2442 2255 'f

260 2261 332 2287 celer.
368 2259 424 2286 Cic.
439 2258 512 2284 Fam.
528 2265 555 2293 7,
569 2262 582 2288 8
602 2257 651 2285 Sed
664 2266 697 2284 ex
712 2258 766 2284 tuis
781 2256 866 2283 literis
880 2257 996 2292 cognoui
1017 2266 1223 2293 praeproperam
1242 2264 1324 2291 quan-
1387 2257 1453 2284 bum
1485 2258 1701 2291 raerogariuam,
1724 2263 1778 2282 tum
1793 2256 1950 2283 sententiam
1964 2264 2054 2290 notat,
2073 2266 2145 2292 quam
2157 2257 2316 2294 sequuntur,
2337 2267 2367 2286 vt
2384 2270 2421 2287 om
2443 2290 2445 2292 ,

260 2296 319 2324 dam
335 2295 532 2322 festinationem
547 2300 629 2321 tuam.
737 2294 824 2320 Amor
848 2294 906 2320 Val.
921 2294 992 2319 Max.
1007 2297 1031 2325 6,
1045 2303 1066 2326 3,
1079 2295 1105 2320 6.
1223 2292 1323 2320 Celeri·
1407 2292 1454 2319 uod
1473 2303 1526 2324 am,
1546 2294 1655 2328 reliquae
1665 2299 1754 2328 partes
1768 2292 1866 2327 Populi.
1904 2291 1961 2319 Cic.
1977 2294 2041 2320 Ver.
2056 2292 2115 2319 Aci.
2131 2301 2151 2325 1,
2165 2296 2196 2320 26
2209 2302 2231 2321 c.
2246 2302 2265 2328 9
2292 2295 2346 2329 Qni
2362 2301 2435 2324 aute'

261 2339 299 2362 tas
315 2332 374 2359 Liu.
388 2340 423 2364 31,
436 2339 480 2366 42.
555 2330 662 2356 Hastam
676 2337 858 2366 praepropero
870 2330 930 2355 nisu
946 2329 1007 2355 iacit
1023 2329 1070 2356 Sil.
1088 2338 1122 2362 15,
1138 2336 1197 2363 757.
1282 2329 1325 2354 In·
1388 2302 1514 2357 Ktetellus
1529 2337 1608 2364 quam
1624 2328 1667 2355 isti
1679 2328 1709 2355 fit
1723 2329 1823 2355 amicus
1833 2348 1841 2361 ,
1860 2328 1999 2355 a'tenditc.
2055 2327 2136 2355 Dedit
2149 2329 2222 2356 enim
2237 2333 2437 2367 praerogatiua·
2516 2358 2517 2362 ,

263 2368 370 2405 genium
407 2367 468 2394 Liu.
502 2375 553 2400 22,
586 2374 627 2401 41.
736 2365 847 2401 Ingenia
871 2374 1049 2402 praepropera
1064 2374 1092 2392 ac
1117 2364 1225 2392 feruida
1262 2365 1324 2392 Liu.
1390 2367 1451 2392 suae
1467 2365 1611 2392 voluntatis
1624 2364 1775 2398 eiusmodi,
1796 2370 1824 2391 vt
1840 2365 1880 2390 isti
1898 2374 1945 2399 pro
1961 2365 2155 2400 praerogatiuis
2175 2374 2234 2392 eam
2251 2367 2395 2396 reddidisse
2506 2367 2511 2398 i

261 2414 309 2441 ¹7²
330 2414 355 2437 33
373 2411 439 2430 extr.
1338 2401 1374 2426 60
1389 2402 1491 2429 deatur.
1527 2404 1546 2427 i.
1566 2401 1797 2437 Aper-tejauerefi‘
1811 2399 1917 2433 ostendit
1937 2403 2028 2433 Verri,
2050 2400 2232 2435 &sententiam
2246 2403 2275 2429 de
2287 2413 2312 2430 eo
2319 2405 2397 2441 fert,
2481 2409 2483 2414 '
2507 2386 2517 2457 a

300 2448 314 2466 P
323 2448 341 2468 R
351 2448 371 2467 Α
380 2447 396 2466 E
405 2446 419 2466 Ρ
428 2446 448 2466 R
457 2444 476 2465 Ο
486 2445 502 2464 Ρ
511 2435 528 2465 1‘}
537 2445 555 2465 R
564 2445 591 2466 E.
611 2438 679 2465 Adu.
699 2439 774 2471 [Mam
788 2438 958 2473 ἐπισπερχῶς]
996 2439 1109 2465 Nimium
1123 2438 1244 2464 celeriter.
1264 2438 1324 2464 Liu.
1388 2441 1429 2465 ius
1442 2435 1620 2464 austeritatem
1628 2437 1700 2473 sequi
1713 2444 1784 2472 optat
1802 2439 1882 2470 alios,
1904 2445 1932 2463 vt
1955 2437 2001 2463 hoc
2020 2436 2161 2472 beneficium
2182 2439 2314 2471 rependere
2333 2443 2419 2468 videat
2506 2453 2514 2470 1

264 2486 307 2509 22,
321 2486 330 2508 3
347 2478 438 2511 Itaque
453 2475 513 2502 satis
527 2474 687 2510 apparebat,
710 2484 757 2500 nec
772 2474 836 2501 deos
857 2483 905 2501 nee
925 2474 1049 2501 homines
1066 2474 1264 2505 consulentem,
1289 2475 1327 2500 fe·
1383 2481 1435 2510 pro
1447 2476 1550 2509 pecunia
1564 2483 1580 2499 a
1599 2474 1675 2500 Verre
1688 2480 1805 2508 accepta,
1820 2482 1867 2509 qua
1880 2474 1962 2499 tribus
1975 2480 2090 2508 corrupit
2109 2479 2139 2499 vt
2156 2473 2244 2510 Consta
2261 2482 2388 2502 crearetur
2401 2487 2453 2504 am·
2481 2502 2485 2505 .
2503 2476 2511 2499 '-

264 2513 361 2541 roeiter
373 2512 482 2542 omnia,
502 2520 531 2537 ac
547 2519 724 2546 praepropere
738 2511 869 2539 aelurum.
954 2510 994 2537 Id.
1008 2510 1046 2538 ib.
1069 2519 1090 2537 c.
1105 2519 1143 2544 19.
1181 2513 1212 2537 it.
1233 2519 1266 2543 2,
1285 2517 1327 2545 43.
1388 2511 1451 2537 bitu.
1526 2510 1581 2536 Huc
1593 2509 1661 2536 redit
1674 2512 1748 2535 ctiam
1762 2509 1871 2536 Asconii
1892 2512 2079 2545 interpretatio.
2149 2509 2254 2544 Propius
2266 2513 2339 2537 etiam
2352 2511 2389 2538 ad
2399 2521 2452 2539 rem
2482 2526 2485 2530 ‹
2504 2527 2505 2535 1

264 2549 395 2578 Festinans
417 2548 492 2575 Idem
506 2555 548 2582 37,
561 2556 602 2580 23.
1390 2545 1488 2574 accedit
1514 2547 1623 2572 Gronau.
1648 2543 1714 2578 Obffi
1737 2556 1764 2581 4,
1778 2556 1789 2572 1
1809 2553 1838 2581 p.
1854 2549 1887 2572 16
1903 2556 1958 2572 cum
1971 2552 2067 2577 monet,
2087 2554 2116 2571 ex
2130 2554 2170 2576 co,
2187 2545 2251 2580 quod
2259 2554 2333 2581 praer
2366 2549 2463 2574 atiuae'
2504 2541 2506 2553 ’

302 2591 317 2612 P
328 2592 345 2611 R
355 2592 374 2611 A
383 2592 400 2612 Ε
409 2591 425 2611 P
434 2592 452 2611 R
462 2590 482 2610 0
491 2590 506 2609 P
516 2591 533 2610 E
541 2590 560 2610 R
568 2591 591 2610 A
601 2589 622 2610 N
634 2590 656 2610 T
665 2590 681 2610 E
689 2589 719 2610 R.
770 2582 853 2610 Aliud
863 2582 932 2610 Actu.
951 2582 1014 2609 idem
1021 2581 1181 2620 significans.
1220 2582 1326 2609 Lucret.
1344 2586 1376 2618 65
1389 2583 1473 2610 tribur
1486 2584 1526 2609 vel
1537 2584 1663 2608 centuriae
1676 2589 1764 2608 tantus
1778 2589 1832 2609 erat
1838 2581 1970 2622 fitspec‘lus
1984 2589 2007 2608 et
2019 2583 2159 2607 reuerentia
2172 2580 2240 2617 apud
2250 2585 2302 2608 iure
2315 2586 2452 2610 vocaturi„
2504 2556 2506 2610 l

266 2630 290 2656 3,
306 2628 348 2656 781
369 2622 515 2649 Innumero
529 2628 660 2652 numero,
678 2625 832 2654 certareque
851 2627 1103 2654 praeproperanter,
1121 2626 1168 2646 etc.
1390 2621 1518 2651 comitiis,
1531 2617 1652 2654 fastum,
1673 2624 1703 2644 vt
1724 2628 1773 2644 vox
1796 2621 1850 2654 ipsa
1875 2616 2079 2651 Praerogatiuae
2103 2619 2261 2652 acciperetur
2279 2625 2326 2653 pro
2342 2618 2450 2655 secundo
2504 2614 2506 2621 ’

302 2664 317 2683 1²
329 2665 344 2683 R
354 2664 374 2684 A
386 2664 454 2684 EPV
466 2664 480 2683 L
492 2662 510 2683 C
522 2662 567 2682 HE
578 2662 615 2689 R,
640 2663 670 2686 a,
688 2665 742 2682 um.
769 2655 829 2682 Adi.
867 2655 975 2682 quenc.
989 2664 1008 2688 1,
1022 2665 1082 2690 430.
1394 2665 1490 2688 omnic,
1505 2653 1653 2690 certostgno
1666 2653 1807 2690 indicioque
1821 2661 1844 2679 et
1860 2656 1969 2689 pignore
1993 2662 2023 2678 ac
2047 2653 2115 2689 quasi
2133 2654 2272 2680 arrhabone
2287 2653 2396 2690 futurae
2415 2657 2455 2681 rei

299 2701 341 2721 PR
351 2701 371 2720 A
381 2700 448 2720 EPV
458 2700 477 2720 R
487 2699 507 2719 G
518 2698 537 2718 Ο
547 2712 554 2724 ,
569 2695 627 2718 are.
682 2691 754 2718 Cael.
770 2690 858 2718 Tard.
871 2699 892 2724 1,
904 2700 933 2725 4,
948 2698 991 2721 ¹28
1030 2694 1065 2719 Vt
1078 2693 1153 2726 saepe
1166 2690 1327 2717 imminente
1390 2698 1490 2727 optatae
1523 2692 1564 2717 vel
1584 2689 1715 2726 secundae.
1786 2689 1855 2715 Cato
1876 2691 1906 2714 ad
1931 2687 1988 2715 Cic.
2008 2689 2081 2715 Fam.
2101 2698 2136 2722 ις,
2151 2698 2163 2722 5
2196 2690 2277 2724 Quod
2291 2690 2308 2717 ti
2323 2689 2454 2726 triumphi

266 2729 404 2758 accessione
419 2739 466 2764 per
479 2728 604 2756 somnum
618 2727 690 2754 iactu
705 2728 813 2755 seminis
828 2727 901 2761 aegri
916 2734 1137 2762 praepurgentur.
1391 2728 1605 2761 praerogatiuam
1620 2731 1693 2759 putas
1710 2724 1932 2759 supplicationem
1947 2736 1954 2756 ;
1991 2731 2036 2745 “-
2072 2735 2160 2761 neque
2180 2726 2398 2761 supplicationem
2416 2728 2453 2754 se·
2473 2749 2477 2754 .

303 2771 570 2793 PRAEPVTIVM
581 2785 589 2797 ,
608 2764 627 2791 i.
649 2773 675 2791 n.
714 2764 883 2799 [ewafiat-la,
904 2762 989 2798 πόιῦη]
1026 2765 1113 2797 Pelas,
1126 2771 1187 2798 quae
1199 2760 1324 2798 glandem,
1340 2775 1376 2801 70
1391 2764 1485 2797 quitur
1507 2763 1610 2795 semper
1631 2760 1783 2795 triumphus
1808 2767 1853 2787 etc.
1963 2761 2025 2788 Liu.
2042 2770 2065 2794 3,
2079 2770 2119 2795 50,
2134 2767 2146 2792 8
2166 2762 2259 2789 Icilius
2278 2763 2324 2790 vbi
2348 2762 2454 2791 audiuit
2473 2769 2482 2775 ”

269 2800 313 2829 boc
326 2800 672 2838 estfiammamssolispartem
691 2803 764 2837 tegit.
821 2801 916 2826 quen.
931 2799 981 2826 Sat.
998 2808 1037 2834 14,
1052 2808 1085 2833 99
1123 2798 1152 2824 de
1177 2798 1277 2824 Iudaeis
1292 2798 1326 2823 Io·
1391 2798 1517 2825 tribunos
1547 2796 1666 2822 militum
1700 2796 1728 2822 in
1746 2798 1881 2824 Auentino
1901 2804 2019 2831 creatos,
2039 2807 2073 2824 ue
2097 2798 2273 2825 comitiorum
2294 2799 2454 2829 militarium

270 2846 360 2875 quem,
380 2839 444 2865 Mox
458 2844 483 2864 et
497 2838 634 2871 praeputia
647 2843 759 2872 ponunt.
867 2835 942 2862 Idem
956 2836 1007 2862 Sat.
1022 2838 1048 2867 6,
1064 2843 1109 2870 237
1127 2834 1326 2868 Imparienuque
1393 2833 1606 2869 praerogatiuam
1627 2832 1727 2859 vrbana
1745 2834 1856 2860 comitia
1870 2834 1964 2860 iisdem
1979 2834 2117 2861 Tribunis
2132 2835 2220 2861 Plebis
2235 2836 2354 2863 creandis
2366 2836 2455 2871 seque-
2475 2841 2480 2848 ¹

270 2882 360 2900 morae
375 2880 469 2910 pauet,
486 2880 511 2899 ct
524 2873 661 2907 praeputia
678 2873 760 2900 ducit.
866 2873 1005 2898 Deriuatur
1032 2882 1046 2897 a
1069 2873 1162 2898 Gracco
1189 2868 1327 2904 προπόιθων,
1394 2875 1497 2897 rentur.
1605 2868 1678 2895 Idem
1692 2878 1727 2902 21,
1741 2878 1754 2902 3
1782 2871 1812 2896 In
1837 2870 1993 2897 Asdrubalis
2017 2871 2106 2897 locum
2129 2870 2200 2897 haud
2223 2870 2306 2899 dubia
2330 2881 2371 2899 res
2394 2873 2456 2905 fuit,
2504 2882 2506 2901 l

270 2913 307 2936 ita
321 2913 384 2936 enim
396 2916 419 2937 et
432 2919 448 2935 a
459 2909 540 2935 πόιθων
548 2916 626 2945 putus
639 2907 671 2942 2·st
686 2919 695 2939 ‚·
733 2916 757 2936 et
765 2914 848 2945 puta,
866 2907 953 2942 πὲιθη,
973 2908 1092 2934 mentula.
1153 2906 1214 2933 Vr'd.
1236 2906 1329 2942 Scatig.
1396 2907 1463 2941 quin
1483 2905 1695 2940 praerogatiuam
1716 2905 1879 2935 militarem,
1898 2916 1949 2942 qua
1970 2907 2106 2942 extemplo
2121 2907 2226 2934 iuuenis
2241 2908 2375 2936 Hannibal
2408 2911 2471 2930 --'=
2485 2935 2487 2941 .
2504 2910 2506 2932 l

269 2944 388 2973 Catach.
403 2951 426 2972 et
445 2944 509 2978 Voſji
525 2946 628 2980 Etymol.
639 2952 668 2980 p.
683 2949 742 2980 406.
1235 2968 1240 2974 ,
1346 2950 1379 2979 73
1397 2943 1544 2976 imperator
1580 2957 1626 2961 —
1661 2941 1805 2976 appellatus
1839 2949 1911 2976 erat,
1954 2943 2032 2970 fauor
2062 2944 2144 2970 etiam
2173 2943 2259 2978 plebis
2293 2945 2469 2980 sequeretur.v
2487 2966 2492 2974 ,
2504 2940 2505 2967 Ῐ

308 2988 322 3007 1³
332 2988 350 3008 R
360 2987 457 3010 AEPV
468 2987 539 3007 'rlA
550 2987 570 3006 T
580 2987 621 3007 vs
631 3001 638 3013 ‚
659 2990 689 3014 a,
709 2990 763 3008 um.
783 2980 845 3008 Adi.
882 2979 1004 3008 Tertull.
1019 2978 1079 3006 adu.
1095 2979 1178 3006 Marc.
1193 2985 1240 3011 5‚9
1257 2978 1332 3004 Prae·
1402 2978 1476 3005 Idem
1493 2983 1535 3010 28,
1549 2986 1565 3010 9
1579 2984 1643 3004 extr.
1663 2988 1715 3004 cnm
1728 2981 1754 3004 in
1771 2981 1896 3014 triumplo
1913 2981 1985 3007 Liuii
1997 2987 2020 3006 ct
2035 2980 2136 3006 Claudii
2149 2983 2241 3016 equites
2254 2988 2358 3016 praeter
2382 2988 2474 3008 caete-¹⁴
2492 2977 2508 3015 μ’

274 3017 369 3051 putiati
384 3016 524 3044 sacerdotii
539 3016 672 3043 Pontifex.
1396 3025 1440 3042 ros
1453 3012 1609 3047 celebraffi‘nt
1622 3020 1645 3040 et
1655 3014 1722 3048 plebi
1734 3014 1937 3049 continendaffiwit
1952 3017 2080 3042 Veturium
2094 3023 2118 3042 et
2130 3017 2263 3043 Caecinam
2273 3037 2281 3050 ,
2298 3025 2328 3044 vt
2343 3027 2382 3044 eos
2392 3018 2456 3045 Con·

312 3058 544 3080 PRAEFVTlA
556 3058 642 3083 T10,
663 3052 728 3078 (mis.
752 3052 772 3078 f,
809 3052 884 3080 Idem
904 3052 972 3080 ibid,
1009 3058 1033 3080 et
1058 3060 1082 3078 c.
1103 3061 1123 3086 4
1143 3056 1167 3077 et
1185 3058 1220 3083 13.
1257 3055 1282 3076 et
1301 3047 1333 3075 de
1390 3051 1460 3088 sules
1474 3052 1501 3076 in
1514 3059 1606 3076 annum
1615 3053 1756 3084 proximum
1769 3060 1901 3084 crearent,
1922 3052 2013 3085 addat,
2030 3052 2159 3079 Adieeiss'e
2178 3053 2298 3088 equiturn
2318 3062 2459 3089 praeroga·
2471 3048 2488 3088 fs
2506 3057 2517 3085 ’11

277 3087 366 3115 Resur.
380 3090 457 3116 Caru.
478 3098 501 3116 c.
515 3097 551 3121 23.
588 3096 611 3115 et
625 3088 656 3115 de
669 3089 780 3123 Monog.
800 3097 820 3114 c.
836 3091 861 3115 6.
1397 3088 1471 3115 tiuae
1484 3086 1669 3113 auctoritatem
1684 3087 1819 3119 eonsules,
1841 3087 1946 3122 postero
1960 3088 2005 3114 die
2018 3088 2046 3114 in
2057 3089 2188 3116 concione
2201 3098 2246 3115 etc.
2289 3089 2336 3117 Sed
2349 3089 2471 3118 redimat¹¹
2489 3098 2491 3106 ¹
2510 3088 2517 3102 ¹¹

312 3130 354 3151 PR
365 3131 384 3150 A
395 3131 411 3151 F
421 3132 469 3163 QV
481 3131 502 3151 Λ
513 3132 537 3152 Μ
547 3145 555 3157 ,
575 3124 629 3151 vid.
651 3125 715 3151 Prae
729 3133 823 3159 quam,
839 3128 866 3150 in
888 3131 982 3152 PRAB.
1351 3126 1384 3152 80
1398 3124 1433 3151 acl
1447 3123 1547 3150 tribum
1562 3125 1602 3148 uc!
1613 3122 1769 3150 Centuriam
1788 3124 2011 3159 Praerogativam.
2122 3124 2235 3151 Sortitio
2255 3127 2461 3161 praerogatiuae,

311 3166 355 3186 PR
366 3166 387 3186 A
400 3168 415 3187 E
426 3167 520 3199 qvas
533 3167 556 3187 'r
568 3168 626 3192 vs,
647 3169 678 3194 a,
698 3169 753 3187 um.
775 3160 870 3187 Partic.
905 3163 974 3187 Ante
986 3157 1091 3196 questus.
1128 3158 1212 3187 Ouid.
1225 3159 1290 3186 Met.
1304 3168 1334 3192 4,
1399 3159 1457 3187 Cic.
1473 3159 1588 3194 Philipp.
1602 3167 1626 3190 2,
1642 3163 1688 3188 gc.
1705 3167 1738 3192 33.
1756 3163 1866 3195 priimam
1878 3170 1976 3193 coram,
1996 3163 2095 3196 quaein
2108 3164 2219 3186 comitiis
2237 3168 2348 3197 aguntur
2370 3183 2379 3196 ,
2415 3137 2481 3213 obii,

278 3202 315 3227 ²51
338 3196 475 3231 Multaque
488 3197 673 3232 praequestus,
692 3203 783 3232 tanges
796 3201 885 3222 tamen
898 3196 1005 3223 aethera
1019 3197 1097 3224 dixit.
1168 3196 1227 3224 Alii
1239 3195 1334 3232 legunt,
1398 3203 1482 3232 nempe
1496 3195 1567 3232 sorte
1586 3194 1659 3221 dcciii
1669 3203 1726 3229 tar,
1745 3205 1805 3231 qm?
1826 3197 1925 3229 trtbm,
1945 3206 2005 3232 quae
2021 3198 2136 3222 centuria
2147 3216 2155 3229 ,
2169 3199 2255 3230 prima
2268 3197 2351 3224 debeat
2358 3199 2459 3235 finten-

2472 3229 2476 3239 ι

278 3230 414 3266 Multaque
427 3232 597 3267 conquestus,
624 3240 669 3260 etc.
1399 3236 1462 3259 tiam
1470 3232 1555 3268 ferre.
1650 3231 1706 3257 Cic.
1721 3233 1753 3258 de
1767 3233 1859 3259 Diuin.
1876 3241 1915 3264 103
1931 3242 1952 3258 e.
1966 3240 2000 3265 43
2026 3232 2242 3267 Praerogatiuam
2268 3235 2348 3261 etiam
2375 3233 2474 3263 maio-'.
2499 3251 2507 3263 κ

316 3272 329 3291 1’
340 3274 356 3293 R
367 3275 386 3294 Α
397 3274 468 3295 ERA
481 3273 496 3294 Β
507 3270 542 3295 i'D
553 3275 574 3294 v
585 3276 613 3300 s,
636 3278 668 3302 a,
684 3278 739 3295 um.
758 3267 821 3296 Adi.
857 3268 916 3295 Sen.
932 3267 964 3294 de
978 3269 1018 3295 Ira
1036 3278 1055 3301 1,
1071 3276 1100 3295 iz
1120 3269 1162 3296 Ira
1178 3266 1336 3304 praerabida
1401 3277 1443 3296 res
1475 3276 1554 3294 omen
1573 3265 1703 3293 iustorum
1728 3269 1902 3295 comitiorum
1918 3269 1965 3295 esse
1983 3267 2139 3295 voluerunt.
2227 3269 2370 3297 Custodem
2385 3280 2460 3305 prae.
2475 3256 2517 3291 -ΓἾ,

280 3307 306 3327 et
319 3310 414 3330 amens.
451 3305 484 3330 al.
503 3304 669 3339 Praerapida.
1349 3310 1378 3338 85
1401 3304 1541 3340 rogatiuae
1558 3302 1662 3338 (tribua
1676 3306 1714 3329 υεΙ
1727 3305 1876 3339 centuriae)
1896 3303 2013 3330 comitiis
2032 3303 2172 3338 praeficere
2194 3305 2250 3331 Cic.
2264 3306 2320 3340 post
2335 3306 2415 3335 redit.
2429 3307 2471 3338 in.
2506 3296 2507 3335 i

318 3343 564 3373 PRAERADIO,
583 3345 636 3367 {ti-e.
674 3341 895 3375 [προακτιβολέω]
931 3339 1014 3367 Ouid.
1027 3340 1106 3374 Epist.
1127 3343 1153 3373 6,
1173 3347 1210 3371 1¹3
1232 3340 1338 3366 Pracra-
1402 3341 1539 3368 Senat.16.
1611 3339 1666 3365 Cic.
1683 3338 1714 3366 de
1728 3341 1819 3367 Diuin.
1839 3349 1864 3372 2,
1880 3348 1915 3373 74
1943 3340 1976 3366 At
2000 3341 2133 3376 aruspices
2157 3341 2263 3374 diuini,
2284 3351 2352 3377 quos
2373 3353 2457 3379 quum
2506 3337 2517 3392 Ι

283 3371 354 3399 diant
379 3374 456 3401 stellis
476 3375 544 3410 ligna
562 3376 668 3404 minora
687 3376 748 3403 suis.
785 3379 805 3402 ι’.
826 3376 993 3403 Praelucent.
1101 3376 1175 3412 Conf.
1196 3375 1337 3403 claudian.
1401 3376 1474 3413 Tib.
1494 3374 1626 3403 Gracchus
1646 3383 1754 3410 propter
1773 3382 1887 3402 mortem
1902 3376 2067 3411 repentinam
2081 3378 2149 3409 eius,
2168 3378 2215 3412 qui
2229 3378 2257 3404 in
2271 3380 2460 3414 praerogatiua
2501 3378 2514 3414 ’ὣς

283 3406 366 3442 Nupt.
380 3410 484 3437 Honor.
498 3417 553 3446 287.
1402 3411 1542 3441 referenda
1566 3410 1654 3437 subito
1677 3412 1844 3442 concidisset,
1867 3412 1893 3437 in
1917 3412 2039 3439 Senatum
2062 3413 2252 3440 introduxiss‘ct
2267 3422 2313 3441 ctc.
2386 3414 2461 3451 Quod
2510 3411 2517 3449 ἶ

318 3449 333 3468 r
345 3451 360 3470 R
370 3452 391 3471 A
403 3452 419 3472 E
428 3453 445 3472 R
457 3448 479 3473 A*
487 3452 504 3471 D
516 3454 534 3471 0
544 3467 552 3479 ‚
571 3446 588 3472 si
596 3467 605 3480 ,
625 3448 691 3478 sum,
709 3448 762 3475 ere.
799 3446 927 3483 [οἷκοξύω]
965 3446 1061 3475 Radere
1074 3445 1103 3472 ab
1116 3450 1241 3474 anteriore
1250 3454 1334 3483 parte.
1398 3449 1530 3485 prosigno
1542 3455 1566 3474 et
1576 3450 1681 3483 pignore
1696 3451 1733 3474 rei
1740 3448 1850 3483 futurae
1863 3455 1961 3483 optatae
1971 3452 2033 3484 poni
2046 3453 2199 3482 monuimus,
2218 3450 2283 3477 illud
2295 3452 2355 3477 aliis
2369 3460 2471 3488 quoque,
2489 3466 2492 3473 ¹
2510 3468 2517 3479 a

286 3477 352 3504 Cato
365 3489 429 3520 ⁰24¹
450 3482 476 3508 Si
499 3482 561 3508 vitis
583 3483 665 3510 vitem
687 3484 840 3518 contingat,
860 3483 923 3510 vitis
957 3483 1096 3517 vti-iusque
1123 3482 1191 3508 latus
1223 3483 1337 3511 alterum
1353 3496 1390 3520 90
1404 3487 1522 3520 exemplis
1536 3482 1728 3518 alicndipatifl.
1819 3484 1874 3510 Seu.
1892 3485 2022 3511 Controu.
2038 3495 2058 3518 1,
2074 3495 2083 3510 2
2098 3485 2188 3522 odfin.
2229 3486 2315 3513 Etiam
2331 3482 2483 3515 habemus*
2510 3482 2517 3502 Τ

287 3515 433 3553 praeradito
466 3517 591 3553 oblique,
609 3525 635 3546 et
667 3520 737 3547 inter
765 3519 818 3546 sese
847 3519 995 3546 medullam
1027 3528 1086 3545 cum
1120 3518 1235 3545 medulla
1265 3520 1338 3547 libro
1405 3521 1536 3556 quandam
1552 3519 1758 3554 praerogatiuam
1775 3520 1901 3547 sacerdoti
1916 3522 1950 3547 ab
1963 3522 2020 3555 ipso
2035 3521 2146 3547 numine
2158 3521 2254 3548 datam.
2326 3524 2401 3550 Licet
2415 3524 2459 3552 isti

283 3548 417 3583 (ΟῘῙῑὲῡῐΟ-
1405 3557 1537 3584 obiiciant
1549 3555 1591 3583 illi
1606 3554 1680 3582 fniss'c
1694 3555 1841 3590 captiuum,
1860 3556 1950 3583 lenoni
1968 3556 2054 3591 postca
2071 3558 2184 3591 seruisse,
2205 3559 2306 3585 causam
2319 3560 2490 3587 nouiffime'ff

322 3591 337 3610 ι’
348 3590 366 3610 R
377 3592 396 3611 Λ
407 3592 448 3612 ER
458 3593 527 3615 Asv
538 3596 550 3616 S
560 3609 568 3621 ‚
587 3598 617 3622 a,
637 3599 693 3616 um.
714 3590 809 3617 Partic.
846 3591 957 3617 I'aullin.
972 3591 1071 3618 Nolan.
1085 3589 1161 3624 Epist.
1179 3598 1212 3616 22
1226 3598 1274 3616 n.2
1288 3592 1338 3624 (al.
1405 3593 1498 3620 dixisse
1512 3604 1517 3620 :
1554 3593 1624 3619 inter
1637 3597 1676 3617 tot
1693 3591 1808 3625 pericula
1822 3601 1875 3619 non
1890 3594 2027 3620 serualsent
2042 3593 2113 3620 illam
2129 3593 2167 3620 dii
2180 3593 2227 3621 nifi
2244 3594 2303 3622 fibi.
2384 3595 2463 3624 Prae·¹
2477 3589 2479 3593 ι

290 3618 335 3652 Ep.
367 3623 400 3654 7)
436 3622 610 3658 Inaequaliter
640 3625 773 3653 semitonii
808 3626 855 3661 (i.
888 3626 996 3662 capilli)
1035 3633 1061 3653 et
1092 3625 1215 3653 destituta
1249 3626 1339 3653 fronte
1405 3627 1572 3663 rogatiuaest
1601 3630 1674 3664 ignus
1691 3628 1829 3654 uoluntatis
1841 3629 1962 3670 citissime:
1999 3639 2044 3665 quo
2057 3630 2110 3666 iffi)
2124 3633 2197 3656 etiam
2212 3630 2289 3658 honos
2300 3630 2340 3658 illi
2353 3631 2462 3660 habitus.

287 3655 406 3687 praerasi.
1353 3668 1386 3695 95
1405 3665 1472 3691 I’lin.
1488 3674 1515 3699 7,
1529 3670 1554 3691 il:
1596 3662 1752 3690 ecunditatis
1768 3664 1794 3690 in
1812 3664 1919 3692 feminis
1931 3667 2145 3700 praerogatiuam
2162 3668 2325 3700 accepimus,
2343 3668 2460 3695 inunctis

326 3696 340 3714 1³
349 3697 366 3716 R
378 3697 398 3717 Α
407 3698 449 3718 ER
460 3699 479 3734 A
490 3699 512 3719 N
521 3696 582 3721 Ci'D
591 3703 612 3723 V
621 3703 634 3722 s
643 3717 651 3729 ‚
672 3706 686 3724 a
695 3717 704 3730 ,
724 3705 779 3723 um.
800 3698 861 3724 Adi.
897 3697 1088 3733 [πολύσαπρος]
1130 3696 1207 3724 Valde
1218 3696 1340 3724 rancidus
1404 3699 1582 3727 medicamine
1596 3698 1677 3727 oculis
1692 3699 1799 3727 saliuam
1814 3701 1897 3727 infici.
1967 3701 2041 3728 Idem
2056 3710 2099 3736 27,
2112 3710 2121 3728 1
2142 3702 2323 3730 Candidarum
2337 3704 2466 3741 (gemmas

284 3730 331 3765 pf»-
344 3729 545 3766 transsationem,
562 3737 608 3771 pro
621 3733 722 3768 obsoleto
736 3739 759 3758 et
779 3735 829 3758 iam
847 3736 958 3769 ingrato.
1008 3735 1077 3760 Gell.
1093 3743 1127 3766 13,
1142 3743 1173 3759 20
1200 3733 1264 3765 Non
1279 3732 1338 3759 fini·
1404 3738 1482 3771 rum)
1497 3736 1549 3764 dux
1567 3735 1602 3762 est
1615 3735 1740 3762 paederos
1755 3747 1761 3762 ς
1797 3746 1958 3772 quamquam
1977 3737 2061 3772 potest
2081 3739 2191 3772 quaeri,
2209 3747 2241 3764 an
2265 3739 2292 3765 in
2307 3741 2399 3766 colore
2411 3749 2458 3766 nu-

290 3767 376 3787 tiones
390 3762 445 3789 illas
461 3767 651 3806 praerancidas,
670 3777 756 3802 neque
770 3768 915 3795 foetutinas
932 3769 1115 3803 grammaticas
1132 3768 1300 3804 spefflueris.
1404 3773 1504 3800 merari
1519 3772 1611 3800 debeat
1624 3772 1702 3798 toties
1716 3772 1806 3799 iaciati
1821 3782 1867 3807 per
1880 3773 1978 3799 alienas
1992 3772 2202 3807 pulchritudines
2217 3775 2336 3802 nominis
2352 3786 2358 3802 ε
2393 3775 2459 3802 adeo

324 3802 448 3838 PRAsR
460 3804 518 3840 Ari
531 3806 609 3834 ovs,
628 3811 652 3835 a,
671 3813 725 3830 nm.
747 3803 808 3830 Adi.
845 3803 924 3837 [πάνυ
936 3805 1009 3840 3055]
1053 3805 1130 3832 Valde
1144 3807 1207 3832 celer
1221 3815 1228 3830 :
1264 3805 1336 3839 Fuga
1404 3808 1508 3835 decoris
1536 3807 1719 3844 praerogatiua
1753 3810 1781 3835 in
1805 3808 1939 3835 vocabulo
1957 3809 2024 3836 faeta
2043 3809 2088 3836 est.
2125 3809 2209 3844 Ipsum
2227 3820 2312 3837 nomen
2333 3811 2461 3841 Paederos

291 3833 440 3867 praerapida
461 3834 506 3875 Sil.
522 3839 556 3867 16,
569 3840 620 3880 36}
649 3840 723 3879 'Ades
738 3839 796 3866 Sen.
810 3838 842 3865 de
854 3840 895 3865 Ira
909 3848 927 3871 1,
941 3849 977 3867 12.
1347 3844 1394 3875 ¹09
1402 3847 1452 3871 iam
1458 3845 1567 3881 spondet
1580 3843 1698 3878 insignem
1711 3845 1921 3879 pulchritudinem
1935 3848 1986 3871 eius
1998 3854 2113 3881 gemmae,
2133 3849 2173 3870 cui
2186 3846 2317 3874 tribuitur.
2354 3847 2459 3881 leian.

292 3870 368 3926 APR
378 3876 398 3894 A
409 3876 424 3894 13
434 3876 450 3894 R
463 3878 468 3894 1
480 3876 493 3894 P
504 3878 510 3896 1
522 3879 558 3904 0,
585 3881 678 3914 1·1ρ111,ἱ
699 3882 820 3909 raptum,
851 3877 905 3901 erc.
947 3874 1126 3912 [oi-pompiroe'g'w‚
1145 3874 1336 3912 προλαμβάνω]
1403 3880 1421 3906 l.
1437 3888 1453 3912 9
1467 3880 1494 3907 ff.
1509 3881 1541 3907 de
1554 3881 1612 3907 iure
1627 3880 1677 3906 iur.
1701 3880 1758 3907 Hoc
1772 3880 1897 3907 duntaxat
1911 3881 2035 3908 aduersus
2049 3890 2126 3913 eum,
2148 3881 2193 3915 qui
2216 3882 2399 3909 iusiurandum
2415 3882 2459 3909 dc-

320 3907 358 3926 'ffl'
369 3906 512 3945 quam‘alter
525 3914 608 3946 capere
618 3910 691 3943 P⁰ffil
706 3918 808 3944 ΜΡΝ,
827 3912 940 3937 celeriter
954 3918 1143 3947 P’'‘¹t'⁰CC¹‘P0⁷'²⁷·
1182 3912 1264 3939 Pliffl‘·
1278 3912 1335 3938 Cas·
1402 3916 1465 3942 tulit
1501 3932 1546 3937 --
1583 3922 1714 3942 caeterum
1731 3916 1853 3943 aduersus
1868 3917 1950 3943 alium
1971 3917 1987 3943 si
2003 3917 2070 3943 velis
2083 3918 2270 3950 praerogatiua
2284 3917 2459 3945 iurisiurandi

293 3942 315 3974 ¹2
329 3943 358 3967 ¹4
377 3938 433 3996 Ηδς
452 3941 544 3967 venisti
563 3942 680 3975 sponsam
698 3953 866 3986 praereptum
882 3954 967 3972 meam
983 3947 992 3972 3
1097 3948 1248 3982 Coniugem
1264 3956 1335 3981 prae·
1404 3952 1460 3986 vti,
1487 3952 1555 3979 nihil
1570 3952 1595 3979 ei
1608 3951 1735 3986 proderit.
1809 3953 1914 3987 Vopisc.
1925 3952 2013 3979 Probo
2027 3955 2074 3978 c.6
2098 3951 2139 3978 Isti
2154 3946 2225 3979 enini
2240 3955 2314 3986 sunt,
2333 3954 2380 3987 qui
2396 3962 2459 3988 qua-

292 3977 379 4018 ripere
403 4006 408 4011 ῃ
423 3981 468 4013 irg.
481 3977 545 4002 Aen.
558 3984 584 4015 9,
599 3983 649 4017 ¹³3:
683 4013 690 4018 ·
753 3982 809 4021 Cicr
825 3982 878 4008 Off.
893 3990 914 4014 1,
928 3987 971 4021 108
986 3991 1007 4007 c.
1022 3990 1052 4013 30
1075 3983 1164 4010 Facile
1178 3984 1278 4014 celare3
1297 3989 1334 4009 ta·
1402 3987 1462 4013 dam
1475 3988 1612 4016 felicitatis
1622 3988 1807 4022 praerogatiua
1822 3990 1951 4022 praesules
1963 3988 2011 4014 nisi
2024 3988 2130 4014 futuros
2145 3989 2278 4024 principes
2293 3989 2389 4015 habere
2402 3997 2458 4015 non

289 4013 364 4036 ‘ertu
383 4005 556 4045 dffluuulate,
572 4011 708 4045 insidiari,
723 4023 875 4051 praeripere
900 4017 1020 4045 hostium
1038 4018 1155 4046 confilia.
1188 4022 1208 4046 i.
1229 4020 1334 4047 Prasoc-
1348 4025 1394 4053 105
1402 4029 1511 4051 norunt.
1628 4022 1751 4051 Ambros.
1765 4025 1796 4052 in
1808 4023 1958 4060 Hegelippo
1972 4032 1994 4058 1,
2003 4030 2041 4056 32*
2056 4023 2138 4051 Nunc
2154 4025 2225 4061 mihi
2247 4023 2392 4059 trepidatio
2413 4033 2458 4051 ve-
2469 4022 2476 4025 “

2404 4060 2457 4089 stra
