2517 4231
42 169 133 228 “773
464 171 494 212 P
574 171 611 213 E
691 171 725 213 R
1577 172 1608 214 P
1691 171 1727 213 E
1808 176 1841 216 R
2165 196 2246 239 774

63 263 160 292 famam
179 262 262 297 potest
275 261 409 290 obtinere.
607 259 630 301 q
652 270 668 289 2
704 259 850 296 Obseruaett.
886 258 952 290 Per,
983 264 1030 295 pro
1042 259 1122 286 Inter.
1216 266 1440 301 eenAEQVA
1454 268 1550 299 Tvs,
1581 271 1611 299 a,
1641 272 1696 291 um.
1734 262 1828 291 Panic.
1877 265 1984 296 Vitruu.
2003 277 2034 304 ς,
2051 278 2063 298 1
2081 278 2105 298 et
2124 281 2148 305 4,
2175 282 2208 308 9,
2228 283 2244 307 4

95 299 330 327 ’,ὔμμι-,12
1182 303 1457 329 637.lO,14et1.

65 299 132 335 Vll-g
234 308 249 334 g
260 321 315 360 His
328 304 414 366 iliter,
434 333 620 369 mediamque,
637 332 704 359 duae
716 329 875 358 mortalibus
889 330 974 364 aegris
1220 337 1237 358 ι’
1247 338 1263 358 Ι·;
1274 339 1292 358 11
1304 340 1324 359 Α
1336 340 1350 359 Ε
1362 306 1479 373 ‹4er
1492 341 1501 360 1
1513 341 1533 361 o
1544 354 1551 367 ‚
1577 334 1646 362 onis.
1666 334 1687 361 f.
1730 335 1904 370 Temporum
1930 337 2012 364 Solin.
2025 349 2047 366 c.
2062 349 2071 368 t
2091 343 2144 372 (al.
2157 346 2186 375 3)
2206 345 2244 370 al,

259 370 373 396 Mum-1-e
385 371 514 396 concessae
528 368 638 402 (husun,
658 375 684 395 et
698 367 746 394 Via
761 366 828 392 secia
843 375 890 401 per
904 366 1003 400 ambas,
1182 366 1357 401 Adaequatio.
1429 370 1643 398 Similitudinum
1663 371 1785 398 Tertull.
1798 371 1858 398 adu.
1874 372 1954 398 Marc.
1968 382 1995 408 4,
2009 383 2049 407 29.
2086 380 2155 404 Aila.
2169 379 2244 407 Idem

260 405 393 440 Obliquus
408 414 458 438 qua
472 406 495 432 sc
509 406 642 440 {ignorum
654 407 770 430 verteret
786 403 863 429 ordo.
1145 409 1159 432 5
1181 402 1242 429 adu.
1257 404 1360 430 Valent.
1373 414 1396 431 c.
1411 415 1442 432 12.
1456 414 1479 432 et
1493 405 1525 432 de
1539 407 1651 441 Monog.
1664 416 1686 434 2.
1703 416 1734 434 12.
1749 415 1773 433 et
1785 407 1817 433 de
1830 407 1935 435 Resurr.
1950 417 1973 434 c.
1989 417 2026 439 52.

67 441 113 468 Vbi
123 439 244 468 Seruius:
283 442 375 475 Qium
392 441 457 468 vitet
472 448 612 476 vtramquc
624 443 811 473 temperatam,
830 439 884 473 ipsa
899 437 1060 473 Praepositio
1072 437 1122 464 Per
1219 446 1235 464 r
1248 445 1262 464 Ε
1279 445 1297 464 R
1310 446 1329 465 Λ
1341 446 1356 465 ι’
1368 446 1418 478 mxv
1429 449 1451 468 A
1464 448 1486 468 'r
1498 448 1517 469 ο
1527 448 1544 468 R
1554 459 1563 472 ,
1585 443 1651 469 oris.
1685 452 1720 469 m.
1756 442 1894 478 [ἰξισωτῆς]
1931 444 2151 479 Peraequatores,
2165 448 2244 483 [μῆ-15

63 484 114 512 pro
125 478 198 504 Inter
210 476 364 511 accipienda
377 477 421 504 est.
519 478 583 509 Per,
606 482 652 511 pro
666 477 703 500 ln.
741 473 817 508 Virg.
835 477 899 501 Acn.
914 485 936 507 5,
953 481 998 509 837
1016 473 1069 500 Sub
1082 481 1122 499 re·
1182 474 1304 500 videntur
1320 477 1504 503 retractatores
1519 482 1619 512 quidam
1633 479 1758 514 censuum,
1797 478 1842 515 qui
1854 480 1986 513 viderent,
2011 487 2042 505 vt
2054 483 2177 514 aequabili
2188 491 2245 517 pro-

63 513 115 539 mis
127 511 177 538 fufi
186 531 193 542 ,
213 521 261 547 per
273 512 338 539 dura
352 513 442 540 sedilia
457 518 560 546 nautae,
579 512 597 537 ί.
618 512 728 536 latentes
741 509 768 534 in
782 512 854 535 auris
863 510 991 545 sedilibus.
1064 509 1123 538 Per,
1179 510 1294 544 portione
1301 510 1402 545 fimmia
1416 513 1511 538 tributa
1529 521 1553 539 et
1565 513 1647 549 sensus
1660 515 1844 549 imp-merentiu-
1857 515 2071 550 exigo-emurque.
2127 518 2184 543 Vet.
2204 519 2246 544 ln-

59 555 107 585 pro
128 548 217 574 Trans.
255 549 322 575 Plin.
337 558 371 582 12,
386 558 398 579 5
416 548 527 575 Fruohis
542 555 589 582 per
602 545 668 572 folia
682 545 780 572 solibus
794 545 885 572 coctus
900 545 1034 580 praedulci
1049 544 1122 578 sapo-
1183 545 1271 578 script.
1289 546 1357 579 apud
1377 547 1484 574 Gruter.
1509 557 1534 582 p.
1556 552 1594 581 361
1614 559 1638 576 n.
1661 559 1667 575 ι
1701 550 1775 577 PER
1785 550 1896 582 AEQV
1908 550 2051 585 ATORI
2080 551 2102 577 C
2112 552 2164 578 EN
2174 553 2219 578 SV
2230 553 2246 580 S

62 593 101 612 re.
192 583 257 618 Per,
286 592 332 620 pro
345 588 394 610 Suo
402 591 542 619 praetextu.
581 582 637 608 Cic.
653 590 702 616 pro
720 582 827 609 Caecin.
839 590 857 617 7
881 583 936 615 Qu
950 589 997 616 per
1011 580 1120 618 tutelam
1136 587 1165 604 10
1184 579 1231 606 PR
1241 581 1264 606 O
1274 582 1295 606 V
1306 585 1315 608 l
1326 581 1428 608 NCIA
1438 584 1456 609 [Ξ
1478 584 1500 609 G
1511 584 1587 610 ALI.
1597 585 1734 612 ECIAE.
1778 587 1833 611 Vid.
1849 586 1959 613 Cassiod.
1973 587 2051 614 Varr.
2066 596 2103 614 10.
2130 588 2246 622 Gotbofi·.

62 627 107 646 aut
119 618 286 654 societatem,
322 627 367 648 aut
381 628 438 646 rem
452 617 616 651 mandatam,
652 623 698 643 aut
710 617 822 644 fiduciae
841 618 974 644 rationem
986 614 1122 655 fraudauit
1183 617 1220 641 ud
1233 615 1249 642 1.
1266 625 1288 646 13
1302 617 1342 656 tit.
1357 627 1372 643 11
1388 618 1454 645 cod.
1468 619 1578 646 Theod.
1601 620 1702 654 Gesner.
1715 623 1751 646 ad
1762 622 1864 648 Lucian.
1881 623 2020 658 Philopatr.
2036 633 2057 649 c.
2072 632 2109 655 19.

61 655 227 690 quempiam:
271 657 300 683 in
313 665 346 682 eo
358 676 368 689 ‚
410 663 463 689 quo
476 653 604 680 deliehun
619 654 703 679 maius
719 653 755 679 est
766 673 775 686 ,
810 663 844 680 eo
857 661 942 688 poena
962 653 999 679 est
1011 651 1122 678 tardior.
1220 659 1236 678 1>
1246 657 1261 677 ιῖ
1272 659 1290 677 R
1300 659 1316 678 Α
1326 658 1345 677 (ἱ
1358 659 1378 679 o
1389 673 1397 685 ,
1418 654 1476 688 egi,
1498 655 1604 688 36111111,
1624 658 1678 683 ere.
1715 657 1845 690 [περαίνω
1866 662 1953 688 τελέω,
1978 662 2175 693 araxem-raum,
2197 661 2248 685 δια-

63 691 129 724 Per,
151 690 225 726 saepe
242 693 369 725 eleganter
387 689 576 724 transponitur,
597 697 627 715 vt
641 696 714 715 antea
729 690 879 724 obseruatum
891 688 924 724 est
936 690 963 713 in
975 697 1033 713 voce
1042 687 1122 714 Deos.
1182 691 1240 719 νύω,
1259 689 1388 722 inii-tato]
1428 691 1557 723 Perlucet-e.
1594 691 1652 717 Liu.
1668 701 1687 723 1,
1700 697 1732 722 28
1759 693 1814 719 Rex
1829 699 1931 720 caetera
1949 700 1976 720 vt
1990 695 2064 720 orsus
2079 700 2152 728 erat,
2173 702 2249 729 pera-

60 728 120 762 Sic,
156 727 204 753 Per
217 721 289 754 enim
304 726 391 761 magni
402 724 511 752 aestimo
525 725 575 752 tibi
596 724 790 752 firmitudinem
806 724 890 750 animi
912 723 1012 757 nostri,
1047 729 1073 749 ct
1086 721 1123 748 fa-
1182 723 1236 757 git,
1256 725 1286 748 de
1298 730 1409 748 aramme
1423 733 1446 750 et
1461 726 1554 750 ar'lione
1564 727 1664 760 publica
1673 727 1753 760 sermo
1767 727 1807 762 cst.
1852 729 1956 764 Peragit
1970 731 2114 764 tranquilla
2124 730 2248 766 potestas,

61 762 134 789 &um
147 763 267 789 nostrum
281 761 389 797 probari
413 760 469 787 Cic.
483 762 538 788 Att.
552 770 591 795 ιο,
605 771 644 788 ιο.
726 762 774 788 Per
788 759 857 786 mihi
870 759 970 785 mirum
985 760 1070 785 visum
1084 757 1121 783 est
1138 763 1162 790 ις
1182 758 1263 792 Qiod
1277 758 1398 785 violenta
1412 761 1505 794 nequit
1526 760 1618 787 Claud.
1635 761 1743 789 Consul.
1764 763 1851 790 Mallii
1870 764 1980 792 Theod.
1990 776 2014 792 v.
2023 775 2074 799 239.
2159 766 2249 794 Aesta-

61 796 186 825 Scaeuola
199 805 225 825 te
237 797 289 825 hoc
300 796 341 823 illi
354 796 516 829 concedere,
541 807 585 824 etc.
610 797 683 824 Idem
696 796 730 823 de
746 797 821 822 Orat.
834 804 854 828 1,
867 804 906 827 ²¹4
921 804 944 822 c.
958 803 998 828 49.
1071 794 1120 834 Pet·
1181 800 1219 820 tes
1234 794 1348 821 salubres
1361 804 1487 830 peragere
1506 796 1576 822 Hor.
1590 796 1672 823 Serm.
1687 807 1709 830 2,
1721 807 1750 831 4,
1766 807 1801 824 21¹.
1909 801 2010 828 Aenum
2024 801 2126 837 peregit
2162 802 2247 829 Ouid.

61 833 148 864 mihi,
168 842 215 868 per
231 834 340 867 inquam
353 839 457 867 gratum
471 833 564 860 feceris
583 832 657 860 Idem
672 833 723 859 Att.
739 841 757 863 1,
771 840 802 858 20
814 838 881 856 extr.
991 830 1039 855 Per
1092 838 1120 854 m
1180 831 1244 857 Met.
1260 839 1294 863 ις,
1308 836 1359 861 485.
1469 831 1539 858 Bella
1557 838 1720 867 peraguntur
1733 834 1821 860 milite
1836 834 1925 862 vitreo
1946 837 2042 864 Lucan.
2056 841 2091 863 ad
2103 838 2248 869 Pisonum.

59 869 435 904 comptsitivnefignificationem
449 869 524 904 saepe
544 869 674 901 intemlit;
709 875 740 893 vt
753 865 947 900 Perbenignus,
982 850 1121 891 Perabsur-
1181 868 1221 892 De
1238 868 1295 906 lusio
1310 866 1601 902 Ji·nccborutnloquit1a¹.
1711 869 1778 895 Iusta
1799 879 1924 905 peragere
1961 872 2044 900 Ouid.
2064 874 2129 900 Met.
2148 883 2172 907 2,
2192 876 2249 908 627.

59 903 124 934 dus,
146 904 292 938 Perspicio,
310 904 454 937 Peruerto‚
480 904 606 932 Percello.
677 904 807 930 Interdum
825 902 1003 936 corruptionem
1023 908 1045 926 et
1063 907 1120 935 per·
1181 903 1308 929 Carmina
1336 902 1431 929 Boeth.
1452 902 1485 929 de
1505 903 1584 930 Cons.
1599 903 1665 930 Phil.
1679 913 1689 931 1
1703 905 1768 931 Met.
1785 916 1803 932 1.
1912 906 2011 934 Cibum
2024 917 2164 944 peragere,
2198 917 2255 946 pra

56 939 177 965 ditionem
190 946 276 970 notat,
309 948 339 966 vt
355 941 383 965 in
398 940 450 976 ipso
463 941 566 974 perdo,
603 948 633 966 vt
645 940 672 965 in
687 938 809 970 Perimo,
846 938 946 969 Pereo,
981 937 1119 962 Peruerto.
1131 941 1163 960 20
1182 939 1305 973 Confitere
1326 937 1393 964 Plin.
1406 947 1433 971 9,
1447 941 1485 969 56.
1558 939 1676 966 Comitia
1697 941 1753 968 Cic.
1765 940 1798 967 de
1812 940 1874 968 Nat.
1889 941 1971 970 Deor.
1984 952 2010 975 2,
2025 953 2062 971 10.
2148 946 2249 973 Conci-

2 995 4 998 >
59 974 193 1008 Perfidus,
212 975 355 1009 Periurus,
375 983 421 1003 etc.
494 979 525 1003 In
538 977 600 1002 aliis
612 974 817 1001 continuationem
829 974 957 1008 quandam
967 979 1054 1005 notat,
1090 979 1120 997 vt
1182 974 1248 1000 lium
1265 974 1366 1008 peragit
1381 975 1492 1005 Caesar,
1528 975 1685 1010 equitesque
1698 977 1811 1011 imperat
1823 977 1978 1005 ciuitatibus
2012 980 2085 1007 Caes.
2097 981 2163 1008 Bell.
2179 981 2250 1009 Gall.

50 1010 195 1046 :pel-sede&
204 1031 213 1044 2
238 1011 274 1048 est
285 1019 362 1037 mum
372 1012 545 1047 ,tiemsedern-
580 1019 605 1038 tt
618 1009 800 1045 Perspefikare,
834 1009 880 1035 Aa
887 1009 966 1044 finem
981 1006 1119 1043 vsquespe-
1182 1012 1208 1042 6,
1222 1020 1244 1041 4.
1264 1045 1269 1050 .
1307 1010 1432 1049 *Cursum
1444 1011 1553 1045 peregi,
1571 1020 1650 1045 quem
1664 1011 1771 1039 dederat
1785 1013 1895 1040 fortuna
1914 1015 1990 1050 Virg.
1999 1019 2063 1043 Aen.
2073 1019 2155 1049 11‚653-
2200 1017 2249 1045 Di.

17 1058 33 1071 .·
56 1045 132 1073 aare.
206 1048 248 1074 Sic
266 1047 399 1077 perflare,
417 1047 592 1080 Pernozffire,
612 1045 738 1081 Peruigil.
1181 1045 1222 1072 &a
1237 1045 1347 1072 alicuius
1360 1054 1486 1085 peragere
1508 1046 1591 1074 Ouid.
1603 1048 1669 1074 Met.
1682 1053 1707 1082 8,
1721 1055 1771 1082 815.
1853 1050 1970 1078 Domum
1987 1051 2057 1079 Suet.
2070 1052 2173 1080 othon.
2187 1062 2210 1081 c.
2224 1063 2250 1087 7.

36 1081 40 1086 ’
93 1089 137 1109 PE
150 1089 170 1109 R
180 1090 221 1118 Α,
252 1091 291 1110 ae.
328 1083 349 1111 f.
383 1083 476 1119 [σι-ἤρα]
512 1083 593 1109 Pellis
606 1092 622 1108 a
634 1083 695 1108 collo
708 1082 745 1107 ad
754 1080 844 1107 lumbos
855 1081 973 1116 pendens.
1027 1081 1054 1106 A
1073 1089 1120 1115 quo
1181 1081 1291 1108 Donum
1332 1082 1408 1116 Virg.
1421 1083 1487 1109 Aen.
1502 1091 1526 1115 5,
1541 1085 1594 1115 362..
1703 1084 1832 1111 Fabulam
1845 1086 1936 1112 aetatis
1971 1087 2028 1114 Cic.
2042 1087 2075 1114 de
2088 1088 2189 1116 Sene&
2204 1092 2249 1122 69.

53 1117 135 1152 Pera,
156 1119 253 1149 Saeculi
260 1128 348 1154 genus.
425 1121 492 1145 Hinc
503 1119 596 1145 Peram
609 1118 752 1145 viatoriam
765 1125 895 1149 vocamus,
921 1125 971 1150 qua
985 1123 1076 1151 panem
1094 1123 1119 1141 et
1145 1126 1173 1149 25
1181 1117 1329 1152 Imperium
1381 1118 1450 1145 Hor.
1465 1118 1555 1145 Carm.
1567 1130 1592 1152 4,
1606 1127 1644 1153 14,
1659 1127 1700 1154 39.
1811 1121 1948 1156 Inceptum
1984 1123 2063 1158 Virg.
2076 1125 2141 1151 Aen.
2154 1134 2178 1158 4,
2193 1132 2250 1158 452..

54 1155 158 1189 aliquiael
168 1154 365 1190 npj‘oniigestarae
377 1154 486 1181 viatores
496 1155 587 1188 solent.
649 1153 766 1180 Martial.
781 1162 819 1187 14,
833 1158 857 1184 81
883 1152 927 1178 Ν2
939 1151 1060 1178 mendica
1080 1151 1119 1177 fe·
1180 1155 1316 1188 Inceptum
1330 1152 1382 1180 iter
1393 1161 1523 1189 peragunt
1543 1155 1617 1182 Idem
1629 1155 1667 1182 ib.
1681 1158 1707 1188 6,
1720 1161 1772 1190 384.
1858 1157 1990 1185 Indicium
2003 1168 2251 1195 verum‘peragere,

54 1196 96 1216 rat
110 1190 214 1217 barbati
228 1190 339 1225 prandia
352 1189 434 1222 nudi,
489 1191 614 1217 Dormiat
635 1196 661 1217 et
673 1189 768 1216 tetrico
780 1198 840 1215 cum
855 1196 917 1214 eane
926 1207 934 1220 ‚
959 1196 1022 1223 pera
1033 1193 1119 1222 rogat.
1179 1196 1225 1225 pro
1241 1190 1364 1215 Indicium
1379 1190 1444 1216 suum
1457 1192 1610 1225 comprobare
1625 1198 1650 1217 et
1663 1200 1749 1218 verum
1763 1191 1809 1228 ‘ff'
1824 1192 1945 1254 {leodac
1965 1195 2024 1224 Liu.
2037 1199 2064 1228 6,
2078 1198 2103 1221 16
2115 1202 2155 1230 pr.
2192 1198 2248 1223 Ius.

55 1225 124 1252 cum
139 1226 233 1253 baculo
247 1235 362 1262 peraque
373 1225 451 1252 senex
488 1226 603 1253 Max-1121.
616 1234 644 1259 4,
658 1233 683 1259 53
704 1229 734 1252 de
744 1224 894 1261 philosopho.
953 1224 1026 1258 Conf.
1040 1224 1118 1258 Apul.
1180 1226 1207 1252 sa
1219 1234 1346 1261 peragere
1366 1225 1449 1253 Ouid.
1466 1227 1532 1253 Met.
1546 1236 1568 1260 2,
1581 1235 1629 1261 ¹¹9·
1703 1227 1782 1255 Latus
1796 1237 1829 1255 en
1843 1238 1856 1255 e
1868 1230 1970 1264 peregit
1994 1231 2066 1258 Idem
2081 1231 2160 1266 Epist.
2170 1242 2249 1267 4‚119.

53 1262 132 1296 Apol.
153 1271 178 1297 p.
197 1268 239 1295 287
256 1269 279 1288 et
297 1268 351 1292 288.
410 1262 466 1289 Vid.
488 1262 598 1290 Phaedr.
621 1273 650 1296 4,
670 1271 704 1297 9,
727 1270 737 1288 ι
775 1261 853 1288 Peras
870 1260 998 1295 imposuit
1016 1259 1120 1295 Iupiter
1181 1262 1206 1287 h.
1219 1271 1239 1288 e.
1262 1262 1410 1287 penetrauit
1423 1264 1487 1287 latus
1500 1262 1570 1298 ευρ,
1590 1261 1667 1298 ensem
1676 1270 1723 1299 per
1737 1265 1803 1290 latus
1816 1265 1883 1300 egit,
1903 1265 1948 1300 seu
1962 1272 2058 1300 anagn.
2140 1267 2250 1303 leian.

53 1298 134 1324 nobis
157 1298 230 1325 duas,
1132 1305 1164 1329 30
1181 1296 1210 1323 in
1224 1297 1242 1323 Ι.
1256 1297 1312 1330 Qu
1330 1305 1540 1331 procuratorem.
1579 1299 1613 1326 D.
1635 1298 1668 1325 de
1685 1308 1793 1334 procur.
1831 1301 1887 1334 Qu
1901 1297 2103 1336 procuratorem
2123 1302 2184 1337 dat,
2220 1308 2250 1330 vt

93 1339 110 1360 ι’
125 1339 142 1360 Ε
154 1340 173 1360 R
183 1332 275 1367 ιῗιΑ,
300 1342 339 1361 ae.
371 1333 391 1361 f.
427 1333 530 1360 Dimin.
567 1333 692 1369 [κηςίδιον]
730 1334 788 1360 Sen.
800 1332 880 1368 Epist.
893 1342 921 1367 91
937 1333 998 1367 (90)
1025 1332 1119 1359 Exem-
1181 1333 1322 1360 confestim
1335 1339 1409 1368 agat:
1447 1334 1469 1360 is
1481 1334 1669 1369 intelligendus
1688 1335 1724 1361 est
1736 1336 1892 1371 permittere
1904 1338 2092 1372 procuratori,
2122 1345 2148 1365 et
2161 1340 2252 1374 postea

52 1374 111 1396 tum
123 1370 246 1404 protinus
259 1378 274 1396 e
287 1370 379 1405 perula
391 1369 499 1396 calicem
514 1369 604 1404 fregit.
676 1369 827 1405 ApulMet.
842 1376 855 1402 ς
868 1379 892 1404 p.
909 1371 950 1399 165
969 1369 1120 1402 Q1antum‚
1180 1369 1268 1396 Lirem
1283 1378 1417 1404 peragere.
1490 1371 1614 1398 Mandata
1627 1380 1756 1406 peragere
1776 1372 1858 1400 Ouid.
1872 1374 1937 1400 Met.
1954 1381 1981 1409 7,
1994 1384 2050 1405 502.
2130 1375 2251 1402 Mortem

52 1412 143 1441 putas,
164 1405 230 1432 boni
243 1406 322 1432 nobis
337 1406 407 1440 geris
420 1406 447 1432 in
463 1405 509 1432 ista
522 1406 630 1441 perula,
650 1407 687 1432 ad
698 1407 808 1440 Psychen
820 1406 974 1441 grauidam,
996 1404 1040 1439 qui
1053 1405 1118 1430 locut
1179 1414 1306 1440 peragere
1326 1406 1392 1433 Plin.
1408 1405 1488 1440 Epist.
1502 1416 1523 1439 3,
1538 1417 1573 1440 14.
1647 1407 1753 1434 Nauem
1766 1409 1869 1444 peregit
1882 1409 1912 1436 in
1925 1417 2035 1445 portum
2056 1410 2138 1437 Plaut.
2156 1413 2175 1438 i.
2190 1412 2252 1437 Per-

53 1442 129 1468 valde
142 1444 331 1468 actammodutus
344 1441 378 1476 eft
389 1443 425 1468 ad
435 1442 598 1477 suspicionem
612 1443 725 1468 virorum
739 1442 861 1467 doliorum
870 1442 1024 1476 firmandam
1033 1460 1041 1473 ,
1066 1449 1119 1466 cum
1180 1442 1263 1468 duxit.
1349 1441 1451 1468 Noetes
1465 1443 1560 1470 multas
1574 1443 1665 1479 peregi
1679 1444 1812 1471 insomnes
1838 1446 1919 1481 Apul.
2027 1446 2145 1475 Nossem
2158 1446 2252 1482 peregi

53 1477 167 1510 Qinet.
179 1484 202 1510 8,
217 1488 239 1511 3,
255 1485 284 1510 54
300 1477 341 1510 fic
351 1473 409 1513 ‘legi
426 1480 529 1512 volunt,
562 1479 632 1505 Cum
649 1478 680 1504 in
703 1477 812 1504 Pansam
838 1476 987 1502 declamans
1008 1477 1120 1506 Hirtius,
1137 1484 1163 1508 35
1180 1485 1279 1503 vacuus
1292 1477 1404 1511 somno,
1441 1479 1465 1504 h.
1479 1488 1500 1504 e.
1529 1480 1654 1515 Trans-egi
1675 1480 1759 1507 Ouid.
1773 1482 1867 1508 Amor.
1882 1492 1900 1515 1,
1913 1491 1939 1516 2,
1951 1491 1973 1515 3.
2079 1482 2143 1509 Otia
2156 1483 2252 1510 mollia

51 1512 140 1540 filium
152 1522 166 1539 a
181 1519 264 1540 matre
278 1513 369 1540 decem
383 1512 514 1540 menlibus
528 1514 556 1539 in
569 1520 645 1540 vtero
658 1514 739 1540 latum
750 1515 800 1540 esse
813 1512 934 1542 dixifl'et3
955 1511 1030 1545 Qud
1041 1512 1120 1546 aliae,
1180 1512 1339 1547 peragebant
1352 1519 1440 1548 gentes
1460 1513 1535 1542 Idem
1549 1515 1614 1542 Met.
1629 1524 1648 1549 1,
1662 1524 1718 1542 100.
1809 1518 1933 1552 Reputare
1944 1520 2013 1553 apud
2017 1518 2060 1554 se.-
2098 1519 2174 1554 Virg.
2182 1520 2252 1547 Aen.

51 1546 142 1584 inquit
155 1550 255 1580 Cicero,
277 1549 305 1575 in
319 1550 409 1584 perula
423 1549 506 1576 solent
520 1550 611 1577 ferre?
650 1550 749 1575 Editum
766 1549 798 1584 qli
813 1549 918 1583 penula.
1182 1551 1209 1581 6,
1222 1557 1263 1582 105
1285 1549 1383 1576 Omnia
1396 1551 1537 1584 praecepi,
1570 1557 1650 1586 atque
1663 1551 1756 1579 animo
1771 1561 1875 1580 mecum
1888 1560 1949 1580 ante
1962 1555 2063 1589 peregi.
2173 1555 2250 1590 Opus

90 1591 133 1611 PE
143 1591 195 1612 ΚΛ
205 1592 244 1612 ΤΙ
254 1592 289 1612 Μ.
328 1585 396 1613 Adu.
433 1585 549 1612 Peratim
570 1585 702 1612 (1116111312
714 1585 861 1610 dicebantur
873 1583 1042 1619 hero.tseru1';
1074 1583 1120 1618 qui
1178 1585 1282 1620 peregit
1303 1584 1385 1613 Ouid.
1400 1587 1493 1613 Amor.
1511 1597 1528 1621 1,
1544 1597 1569 1620 a,
1585 1594 1622 1620 48.
1709 1588 1833 1622 Paginam
1855 1590 1970 1618 Martial.
1987 1600 2017 1624 ιι,
2032 1600 2068 1622 25.
2160 1591 2250 1618 Partes

28 1648 29 1651 ,
53 1628 158 1655 argento
171 1621 237 1655 illos,
253 1627 372 1657 quantum
386 1622 453 1656 capit
462 1628 523 1657 pera
531 1641 540 1654 ,
561 1623 794 1648 circumduxerunt:
829 1620 912 1647 Plaut.
926 1619 1001 1655 Epid.
1014 1629 1036 1653 3,
1051 1628 1074 1653 2,
1087 1627 1119 1652 ις.
1180 1621 1237 1647 suas
1248 1630 1375 1656 peragere
1384 1642 1392 1654 ‚
1413 1622 1502 1648 Facere
1514 1623 1616 1654 officium
1624 1622 1697 1659 suum
1723 1624 1790 1650 Plin.
1807 1625 1885 1660 Epist.
1899 1634 1916 1660 7
1929 1627 1976 1653 vlt.
2069 1627 2157 1654 Partes
2171 1627 2252 1653 311211-

54 1657 142 1683 Maior
157 1658 238 1683 modus
250 1656 286 1692 est
300 1656 420 1685 Follitim
431 1667 457 1684 v.
470 1657 554 1693 *iasub
568 1663 697 1684 FOLL1S.
1130 1666 1163 1690 40
1178 1656 1220 1683 ius
1241 1657 1322 1684 Ouid.
1336 1658 1429 1684 Amor.
1443 1666 1465 1689 2,
1480 1666 1516 1690 ις,
1530 1661 1569 1686 26.
1642 1659 1752 1686 Pensum
1767 1659 1868 1688 laboris
1888 1661 1996 1688 Colum.
2012 1671 2033 1694 3,
2043 1671 2083 1690 10.
2162 1663 2252 1689 Postu-

90 1698 107 1718 P
119 1697 137 1718 Β
148 1698 167 1718 R
177 1698 227 1718 EN
238 1699 261 1719 'r
273 1699 282 1718 1
292 1698 309 1719 c
319 1694 360 1719 ι’ῐ)
371 1699 408 1727 Α,
440 1702 479 1719 32.
517 1702 553 1719 111.
591 1693 646 1727 Qi
661 1699 748 1727 peram
761 1691 807 1726 ficu
825 1691 975 1727 marsupium
987 1690 1059 1726 suum
1078 1691 1117 1716 in-
1178 1692 1232 1718 lata
1250 1693 1310 1719 Liu.
1328 1703 1345 1724 1,
1360 1701 1398 1725 32..
1494 1695 1669 1728 Regnumque
1681 1703 1832 1730 aeuumque
1847 1698 1950 1731 peregit
1970 1698 2053 1724 Ouid.
2067 1697 2133 1724 Met.
2149 1708 2182 1731 15,
2197 1705 2251 1731 483.

52 1728 133 1758 cidit,
170 1728 264 1754 Comico
283 1729 333 1754 ioco
345 1729 431 1764 fillum
450 1739 466 1755 a
484 1727 577 1755 Plauto
588 1727 663 1762 Epid.
677 1735 700 1760 3,
714 1736 738 1760 2,
752 1735 774 1758 ¹3
792 1727 848 1761 Ego
862 1733 965 1761 patrem
978 1731 1054 1753 tuum
1074 1734 1117 1760 pe·
1178 1727 1230 1753 Res
1243 1728 1324 1762 gestas
1338 1737 1476 1762 peragere,
1491 1730 1636 1764 Desa-ibere
1650 1740 1690 1756 res
1698 1731 1790 1766 gestas,
1806 1732 1913 1767 scriptis
1919 1733 2049 1758 declarare
2062 1740 2088 1758 et
2098 1733 2252 1767 persa-ibrn

51 1763 211 1791 tenticidam
231 1764 336 1790 faciam.
1177 1762 1240 1789 Liu.
1253 1772 1266 1789 2
1279 1763 1363 1797 praef.
1438 1765 1524 1790 Reum
1539 1765 1613 1798 lege,
1651 1766 1704 1791 vid.
1720 1772 1781 1792 LEX
1795 1776 1820 1793 n.
1834 1775 1857 1799 ς.
1947 1768 2108 1794 Sententiam
2123 1777 2251 1803 peragere

36 1828 38 1832 ,
89 1805 106 1830 ι’
115 1805 132 1826 Ε
140 1806 160 1826 R
170 1806 192 1826 A
202 1806 219 1827 Β
227 1806 240 1826 s
251 1806 271 1824 v
282 1806 301 1826 R
310 1806 330 1825 D
340 1805 360 1823 v
373 1805 386 1825 s
393 1819 402 1832 ‚
422 1807 452 1830 a,
478 1800 533 1824 uni.
568 1796 631 1824 Adi.
669 1797 735 1830 [λίαν
749 1793 852 1831 ἄτοπος]
893 1797 971 1835 Valde
982 1795 1116 1831 absurdum
1177 1799 1295 1823 Achever
1306 1800 1335 1823 de
1346 1801 1404 1824 dire
1411 1797 1456 1833 son
1468 1800 1566 1834 opinion
1575 1811 1582 1825 :
1656 1801 1718 1829 Liu.
1734 1811 1756 1836 3,
1769 1811 1802 1835 40
1823 1802 1916 1836 Quim
1928 1803 2001 1831 aliud
2015 1810 2202 1838 praeterquam
2218 1804 2251 1831 de

36 1835 182 1872 ›fig-ficut.
240 1835 295 1861 Cic.
311 1834 390 1860 Acad.
403 1843 418 1865 ⁴
443 1832 513 1873 Illud
526 1841 591 1873 vero
604 1832 794 1873 perabsurdum
808 1831 881 1865 quod
894 1831 999 1871 dicit-is,
1019 1831 1116 1866 proba·
1131 1842 1160 1867 45
1177 1842 1232 1868 quo
1244 1834 1390 1874 retuliffent
1408 1835 1579 1876 Decemuiri‚
1603 1835 1710 1877 edicere
1731 1838 1922 1872 prohiberent:
1961 1839 2105 1866 Claudium
2126 1839 2254 1875 interpel-

47 1869 114 1896 bilia
127 1878 174 1896 vos
188 1870 277 1903 sequi,
296 1869 314 1895 fi
327 1877 358 1894 re
370 1869 441 1894 nulla
455 1868 665 1902 impediretmm.
703 1868 777 1900 Conf.
797 1868 871 1895 Idem
886 1867 919 1893 de
934 1867 993 1893 Fin.
1018 1874 1031 1899 ς
1051 1876 1072 1895 c,
1086 1875 1116 1893 ιι.
1178 1869 1251 1896 laudi
1270 1870 1431 1897 verecundia
1444 1871 1503 1898 fuit.
1559 1872 1721 1900 Sententiam
1734 1874 1819 1908 igitur
1830 1875 1951 1909 peregit,
1970 1876 2073 1902 nullum
2087 1875 2193 1911 placere
2207 1877 2252 1904 Se-

16 1920 26 1926 .
46 1902 207 1932 Perabsurda
220 1904 303 1932 verba
322 1904 380 1932 Cic.
397 1904 427 1930 in
441 1904 532 1932 Partit.
544 1913 584 1938 54.
674 1904 725 1931 Per
738 1903 812 1931 enim
823 1903 968 1932 absurdum
987 1902 1023 1929 est
1049 1903 1067 1930 l.
1086 1910 1116 1937 25
1176 1912 1253 1932 natus
1265 1907 1414 1933 consultum
1429 1906 1498 1934 fieri.
1590 1909 1664 1935 Idem
1679 1919 1702 1943 7,
1723 1919 1747 1941 35
1757 1917 1800 1945 pr.
1822 1910 1876 1938 Vbi
1891 1911 2053 1938 Sententiam
2068 1921 2155 1939 meam
2170 1912 2250 1939 vobis

46 1938 82 1968 D.
102 1940 135 1967 de
150 1940 254 1975 probat.
1175 1950 1322 1977 peregero,
1360 1949 1418 1969 tum
1436 1943 1534 1979 quibus
1553 1944 1645 1971 eadem
1662 1945 1818 1980 placebunt,
1854 1947 1882 1973 in
1905 1947 2039 1974 dexteram
2054 1954 2155 1983 partem
2173 1949 2250 1976 taciti

83 1983 100 2003 Ρ
111 1983 126 2002 Ε
136 1983 155 2003 R
167 1983 189 2004 A
201 1983 218 2004 C
228 1983 246 2005 C
257 1982 278 2003 0
288 1983 315 2003 M
324 1981 351 2003 M
362 1982 382 2002 O
393 1981 414 2003 D
424 1983 447 2004 A
455 1982 508 2004 'rv
517 1982 531 2004 s
540 1998 551 2012 ‚
576 1984 609 2010 a,
634 1983 690 2002 um.
727 1974 787 2003 Adi.
824 1976 875 2003 Per
891 1975 953 2002 fore
964 1983 1115 2002 accommo-
1175 1977 1354 2005 transibimus.
1465 1979 1538 2005 Seria
1551 1981 1625 2006 nulla
1638 1988 1802 2015 peraguntur
1818 1982 1909 2008 fronte
1924 1989 2051 2010 coronata
2082 1984 2164 2010 Ouid.
2182 1984 2248 2012 Fast.

46 2011 137 2044 datum
151 2013 200 2039 tibi
218 2013 275 2039 Cic.
290 2012 364 2038 Fam.
377 2021 399 2043 3,
410 2022 432 2043 5.
1126 2019 1159 2043 50
1175 2020 1198 2045 ς,
1212 2022 1265 2046 341.
1339 2014 1382 2040 801
1398 2013 1520 2040 duodena
1536 2016 1638 2049 peragit
1652 2015 1721 2049 signa
1750 2016 1824 2042 Idem
1840 2018 1905 2044 Met.
1921 2027 1952 2051 13,
1967 2020 2020 2047 618.
2112 2019 2167 2046 Vbi
2185 2020 2248 2047 fini·

82 2055 99 2075 P
108 2055 127 2075 E
138 2055 157 2075 R
167 2050 213 2075 Ᾱε
225 2055 285 2080 ER,
303 2048 372 2080 2115,
391 2056 442 2074 cre.
471 2047 531 2074 Adi.
569 2047 736 2081 [παλυδριμῦε]
777 2047 855 2072 Valde
867 2055 923 2084 acre
937 2053 962 2071 et
975 2045 1114 2072 vehemens.
1173 2056 1269 2074 arenae
1282 2049 1405 2083 proxima
1419 2058 1571 2077 marmoreo
1584 2051 1688 2085 peragit
1702 2051 1853 2086 Spedtacula
1866 2062 1946 2080 muro
1972 2054 2100 2088 Calpurn.
2110 2054 2162 2081 Ecl.
2177 2065 2200 2088 7,
2213 2065 2247 2088 49

46 2084 105 2112 Cic.
117 2084 190 2110 Fam.
203 2094 229 2117 9,
242 2086 268 2110 16
289 2083 338 2110 Sed
353 2090 440 2108 tamen
454 2083 509 2117 ipse
520 2082 615 2108 Caesar
628 2081 708 2108 habet
720 2089 829 2116 peracre
844 2081 985 2107 iudicium.
1048 2081 1114 2107 Ace·
1173 2083 1191 2108 ἰ.
1220 2084 1284 2118 finit
1297 2106 1306 2118 ‚
1345 2086 1475 2112 terminat.
1584 2086 1725 2113 Tenorem
1750 2087 1884 2122 inceptum
1905 2089 2014 2116 fortuna
2035 2091 2124 2124 grauis
2140 2090 2247 2127 peragit

47 2126 107 2148 turn
119 2128 226 2154 peracre
248 2120 330 2145 Plaut.
342 2117 436 2144 Bacch.
451 2126 474 2151 3,
488 2127 510 2150 3,
526 2127 544 2144 1.
1175 2118 1258 2145 Ouid.
1273 2119 1352 2154 Epist.
1366 2129 1399 2153 ις,
1414 2128 1453 2153 59.
1563 2123 1625 2149 Vita
1639 2122 1787 2158 peragenda
1800 2123 1847 2152 sub
1859 2133 1907 2151 axe
1934 2125 2010 2155 Idem
2023 2125 2110 2152 Trist.
2126 2138 2147 2159 ,1,
2162 2133 2187 2160 8,
2207 2137 2244 2160 4¹·

88 2161 133 2182 PE
143 2162 162 2182 R
172 2160 222 2181 Ac
232 2160 249 2180 E
263 2160 282 2179 R
292 2159 308 2180 Β
320 2159 342 2179 v
354 2155 387 2187 ε’,
424 2162 454 2186 3,
479 2162 535 2179 11111.
570 2151 631 2179 Adi.
670 2151 866 2187 [πολύςρυφνος]
907 2152 985 2192 Valde
1004 2152 1112 2178 acerbus.
1173 2154 1322 2182 Volumina
1343 2164 1468 2190 peragere
1506 2157 1574 2185 Plin.
1594 2159 1674 2193 Epist.
1694 2168 1717 2192 3,
1732 2168 1754 2190 5.
1864 2162 1933 2188 Vota
1982 2161 2065 2188 Ouid.
2084 2162 2113 2188 in
2130 2163 2192 2190 Ibin
2205 2172 2245 2197 97.

47 2190 107 2219 Cic.
120 2190 152 2217 de
165 2189 267 2217 Senee‘t.
282 2199 306 2221 53
325 2198 348 2216 c.
369 2198 392 2221 15
417 2189 509 2216 Primo
524 2188 561 2215 est
574 2188 716 2224 peracerba
730 2188 847 2222 gustatu,
872 2186 968 2227 deinde
982 2193 1112 2214 maturata
1127 2200 1156 2222 55
1172 2187 1194 2227 ff
1215 2200 1228 2217 2
1265 2192 1396 2217 formulae
1410 2193 1491 2219 aliae.-
1530 2195 1676 2228 Peragere,
1705 2202 1753 2230 pro
1765 2196 1876 2224 Fortiter
1889 2207 1973 2232 agere.
2010 2197 2100 2225 Senec.
2114 2198 2193 2233 Epist.
2213 2206 2245 2232 59

47 2227 182 2254 dulcescit.
218 2227 248 2252 de
270 2235 329 2252 vua.
440 2225 553 2253 Tralate.
590 2224 657 2252 Plin.
673 2224 753 2259 Epist.
769 2226 796 2258 6,
809 2234 822 2255 5
846 2224 919 2251 Mihi
939 2223 1112 2259 peracerbum
1173 2227 1253 2253 Hunc
1268 2236 1346 2260 quem
1364 2228 1460 2255 Graeci
1481 2230 1599 2256 oestrum
1613 2237 1709 2257 vocant
1722 2239 1820 2265 pecora
1834 2239 2023 2268 peragentem,
2062 2241 2089 2260 et
2101 2235 2165 2261 totis
2177 2235 2247 2262 falti.

47 2263 118 2296 fuit,
145 2261 215 2297 quod
225 2280 234 2292 ,
255 2269 302 2288 etc.
1173 2261 1222 2288 bus
1236 2262 1415 2297 dissipantetn,
1454 2265 1474 2292 i.
1506 2267 1638 2300 Vrgentem
1655 2269 1691 2291 ad
1701 2268 1844 2294 continuum
1857 2269 1961 2305 cursum.
2058 2269 2186 2304 peragere
2200 2270 2247 2297 ali-

87 2305 104 2326 Ρ
114 2305 131 2325 E
141 2305 161 2326 R
171 2303 218 2325 Ac
228 2303 246 2323 E
258 2304 272 2324 s
282 2303 299 2324 c
310 2303 348 2330 ο,
368 2296 412 2329 111,
431 2296 485 2323 ἕπε.
523 2295 608 2330 [μέγα
628 2296 757 2331 ἆξύμσμαι]
800 2296 878 2322 Valde
894 2305 952 2322 acre
969 2303 994 2321 et
1012 2297 1112 2321 acidum
1173 2307 1255 2333 quem
1269 2308 1362 2330 reum,
1398 2300 1416 2326 i.
1437 2301 1612 2328 condemnare.
1648 2302 1759 2337 leian.
1774 2303 1808 2330 D.
1823 2304 1862 2330 Ad
1877 2304 1927 2340 leg.
1941 2305 2038 2332 Iuliam
2053 2305 2084 2332 de
2097 2306 2246 2334 adulteriis.

45 2335 117 2371 fieri,
155 2333 237 2361 Plaut.
251 2333 342 2360 Bacch.
356 2341 379 2366 ς,
391 2342 409 2364 1,
424 2343 445 2364 ¹3
464 2333 535 2365 Hoc,
553 2331 604 2359 hoc
619 2333 664 2365 est,
684 2333 757 2367 quod
769 2332 920 2368 peracescit,
939 2331 992 2359 hoc
1003 2331 1112 2359 demum
1174 2334 1192 2361 l.
1207 2335 1245 2360 Ex
1259 2334 1317 2369 lege
1323 2357 1333 2370 ,
1362 2335 1491 2376 Peregiffe
1505 2345 1580 2363 reum
1595 2345 1652 2364 non
1664 2339 1744 2371 alias,
1765 2339 1825 2374 quis
1840 2340 1964 2374 videtur,
1984 2341 2031 2367 nisi
2046 2348 2072 2368 et
2088 2341 2249 2368 condemna-

50 2370 103 2403 est,
123 2370 195 2404 quod
209 2369 363 2404 percrucior
378 2377 420 2395 me
433 2368 484 2395 hoc
497 2369 589 2395 aetatis
602 2368 746 2395 ludificari.
1122 2371 1159 2397 60
1173 2371 1252 2396 verit.
1325 2372 1418 2406 Peragr
1433 2380 1495 2398 reus
1509 2372 1536 2397 in
1549 2373 1709 2408 criminibus,
1726 2383 1774 2400 non
1788 2385 1829 2401 res
1843 2378 1933 2412 peragi
1947 2378 2050 2404 dicitur.
2107 2377 2149 2414 1:st
2167 2386 2249 2405 cutem

87 2413 104 2433 p
114 2411 132 2432 Ε
143 2412 161 2431 R
171 2413 193 2432 Α
203 2412 220 2432 c
236 2411 258 2431 Τ
273 2412 283 2432 1
297 2410 317 2432 0
326 2425 335 2438 ‚
371 2405 426 2431 vid.
442 2410 586 2432 PERAGO.
1173 2407 1260 2433 Reum
1274 2416 1416 2442 peragere,
1453 2410 1494 2433 lta
1508 2409 1546 2434 rei
1557 2408 1736 2444 accusationem
1745 2411 1874 2447 persequi,
1913 2420 1947 2438 vt
1967 2423 2021 2438 reus
2035 2415 2132 2438 tandem
2147 2415 2248 2440 damne-

89 2447 132 2471 ΞΕ
141 2447 161 2467 R
170 2447 190 2466 Λ
201 2447 218 2468 c
232 2447 255 2467 Τ
268 2449 276 2467 ι
288 2447 306 2468 c
317 2447 338 2467 v
348 2448 389 2473 Μ,
410 2441 428 2467 1.
449 2450 476 2468 11.
512 2441 612 2467 Gummi
622 2450 708 2476 genus.
750 2440 808 2467 Vid.
821 2446 1039 2468 PERATICVM.
1171 2449 1223 2469 tur.
1287 2443 1370 2470 Paull.
1385 2443 1515 2470 Destitiffe
1528 2450 1617 2471 autem
1631 2445 1654 2471 is
1666 2445 1788 2480 videtur,
1814 2448 1861 2482 qui
1877 2448 1947 2478 intra
1960 2448 2131 2483 praefinitum
2145 2450 2247 2476 accusa-

88 2482 129 2510 PE
139 2482 158 2503 R
169 2483 189 2502 A
200 2484 217 2504 C
227 2484 248 2502 V
258 2482 294 2510 ο,
310 2477 356 2511 111,
377 2483 468 2510 utum,
489 2477 541 2503 ere.
577 2476 662 2510 [μέγα
676 2476 766 2512 ὄξύνω]
809 2477 887 2503 Valde
901 2483 1000 2502 acutum
1014 2476 1110 2509 facere.
1172 2478 1257 2506 tionis
1271 2487 1285 2505 a
1299 2479 1414 2514 praeside
1427 2485 1531 2514 ternpus
1544 2490 1621 2507 reum
1638 2481 1713 2508 suum
1729 2491 1784 2509 non
1798 2485 1941 2519 peregerit.
1981 2485 2105 2510 Haemus
2122 2486 2247 2513 Budaeus.

53 2513 118 2546 Cato
128 2521 149 2538 c.
170 2522 203 2545 40
240 2512 345 2539 Sumito
360 2512 415 2546 ‚tibi
431 2512 566 2539 surculum
585 2512 698 2544 durum,
735 2521 797 2539 eum
816 2512 970 2548 peracuito,
1005 2512 1111 2539 salicem
1173 2513 1243 2541 Reus
1255 2524 1370 2550 peragor
1385 2524 1433 2542 ore
1444 2515 1541 2551 populi
1561 2516 1645 2543 Ouid.
1662 2517 1749 2545 Trist.
1766 2528 1817 2552 1,1‚
1829 2529 1869 2551 24·
1915 2521 1986 2547 Ads.
2002 2520 2070 2547 Plin.
2084 2520 2163 2555 Epist.
2179 2530 2201 2556 3,
2220 2531 2248 2556 9.

51 2548 175 2576 Graecam
188 2548 341 2575 discindite.
379 2550 428 2575 Sed
438 2558 503 2574 nunc
516 2548 611 2579 editur,
632 2548 793 2583 111-3123211110.
1126 2552 1158 2581 65
1172 2551 1302 2585 Peragere
1316 2551 1453 2578 censuram
1478 2552 1553 2579 Idem
1567 2560 1595 2588 7,
1609 2561 1651 2585 29.
1744 2556 1794 2581 Pro
1810 2557 1954 2591 Interficere
1962 2557 2074 2592 ponitur.
2112 2556 2158 2583 Sil.
2168 2567 2197 2590 11,
2205 2559 2249 2590 363

44 2587 47 2591 “
85 2586 337 2617 PERACVTVS,
361 2593 391 2616 a,
418 2593 471 2610 um.
498 2583 560 2610 Adi.
596 2585 751 2618 [ἔφθης-ας,
777 2583 923 2619 &Effluet-oe]
964 2584 1042 2611 Valde
1054 2594 1110 2611 acu·
1172 2586 1231 2613 Nec
1244 2593 1347 2613 tantum
1368 2588 1420 2614 fata
1437 2588 1567 2616 dederunt
1603 2589 1716 2616 Externa
1730 2591 1821 2626 peragi
1836 2591 1938 2619 dextra.
2047 2592 2164 2619 Martial.
2180 2601 2203 2627 5,
2217 2599 2248 2625 33

47 2615 243 2656 iumssgmfimt.
290 2620 347 2647 Cic.
363 2621 440 2647 Verr.
458 2629 480 2652 2,
494 2626 536 2650 ¹08
550 2629 570 2646 c.
583 2628 622 2653 44
648 2619 753 2646 Videtis
765 2619 844 2647 illum
857 2620 991 2655 subcrispo
1004 2619 1111 2654 capillO,
1171 2623 1260 2656 Qiam
1273 2623 1445 2657 pellimorum
1456 2625 1497 2651 lex
1511 2633 1590 2651 auara
1603 2625 1721 2652 fatorum
1783 2628 1859 2655 Sexta
1873 2627 1978 2663 peregit
1990 2628 2081 2655 hieme
2094 2637 2142 2654 nec
2157 2636 2247 2655 tamen

46 2655 173 2689 nigrum,
201 2657 248 2690 qui
259 2665 294 2683 eo
313 2656 389 2683 vultu
402 2664 451 2683 nos
463 2656 602 2689 intuetur,
635 2662 664 2683 vt
677 2655 726 2682 fibi
738 2656 792 2690 ipse
805 2662 944 2691 peracutus
960 2656 1010 2682 esse
1023 2655 1112 2682 videa·
1172 2664 1236 2685 tota.
1266 2686 1271 2690 ,
1309 2661 1342 2685 Et
1357 2669 1379 2691 7,
1392 2662 1427 2693 46
1448 2662 1556 2695 Iamque
1569 2661 1691 2696 peractus
1705 2671 1770 2691 eras.
1791 2666 1811 2690 i.
1832 2665 1949 2698 Finitus,
1962 2664 2018 2697 fiue
2033 2671 2149 2691 mortuus.
2168 2664 2245 2699 Confi

46 2697 100 2718 tur.
170 2692 287 2719 Martial.
303 2703 323 2725 3,
337 2701 365 2724 24
385 2693 420 2718 Vt
434 2691 488 2718 cito
501 2691 633 2719 testiculos
646 2699 770 2726 peracuta
783 2692 850 2719 falce
863 2692 968 2719 secaret.
1049 2693 1112 2719 Per·
1128 2692 1130 2695 ’
1171 2695 1257 2721 Burm.
1272 2696 1309 2720 acl
1319 2695 1430 2728 Qtintf't.
1445 2696 1518 2723 Decl.
1533 2703 1557 2727 8,
1568 2700 1596 2724 16
1608 2707 1635 2732 p.
1653 2703 1698 2728 ¹82.

48 2734 140 2754 acutus
156 2735 182 2754 et
198 2728 307 2754 callidus
319 2727 403 2754 homo
423 2728 480 2755 Cic.
494 2728 524 2754 in
537 2728 611 2755 Brut.
705 2729 859 2762 Ingeniosus
871 2735 896 2754 et
911 2734 1048 2763 peracutus
1060 2728 1109 2754 ho·
1126 2739 1159 2764 70
1211 2737 1228 2757 Ρ
1240 2737 1258 2758 E
1270 2737 1289 2757 R
1299 2739 1321 2758 A
1332 2737 1350 2758 c
1364 2738 1386 2758 'r
1397 2738 1417 2757 v
1428 2739 1457 2765 S,
1481 2741 1512 2766 a,
1532 2741 1586 2760 um.
1626 2734 1694 2761 Part.
1733 2735 1924 2771 [τετελεσμένος]
1962 2734 2062 2762 Caedes
2076 2735 2171 2770 ingens
2186 2745 2246 2771 per-

47 2772 95 2790 mo
115 2764 188 2790 Idem
203 2765 280 2790 Verr.
295 2773 317 2797 2,
331 2768 375 2794 108
391 2772 413 2789 2.
427 2772 470 2797 44·
542 2763 615 2790 Idem
629 2773 679 2798 pro
687 2765 775 2791 Plane.
808 2775 817 2797 3
839 2764 976 2799 Fingenda
989 2764 1042 2791 fuit
1061 2764 1110 2791 mi-
1171 2765 1231 2794 3813
1255 2767 1330 2801 Virg.
1345 2768 1409 2794 Aen.
1424 2777 1451 2802 9,
1464 2777 1518 2801 242.
1627 2770 1710 2798 Causa
1731 2771 1813 2799 Ouid.
1829 2773 1895 2798 Met.
1909 2778 1943 2805 ις,
1959 2772 1999 2804 36.
2085 2772 2245 2799 Consulatus

49 2798 80 2826 hi
93 2799 211 2833 Iudices,
232 2800 307 2826 eausa
320 2805 457 2834 peracuta,
493 2804 523 2826 vt
535 2799 570 2832 ei,
584 2809 663 2834 quem
675 2800 744 2827 mihi
759 2800 790 2827 de
811 2810 855 2827 ere
867 2806 1021 2835 oporteret,
1058 2809 1109 2835 ego
1171 2803 1228 2830 Cic.
1242 2803 1270 2829 in
1288 2804 1376 2830 Pison.
1389 2811 1407 2838 7
1420 2814 1442 2831 c.
1455 2814 1474 2836 3.
1548 2806 1736 2833 Conuentibus
1754 2807 1856 2834 Galliae
1871 2806 1985 2842 peractis
2011 2807 2082 2834 Caes:
2097 2808 2130 2835 Β.
2143 2807 2176 2835 G.
2190 2818 2214 2840 5,
2227 2818 2245 2835 1.-

48 2844 92 2862 me
104 2836 195 2862 omnia
208 2835 304 2862 debere
319 2835 443 2862 dicerem.
518 2836 642 2862 Peracuta
655 2845 710 2863 vox
732 2837 790 2863 Cic.
803 2837 831 2862 in
845 2837 928 2864 Bruto
935 2846 987 2869 241.
1051 2837 1111 2863 Per·
1172 2839 1348 2866 Imitamentis
1361 2840 1484 2867 tristitiae
1496 2842 1629 2876 peraffls,
1667 2843 1768 2869 curiam
1782 2843 1935 2878 ingreditur
1971 2843 2065 2870 Tacit.
2079 2842 2149 2871 Ann.
2168 2853 2199 2876 13,
2214 2852 2244 2877 4.

30 2896 31 2900 ,
47 2877 170 2905 acutum,
191 2870 353 2906 Ingeniosum.
408 2870 482 2898 Idem
495 2880 545 2905 pro
559 2871 666 2899 Caecin.
679 2877 708 2904 84
753 2873 819 2900 Non
832 2872 933 2905 deieci,
970 2872 1012 2899 sed
1025 2872 1110 2899 eieci:
1171 2875 1286 2909 Imperia
1308 2876 1379 2904 Hor.
1394 2876 1484 2903 Carm.
1498 2888 1522 2910 4,
1538 2886 1573 2911 14,
1588 2887 1634 2910 40.
1729 2878 1787 2905 Lux
1806 2877 1889 2906 Ouid.
1902 2877 1983 2913 Epist.
1998 2888 2034 2913 21,
2048 2885 2086 2912 ες.
2167 2880 2243 2913 Opus

46 2914 199 2942 peracutum
212 2907 263 2934 hoc
276 2907 326 2934 tibi
341 2906 461 2934 videtur:
497 2907 540 2934 hic
553 2907 590 2934 est
603 2916 697 2934 mucro
711 2907 870 2936 defensionis
884 2916 952 2936 tuae.
1126 2921 1155 2947 75
1171 2912 1233 2938 Stat.
1243 2911 1308 2938 Silu.
1324 2922 1343 2946 1,
1359 2921 1376 2945 1,
1389 2921 1410 2939 2.
1519 2914 1570 2940 Res
1585 2919 1677 2939 tenues
1690 2914 1765 2941 tenui
1779 2915 1901 2942 sermone
1914 2914 2036 2949 peradiae
2074 2916 2143 2942 Hor.
2158 2915 2241 2941 Serm-

84 2950 100 2970 l>
110 2949 184 2970 ERA
196 2944 272 2970 CV'T
282 2950 310 2970 Ε.
349 2943 416 2970 Adu.
455 2943 611 2978 [περιεξει-κ]
646 2944 703 2970 Cic.
724 2944 802 2970 Acad.
820 2955 838 2977 1,
854 2952 889 2979 35,
903 2954 924 2972 c.
937 2954 964 2971 10
992 2944 1041 2971 Sed
1062 2945 1109 2971 Ze·
1172 2956 1195 2979 2,
1210 2957 1232 2978 4,
1246 2956 1270 2979 9.
1349 2949 1424 2974 Sacra
1437 2949 1542 2982 peretola
1556 2948 1606 2975 deo
1628 2949 1710 2976 Ouid.
1724 2948 1788 2977 Fast.
1801 2958 1826 2984 5,
1839 2953 1896 2984 630.
2007 2951 2131 2985 Tempus
2145 2951 2242 2977 melius

0 2993 1 2997 =
47 2988 85 3006 110
98 2988 180 3015 quum
190 2979 334 3006 Arcesilam
347 2979 462 3006 anteiret
475 2984 576 3014 aetate,
605 2979 734 3013 valdeque
754 2979 887 3007 subtiliter
900 2981 1049 3013 dissereret,
1083 2987 1109 3008 et
1170 2983 1307 3017 peras-ium
1322 2983 1358 3010 est
1379 2983 1452 3010 Idem
1464 2984 1497 3010 de
1512 2985 1576 3010 Arte
1590 2985 1649 3011 Am.
1664 2994 1687 3017 2,
1702 2987 1758 3015 665.
1869 2986 1977 3014 Vellera
1995 2988 2087 3014 quen.
2102 2987 2151 3013 Sat.
2167 2995 2188 3018 2,
2201 2995 2240 3017 ς4.

0 3035 1 3039 ,
41 3016 168 3050 ”peracute
186 3022 356 3050 moneretur,
394 3015 530 3051 corrigere
550 3023 659 3043 conatus
678 3015 715 3043 est
734 3015 908 3051 disciplinam.
949 3017 1024 3044 Idem
1036 3017 1108 3044 Fam.
1170 3019 1234 3046 Vita
1246 3018 1298 3044 fine
1311 3018 1371 3044 labe
1394 3019 1476 3045 Ouid.
1491 3028 1523 3046 ex
1537 3021 1611 3046 Pont.
1627 3030 1650 3054 2,
1663 3027 1677 3051 3
1697 3022 1743 3057 (7)
1763 3028 1806 3056 48.
1880 3024 1981 3050 Votum
2004 3024 2095 3050 quen.
2109 3022 2239 3054 Sat-10‚6.

49 3059 77 3084 3,
101 3058 134 3085 7,
158 3060 182 3078 2.
968 3063 971 3066 ·
1207 3062 1222 3081 1²
1234 3060 1251 3080 E
1263 3061 1279 3080 R
1290 3061 1368 3082 Ac‘r
1379 3061 1418 3081 10
1428 3076 1437 3088 ,
1462 3055 1531 3082 onis.
1559 3056 1579 3082 f.
1616 3056 1757 3093 [τελείωσις]
1799 3058 1856 3088 Cic.
1867 3059 1900 3086 de
1912 3057 2013 3086 Seneet.
2029 3059 2060 3087 86
2074 3066 2095 3084 c.
2110 3066 2136 3090 23
2161 3057 2241 3084 Sene·

85 3093 101 3114 P
109 3093 127 3114 Ε
135 3094 154 3114 R
162 3095 184 3114 Α
193 3093 210 3113 ι)
221 3094 241 3115 o
251 3094 296 3115 LE
305 3094 317 3114 s
327 3095 344 3116 C
355 3094 373 3116 Β
386 3093 411 3114 N
421 3094 434 3115 s
443 3108 451 3121 ,
468 3087 545 3115 entis.
583 3097 606 3114 c.
642 3089 782 3115 Admodum
793 3089 938 3121 adolescens.
984 3089 1041 3115 Cic.
1058 3098 1108 3123 pro
1123 3098 1156 3122 80
1169 3089 1227 3117 &us
1240 3097 1327 3116 autem
1337 3111 1344 3122 ‚
1365 3090 1484 3124 perafflo
1497 3092 1587 3117 aetatis
1599 3092 1642 3118 est.

48 3119 118 3156 Lege
132 3123 222 3151 Manil.
236 3126 260 3151 61
275 3134 297 3152 2.
312 3134 334 3152 21
375 3124 448 3158 Qid
460 3124 512 3150 tam
526 3131 631 3159 praeter
645 3123 879 3158 consuetudinem,
908 3134 987 3160 quam
1001 3124 1109 3152 homini
1208 3132 1224 3152 Ρ
1234 3131 1250 3152 Ε
1263 3133 1280 3151 R
1291 3133 1312 3153 Α
1322 3132 1338 3152 C
1350 3133 1372 3153 Τ
1383 3136 1401 3151 11
1414 3133 1451 3160 R,
1471 3127 1535 3154 oris.
1559 3137 1594 3154 m.
1630 3128 1686 3165 Qi
1694 3130 1808 3165 perfidu
1843 3131 1912 3165 apud
1929 3128 2052 3155 Senecam
2069 3127 2115 3164 ff
2132 3128 2239 3156 dicitur.

44 3157 252 3190 —peradolescenti
267 3160 414 3195 imperium
427 3168 505 3193 atque
517 3161 663 3187 exercitum
676 3159 750 3186 dari?
1209 3169 1225 3188 ι’
1239 3167 1256 3187 Ε
1267 3168 1286 3188 R
1297 3169 1318 3189 Α
1333 3167 1354 3188 G
1367 3161 1379 3188 ἴ
1388 3169 1409 3188 'r
1419 3169 1456 3193 o,
1487 3168 1540 3189 are.
1579 3165 1732 3198 Frequenter
1751 3174 1902 3191 commouere.
1941 3163 2050 3190 Colum.
2069 3172 2106 3198 12,
2121 3172 2157 3196 19,
2172 3175 2184 3196 4
2206 3165 2239 3192 Et

89 3199 104 3218 Ρ
114 3199 130 3219 Β
143 3201 164 3220 R
175 3201 298 3223 ADOLE
308 3203 321 3223 s
331 3202 373 3224 ΟΕ
383 3203 435 3224 ΝΤ
445 3196 491 3224 ῢι.
503 3203 523 3223 V
535 3203 565 3230 s,
600 3197 619 3223 i.
652 3205 688 3224 m.
725 3196 780 3224 Hie
800 3196 1056 3232 pei-adolescentulus
1075 3195 1108 3222 ad
1169 3197 1347 3225 nihilominus
1367 3198 1478 3225 subinde
1490 3198 1628 3226 foeniculo
1643 3200 1771 3236 peragitet
1790 3199 1906 3234 mustum,
1951 3208 1984 3226 ue
1998 3199 2061 3233 quid
2082 3199 2239 3234 subsederit,

50 3227 194 3256 amicitiam
205 3232 301 3259 accessit
317 3233 435 3268 Philippi
456 3234 527 3268 Nep.
544 3239 579 3267 18,
592 3243 610 3267 1,
623 3243 651 3267 4.
1169 3233 1243 3268 quod
1258 3233 1332 3269 poffit
1346 3234 1502 3268 plumbeum
1519 3234 1667 3271 perforare.
1759 3236 1800 3261 Sic
1820 3236 1969 3269 Peragitare
1980 3235 2040 3262 vasa
2052 3234 2142 3270 spatha
2162 3235 2239 3264 Idem

0 3295 1 3298 Ἴ
88 3270 158 3291 PER
168 3272 213 3300 AB
223 3275 260 3300 A,
278 3277 315 3294 ae.
334 3269 353 3294 f.
379 3270 496 3305 [neemia]
532 3272 558 3296 A
569 3274 639 3302 πέραν
651 3277 741 3301 trans,
761 3269 848 3303 vltra,
867 3269 982 3297 vlterior
996 3267 1107 3295 Iudaeae
1124 3278 1153 3306 ὃς
1171 3280 1204 3303 12,
1217 3279 1260 3300 20,
1274 3279 1301 3303 4.
1376 3270 1511 3298 Rutabulo
1533 3280 1566 3305 12,
1580 3281 1618 3305 2⁴,
1633 3283 1655 3305 4.
1713 3271 1813 3306 Lignea
1826 3271 1947 3298 rudicula
1967 3280 2000 3304 12,
2014 3272 2055 3304 46,
2068 3280 2089 3303 3.
2107 3271 2147 3307 Est
2161 3272 2238 3299 etiam

0 3326 1 3330 ,
50 3309 128 3334 pars,
154 3301 266 3329 Arabiae
279 3310 304 3330 et
315 3305 432 3338 Aegypto
447 3305 587 3340 proxima,
613 3305 709 3340 asperis
724 3304 809 3332 diuisa
822 3305 974 3339 montibus,
1001 3310 1027 3330 et
1039 3313 1054 3331 a
1067 3312 1107 3330 re·
1169 3306 1228 3333 Seu.
1242 3306 1274 3332 de
1288 3307 1331 3333 Ira
1346 3316 1365 3339 1,
1379 3316 1401 3338 7.

48 3336 124 3371 liqua
139 3335 234 3363 Iudaea
247 3338 357 3365 Iordane
370 3348 445 3367 amne
458 3341 568 3369 discreta
587 3342 655 3368 Plin.
670 3351 691 3375 5,
707 3350 741 3373 14.
1205 3348 1245 3369 PE
1257 3349 1274 3368 R
1285 3340 1303 3369 λ’
1314 3347 1335 3369 G
1348 3350 1356 3368 1
1367 3342 1420 3370 ΤᾹ
1429 3348 1520 3377 Tvs,
1539 3352 1563 3376 a,
1583 3352 1636 3369 11111.
1665 3341 1760 3371 Partic.
1800 3342 1872 3370 Caes.
1885 3341 1950 3369 Bell.
1965 3341 2048 3369 Ciuil.
2064 3352 2083 3377 1,
2096 3346 2129 3373 80
2151 3342 2237 3371 Vehe..

87 3379 103 3398 P
116 3377 132 3398 Ε
144 3379 163 3398 R
173 3380 194 3400 Α
205 3371 268 3399 11Βῖ
280 3378 296 3399 F
307 3372 320 3400 ἶ
330 3381 347 3401 c
357 3381 376 3402 o
385 3395 393 3406 ‚
411 3379 463 3402 are.
491 3379 586 3410 [τελέως
599 3379 721 3412 anabaud]
758 3378 962 3412 Aedificationem
976 3376 1108 3411 absoluere.
1168 3379 1283 3404 mentius
1300 3377 1440 3414 peragitati
1458 3378 1492 3406 ab
1505 3380 1632 3414 equitatu.

49 3407 183 3437 Columel.
199 3420 222 3440 a,
237 3418 247 3440 3
258 3416 299 3443 pr.
317 3410 359 3436 Ab
371 3410 496 3439 inchoato
507 3412 601 3441 domos
614 3414 760 3447 exstruunt,
788 3422 835 3439 nec
848 3413 1036 3448 peraedificatis
1056 3413 1109 3439 cul·
1205 3422 1221 3441 P
1230 3421 1247 3441 E
1259 3421 1276 3441 R
1288 3422 1310 3441 A
1321 3420 1344 3442 G
1356 3422 1375 3441 R
1387 3420 1407 3442 o
1416 3435 1424 3448 ,
1464 3420 1518 3441 are.
1554 3416 1703 3449 [menos-tw,
1723 3417 1867 3448 περιχωρέω]
1906 3415 1945 3440 Ex
1959 3414 2010 3441 Per
2023 3421 2048 3440 et
2062 3414 2149 3450 Ager,
2175 3414 2236 3450 agri

50 3449 106 3470 tum
125 3444 263 3471 adhibent.
1123 3460 1157 3484 90
1169 3450 1333 3485 comp.fitum;
1365 3451 1496 3486 fignificat
1508 3450 1673 3484 Inquirendo
1694 3450 1824 3483 circuire,
1849 3458 1879 3476 vt
1902 3451 1940 3476 ait
1953 3449 2075 3477 Seruius:
2105 3451 2160 3483 siue
2180 3453 2236 3478 Huc

8 3483 9 3486 ’
34 3501 37 3505 .
85 3486 102 3507 P
115 3487 158 3508 ER
169 3487 190 3507 A
200 3486 216 3507 E
226 3486 309 3517 QVV
319 3487 333 3507 s
343 3501 352 3514 ‚
371 3490 402 3514 a,
421 3490 476 3510 um.
512 3482 573 3510 Adi.
609 3484 779 3519 [πανεπιεικιὶε]
821 3486 899 3512 Valde
916 3483 1107 3520 aequumstfnt'-
1168 3493 1193 3512 et
1208 3485 1263 3511 iHuc
1275 3480 1405 3522 proficisci.
1461 3487 1517 3513 Cic.
1532 3486 1564 3512 de
1578 3485 1670 3512 Diuiu.
1687 3496 1704 3517 1,
1717 3495 1750 3519 94
1763 3494 1784 3512 c.
1799 3495 1827 3519 42
1855 3485 1954 3512 Arabes
1966 3492 2055 3513 autem
2065 3491 2094 3512 et
2109 3485 2236 3521 Phryges,

45 3515 116 3551 ficut.
154 3517 210 3543 Cic.
227 3518 304 3543 Verr.
318 3528 342 3548 11,
356 3519 389 3549 46
401 3527 424 3544 c.
435 3527 458 3544 21
484 3518 520 3544 Vt
533 3518 584 3546 hoc
597 3521 687 3549 liceret
701 3521 843 3556 suspicari,
873 3520 949 3548 fuitse
963 3518 1108 3554 aliquando
1167 3527 1193 3548 et
1205 3522 1317 3555 Cilices,
1354 3521 1427 3557 quod
1442 3522 1512 3557 pastu
1525 3521 1655 3556 pecudum
1676 3522 1792 3548 maxime
1808 3527 1934 3555 vtu'ntur,
1970 3530 2077 3557 campos
2091 3528 2117 3549 et
2128 3528 2234 3549 montes

3 3562 8 3566 ·
50 3552 118 3587 apud
131 3553 232 3579 Siculos
246 3561 378 3588 peraequa
393 3553 569 3588 proportione
580 3562 688 3584 caetera.
1167 3557 1262 3589 hyeme
1277 3564 1302 3585 ct
1316 3559 1410 3585 aestate
1422 3563 1606 3592 peragrantes,
1639 3565 1779 3592 propterea
1793 3557 1899 3584 facilius
1914 3564 2004 3584 cantus
2015 3558 2109 3585 auium
2121 3564 2147 3584 et
2161 3558 2235 3584 vola-

87 3594 215 3616 PERAE
225 3595 278 3628 Qv
293 3595 321 3615 Ε.
360 3589 428 3617 Adu,
465 3589 573 3623 [ἐπίσης.
590 3592 614 3623 ἐξ
625 3590 677 3627 lou]
712 3595 850 3620 Admodum
867 3592 942 3629 iuste,
963 3600 1046 3626 aeque,
1067 3600 1106 3617 ae·
1168 3599 1208 3620 tus
1223 3600 1393 3622 notauerunt.
1431 3595 1505 3628 Virg.
1520 3594 1586 3620 Aen.
1602 3603 1620 3624 1,
1635 3598 1676 3625 388
1697 3593 1752 3627 Ipse
1767 3593 1891 3628 ignotus,
1915 3602 2011 3628 egens,
2036 3593 2137 3627 Libyae
2150 3592 2234 3620 deser-

50 3624 168 3658 qualiter.
205 3625 263 3651 Cic.
279 3625 306 3650 in
322 3624 409 3651 Pison.
423 3627 457 3657 96
476 3626 556 3659 Qiod
568 3635 627 3653 curn
639 3637 768 3664 peraeque
781 3638 890 3662 omues,
909 3634 966 3655 tum
980 3626 1105 3654 3221111Πῖ-
1122 3638 1153 3663 9ς
1167 3636 1192 3655 13
1206 3639 1328 3665 peragro.
1402 3632 1486 3663 Agros
1500 3635 1525 3655 et
1539 3637 1647 3655 nemora
1670 3629 1728 3655 Cic.
1741 3628 1773 3656 de
1787 3628 1881 3664 Arusp.
1895 3629 1971 3664 Resp.
1987 3639 2015 3663 24
2030 3638 2053 3656 c.
2065 3639 2092 3657 11.
2148 3629 2235 3656 Afiam

52 3667 93 3684 ¹¹¹⁶
106 3659 211 3687 Boeotii
224 3667 251 3687 et
265 3661 384 3693 Byzantii
400 3660 614 3693 Cherr0ss00s282
638 3663 823 3693 Theffalonica
837 3664 919 3691 senfit.
1011 3663 1107 3689 Caesae
1166 3666 1195 3692 in
1214 3665 1304 3693 labore
1318 3666 1431 3693 militari
1453 3665 1524 3691 Idem
1541 3674 1590 3699 pro
1603 3665 1723 3691 Muraen.
1741 3675 1768 3692 u.
1859 3668 1881 3691 A
1900 3674 1942 3692 me
1956 3671 2011 3693 tota
2026 3663 2082 3692 Asta
2095 3671 2234 3700 peragrata

0 3699 13 3718 ¹.
51 3702 180 3729 peraeque
192 3696 310 3730 legiones
325 3697 436 3723 Antonii
475 3697 531 3722 Cic.
546 3696 618 3724 Fam.
635 3707 670 3733 ιο,
685 3709 718 3732 33.
836 3702 969 3734 Peraeque
984 3698 1107 3725 narrabat
1167 3701 1204 3728 est
1224 3702 1297 3729 Idem
1311 3702 1343 3729 de
1356 3703 1395 3728 Cl.
1411 3702 1486 3727 Orat.
1501 3709 1522 3726 c.
1535 3710 1571 3733 9¹·
1680 3700 1747 3727 Belli
1759 3700 1863 3728 diuersa
1877 3707 1997 3736 peragrat
2028 3701 2117 3728 Valer.
2132 3703 2232 3739 Argon.

8 3760 11 3766 ,
52 3730 183 3757 incensam
195 3733 244 3758 effe
257 3733 423 3760 iuuentutem
444 3733 517 3759 Idem
531 3733 618 3767 Att.2‚
633 3739 655 3763 8·
691 3737 758 3764 Add.
770 3736 808 3764 ib.
823 3736 947 3773 Epist.19.
1020 3736 1106 3769 Atque
1168 3740 1194 3770 6,
1209 3747 1261 3769 302.
1336 3738 1405 3764 Loca
1419 3737 1479 3762 auia
1492 3744 1604 3770 peragro
1625 3735 1729 3764 Lucret.
1745 3747 1763 3770 1,
1778 3745 1830 3770 925.
1902 3737 1989 3764 Maria
2006 3745 2145 3771 peragrare
2159 3735 2232 3770 pedi-

0 3772 13 3802 {³
48 3764 113 3792 haee
138 3775 267 3802 peraeque
287 3768 316 3795 in
337 3769 412 3795 omni
431 3778 496 3803 agro
521 3768 669 3795 decumano
687 3772 823 3803 reperietis
860 3773 917 3799 Cic.
938 3772 1015 3797 Verr.
1038 3780 1059 3803 3,
1076 3780 1107 3797 21.
1167 3773 1232 3807 bus,
1253 3773 1368 3800 classibus
1381 3777 1485 3798 montes
1519 3771 1576 3798 Cic.
1590 3771 1622 3798 de
1634 3771 1692 3798 Fin.
1710 3782 1731 3806 2,
1747 3780 1794 3801 112.
1887 3773 2040 3800 Prouincias
2054 3780 2145 3798 omncs
2159 3778 2231 3804 pera.

0 3807 11 3826 ι)
50 3800 123 3828 Idem
135 3803 164 3828 in
180 3803 254 3831 Orat.
267 3812 302 3830 20
317 3805 389 3832 Tria
403 3805 462 3831 sunt
474 3805 586 3831 omnino
601 3813 696 3838 genera
710 3805 829 3841 dicendi,
847 3809 944 3844 quibus
958 3807 984 3833 111
1001 3806 1106 3840 lingulis
1113 3816 1160 3834 100
1167 3811 1246 3843 graffe
1261 3810 1392 3843 gloriatur
1404 3808 1504 3834 Asellus
1523 3806 1596 3833 Idem
1611 3806 1642 3833 de
1656 3808 1732 3835 Orat.
1746 3818 1768 3842 2,
1783 3812 1824 3839 ²58
1838 3817 1860 3835 2.
1874 3813 1913 3838 (va-
1986 3807 2119 3843 Regiones
2132 3807 2176 3832 has
2190 3813 2231 3830 ar-

50 3836 157 3872 quidam
171 3838 333 3871 floruerunt,
350 3850 482 3876 peraeque
493 3848 581 3867 autem
617 3840 662 3873 (id
677 3841 750 3874 quod
762 3843 903 3877 volumus)
941 3842 1066 3878 perpauci
1078 3843 1107 3869 in
1167 3854 1210 3872 ma
1225 3845 1316 3880 Popul.
1331 3846 1408 3870 Rom.
1422 3849 1595 3877 peragrarunt
1616 3843 1688 3870 Idem
1707 3844 1738 3870 de
1750 3844 1876 3871 Prouine.
1889 3845 1969 3871 Cons.
1985 3853 2018 3876 13.
2093 3841 2164 3868 Idem
2175 3838 2230 3880 Off:

50 3872 184 3901 omnibus.
221 3875 293 3908 Conf.
313 3876 383 3912 Nep,
396 3886 435 3908 25.
449 3888 481 3910 13,
503 3879 527 3903 6.
1168 3891 1190 3913 3,
1205 3890 1217 3906 2
1231 3890 1251 3907 c.
1266 3890 1273 3906 1
1299 3881 1329 3906 Et
1344 3878 1380 3905 ob
1394 3887 1452 3904 eam
1465 3879 1567 3904 cansam
1580 3878 1647 3905 vrbe
1660 3880 1768 3913 relicta,
1796 3880 1869 3908 Rura
1883 3885 2065 3915 peragrantes,
2091 3878 2162 3909 saepe
2179 3875 2230 3901 soll

86 3914 128 3935 PE
140 3915 159 3935 R
169 3914 276 3946 AEQY
286 3917 324 3946 0,
361 3917 415 3940 are.
465 3913 585 3948 [ἔξισόω]
628 3913 740 3945 Aequum
751 3912 847 3944 facere.
885 3914 992 3942 Colum.
1008 3924 1029 3947 3,
1043 3923 1054 3946 3
1074 3915 1107 3941 Et
1166 3917 1262 3943 sumus.
1351 3915 1433 3941 Saltus
1447 3921 1568 3948 peragrat
1582 3914 1707 3942 Dictaeos
1727 3916 1803 3950 Virg.
1816 3918 1883 3943 Aen.
1907 3930 1922 3949 a,
1937 3924 1978 3950 72.
2059 3948 2063 3952 ι
2087 3912 2229 3942 ΡθΐᾶἑέΓόῐθ

49 3944 118 3979 ³P¹¹d
139 3953 181 3970 ¹¹¹0
193 3945 339 3980 Ofiogeme
356 3948 449 3986 stirpes
467 3949 559 3978 inlitae
579 3949 649 3976 111(ῐὸ
661 3947 802 3978 biennium
813 3949 932 3987 septenos
946 3951 1035 3978 culeos
1048 3959 1107 3986 per·
1167 3954 1242 3978 etiam
1256 3951 1351 3977 dicitur
1365 3952 1394 3975 de
1408 3951 1577 3985 nauigatione.
1616 3951 1707 3978 lustin.
1724 3961 1754 3984 12,
1770 3960 1809 3986 ιο,
1824 3962 1833 3980 1
1858 3951 1914 3987 Ipse
1929 3960 1988 3978 cum
2005 3947 2135 3987 letftiffima
2149 3953 2228 3972 manu

50 3986 201 4018 “quamn
237 3981 345 4017 1dem3,
357 3993 382 4018 9·
1118 3988 1280 4018 tosnauibus
1295 3984 1437 4050 consfienlis
1453 3985 1544 4013 oceani
1557 3986 1636 4016 litora
1649 3993 1780 4023 peragrat.
1879 3987 1936 4015 Cic.
1949 3994 1999 4021 pro
2011 3982 2109 4041 M¹¹⁰¹p'·
2121 3987 2228 4043 322ng

383 4019 391 4028 ⁸
1322 4030 1334 4052 ς
1392 4030 1405 4049 2
2090 4026 2119 4043 re
2176 4026 2182 4043 1
