2517 4231
458 194 682 240 NER

480 286 563 315 Plaut.
576 285 658 315 Milit.
670 293 699 318 4,
713 289 737 316 8,
749 291 775 315 3²
806 281 868 309 Heu
883 281 951 309 iiiilii
960 302 969 315 ,
988 291 1093 318 nequeo

585 322 654 349 ΛΜ.
667 320 736 347 Ter.
752 318 817 344 Hec.
830 326 860 351 3,
876 327 905 351 3,
924 326 963 350 25·
1036 319 1093 346 Cic.

973 354 1094 391 Nequiui

38 217 115 258 429

37 300 106 329 queo
132 290 201 319 Hor.
214 290 296 318 Serm.
311 297 335 323 2,
346 297 373 324 1,
383 293 408 319 8.

37 329 102 363 quin
115 327 205 358 fleam,
231 335 312 361 quuui
331 324 376 352 abs
391 330 418 351 te
430 323 533 351 abeam.
848 355 853 359 ⁹
871 354 875 358 ,

38 364 128 390 Sonin.
141 363 207 398 Scip.
223 372 245 395 ¹3
264 370 307 393 c.5
332 361 405 388 Sicut
418 360 518 387 intueri
530 359 611 387 solem
624 355 762 383 aduersum
773 360 899 389 nequitis.

35 396 112 434 Virg-
125 399 190 426 Aen.
204 400 231 431 6,
241 405 298 429 507.
369 397 438 424 Hor.
447 396 530 423 Sei-in.
547 403 608 455 ᾗς,
619 398 653 427 78

253 445 258 452 ¹
430 447 476 452 —
531 439 547 457 u
559 437 573 455 a
586 436 618 454 ne
625 447 635 461 ‚
823 460 829 465 Π

189 467 301 496 Perduci
322 467 437 503 poterit,
455 440 614 498 tampfrugi,
639 467 747 497 tamque
765 460 878 497 pudica,

191 505 280 538 Qiani
299 504 428 539 nequiere
443 501 517 538 proci
536 499 612 527 reelo
630 497 763 533 depellere
783 498 876 523 cursu?

35 539 180 576 Nequibo,
193 540 312 574 fizturum
324 540 462 574 antiquum.
532 536 737 574 ι110101.1,.381
774 547 820 554 --
845 531 988 559 concedere
1006 539 1092 566 porro

36 577 98 610 Qio
110 582 235 611 poterunt
249 575 349 608 vndae,
369 582 450 609 quum
463 571 543 607 pisces
556 571 596 597 ire
608 569 775 605 nequibunt?
933 565 953 604 q
985 575 1000 593 2
1038 567 1092 592 Ne-

35 617 134 647 queunt
147 611 236 638 Festus
249 611 431 647 interpretator
442 616 497 635 non
510 611 583 635 eunt.

34 647 130 682 Neque
143 653 216 674 eunt.
497 677 503 683 ·
659 677 666 681 -
937 673 942 677 1

71 689 228 722 ΝΕΟχνῐΕ
240 687 303 714 Ns,
321 679 397 706 entis.
434 679 528 705 Partie.
577 678 709 703 Aminian.
726 684 766 708 ις,
785 678 817 703 26
857 671 1033 700 Hannibalem
1047 670 1091 698 ad.

33 718 107 753 sequi
120 718 255 753 nequiens.
310 714 381 748 Confi
396 713 496 741 Sallust.
509 714 614 747 Fragm.
631 722 643 739 2
664 721 724 738 cuni
737 710 828 739 Sched.
841 708 942 747 Daniel,
956 707 996 733 ed.
1018 716 1042 741 p.
1058 715 1091 739 5¹·

34 754 133 781 Auson.
147 753 251 782 Profesll
267 760 295 784 2,
315 758 354 783 29.
390 757 415 776 et
434 749 511 784 Apul.
530 748 631 775 Florid.
645 758 669 783 p.
688 756 728 780 343
750 748 812 774 Elm.
831 746 882 784 Gu.
898 744 961 770 lirit.
977 751 1014 776 11,
1034 750 1090 778 723.

34 791 136 818 Plorat.
172 787 270 816 Arnob.
286 794 294 812 1
308 794 334 820 p.
343 793 366 818 13
394 785 528 812 Caecitate
542 785 656 819 ingenua
669 783 826 818 nequiunece
839 779 939 806 videre.

67 831 91 852 N
102 831 120 853 Β
131 831 199 864 ἦν]
209 830 232 850 N
243 828 263 849 Ο
274 828 296 848 Ν
309 827 344 848 Τ.
381 822 494 856 Arm'que
508 827 554 855 pro
568 822 708 855 Nequeunt.
745 816 840 845 Festus.

68 860 314 899 Ners'rVM,
340 863 364 882 et
390 859 617 896 quvirvn.
652 854 702 887 [ἐκ
714 850 829 891 ἰδνώθη]
871 851 924 890 'Pro
939 851 995 876 Non
1006 848 1089 884 post,

29 897 150 923 dixerunt
162 901 264 920 veteres.
337 892 480 925 Pacuuius,
501 891 550 919 Sed
565 899 648 927 quum
661 886 783 915 contendi
797 891 954 926 nequitum,
975 891 1003 911 vt
1023 885 1089 911 clam

30 929 186 959 intendenda
199 928 234 955 est
248 928 331 964 plaga.
405 929 488 955 Plaut.
501 928 530 954 in
544 927 696 959 Satyrione,
715 921 823 949 Retrahi
837 928 964 956 nequitur
978 930 1090 957 quoquo

28 965 157 1002 progressa
168 964 204 991 est
218 965 304 991 semel.
362 965 436 999 Conf.
450 963 518 990 Rud.
533 971 567 995 4,
580 971 610 993 4,
628 969 666 990 24·
997 993 1001 997 1
1064 993 1068 997 .

27 1001 59 1029 Id
72 1000 210 1036 nequitum
223 1000 391 1035 exaugurari.
439 1000 494 1026 Vid.
508 996 573 1024 Fest.
588 993 689 1022 Sallust.
707 993 829 1028 Iugurth.
851 1001 873 1018 c.
888 1002 910 1025 3¹
949 992 1090 1027 (Qudquid

26 1036 80 1064 fine
91 1036 215 1070 sanguine
230 1036 330 1062 ciuium
344 1035 432 1063 vlcisci
445 1032 588 1068 nequitur,
612 1031 671 1057 iure
684 1029 783 1056 saelum
799 1028 838 1069 sit.
904 1029 989 1070 apul.
1010 1029 1089 1063 Apol.

27 1080 54 1108 p.
68 1081 107 1105 332
133 1072 194 1098 Sola
207 1071 362 1105 virginitas,
381 1079 440 1097 cuni
452 1067 532 1094 semel
545 1072 648 1102 accepta
662 1065 713 1099 est,
741 1064 817 1091 reddi
831 1072 964 1099 nequitur.
1041 1099 1046 1104 ⁸

63 1115 86 1135 N
95 1113 112 1134 Ε
121 1114 173 1147 qv
183 1114 209 1141 1,
234 1113 279 1142 pro
287 1108 326 1132 Ne
338 1105 408 1140 quis,
428 1105 472 1130 vel
483 1105 523 1130 Ne
535 1103 636 1137 aliquis.
710 1102 798 1141 Varro
812 1101 844 1127 R.
858 1101 889 1126 R.
903 1109 933 1133 2,
947 1109 961 1132 4
994 1099 1090 1126 Altitu-

26 1143 97 1170 dinis
110 1142 205 1170 modus
217 1141 264 1175 fit,
293 1140 374 1175 nequi
385 1139 517 1176 porcellus
530 1147 546 1165 a
557 1143 641 1166 matre
654 1142 831 1173 opprimatur.

25 1181 192 1254 vicsstgi.QVI
200 1219 219 1242 c
231 1219 281 1250 Qv
290 1219 313 1240 A
323 1218 350 1239 M
358 1232 366 1244 ‚
384 1211 427 1238 vel
447 1217 470 1237 N
479 1218 496 1239 E
505 1217 558 1246 Qv
569 1218 579 1237 1
587 1216 606 1236 n
616 1216 668 1250 qv
677 1216 700 1236 A
708 1215 744 1236 M.
781 1207 848 1248 Adii.
884 1205 1088 1246 [hammam]

27 1251 47 1278 i.
67 1251 178 1286 Frustra.
251 1250 315 1276 Her.
328 1248 423 1274 Heaut.
437 1256 461 1280 2,
475 1255 499 1280 3,
514 1256 556 1279 ¹03
583 1249 636 1281 Age
649 1244 748 1278 modo',
768 1244 851 1271 hodie
865 1244 924 1270 sero
937 1252 966 1270 ae
981 1252 1088 1283 nequic-

27 1295 107 1320 quam
121 1286 203 1313 voles.
274 1285 335 1312 Liu.
349 1293 368 1317 1,
380 1292 412 1316 30
437 1283 568 1317 Vtrinque
582 1281 698 1310 iniuriae
712 1280 807 1312 faciae,
827 1289 856 1306 ac
863 1289 903 1306 res
910 1287 1088 1314 nequicquam

27 1328 103 1349 erant
116 1321 249 1357 repetitae.
745 1352 750 1357 η
938 1351 942 1355 .

26 1358 116 1392 sapere
127 1357 285 1392 sapientem,
310 1355 356 1389 qui
373 1355 427 1389 ipse
439 1353 487 1381 fibi
501 1354 618 1389 prodesse
637 1362 693 1380 non
706 1356 805 1387 quiret.
878 1351 960 1378 Talia
981 1359 1087 1385 nequic-

26 1402 106 1428 quam
121 1393 225 1429 questus
255 1391 336 1418 Ouid.
354 1391 418 1418 Met.
432 1399 472 1424 13,
489 1396 546 1423 870.
619 1390 681 1416 Heu
700 1388 779 1415 tantis
796 1387 973 1422 nequicquam
998 1392 1088 1422 erepte

25 1429 132 1465 periclis
162 1429 238 1462 Virg.
253 1429 317 1454 Aen.
332 1435 361 1460 3,
374 1435 420 1460 711.
578 1423 599 1463 ἦ
621 1433 637 1451 2
673 1426 734 1450 Cum
755 1423 909 1450 vehementia
927 1424 1034 1458 quadam
1047 1433 1088 1449 nc-

21 1471 87 1501 gat,
105 1471 138 1490 vt
155 1464 344 1498 Nequaquam.-
399 1461 456 1488 Cic.
470 1461 553 1488 Ture.
568 1471 585 1494 1,
600 1469 628 1494 75
648 1469 670 1487 c.
682 1469 706 1493 3¹
743 1460 884 1487 Secernere
897 1466 984 1486 autem
999 1467 1013 1484 3
1027 1467 1087 1485 eor-

26 1509 93 1536 pore
106 1499 240 1532 animuin,
255 1499 433 1534 nequicquam
441 1497 515 1524 aliud
528 1497 574 1529 est,
588 1505 666 1530 quam
681 1495 767 1522 emori
782 1495 889 1522 discere.

25 1537 149 1562 laudatur
161 1535 238 1570 Virg.
253 1535 350 1569 Georg.
359 1543 367 1560 1
377 1554 384 1567 ,
398 1543 438 1568 193
472 1533 657 1567 Nequicquam
672 1532 781 1567 pingues
794 1531 866 1566 palei
880 1536 946 1556 teret
958 1538 1019 1555 area
1032 1529 1088 1556 cul-

26 1580 94 1598 mos.
151 1571 232 1606 Potest
244 1569 341 1597 frustra
353 1578 377 1597 et
395 1570 434 1595 hic
441 1569 602 1604 fignifirme:
636 1568 741 1603 pingues
755 1567 830 1593 culmi
836 1565 892 1602 sola
902 1566 976 1601 palea
984 1565 1087 1601 fi‘fflm

8 1623 9 1626 =
27 1613 163 1641 teruntur,
182 1607 298 1641 quianon
312 1606 436 1632 exteritur
442 1605 617 1639 frumentum:
639 1610 705 1629 certe
715 1602 818 1639 frustra
833 1603 937 1638 plngues
949 1600 1011 1637 sunt
1024 1601 1087 1626 tales

25 1642 110 1674 culmi,
123 1648 242 1677 quantum
254 1643 291 1667 ad
300 1643 412 1677 paleam,
438 1649 484 1666 non
499 1639 655 1675 respondente
666 1648 807 1678 'granorum
817 1639 939 1678 ‘pondera
1018 1637 1087 1662 Hor.

635 606 728 641 Nempe
746 604 843 631 inuenit
861 604 950 638 Nequ'
967 607 1030 628 eunt
1043 606 1091 636 pro
1108 601 1147 637 rof

721 959 752 983 Et
765 957 832 984 Cato
849 958 995 992 Originum
1018 957 1064 984 lib.
1080 966 1131 986 120

888 1138 937 1162 Sed
953 1135 1039 1162 melius
1050 1137 1089 1161 di.
1095 1148 1127 1175 23

320 1319 376 1346 Cic.
392 1318 445 1345 Off.
454 1328 474 1351 3,
488 1321 519 1345 62
539 1326 600 1351 0.1ς
634 1318 672 1344 Ex
692 1324 747 1352 quo
766 1316 883 1349 Ennius,
909 1315 1085 1355 nequicquam
1094 1328 1126 1352 30

961 1496 1010 1520 Sed
1023 1495 1090 1529 quod
1105 1509 1131 1533 35

1567 196 1614 239 N
1667 197 1716 238 E·
1756 199 1790 241 R
2138 219 2217 261 430

1154 286 1250 315 Martis
1264 286 1405 315 diceretur.
1451 300 1499 309 —
1515 287 1617 316 Ennius
1635 289 1664 316 in
1678 289 1767 325 primo
1780 290 1871 317 annali
1886 292 1913 318 111
1928 294 1980 322 1100
1993 298 2070 325 versu
2084 298 2217 325 Nerienem

1153 323 1279 349 Mauortis
1293 330 1315 361 st
1324 324 1447 357 Hei-clem,
1465 323 1493 355 si,
1506 324 1578 360 quod
1594 325 1707 352 minime
1721 326 1947 359 solet,numerum
1962 332 2076 360 seruauit
2100 334 2216 368 primam

1155 356 1279 397 syllabam
1294 358 1418 398 intendit,
1438 360 1546 387 tertiam
1560 361 1702 397 corripuit.
1773 377 1820 382 -—
1836 364 1866 389 In
1878 355 2086 395 Commentario,
2099 370 2218 403 quodam

1154 392 1358 432 SeruiiClaudii
1372 395 1499 430 scriptum
1513 397 1677 430 inuenimus,
1695 398 1774 424 Nerio
1786 397 1896 434 dielam,
1918 401 1989 434 quasi
2006 404 2104 438 Nea-io,
2113 406 2161 431 hoe
2172 406 2219 438 esl,

1153 427 1207 455 sine
1228 435 1268 453 ira
1281 434 1307 454 et
1321 438 1380 455 curn
1395 430 1565 464 placiditate3
1596 438 1623 460 vt
1637 443 1670 460 eo
1685 434 1796 460 nomine
1808 433 1900 460 mitem
1917 437 2142 472 tranquillumque
2158 441 2218 467 sieri

1153 463 1268 504 Martem
1282 472 1421 497 precemur
1456 482 1502 488 —
1521 470 1598 502 llaec,
1620 477 1643 495 et
1656 471 1774 504 quaedam
1786 479 1848 504 quae
1856 470 1985 504 omisimus,
1998 472 2111 500 Gellius.
2148 477 2219 502 Fiam

1153 497 1329 534 rfflituendum
1343 500 1385 538 hoc
1398 509 1481 527 nomen
1495 504 1567 529 etiam
1576 505 1709 532 Martiano
1719 505 1842 540 Capellae
1864 515 1872 532 1
1882 515 1908 541 p.
1921 509 1947 533 16
1964 507 2219 542 proNei1erita,v.v.

1192 540 1214 559 N
1224 539 1241 559 E
1252 540 1271 560 R
1279 541 1291 574 3
1302 541 1328 568 s,
1345 534 1404 560 ldis.
1441 536 1459 563 f.
1496 539 1594 565 Montis
1607 541 1705 576 Argiai
1719 550 1813 568 nomen.
1852 542 1913 569 Stat.
1921 541 2013 570 Theb.
2025 553 2050 576 4,
2062 551 2102 578 47·

1188 574 1238 595 ΝΕ
1248 575 1267 595 R
1277 577 1286 596 1
1298 576 1320 596 T
1330 576 1366 610 A,
1387 578 1424 596 30.
1444 579 1468 597 et
1482 579 1627 612 Nlssss'l’E,
1644 585 1679 602 es.
1701 576 1720 603 f.
1759 577 1870 603 conchae
1883 578 1996 604 marinae
2004 588 2094 615 genus.
2119 580 2185 607 Plin.
2193 590 2219 616 9,

1154 613 1179 637 33
1198 605 1217 631 s.
1228 612 1256 639 52
1295 605 1432 640 Nauigant
1445 615 1476 632 cx
1491 607 1532 634 his
1547 611 1656 642 neritac,
1675 612 1884 647 praebentesque
1895 622 2037 641 concauam
2049 614 2090 641 sui
2103 622 2219 650 partem,

1154 646 1180 667 et
1192 648 1272 667 aurae
1285 648 1462 681 opponenteS,
1481 651 1529 676 per
1542 645 1641 672 sumina
1655 655 1803 680 aequorum
1818 648 1962 677 velificant.
2005 651 2079 677 Vetus
2091 653 2218 688 exemplar

1153 676 1226 702 babet
1237 677 1367 702 Veneriae
1380 687 1386 703 :
1412 679 1478 711 quod
1490 681 1583 714 recepit
1596 681 1670 708 etiam
1684 684 1841 712 lim-doinus.

1191 717 1238 738 NE
1249 718 1270 739 R
1280 717 1291 738 1
1302 718 1323 738 T
1334 717 1355 738 Ο
1365 719 1394 746 S,
1411 714 1429 739 i.
1466 713 1480 747 [
1492 714 1612 751 Νήριτος]
1652 717 1736 752 Insula
1749 717 1781 751 <st
1798 725 1872 754 prope
1885 721 2057 755 Zacynthum,
2073 722 2220 749 Dulichium

1154 754 1178 773 et
1190 748 1307 787 Itlyacam.
1364 750 1438 774 Hanc
1450 758 1466 774 a
1474 750 1563 775 Laerta
1570 750 1650 786 fuiffe
1661 759 1757 787 captam
1770 754 1808 779 ait
1816 756 1904 781 Strabo
1916 766 1947 783 ex
1954 758 2068 784 Homero.
2142 758 2182 795 Est
2193 765 2219 785 et

1153 783 1283 844 llxlieritos,
1319 784 1394 810 Mons
1411 785 1440 809 in
1454 786 1559 816 Ithaca,
1594 793 1624 812 vt
1645 789 1723 813 eodem
1734 788 1784 814 loco
1796 791 1864 815 docet
1877 791 1974 819 Strabo.
2049 792 2118 822 Plin.
2138 804 2169 827 4,
2186 803 2219 822 12.

1181 827 1222 844 lnc

1191 860 1215 894 N
1226 861 1243 881 E
1255 861 1275 882 R
1287 861 1328 896 1'T
1338 862 1348 881 1
1357 860 1412 888 vs,
1420 864 1443 889 a,
1451 864 1506 883 um.
1521 856 1580 883 Adi.
1616 857 1770 897 [Napis-foe]
1807 860 1864 897 Q⁰
1876 863 1972 888 nomine
1984 865 2089 899 Vlyffim
2095 864 2217 901 intelligit

1154 890 1237 930 Ouid.
1249 891 1336 931 T¹'¹st:
1349 900 1368 923 1,
1379 902 1402 924 4,
1422 899 1453 927 57
1490 893 1542 919 Pro
1557 892 1622 919 duce
1631 893 1743 920 Neritio
1756 894 1829 921 110611
1844 895 1911 923 mala
1924 898 2011 925 nostra
2019 900 2114 927 Poetae
2150 901 2218 929 Scri-

1154 926 1224 953 bite:
1244 927 1356 954 Neritio
1369 936 1431 954 nam
1445 928 1512 955 111313
1528 929 1603 963 plura
1618 929 1679 956 tuli.
1740 930 1842 957 Domus
1850 931 1973 960 Neritiae
1989 935 2070 963 Ouid.
2083 937 2146 964 Mct.
2155 946 2176 970 13
2195 946 2218 968 ς.

1154 963 1244 989 Proles
1258 963 1381 996 Neritia,
1403 964 1555 999 Saguntini,
1572 965 1616 997 qui
1630 965 1729 991 Nerito
1743 967 1843 993 deducti
1856 968 1935 995 coloni
1941 969 2051 1002 fiaerant
2070 972 2115 999 Sil.
2130 981 2154 1006 2,
2166 958 2217 1009 317.

1157 999 1214 1025 Vid.
1231 998 1357 1026 Drakenb.
1464 1000 1541 1026 Rates
1556 1000 1680 1027 Neritiae
1709 1001 1791 1029 Ouid.
1806 1003 1883 1029 Rem.
1898 1003 1992 1032 Amor.
2007 1007 2058 1039 265.

1189 1041 1212 1060 N
1222 1041 1238 1060 E
1250 1041 1268 1060 R
1279 1041 1289 1059 1
1298 1041 1319 1059 ν
1328 1041 1353 1061 Μ
1362 1055 1370 1067 ,
1390 1034 1408 1061 1.
1428 1044 1455 1062 n.
1490 1034 1603 1070 [νήφων]
1640 1037 1736 1063 Frutex
1749 1037 1786 1064 est
1798 1038 1872 1064 foliis
1887 1040 2053 1075 amygdalae,
2076 1042 2119 1070 sed
2133 1043 2217 1071 maio-

1153 1069 1227 1096 ribus
1243 1075 1268 1096 et
1281 1069 1470 1105 pinguioribus
1486 1081 1492 1097 :
1509 1071 1575 1098 folia
1587 1072 1647 1097 eius
1661 1072 1876 1108 quadrupedibus
1889 1075 1947 1101 sunt
1959 1086 2101 1105 venenum.
2145 1079 2217 1108 Rho.

1153 1104 1296 1140 dodaphne
1309 1106 1373 1132 alias
1395 1106 1493 1133 dicitur
1518 1107 1586 1135 Plin.
1599 1116 1645 1140 24,
1667 1117 1696 1135 11.
1740 1111 1796 1135 Virl.
1811 1111 1930 1136 Lochneri
1941 1111 2057 1141 Nerion.

1191 1148 1213 1168 N
1224 1148 1241 1168 F.
1254 1147 1274 1167 R
1288 1148 1308 1168 ο
1318 1163 1326 1175 ,
1347 1142 1415 1169 onis.
1436 1151 1473 1169 111.
1509 1143 1522 1177 [
1535 1144 1636 1179 Νέρων]
1675 1146 1714 1170 De
1728 1145 1835 1180 Origine
1847 1146 1919 1172 huius
1933 1149 2036 1175 nominis
2051 1150 2119 1176 Gell.
2132 1159 2170 1186 ¹3,
2190 1160 2214 1178 21

1152 1177 1258 1210 Nerio,
1278 1177 1331 1204 siue
1344 1179 1493 1212 Nerienes,
1513 1178 1626 1206 verbum
1640 1179 1766 1207 Sabinum
1782 1180 1833 1214 est,
1853 1189 1909 1216 quo
1919 1181 2078 1217 significatur
2090 1186 2177 1212 vii-tus
2189 1194 2215 1214 et

1151 1213 1295 1240 fortitudo.
1332 1215 1424 1249 Itaque
1437 1223 1468 1240 ex
1480 1214 1611 1248 Claudiis,
1626 1224 1692 1249 quos
1706 1216 1832 1243 aSabinis
1846 1217 1976 1246 oriundos
1990 1221 2147 1256 accepimus,
2167 1222 2214 1256 qui

1151 1255 1208 1277 erat
1227 1249 1335 1284 egregia
1354 1258 1383 1276 ac
1397 1250 1540 1285 praestanti
1554 1251 1733 1284 fortitudine,
1754 1252 1831 1279 Nero
1845 1254 1987 1288 appellatus
2003 1257 2048 1283 est.
2123 1257 2215 1284 Sabini

1151 1292 1241 1312 autem
1254 1285 1283 1312 id
1296 1294 1396 1312 nomen
1410 1286 1538 1313 aGraecis
1551 1287 1672 1321 accepisse
1684 1287 1875 1324 videntur,qui
1890 1290 1995 1318 vincula
2009 1298 2035 1319 et
2048 1291 2214 1320 firmamenta

1152 1321 1338 1348 membrorum
1351 1328 1418 1355 νεῦρα
1433 1321 1526 1349 dicunt
1539 1333 1545 1349 ι
1565 1323 1635 1349 vnde
1648 1332 1698 1350 nos
1712 1332 1819 1359 quoque
1828 1324 1922 1352 Latine
1935 1336 2032 1354 neruos
2045 1328 2214 1363 appellamus.

1154 1359 1213 1385 Vid.
1226 1359 1255 1383 de
1266 1358 1309 1384 hoc
1321 1357 1462 1393 cognomine
1475 1359 1565 1385 deinde
1579 1359 1656 1384 etiam
1670 1361 1835 1387 Praenomine
1842 1362 1929 1396 gentis
1939 1363 2060 1389 Claudiae
2075 1364 2145 1391 Suet.
2160 1364 2214 1391 Ti-

1151 1392 1208 1420 ber.
1221 1402 1243 1420 c.
1254 1403 1272 1420 1.
1293 1401 1317 1419 et
1329 1394 1421 1428 Spanh.
1436 1395 1511 1420 Num.
1525 1393 1584 1429 diffl
1593 1401 1631 1420 10.
1677 1395 1746 1422 Hor.
1762 1396 1852 1424 Carm.
1861 1406 1884 1431 4,
1897 1408 1921 1431 4,
1935 1407 1962 1432 37
1998 1399 2072 1432 Quid
2088 1399 2182 1427 debeas
2196 1398 2213 1427 ἃ

1151 1429 1237 1455 Roma
1251 1429 1410 1459 Neronibus
1482 1429 1573 1456 Testis
1586 1431 1740 1458 Metaurum
1760 1433 1869 1460 flumen.
1965 1434 2056 1462 Maior
2070 1435 2214 1462 Neronum

1149 1465 1218 1492 Hor.
1231 1465 1323 1491 earm.
1337 1474 1371 1499 4,
1392 1473 1435 1498 14,
1455 1474 1489 1505 14.
1690 1465 1710 1505 ff
1731 1476 1744 1494 2
1782 1469 1833 1495 Per
1845 1471 2041 1504 Antonomastan
2055 1472 2148 1498 quen.
2160 1472 2213 1499 Sat.

1149 1510 1174 1533 4,
1195 1506 1222 1532 38
1258 1501 1290 1527 Et
1303 1501 1379 1528 caluo
1393 1501 1505 1528 seruiret
1518 1501 1605 1529 Roma
1618 1502 1735 1531 Neroni.
1771 1503 1791 1530 i.
1814 1505 1966 1538 Domitiano,
1987 1507 2031 1541 qui
2036 1507 2131 1540 similis
2143 1508 2213 1542 inge.

1149 1536 1317 1576 niostfaflis
1331 1536 1449 1570 Neroni,
1463 1537 1513 1573 sed
1523 1539 1616 1565 caluus.
1690 1539 1824 1566 Ausonius
1839 1539 1872 1567 de
1881 1549 1903 1566 12
1910 1540 1983 1568 Caes.
2021 1543 2052 1569 Et
2065 1542 2148 1569 Titus
2162 1544 2213 1570 Im-

1147 1579 1218 1634 pqerii
1239 1572 1305 1598 felix
1323 1572 1469 1606 breuitate,
1489 1573 1590 1600 secutus
1644 1575 1753 1609 Frater,
1773 1584 1854 1611 quem
1868 1575 1973 1604 caluum
1986 1577 2055 1605 dixit
2068 1578 2112 1605 sua
2126 1579 2213 1606 Roma

1178 1616 1297 1634 etonem.

1186 1650 1210 1670 N
1220 1649 1236 1669 E
1248 1649 1268 1671 R
1281 1649 1302 1670 0
1314 1650 1338 1670 N
1349 1644 1426 1674 ivs,
1446 1653 1470 1677 a,
1490 1653 1545 1671 um.
1572 1645 1634 1672 Adi.
1670 1645 1832 1682 [quoe'moc]
1868 1647 1930 1676 Stat.
1940 1648 2004 1676 Silu.
2013 1658 2063 1683 1,5,
2072 1652 2103 1676 62
2122 1649 2213 1677 Nero.

27 1677 107 1712 Epist.
116 1686 137 1710 1,
149 1687 170 1710 3,
183 1687 220 1710 13²
250 1678 291 1703 An
311 1677 380 1703 male
398 1677 464 1703 sarta
488 1675 578 1702 Gratia
593 1682 769 1708 nequicquam
782 1680 852 1705 ecit,
874 1679 900 1699 et
919 1670 1086 1699 rescinditur.
1093 1683 1132 1709 40
1150 1687 1201 1705 nea
1214 1688 1261 1705 nec
1276 1680 1323 1713 qui
1338 1679 1421 1706 modo
1435 1679 1506 1706 locus
1521 1680 1550 1706 jn
1563 1681 1649 1714 vmla,
1669 1689 1715 1708 etc.

27 1713 156 1749 Porphyr.
193 1712 395 1748 Nequicquain‚
413 1719 462 1746 pro
477 1711 555 1737 Non:
591 1716 639 1739 vt,
658 1709 733 1747 Virg.
742 1710 809 1735 Aen.
821 1717 850 1742 2,
865 1715 909 1741 545

291 1763 336 1768 -
356 1747 491 1779 telumque
505 1744 612 1770 imbelle
630 1744 683 1770 sine
703 1744 761 1770 ιὲὶιι

182 1783 321 1815 Coniecit,
340 1789 421 1807 rauco
435 1779 506 1814 quod
526 1780 648 1814 protinus
668 1787 728 1805 aere
747 1777 897 1813 repulsum,

182 1818 214 1843 Et
232 1818 336 1843 summo
354 1816 433 1850 clipei
450 1816 628 1849 nequicquam
647 1814 764 1841 vmbone
784 1814 918 1848 pependit.

22 1852 146 1886 Seruius,
165 1852 364 1888 Nequiequam‚
382 1851 455 1878 Non.
493 1853 543 1877 Sed
551 1851 591 1877 hic
603 1851 679 1877 etiam
687 1851 762 1885 prior
776 1849 819 1875 illa
831 1857 855 1875 et
862 1849 1003 1885 sollemnior
1016 1851 1083 1877 ratio

21 1887 96 1930 potest
120 1887 236 1923 intelligi.
310 1888 378 1915 Pers.
392 1896 420 1920 2,
440 1895 464 1920 51
502 1886 689 1921 Nequicquaui
713 1885 798 1913 fundo
818 1885 928 1920 suspiret
947 1895 1042 1913 numus
1055 1887 1085 1913 in

23 1933 92 1951 imo.
165 1923 370 1959 Nequidquam,
385 1922 466 1959 scribi
480 1923 581 1957 quidam
595 1923 700 1949 malunt.
764 1922 820 1949 Via'.
838 1921 957 1949 Brouckh.
969 1924 1005 1949 ad
1023 1923 1084 1950 Pro-

41 1966 90 1988 ert.
102 1969 115 1987 2
191 1980 198 1986 .
372 1966 378 1969 ’

23 1969 40 1996 Ρ
59 1980 125 2023 ΝΕ,
136 1967 249 2022 31711311
259 2001 315 2022 ΝΤ
334 2016 342 2029 ,
368 2003 418 2030 pro
433 1994 594 2028 Nequeunt,
619 1992 647 2020 id
660 1993 696 2020 cst
709 1994 775 2021 Non
789 1993 908 2028 possunt:
945 2000 992 2027 vt,
1017 1994 1085 2021 Soli-

21 2037 104 2065 nunt,
151 2031 275 2065 erimine,
300 2040 350 2066 pro
371 2030 462 2058 Solent
479 2037 505 2057 et
518 2031 623 2062 ferunt,
649 2029 772 2056 dicebant
788 2029 902 2062 antiqui.

22 2067 142 2101 Odyssea,
161 2067 258 2094 Partim
270 2072 354 2099 erant,
374 2074 460 2099 neque
473 2065 701 2098 nuncnequinunt
714 2063 852 2090 Graeciam
867 2063 964 2089 redire.
986 2063 1083 2090 Festus.

59 2110 84 2130 N
94 2109 112 2128 E
123 2108 232 2140 QVIS,
252 2110 352 2135 nequa,
369 2100 477 2134 nequod
493 2101 535 2125 vel
549 2099 657 2133 nequid.
694 2097 802 2132 [wirne]
859 2099 909 2123 Pro
927 2106 956 2122 ne
975 2098 1083 2132 aliquis,

18 2138 176 2165 ‘c-ont'unffium
186 2135 273 2171 paffim
286 2135 400 2160 inuenitis
411 2155 419 2168 ,
439 2135 504 2168 quot!
515 2135 601 2160 melius
611 2134 746 2160 diuiditur.
817 2132 887 2160 Ter.
902 2133 998 2159 Heaut.
1012 2142 1037 2172 2,
1055 2143 1066 2165 3
1075 2153 1084 2165 ‚

22 2180 52 2205 28
79 2174 139 2200 Hoc
152 2172 267 2206 primum
277 2192 285 2204 ,
306 2176 334 2197 vt
352 2171 452 2204 nequid
465 2169 544 2196 huius
555 2178 647 2196 rerum
660 2169 783 2204 ignores,
801 2177 865 2195 anus
878 2177 945 2202 quae
958 2168 995 2194 est
1013 2168 1084 2195 111013

22 2215 107 2237 mater
120 2209 168 2235 effe
181 2208 206 2234 ei
219 2214 279 2233 ante
292 2206 356 2239 hac,
374 2215 429 2232 non
443 2206 503 2233 fuit.

23 2246 104 2271 tentia
131 2245 296 2279 peruulgata,
334 2250 384 2274 qua
405 2243 564 2266 admonemur
584 2240 613 2264 in
644 2240 714 2264 relius
734 2240 842 2264 omnious
861 2240 956 2264 modom
968 2240 1082 2274 seruare.

23 2280 95 2308 Ter.
107 2278 188 2306 Andr.
202 2287 221 2312 1,
237 2288 260 2311 1,
273 2286 300 2310 34
330 2277 402 2304 Nam
416 2274 445 2302 id
457 2274 576 2302 arbitror
588 2274 709 2310 apprime
722 2274 751 2301 in
763 2273 819 2301 vita
830 2274 879 2301 esse
890 2274 971 2308 vtile,
998 2281 1026 2302 vt
1038 2283 1084 2301 ne-

24 2315 89 2352 quid
106 2315 195 2341 nimis.

62 2355 299 2390 NEQVITER,
317 2352 554 2387 NEQVITIA,
573 2354 618 2374 etc.

423 2420 658 2454 NER

62 2488 113 2520 N'r’:
121 2487 197 2520 R‘Ev
206 2498 234 2526 s,
252 2491 287 2519 ei.
314 2501 349 2519 m.
383 2490 510 2527 [Νηρεδς]
546 2491 666 2517 Marinus
679 2492 750 2524 deus,
772 2490 866 2517 Oceani
876 2498 901 2516 et
918 2490 1021 2525 Tethyos
1027 2491 1083 2526 fili-

26 2538 70 2563 us,
89 2529 133 2563 qui
145 2538 176 2554 ex
181 2527 266 2563 sorore
279 2530 374 2555 Doride
386 2529 509 2555 Nereidas
521 2527 704 2563 quinquaginta
711 2527 801 2563 genuit
810 2546 818 2558 ,
843 2536 904 2561 quas
916 2526 1023 2561 recenset
1034 2529 1085 2553 Ho-

24 2573 103 2591 merus
114 2563 212 2591 litatis
234 2572 245 2579 ¹*
267 2584 274 2591 .
1064 2563 1069 2568 ”

23 2609 56 2626 ex
69 2609 134 2634 aqua
145 2606 202 2625 orta
211 2570 339 2634 filitiani.
395 2601 445 2626 Pro
457 2601 524 2625 mari
532 2597 621 2634 paffim
629 2605 724 2634 ponunt
736 2599 834 2624 Poetae.

25 2645 56 2669 9⁴
89 2635 120 2662 Et
139 2635 185 2671 qui
206 2635 355 2662 caeruleum
374 2634 518 2662 dirimebat
538 2635 628 2661 Nerea
648 2633 766 2669 delphin.

24 2670 115 2698 Theb.
129 2681 141 2703 5
151 2691 159 2705 ,
178 2680 217 2704 49.

23 2707 164 2734 Violentus
184 2706 265 2734 Ouid.
273 2708 372 2742 Met.i2‚
381 2717 418 2741 24.

59 2743 216 2776 11113κέ15,
233 2743 300 2771 idos.
337 2751 360 2770 et
390 2743 425 2778 pl.
445 2748 497 2770 ΝΕ
509 2749 553 2768 RE
565 2740 666 2776 inas,
686 2751 741 2769 um.
766 2742 786 2768 f.

22 2779 147 2805 interdum
161 2778 307 2813 Nereides,
327 2780 401 2814 quast
410 2778 485 2814 cffinc
497 2778 629 2813 Νηρείδες]
666 2778 817 2810 Patronym.
854 2780 879 2804 A
895 2778 1002 2811 Nereo,
1022 2778 1081 2812 fue-

21 2820 82 2840 runt
95 2814 173 2840 maris
184 2815 318 2850 nymphae,
341 2816 471 2841 humanam
483 2815 588 2848 effigiem
601 2814 725 2841 habentes.
799 2813 880 2841 Ouid.
894 2815 958 2841 Met.
974 2822 1008 2847 11,
1032 2819 1081 2847 380

21 2849 70 2877 Sed
84 2858 188 2877 memor
200 2850 298 2877 adinisli
313 2849 433 2878 Nereida
445 2849 550 2884 colligit
564 2848 667 2876 orbam.
739 2848 777 2876 Id.
791 2849 856 2876 ibid.
870 2858 908 2882 13,
931 2858 994 2884 749.
1048 2851 1081 2876 Et

21 2891 64 2917 858
91 2886 119 2912 in
132 2884 257 2912 'cantilena
271 2886 430 2922 Polyphemi,
449 2886 536 2913 Nerei
548 2892 573 2912 te
588 2894 699 2912 vereor:
735 2891 780 2912 tua
793 2885 906 2912 fulmine
924 2886 1028 2912 saeuior
1041 2886 1081 2912 ira

21 2921 66 2949 est.
123 2921 207 2948 Nerei
220 2922 351 2948 Vocatium·
363 2921 403 2958 est.
476 2922 546 2948 Deae
558 2920 698 2948 Nereides.

18 2957 205 2992 Nereidesque
221 2957 306 2991 Deae,
323 2958 527 2991 Nereidumque
542 2965 624 2992 pater.
697 2956 851 2992 Aequoreae
883 2958 969 2985 Catul.
984 2960 1029 2993 62,
1049 2966 1082 2988 15-

22 2993 80 3019 Cic.
93 2993 122 3019 in
136 2993 207 3020 Arat.
220 3002 266 3025 450
294 2994 369 3021 Hanc
382 2993 424 3021 illi
438 2993 561 3020 tribuunt
575 3000 688 3028 poenam
702 2993 833 3020 Nereides
848 2994 942 3021 almae.
998 2995 1082 3021 Lasci-

20 3036 70 3055 vae
100 3028 192 3056 Claud.
206 3028 235 3055 iu
255 3029 365 3064 praefat.
378 3038 399 3056 2.
420 3030 449 3056 in
462 3030 570 3064 Eutrop.
584 3031 625 3058 68.
716 3029 833 3056 Ouantes
866 3030 939 3057 Idem
951 3029 983 3056 de
998 3030 1082 3066 Nupt.

14 3064 152 3097 ⁷Hon.283.
224 3064 330 3091 Virides
357 3065 438 3092 Ouid.
451 3065 530 3100 Epist.
544 3074 556 3095 5
566 3085 574 3098 ,
589 3074 627 3097 57.
700 3065 806 3101 Elegans
821 3065 854 3102 est
872 3065 964 3092 libellus
984 3067 1024 3092 M.
1038 3067 1081 3093 Fr.

24 3100 140 3126 Loclmeri
147 3120 156 3133 ‚
174 3100 297 3134 Nerion,
321 3110 367 3136 quo
382 3101 467 3129 Nerei
479 3109 502 3127 et
516 3100 666 3128 Nereidum
678 3101 828 3136 mythologia
840 3102 990 3136 explicatur.

60 3141 84 3160 N
94 3141 111 3161 E
121 3135 192 3163 111Ξῖ
202 3142 223 3162 V
234 3143 264 3170 S,
283 3145 314 3170 a,
335 3146 389 3164 um.
424 3137 484 3164 Adi.
539 3136 621 3163 Ouid.
641 3137 705 3164 Met.
721 3144 754 3170 13,
773 3139 814 3163 162
846 3137 961 3164 Praescia
974 3138 1081 3164 venturi

25 3170 145 3204 genetrix
157 3172 257 3199 Nere'i'a
275 3173 328 3199 leti.
348 3173 367 3200 i.
388 3173 482 3200 Tethis.
536 3172 637 3200 Nereia
650 3172 743 3206 turba,
763 3173 781 3198 i.
794 3174 924 3208 Nymphae
943 3173 1020 3206 Sil.7‚
1031 3177 1082 3206 416.

65 3207 192 3233 ΝΕἎῙΝ
204 3213 291 3241 Ε,,05.
310 3208 330 3236 f.
369 3210 520 3241 Patronym.
558 3209 682 3243 [Nuptiis]
739 3208 816 3243 Virg.
828 3209 880 3236 Ecl.
893 3218 916 3243 7,
928 3219 954 3242 37
975 3210 1080 3237 Nerine

26 3239 136 3280 Galatea
146 3240 235 3273 thymo
246 3244 314 3271 mihi
330 3244 435 3272 dulcior
447 3244 558 3277 Hyblae.

664 2347 724 2374 Vid.
742 2354 766 2374 N
775 2353 792 2374 E
801 2352 852 2386 qv
861 2351 883 2372 A
894 2351 931 2372 M.

891 2599 957 2624 Hinc
971 2598 1038 2625 Pers.
1058 2608 1083 2634 1,

838 2633 988 2660 Profundus
1021 2634 1084 2662 Stat.

289 2671 417 2706 Spumeus
436 2671 541 2698 Nereus
562 2671 644 2697 saeuit
664 2669 774 2697 tridenti
805 2669 881 2704 Virg.
897 2670 962 2701 Aen.
979 2679 1007 2703 2,
1028 2679 1082 2704 419·

491 2706 592 2733 Orbem
602 2712 689 2733 totum
696 2706 872 2733 circumsonat
885 2705 922 2732 Id.
931 2704 996 2732 ibid.
1005 2714 1025 2739 1,
1034 2711 1081 2739 ¹87·

64 3280 88 3302 N
100 3282 165 3302 ERI
178 3282 201 3303 A
212 3297 221 3309 ‚
239 3284 262 3303 N
272 3278 317 3306 ἐκ
328 3288 338 3308 1
347 3287 382 3315 Ο,
403 3282 447 3308 vel
468 3287 491 3307 N
504 3279 522 3308 ἐ
531 3287 550 3308 R
560 3288 570 3307 ῐ
581 3282 599 3307 ἑ
610 3286 633 3307 Ν
643 3286 678 3317 E,
697 3289 732 3308 es.
753 3279 773 3306 f.
811 3280 944 3317 [Nequam]
983 3283 1080 3308 Martis
1100 3294 1128 3319 85
1143 3296 1249 3320 vorum,
1268 3293 1340 3314 tanta
1354 3289 1390 3315 est
1403 3289 1550 3316 consolatio
1575 3289 1632 3316 Cic.
1645 3290 1717 3316 Fam.
1730 3291 1755 3322 6,
1777 3299 1793 3316 1.

25 3320 100 3339 vxanz
138 3346 143 3351 ·
157 3311 225 3338 Gell.
233 3321 265 3344 13,
275 3323 300 3341 21
325 3325 354 3342 ex
365 3317 442 3344 libris
455 3317 619 3344 sacerdotum
632 3317 726 3351 Populi
739 3316 869 3350 Romani,
894 3326 947 3343 cum
960 3317 1080 3352 nominas.

18 3347 65 3388 set
77 3347 275 3381 Nerienemque
289 3350 395 3386 Martis,
412 3353 512 3388 pergit.-
549 3354 586 3380 Ex
599 3351 695 3388 quibus
708 3352 752 3384 id,
772 3351 844 3387 quod
857 3352 1018 3386 postremum
1033 3362 1080 3387 po·

25 3383 84 3417 sui,
105 3382 137 3409 fic
150 3382 290 3423 plerosque
302 3384 386 3424 dicere
401 3388 498 3424 audio,
518 3395 547 3417 vt
561 3388 677 3424 primam
691 3388 719 3415 in
733 3397 766 3415 eo
778 3387 903 3420 syllabam
918 3389 1080 3424 producant,

25 3427 81 3454 quo
96 3419 192 3445 Graeci
208 3418 289 3445 modo
300 3419 388 3449 dicunt
400 3425 520 3456 Νηρεί-δας.
557 3425 600 3452 sed
616 3425 663 3460 qui
676 3423 760 3459 probe
772 3424 855 3450 locuti
871 3424 945 3458 sunt,
966 3425 1080 3460 primam

26 3459 177 3495 correptam
190 3453 332 3494 dederunt,
347 3458 452 3495 tertiam
465 3460 654 3496 produxerunt.
710 3460 751 3487 Est
765 3460 839 3487 enim
851 3459 939 3487 retitus
953 3462 1022 3488 casus
1035 3469 1081 3487 vo-

26 3489 114 3517 cabuli
128 3498 201 3523 eius,
220 3489 282 3516 sicut
294 3498 323 3516 in
335 3490 410 3518 libris
423 3501 540 3524 veterum
552 3497 679 3532 scriptum
692 3496 745 3529 est,
771 3497 859 3523 Nerio.
922 3497 1080 3530 Qianquam

28 3526 66 3554 M.
81 3526 170 3552 Varro
195 3541 242 3546 —
262 3534 315 3552 non
330 3527 424 3560 Nerio,
447 3529 489 3555 sed
501 3533 619 3561 Nerients
633 3533 755 3560 vocatiue
769 3531 837 3558 dixit
871 3547 918 3552 -—
943 3532 990 3559 Sed
1005 3532 1081 3558 Nerio

26 3561 195 3595 aVeteribus
210 3561 242 3588 sic
261 3561 409 3589 declinatur
426 3564 496 3597 quasi
516 3568 582 3593 Anio
638 3583 684 3589 —-
710 3567 742 3595 Id
755 3575 844 3595 autem
861 3567 914 3595 siue
928 3567 1015 3596 Nerio
1029 3566 1082 3594 siue

17 3595 158 3634 *Neriencs
172 3597 223 3630 est,
243 3597 368 3624 Sabinum
381 3597 492 3638 verbum
507 3601 558 3634 est,
582 3611 666 3638 eoque
681 3603 841 3638 significatur
865 3604 951 3630 virtus
965 3611 989 3630 et
1004 3603 1082 3629 forti-

29 3631 103 3658 mdo·
157 3634 248 3667 Imque
261 3642 294 3660 ex
308 3633 442 3666 Clau‘lfl‘,
466 3642 532 3668 quos
548 3645 563 3662 a
581 3639 683 3666 Sabinis
705 3639 835 3666 oriundos
850 3640 1012 3675 accepimus,
1033 3639 1080 3673 qui

30 3673 89 3709 erat
97 3668 199 3708 egregia
214 3675 293 3703 atque
306 3669 445 3704 praestanti
458 3669 631 3709 fortitudine,
651 3677 718 3701 Nero
736 3675 881 3710 appellatus
895 3676 931 3702 est
967 3691 1014 3695 -
1033 3676 1083 3701 Ne-

31 3711 70 3727 rio
81 3709 164 3737 igitur
175 3704 268 3731 Martis
281 3706 321 3732 vis
335 3711 361 3732 et
374 3711 490 3740 potentia
504 3711 530 3731 et
542 3708 656 3735 maiestas
668 3710 794 3745 quaedam
808 3712 857 3738 esse
870 3712 963 3738 Martis
974 3710 1083 3737 demon-

31 3737 134 3764 stratur.
204 3740 308 3767 Plautus
323 3748 411 3768 autem
430 3741 460 3767 in
479 3741 648 3769 Truculento
685 3747 729 3779 (2,
744 3749 770 3781 6,
786 3749 832 3782 34)
872 3748 1013 3780 coniugem
1033 3748 1082 3775 esse

32 3772 179 3800 Nerienem
193 3776 286 3803 Martis
300 3777 381 3810 dicit,
401 3783 478 3812 atque
492 3776 518 3802 id
530 3775 577 3802 sub
591 3779 699 3811 persona
710 3783 803 3809 militis
815 3783 844 3809 in
857 3783 908 3810 hoc
924 3783 1000 3809 versu
1008 3784 1083 3810 Mars

30 3815 133 3844 peregre
144 3812 275 3850 adueniens
282 3813 379 3846 salutat
392 3813 524 3839 Nerienem
536 3821 636 3837 vxorcm
643 3814 722 3848 suam.

33 3880 62 3906 in
78 3888 132 3913 quo
146 3880 334 3917 scriptumest,
354 3885 496 3911 Hersiliam
532 3899 578 3904 --
603 3884 640 3910 ita
654 3892 783 3918 precatam
799 3891 847 3917 esse
888 3891 969 3916 Neria
987 3892 1084 3917 Martis

31 3922 59 3941 te
70 3915 163 3950 obsecro
173 3922 255 3950 pacem
269 3921 329 3945 dare
338 3921 378 3946 vti
391 3921 468 3946 liceat
504 3935 551 3939 —
570 3921 635 3954 quod
644 3923 673 3945 de
687 3921 725 3945 tui
736 3924 842 3959 coniugis
853 3913 951 3959 zonfilio
963 3926 1067 3961 contigit
1075 3946 1085 3960 ‚

30 3950 72 3976 vti
84 3960 125 3976 nos
139 3951 232 3989 itidem,
239 3953 350 3990 integras
369 3963 485 3991 raperent
505 3957 619 3983 Martem
640 3954 802 3991 significans,
832 3969 879 3994 per
895 3961 967 3996 quod
980 3968 1086 3997 apparet

31 3999 77 4009 ,-
97 3995 155 4013 caui
168 3985 274 4023 quoque
288 3991 460 4019 traditionem
471 3991 563 4028 fuiss'e,
590 3998 617 4019 vt
636 3991 724 4019 Nerio
744 4001 758 4019 a
778 3994 934 4029 quibusdam
951 4007 1020 4026 vxor
1036 3998 1084 4026 esse
1094 4005 1138 4029 105
1149 4004 1176 4031 in
1190 4002 1363 4036 neruisfitum.
1401 4002 1457 4029 Cic.
1467 4002 1499 4030 ad
1512 4003 1685 4038 Qiiiit.Frat.
1703 4024 1711 4032 .
1729 4023 1737 4030 .

574 2205 683 2239 Nequid
696 2204 794 2236 nimis,
814 2204 899 2237 [μηδὲν
914 2202 994 2237 t'c'yau]
1025 2205 1083 2229 Sen-
1098 2216 1128 2243 53

1140 2357 1212 2392 sunt.
1249 2356 1320 2383 Suet.
1329 2356 1397 2391 Aug.
1417 2365 1438 2383 c.
1452 2367 1465 2390 4
1484 2363 1550 2383 extr.

1090 2386 1127 2412 60
1144 2391 1281 2419 mensarii.

330 2561 520 2599 Antiquiffimus
532 2564 640 2589 Deorum
654 2573 685 2589 ex
694 2572 777 2589 eorum
785 2562 930 2597 sententia,
949 2563 992 2597 qui
1002 2570 1124 2603 omn1a65
1147 2571 1263 2598 micorum
1279 2571 1476 2607 distinguamus..

843 2742 973 2776 [Νηρηίδες
991 2742 1082 2768 Latini
1087 2758 1121 2784 70

755 2921 835 2948 Ouid.
849 2923 941 2949 Amor.
955 2931 984 2955 2,
1000 2931 1038 2955 11,
1053 2923 1081 2954 36
1095 2940 1123 2964 75

1101 3477 1135 3502 90
1143 3467 1270 3495 dicemus.

1098 3658 1128 3685 95
1145 3646 1177 3673 de
1187 3647 1262 3673 Orat.
1273 3656 1293 3682 3,
1305 3653 1351 3679 138.

258 3847 262 3852 .
354 3849 358 3853 .
432 3849 436 3853 .
565 3849 570 3852 .
772 3834 818 3859 ἢ·
857 3819 886 3846 Id
901 3819 984 3854 Perfice
1001 3819 1083 3859 njflgis
1092 3838 1140 3856 100
1148 3832 1177 3852 vt
1194 3831 1289 3860 potero
1303 3836 1308 3852 :
1344 3831 1371 3852 et
1391 3831 1419 3852 tii
1434 3831 1462 3851 vt
1474 3823 1548 3858 pollis
1561 3824 1597 3851 est
1610 3832 1718 3852 tuorum
1732 3825 1887 3853 neruorum.

32 3852 111 3878 quam
126 3853 224 3872 cornice
238 3846 339 3875 1110111111
352 3848 484 3883 intelliget
493 3868 501 3881 ‚
526 3856 572 3882 qui
592 3848 658 3882 leget
670 3850 718 3876 Cn.
731 3851 811 3881 Gellii
823 3856 946 3882 annalem
959 3860 1085 3886 ternum,

1188 1721 1211 1755 Ν
1222 1721 1238 1740 E
1251 1721 1271 1741 R
1284 1723 1305 1745 0
1315 1722 1338 1741 N
1347 1723 1357 1741 1
1366 1717 1386 1742 Ᾰ
1393 1721 1418 1755 Ν
1429 1721 1484 1748 vs,
1503 1724 1528 1747 a,
1548 1725 1604 1743 um.
1626 1717 1708 1743 Aliud
1717 1717 1778 1745 Adi.
1815 1718 1829 1751 [
1836 1718 1995 1753 Νερωνιανὸς]
2031 1720 2149 1747 Martial.
2158 1731 2180 1756 7,
2188 1731 2214 1754 33

1148 1750 1224 1784 Qud
1231 1750 1342 1777 Nerone
1357 1759 1442 1785 peius,
1479 1751 1552 1785 Qid
1567 1751 1678 1778 thermis
1691 1753 1788 1780 melius
1795 1753 1979 1781 Neronianisz
2077 1756 2116 1782 De
2123 1757 2215 1784 Nero-

1147 1787 1230 1814 niano
1243 1786 1346 1821 lapide,
1366 1787 1421 1814 vid.
1437 1786 1499 1821 Voffi
1511 1788 1590 1821 Etym.
1607 1795 1634 1823 p.
1647 1797 1695 1820 34¹-
1767 1790 1886 1816 Breuiter
1893 1799 1994 1825 gemma
2006 1790 2053 1832 est,
2072 1793 2102 1817 ab
2116 1793 2214 1828 artifice

1142 1824 1250 1858 politore
1264 1824 1303 1849 ita
1316 1823 1392 1849 dida.
1430 1823 1490 1849 Vet.
1512 1823 1593 1849 Poeta
1615 1824 1644 1850 in
1657 1824 1889 1865 Corssantiniaenum
1913 1827 1954 1853 M.
1974 1835 2064 1853 vxorzs
2079 1835 2102 1853 et
2116 1828 2165 1860 filii
2176 1829 2216 1854 in-

1146 1858 1315 1892 terftflorem:
1330 1858 1436 1885 Saturni
1449 1867 1529 1885 aurea
1543 1859 1623 1886 saecla
1635 1868 1696 1894 quis
1711 1861 1845 1895 requirat?
1864 1862 1930 1889 Sunt
1945 1861 2008 1888 haec
2021 1858 2151 1898 gemmea,
2169 1863 2214 1891 sed

1147 1895 1315 1922 Neroniana.
1388 1897 1428 1920 De
1435 1894 1510 1921 dieto
1517 1895 1677 1922 Neroniano
1713 1897 1770 1923 Cic.
1784 1896 1815 1923 de
1830 1897 1904 1926 Orat.
1914 1908 1936 1932 2,
1957 1901 1993 1925 61.

1186 1936 1212 1957 N
1225 1936 1243 1957 Ε
1253 1937 1273 1957 R
1283 1938 1304 1957 v
1314 1936 1336 1957 A
1345 1950 1354 1964 ,
1373 1939 1411 1957 ae.
1432 1940 1469 1957 111.
1507 1932 1566 1957 fuit
1580 1933 1716 1967 Cognomen
1729 1932 1899 1960 Liciniorum
1913 1942 1937 1960 et
1950 1934 2130 1962 Coccei-orum
2139 1956 2150 1969 ,
2168 1936 2214 1962 du-

1148 1967 1211 1993 l‘t‘um
1224 1976 1242 1992 a
1254 1967 1356 1998 neruis,
1376 1968 1418 1992 hoc
1429 1967 1466 2002 est
1478 1977 1493 1992 a
1508 1967 1603 1999 robore,
1619 1974 1651 1993 vt
1663 1968 1766 2002 quidam
1773 1968 1901 2004 scribunt.
1939 1970 2037 1996 Cicero
2050 1970 2080 1996 in
2089 1972 2162 1998 Brut.
2171 1980 2214 2006 129

1147 2003 1179 2029 C.
1198 2003 1320 2028 Licinius
1333 2003 1426 2028 Nerua
1440 2011 1495 2028 non
1511 2001 1652 2028 indisertus
1666 2002 1728 2029 fuit.
1823 2003 1917 2030 Nerua
1930 2005 2075 2038 Cocceius,
2097 2007 2214 2032 Romano-

976 2029 1036 2055 Liu·
1054 2030 1125 2065 11150
1148 2045 1202 2061 rum
1210 2039 1348 2071 Imperator
1363 2043 1382 2061 x
1394 2043 1403 2061 1
1414 2043 1455 2066 11,
1473 2037 1559 2062 Flauio
1568 2037 1722 2068 Domitiano,
1742 2039 1783 2063 eui
1790 2037 1914 2074 succeffit‚
1934 2038 2113 2073 diffimissllimus.
2154 2042 2212 2069 Vid.

1147 2071 1216 2096 Suet.
1231 2078 1254 2096 et
1267 2071 1373 2104 reliquos
1385 2069 1516 2105 historicos.
1553 2071 1626 2106 Confi
1645 2071 1762 2099 Mai-tias.
1775 2077 1798 2105 8,
1807 2082 1848 2106 70.
1868 2081 1892 2100 et
1908 2084 1938 2109 11,
1948 2078 1973 2103 6.

1186 2111 1211 2132 Ν
1224 2111 1242 2131 Ε
1254 2112 1274 2132 R
1284 2111 1306 2132 V
1316 2112 1325 2131 1
1336 2112 1357 2141 1,
1378 2114 1466 2132 orum.
1487 2116 1522 2134 m.
1561 2106 1598 2135 Pl.
1636 2107 1765 2142 [Νέρξιοι]
1804 2108 1901 2135 Galliae
1908 2111 2023 2147 Belgicae
2030 2113 2118 2147 populi
2127 2113 2213 2140 maxi-

1146 2150 1189 2168 me
1203 2141 1272 2174 fei-i,
1296 2148 1327 2167 vt
1340 2141 1378 2168 ait
1391 2141 1501 2177 Caesar,
1521 2143 1589 2169 cuius·
1604 2144 1658 2169 vid.
1673 2143 1739 2170 Bell.
1757 2143 1824 2171 Gall.
1836 2154 1865 2178 2,
1883 2154 1920 2179 27.
2027 2147 2212 2183 Singulariter,

1147 2179 1246 2204 Lucan.
1259 2186 1284 2208 1,
1302 2183 1345 2209 428
1382 2193 1428 2198 -—
1448 2178 1618 2213 nimiumque
1631 2179 1739 2205 rebellis
1794 2180 1923 2209 Neruius.

1182 2220 1206 2240 N
1216 2219 1233 2240 Ε
1244 2220 1264 2240 R
1272 2218 1294 2239 v
1303 2220 1320 2239 L
1330 2219 1353 2239 A
1364 2219 1389 2240 Ν
1401 2220 1426 2248 1,
1445 2222 1534 2240 orum.
1552 2222 1588 2241 in.
1624 2214 1661 2242 Pl.
1699 2215 1796 2250 Populi
1808 2215 1838 2242 in
1845 2216 1924 2244 Latio
1936 2217 2010 2245 iuxta
2017 2218 2141 2253 Romam,
2154 2229 2212 2255 quo-

1147 2259 1202 2276 rum
1219 2249 1332 2275 meminit
1359 2249 1428 2275 Plin.
1438 2257 1464 2282 3,
1477 2258 1497 2279 5.

1182 2291 1206 2311 N
1216 2291 1232 2310 E
1243 2290 1263 2310 R
1272 2290 1294 2309 v
1305 2290 1322 2310 L
1331 2290 1353 2309 v
1364 2290 1403 2317 M,
1421 2284 1441 2311 i.
1461 2293 1487 2310 n.
1524 2285 1650 2320 Oppidum
1662 2285 1690 2311 in
1699 2286 1814 2322 Lucanis,
1830 2287 1907 2322 quod
1920 2288 1950 2315 vi
1963 2294 2066 2324 captum
2081 2290 2159 2318 fuisse
2171 2299 2212 2317 re-

1149 2320 1261 2355 pentino
1274 2319 1389 2346 aduentu
1398 2319 1514 2352 Aemylii
1523 2341 1531 2353 ,
1550 2320 1655 2357 testatur
1667 2320 1727 2348 Liu.
1737 2330 1764 2355 9,
1785 2331 1827 2350 2ο.
1863 2326 1925 2350 Inde
1936 2325 2136 2353 Nerulonenses
2149 2327 2213 2353 clini

1590 2355 1716 2384 Manibus
1729 2357 1836 2391 collybo
1849 2359 2010 2388 decoloratis
2018 2361 2213 2389 Nerulonensis

1181 2435 1205 2456 N
1213 2434 1230 2454 r.
1240 2434 1259 2454 R
1268 2434 1289 2454 v
1298 2434 1320 2454 v
1329 2433 1342 2454 s
1350 2448 1359 2461 ‚
1380 2427 1399 2454 i.

1438 2437 1475 2455 m.
1513 2427 1625 2462 [νεῦρσν,
1645 2431 1729 2463 noea,
1749 2431 1840 2467 νευςὶς]
1883 2433 1936 2459 Hoc
1955 2433 2051 2459 nomine
2069 2433 2214 2469 intelligunt

1140 2464 1280 2500 scriptores
1293 2473 1340 2489 non
1354 2470 1451 2490 rantum
1465 2464 1544 2490 molles
1555 2463 1621 2497 illas,
1635 2466 1773 2500 pulticulae
1782 2466 1880 2499 finn'les
1894 2469 1991 2494 cerebri
2002 2475 2028 2495 et
2041 2469 2212 2505 medus-‘aespi-

1147 2500 1214 2526 nali‘s
1225 2500 1391 2535 propagines,
1413 2509 1475 2534 quae
1482 2499 1554 2533 firte
1566 2501 1668 2526 ‚medicis
1678 2502 1784 2537 propria
1789 2502 1944 2538 fignificatio
1953 2504 2001 2540 ‘sti
2020 2504 2073 2539 sed
2083 2506 2110 2531 in
2118 2507 2212 2541 primis

1146 2545 1188 2561 eas
1198 2542 1299 2570 partes,
1319 2544 1382 2569 quae
1397 2535 1540 2562 tendinum
1555 2543 1579 2562 et
1592 2534 1803 2570 ligamentorum
1816 2540 1958 2566 nominibus
1971 2541 1999 2565 in
2008 2541 2101 2576 scholis
2113 2543 2211 2567 Anato-

1552 2572 1643 2598 Eadem
1656 2573 1819 2608 ambiguitate
1831 2575 1937 2601 Graecis
1948 2576 2069 2602 dicuntur
2085 2580 2120 2604 *tic
2136 2583 2211 2610 νεῦρα,

1145 2609 1214 2633 vnde
1224 2607 1300 2633 diffie
1313 2607 1408 2633 Latina
1420 2607 1525 2634 dedum
1536 2606 1584 2643 est,
1603 2615 1634 2633 vt
1647 2608 1752 2644 testatur
1765 2609 1834 2637 Gell.
1847 2619 1884 2644 13,
1905 2620 1939 2638 21.
1995 2612 2107 2647 Graeci,
2124 2613 2211 2648 inquit

1144 2642 1252 2670 vincula
1266 2648 1292 2669 et
1306 2642 1472 2670 firmamenta
1486 2643 1669 2670 membrorum
1680 2649 1747 2678 νεῦρα
1759 2645 1861 2679 dicunt,
1881 2647 1951 2674 vnde
1965 2657 2013 2674 nos
2028 2657 2137 2683 quoque
2150 2656 2211 2676 ner-

1143 2687 1192 2706 vos
1205 2687 1218 2704 a
1239 2679 1375 2714 pellamus.
1448 2679 1541 2706 Adiuti
1556 2679 1648 2714 aliquo
1664 2681 1804 2708 conamine
1819 2682 1913 2716 nerui,
1949 2685 2005 2710 vid.
2026 2690 2048 2710 Α
2060 2690 2080 2711 D
2092 2692 2101 2710 1
2112 2691 2135 2711 V
2147 2690 2209 2712 VO.

1145 2714 1207 2741 Vali
1228 2715 1238 2741 i
1273 2715 1416 2746 Lucret.5‚
1435 2717 1493 2750 926.
1571 2715 1706 2750 Adstringi
1727 2718 1780 2744 osia
1791 2718 1843 2745 suis
1857 2718 1946 2745 neruis
1961 2719 2059 2746 debent
2096 2720 2209 2754 Quin&

1146 2759 1268 2785 prooem.
1280 2760 1298 2779 1.
1372 2752 1552 2778 Continentur
1563 2752 1655 2779 neruis
1669 2757 1740 2779 artus
1776 2754 1833 2780 Cic.
1844 2754 1876 2781 de
1884 2755 2034 2782 Nat.Deor.
2043 2765 2065 2790 2,
2082 2765 2121 2790 139
2138 2766 2160 2783 c.
2171 2765 2207 2788 55.

1143 2786 1245 2814 Neruis
1258 2792 1284 2814 et
1298 2786 1393 2814 ossibus
1406 2787 1445 2814 dii
1459 2797 1513 2814 non
1528 2788 1701 2815 continentur
1736 2788 1811 2816 Idem
1824 2789 1926 2817 ibidem
1935 2800 1957 2824 2,
1965 2801 1994 2824 59
2002 2802 2023 2818 c.
2033 2801 2067 2825 23.
2140 2793 2209 2820 Hor.

1143 2824 1227 2850 serm.
1242 2831 1269 2856 2,
1291 2833 1320 2857 7,
1340 2829 1369 2853 82
1407 2823 1519 2850 Duceris
1538 2829 1567 2850 vt
1589 2824 1679 2850 neruis
1694 2823 1788 2851 alienis
1801 2825 1903 2853 mobile
1915 2826 2028 2860 lignum.
2106 2829 2208 2854 Verbum

1147 2860 1269 2885 Graecum
1288 2860 1487 2893 νευροσπαςεῖᾶσα
1507 2858 1685 2895 elegantiffima
1699 2861 1845 2886 circuitione
1858 2860 1982 2896 expreffit.
2028 2862 2115 2897 Sensus
2128 2871 2209 2890 autem

1143 2894 1190 2931 est,
1205 2895 1357 2929 vtfidiculis
1369 2895 1528 2931 neurospasta
1540 2903 1667 2921 mouentur
1676 2915 1684 2929 ,
1714 2905 1738 2921 ιι·
1751 2903 1795 2922 tua
1807 2897 1928 2931 libidine,
1949 2905 1980 2924 vt
1993 2899 2083 2925 narnia
2096 2907 2139 2926 aut
2151 2899 2208 2932 fidi.

1143 2931 1200 2956 culn
1215 2931 1333 2957 traheris.
1375 2932 1509 2957 Tin-nemis.
1581 2931 1721 2957 Extentare
1734 2940 1832 2958 neruos
1853 2933 1958 2961 Lucret.
1968 2940 2053 2968 3,489.
2125 2930 2206 2968 R'upti

1143 2966 1256 2992 vulnere
1295 2965 1378 2993 Ouid.
1394 2967 1458 2993 Met.
1470 2975 1502 2999 12,
1522 2968 1576 2998 567.
1649 2967 1740 2993 Celsus
1754 2967 1782 2993 in
1790 2968 1901 2996 Praefat.
1915 2979 1921 2996 1
1961 2970 2051 2997 Validi
2065 2971 2152 3002 nerui,
2172 2978 2205 2995 an

1142 3001 1256 3029 infirmi.
1328 3002 1486 3030 Contraffio
1500 3010 1648 3029 neruorum
1686 3002 1872 3039 Scribon.269.
1894 3005 2049 3038 i.conuul(1ia.
2120 3005 2207 3031 Dolor

1144 3040 1199 3071 267,
1219 3047 1265 3071 270
1284 3038 1340 3073 sqq.
1413 3037 1519 3071 Ligatio
1539 3045 1590 3068 255.
1663 3039 1787 3066 Remiffio
1806 3050 1852 3068 101.
1890 3042 1908 3067 i.
1923 3042 2055 3076 pai-aljfis.
2128 3041 2206 3067 Ten-

1143 3073 1180 3100 fio
1200 3075 1244 3107 267
1264 3074 1301 3108 sq.
1373 3073 1524 3100 Tensiones
1543 3083 1590 3100 101.
1629 3074 1648 3102 i.
1672 3076 1788 3102 Tetanus.
1862 3077 2018 3104 Nemorum
2033 3076 2136 3102 labores
2158 3076 2205 3103 Vi-

1144 3115 1214 3136 truu.
1226 3116 1249 3142 8,
1271 3118 1291 3141 3.
1364 3109 1521 3137 Neruoruin
1535 3109 1658 3137 valetudo
1696 3111 1765 3138 Suet.
1775 3112 1852 3147 Vcsp.
1873 3121 1895 3139 c.
1908 3122 1930 3145 7.
2150 3109 2171 3150 fl
2192 3121 2205 3139 2

1144 3147 1287 3180 Metaphor.
1324 3144 1413 3172 Nerui
1424 3152 1469 3181 pro
1482 3146 1572 3172 Robore
1585 3153 1608 3172 et
1619 3147 1719 3173 viribus
1732 3148 1867 3181 aliquando
1878 3154 2006 3182 ponuntur
2018 3158 2025 3171 .·
2046 3148 2073 3173 in
2085 3148 2168 3174 neruis
2181 3158 2206 3174 ι’-

1143 3181 1196 3206 nim
1209 3181 1284 3207 robur
1291 3181 1456 3216 peculiariter
1468 3181 1560 3217 existit.
1622 3184 1689 3209 Vnde
1701 3183 1806 3209 dicimus
1817 3193 1867 3208 rem
1879 3183 1986 3218 fffine
2004 3183 2088 3209 neruis
2096 3203 2104 3215 ‚
2141 3193 2204 3218 quae

1143 3216 1233 3242 debilis
1244 3215 1283 3251 ast.
1322 3216 1391 3243 Hor.
1407 3217 1490 3244 Serui.
1501 3226 1523 3246 2,
1544 3227 1570 3251 1,
1591 3227 1604 3245 2
1641 3218 1702 3245 Sine
1718 3217 1807 3244 neruis
1821 3218 1902 3244 altera
1918 3218 2050 3253 quidquid
2086 3220 2203 3254 Compo-

1141 3252 1180 3278 sui
1196 3259 1254 3286 pars
1268 3252 1318 3279 esse
1332 3258 1414 3287 putat.
1511 3255 1647 3287 Quintum
1661 3254 1688 3280 in
1702 3253 1830 3287 cuiusque
1843 3254 1935 3281 animo
1947 3254 2056 3281 roboris
2070 3255 2204 3282 011011101-

1865 3291 1988 3323 Eripiunt
2002 3299 2095 3317 omnes
2104 3291 2204 3318 Animo

1143 3323 1196 3350 sine
1209 3323 1320 3351 vulnere
1334 3333 1432 3351 neruos
1470 3325 1551 3352 Ouid.
1561 3326 1636 3352 Rem.
1648 3327 1706 3352 Am.
1726 3334 1752 3352 v.
1766 3335 1815 3358 147.
1913 3325 1999 3352 Nerui
2010 3327 2087 3361 Reip.
2101 3329 2119 3352 i.
2134 3329 2204 3353 [fv-et

1143 3366 1166 3385 et
1174 3359 1302 3392 fortitudo
1309 3361 1380 3396 Reip.
1401 3368 1484 3397 nempe
1497 3362 1598 3393 milites,
1619 3361 1712 3396 claffes,
1733 3367 1758 3387 et
1772 3361 1912 3396 vecitgalia.
1950 3361 2062 3396 Cic.pro
2071 3363 2139 3397 Lege
2148 3363 2204 3389 Ma-

1143 3395 1190 3421 nil.
1203 3404 1226 3428 17
1247 3404 1268 3422 0.
1280 3405 1292 3429 7
1329 3395 1357 3423 81
1370 3396 1522 3431 11061183113,
1543 3405 1640 3423 neruos
1651 3398 1700 3424 esse
1708 3397 1783 3431 Reip.
1798 3396 1899 3431 semper
1913 3396 2050 3424 duximus:
2064 3407 2124 3424 euin
2132 3405 2204 3425 certe

1143 3430 1278 3464 ordinem,
1293 3432 1340 3467 qui
1353 3438 1457 3459 exercet
1472 3433 1528 3463 illa,
1539 3432 1736 3459 firmamentum
1751 3437 1917 3459 caeterorum
1931 3433 2057 3460 ordinum
2071 3434 2143 3460 10610
2155 3435 2203 3460 0110

1357 3468 1414 3494 Cic.
1431 3467 1497 3495 Phil.
1509 3478 1533 3505 5,
1553 3477 1566 3499 5
1587 3478 1608 3495 c.
1620 3478 1632 3496 2
1670 3469 1788 3495 Primum
1802 3477 1900 3495 neruos
1911 3468 1973 3496 belli
1988 3471 2127 3504 pecuniam
2143 3469 2202 3495 insi-

1143 3503 1243 3536 nitam,
1263 3511 1342 3538 quam
1359 3512 1429 3530 nunc
1442 3509 1518 3539 eget:
1556 3504 1652 3531 deinde
1671 3504 1816 3538 equitatum
1832 3511 1959 3538 quantuni
1975 3506 2048 3533 velit.
2145 3506 2203 3532 Cic.

1143 3539 1223 3566 Verr.
1238 3548 1260 3574 3,
1279 3545 1306 3571 83
1344 3540 1421 3572 Qiae
1433 3549 1516 3574 quum
1529 3540 1561 3567 ‹le
1569 3541 1629 3574 Pop.
1642 3541 1718 3566 Rom.
1731 3539 1815 3572 viCtu,
1835 3539 1868 3567 de
1877 3541 2048 3576 vediigalium
2063 3540 2162 3574 neruis,
2170 3541 2202 3567 de

1144 3575 1269 3609 sanguine
1282 3574 1430 3602 detraxisset
1446 3576 1558 3608 aerarii,
1575 3576 1686 3602 Tertiae
1699 3575 1797 3601 mimae
1811 3576 1982 3603 condonauit.
2063 3577 2151 3605 Nerui
2165 3584 2201 3603 at-

1145 3619 1196 3645 que
1210 3611 1295 3637 aculei
1308 3611 1423 3639 oratorii
1437 3620 1465 3638 ae
1480 3611 1596 3638 forenses
1634 3610 1690 3637 Cic.
1708 3611 1737 3637 in
1745 3611 1819 3638 Orat.
1831 3613 1869 3639 62.
1905 3615 1974 3639 Add.
1990 3612 2027 3640 Id.
2042 3614 2114 3640 Brut.
2124 3620 2159 3645 38.
2177 3618 2202 3638 et

1425 3648 1525 3674 Mentis
1541 3653 1566 3673 et
1579 3646 1700 3681 corporis
1713 3648 1790 3674 nerui
1816 3648 1927 3681 Qiinci.
1937 3658 1955 3682 1,
1964 3658 1984 3674 2.
2064 3648 2152 3675 Nerui
2165 3654 2202 3674 at-

1144 3691 1196 3717 que
1210 3689 1281 3709 artus
1295 3683 1508 3718 simtSapientiae
1521 3691 1575 3708 non
1589 3688 1688 3709 temere
1698 3683 1805 3710 credere
1843 3684 1900 3711 Cic.
1915 3684 1947 3711 de
1954 3685 2006 3710 Pet.
2015 3684 2122 3710 Consul.
2137 3692 2202 3711 ωε).

1142 3718 1244 3745 Allua'it
1255 3720 1294 3745 ad
1306 3719 1453 3751 veificulum
1460 3718 1602 3752 Epicharmi
1619 3719 1692 3750 ΝᾶΦε
1705 3717 1747 3753 '154'
1758 3720 1855 3751 uknvoer'
1868 3722 1960 3749 ἂπιςὲἲγ.
1975 3718 2053 3755 ἔᾳθρα
2065 3725 2145 3746 ταῦτα
2158 3723 2202 3744 τῶν

1145 3758 1238 3786 meniu.
1309 3754 1410 3781 Neruis
1424 3759 1449 3780 et
1463 3752 1588 3787 sapientia
1602 3759 1645 3780 tua
1657 3763 1724 3789 opus
1739 3755 1775 3781 est
1812 3756 1869 3782 Cic.
1883 3756 1954 3783 Fam.
1966 3765 1992 3788 3,
2012 3765 2049 3782 10.
2128 3753 2200 3781 Idem

1146 3789 1240 3823 Quint.
1254 3790 1364 3823 Frat.3‚
1386 3800 1400 3823 9
1438 3790 1521 3815 Cuius
1542 3788 1570 3815 in
1589 3789 1639 3816 hoc
1660 3799 1714 3817 vno
1734 3790 1952 3818 considerantiam
1966 3797 1992 3817 et
2005 3800 2054 3825 ego
2068 3787 2199 3815 sustinebo

1961 3825 2035 3854 Ideni
2053 3826 2105 3851 Att.
2127 3832 2165 3854 15,
2185 3831 2199 3853 4

1148 3862 1267 3895 Qioquo
1283 3861 1365 3888 modo
1380 3870 1429 3895 ego
1441 3859 1472 3886 de
1484 3860 1556 3886 illius
1570 3861 1659 3887 neruis
1671 3861 1803 3889 existimo.
1823 3864 1841 3888 i.
1860 3864 1890 3888 de
1898 3863 1972 3888 Bruti
1985 3865 2087 3886 viz-tute.
2148 3855 2199 3883 Ad-

1148 3895 1243 3923 hibere
1257 3905 1370 3929 neruos,
1389 3897 1443 3922 vid.
1462 3901 1484 3922 A
1495 3901 1514 3922 D
1525 3902 1545 3922 H
1554 3904 1564 3923 1
1576 3902 1592 3923 Β
1605 3903 1621 3923 Ε
1633 3903 1665 3924 O.
1739 3898 1841 3924 Afferre
1854 3907 1966 3931 11011105,
1988 3897 2039 3921 vid·
2049 3898 2198 3931 AhFFERO·

1149 3932 1319 3959 Contendere
1337 3939 1429 3958 omnes
1444 3939 1543 3958 neruos
1558 3932 1587 3958 in
1600 3941 1629 3959 re
1643 3932 1748 3967 aliqua,
1769 3935 1811 3959 vel
1824 3933 1992 3960 Contendere
2006 3928 2129 3955 omnibus
2142 3937 2199 3954 nei·-

1150 3967 1205 3994 vis:
1224 3975 1269 4004 pro
1284 3969 1382 3993 Summa
1394 3967 1435 3996 vi.
1450 3966 1589 4002 summoque
1595 3968 1677 4003 studio
1691 3970 1749 3995 niti.
1792 3970 1857 3995 Nam
1871 3970 1947 3994 robur
1959 3963 2200 4003 iuxta'philosophofi

1774 4004 1815 4032 Sic
1830 4002 1957 4032 contende
1972 3998 2095 4027 omnibus
2109 4007 2200 4025 neruis

1328 4038 1356 4065 H
1367 4037 1386 4066 h
1398 4037 1418 4066 h
1442 4047 1456 4065 2
2174 4040 2200 4061 et
