2517 4231
67 221 147 270 669
459 215 490 256 P
573 215 612 256 A
692 213 730 256 L
1579 206 1609 248 P
1690 208 1729 248 A
1813 208 1863 249 M
2018 182 2022 185 ’
2163 221 2241 270 670

68 307 249 344 paludamenta
261 313 285 333 et
298 305 449 342 paludatum
463 305 512 331 esse
523 304 584 341 som
598 302 784 339 imperatoribus
797 300 902 327 tribuat.
957 300 989 326 Et
1001 298 1121 335 obsecutus
1182 295 1358 337 spee’tannhus
1374 296 1451 338 soluti
1470 297 1537 324 sunt.
1595 333 1600 338 .
1737 294 1760 335 q
1781 306 1795 324 2
1830 299 1960 338 Prono-bii
1966 301 2069 335 speciem
2082 305 2153 332 babet
2165 309 2195 332 de
2214 317 2241 333 re

68 345 108 371 alli
118 342 149 379 ist
159 343 303 378 primiaco
319 340 547 374 Drffenborcbius,
567 340 718 376 (posteriore
729 337 793 364 enim
807 337 937 372 vulgatum
949 336 1067 370 reliquit)
1091 343 1122 361 vl
1181 333 1257 372 valde
1269 333 1418 365 'messmam
1432 332 1496 358 'flu-'l
1518 333 1601 361 ΡῙΒΗΝ
1618 333 1689 360 Men·
1701 342 1724 367 2,
1739 344 1759 367 3,
1775 342 1799 366 53
1820 334 1891 361 Peri!
1905 335 2014 368 misera,
2035 347 2112 372 quam
2126 348 2154 368 tu
2170 351 2240 370 mute

67 377 194 415 paludatis
205 377 232 403 in
246 377 382 412 paludatus
405 384 530 410 mutaret,
567 384 591 402 et
601 383 676 412 prout
695 383 735 399 res
745 371 850 407 postulat
864 380 925 397 curn
938 373 980 398 vel
992 373 1043 399 sme
1055 372 1121 398 adil.
1182 366 1250 394 nutu
1264 375 1358 407 panem
1372 370 1479 394 narras?
1518 376 1541 396 Μ
1551 376 1568 397 ε
1577 376 1610 396 Ν.
1626 369 1740 404 ligneam
1756 371 1830 404 saepe
1842 369 1932 397 tritam
1941 391 1950 403 ,
1969 371 2041 406 saepe
2056 375 2132 402 fixam
2141 397 2149 408 ‚
2168 378 2240 413 saepe

67 421 133 441 “reg
145 413 295 440 mun-ibus,
375 413 478 438 Vidam-
497 420 578 438 mmm
597 416 686 437 aarum
705 408 750 443 ff
756 408 796 440 fic
809 407 924 442 grqffim'
937 408 963 432 in
977 407 1120 443 constantem
1181 403 1308 442 excussam
1323 402 1428 442 malleo.
1483 405 1561 437 Qtali
1577 406 1690 440 supellex
1704 406 1845 441 pessionis,
1870 406 1942 441 palus
1960 407 2021 442 palo
2036 411 2172 442 proximus
2194 414 2239 441 est,

68 449 171 477 omnium
183 448 301 475 librorum
313 448 452 474 let‘lionem:
490 457 543 474 cum
562 445 711 482 praesertim
729 445 795 469 alias
807 451 898 477 quoquff
905 442 976 477 serm*
1012 445 1120 477 (nedum
1138 446 1152 470 3
1181 439 1231 464 Hi⁶
1243 439 1339 471 q'“‘l‘·'''¹
1355 438 1406 478 Pal}
1416 439 1478 473 sl‘m'
1491 440 1581 474 Pffl'ssll'
1588 462 1595 474 2
1617 442 1684 468 Claui
1697 442 1791 476 lignei,
1812 442 1899 476 quibus
1911 443 2008 476 confixa
2021 445 2102 471 nauis.
2185 447 2206 486 fl
2228 460 2240 483 3

68 485 142 513 liberi
154 483 250 510 lic‘lores
260 491 285 510 ct
297 485 379 517 ciues)
417 485 498 519 togati
506 483 609 518 fuerint
621 489 668 506 non
682 480 762 505 minus
775 487 848 513 quam
861 479 955 504 domini
962 488 970 507 3
1007 488 1060 505 cum
1078 485 1121 513 po.
1182 473 1306 513 Pelorum
1320 476 1465 500 excrntnsio
1480 476 1609 504 militaris.
1668 478 1731 512 Veg.
1747 486 1766 512 ι,
1781 487 1800 504 ιι
1835 480 1856 505 A
1875 477 1982 512 lingulis
2001 478 2135 506 tironibus
2148 482 2241 516 singuli

67 521 145 548 tuerit
158 519 291 555 discrimen
308 520 354 555 eff}
364 519 430 555 satis
443 527 526 545 tamen
538 525 652 548 magnum
671 515 738 540 inter
747 515 924 550 paludamenta
944 514 1121 549 imperatorum
1181 508 1235 548 pali
1251 507 1431 541 deligebantur
1445 510 1472 535 in
1488 516 1600 545 terram,
1638 512 1674 539 ita
1690 519 1717 539 vt
1731 518 1825 540 nutare
1837 522 1891 540 non
1905 514 2021 548 possent,
2038 521 2064 541 et
2077 516 2118 542 sex
2133 517 2241 550 pedibuss

68 555 219 582 ulmorum,
256 555 464 590 PorroSagulum
472 546 664 581 rubenslir‘lori
673 549 779 585 consulis
791 549 884 576 tribuit
898 550 943 577 Sil.
951 561 976 584 μ,
985 559 1039 583 420.
1058 549 1124 584 quod
1181 550 1339 571 eminerent.
1396 545 1496 571 Contra
1510 547 1584 573 illum
1599 548 1703 582 palum,
1724 555 1849 583 tauquam
1863 556 1955 576 contra
1969 549 2164 582 aduersarium,
2187 555 2241 581 tiro

69 589 285 625 aliasConsulibus
299 592 541 626 ‹lntv.g.4,519:et
553 586 660 622 natusest
672 586 742 612 hodie
754 595 802 612 mos
816 588 970 618 quarundam
982 586 1121 616 ciuitatum,
1182 588 1241 607 cum
1279 594 1325 598 ——
1362 579 1434 619 claua
1454 582 1527 608 velut
1551 592 1610 609 curn
1631 583 1722 618 gladio
1742 585 1767 611 se
1786 585 1924 612 exercebat
1959 601 2007 607 ——
2043 592 2072 613 vt
2086 595 2155 613 nuuc
2172 590 2242 623 quali

66 626 230 662 quaefimiles
242 625 317 659 velles
329 625 510 661 marisii-atibus
517 630 541 648 et
552 631 633 648 eorum
648 621 768 655 minishis
781 620 918 656 affigmm,
935 630 997 655 quae
1005 621 1085 656 pretio
1098 627 1122 644 et
1138 627 1167 645 10
1181 621 1257 656 caput
1269 620 1312 640 aut
1326 614 1421 641 factem
1437 623 1551 652 peteret,
1570 627 1638 645 nunc
1652 619 1779 646 lateribus
1792 621 1955 655 minaretur,
1973 630 2020 648 etc.
2092 624 2150 650 Sen.
2164 624 2243 660 Epist.

65 662 126 689 dms
138 663 208 688 rebat
220 656 352 699 diffbram·
365 649 473 697 ὁρέω,
491 660 556 694 quod
566 653 711 684 Varmluc:
732 657 917 685 “ludunenm
928 663 1000 682 voca,
1013 654 1124 689 infignffi
1182 657 1208 680 18
1229 651 1404 691 exerceamur
1417 651 1448 677 ad
1463 652 1567 692 palum,
1599 660 1625 680 et
1641 663 1673 681 uc
1686 655 1830 690 imparatos
1844 657 1954 684 fortuna
1965 656 2162 694 deprehendat,
2196 660 2242 688 fiat

67 697 214 731 militaria,
251 705 275 724 et
293 697 400 724 lietorcs
420 701 522 722 mutare
542 693 581 719 ait
599 694 706 720 vestem.
810 692 929 720 Lucilius
946 700 1037 726 quoque
1055 691 1124 725 apud
1183 686 1261 727 ”⁰b¹.⁵
1275 693 1413 727 paupertas
1427 686 1579 728 familiaris.
1621 690 1677 728 [lid.
1691 700 1747 716 mox
1764 697 1925 720 PALARIA.
2126 693 2147 736 ff
2158 705 2171 728 4
2192 698 2244 724 Pro

67 732 140 761 Non.
155 739 188 767 ιε,
200 743 212 767 3
237 734 308 760 Pone
320 731 446 767 paludatis
459 730 539 756 stabat
551 729 680 756 Rorarius
692 730 779 756 velox.
851 727 981 754 Rorarios
996 726 1122 752 autem'le.
1182 730 1295 748 terrmms
1310 725 1385 756 saepo
1398 722 1475 762 ffiqre
1495 724 1556 763 pali.
1609 724 1659 751 Sic.
1674 726 1779 764 Flaccus
1793 737 1819 762 p.
1832 738 1845 760 4
1868 730 1899 755 111
1914 728 2073 764 quibusdam
2086 732 2243 766 regmnjbu,

68 769 109 795 vis
120 778 264 796 armaturae
276 763 363 794 vium
370 765 459 801 fitiffl,
478 773 559 792 notum
573 764 613 801 est.
684 768 737 791 lam
751 765 866 790 laudatus
876 762 909 798 est
924 762 984 788 Liu.
999 771 1016 793 ι,
1028 764 1058 787 26
1078 761 1123 786 vbi
1181 758 1254 797 palos
1269 766 1319 791 pro
1336 763 1458 784 ternunis
1471 760 1623 800 posuimus,
1652 760 1697 786 alni
1713 761 1823 800 iliceos,
1853 764 1900 790 alii
1916 765 2084 800 oleagineos,
2114 767 2161 794 alii
2176 777 2243 796 vero

68 806 144 830 Soror
156 803 259 830 Horatii
267 803 368 829 umoris
380 802 551 828 Curiatiorum
566 801 674 836 cognito
686 801 762 835 super
774 799 900 826 humeros
912 797 1002 824 fratris
1017 795 1121 831 paluda-
1140 801 1165 828 ις
1182 801 1357 835 ιιιιιψειῖεοε.’
1396 794 1476 819 Plura
1488 796 1559 834 dabit
1572 795 1667 828 Rigalt.
1682 797 1709 820 in
1724 797 1811 830 Glosp·⁴
1837 800 2034 834 rige-inunsoriis
2049 803 2073 828 b.
2086 811 2113 828 v.
2151 805 2243 830 Occur-

29 854 37 865 ι
67 845 159 866 niente
171 838 270 874 sponsi,
294 836 367 872 quod
381 837 434 872 ipsa
447 837 612 870 confecerat,
636 837 715 864 soluit
729 835 830 868 crines,
851 840 896 859 otc.
970 833 1027 858 Fuit
1040 833 1122 864 igitur
1182 836 1242 854 runt
1254 836 1327 854 etnam
1347 838 1373 853 m
1389 830 1449 855 Vet.
1463 830 1584 864 Inscript.
1601 831 1618 857 s.
1633 831 1722 858 tabula
1736 834 1870 860 terminali
1886 835 2043 863 Meffianenfi
2057 844 2096 872 up.
2111 839 2187 867 Grut.
2207 860 2214 867 .
2234 860 2242 868 .

66 873 280 910 paludamentum
295 882 342 899 non
351 872 430 907 solius
444 873 608 909 imperatoris.
687 871 805 899 Paludati
816 870 845 896 in
859 868 935 908 libris
949 861 1120 908 auguralibus
1182 865 1256 891 Palus
1278 864 1307 891 fit
1328 873 1376 900 per
1395 866 1608 892 conti-aetionem
1629 874 1644 892 a
1657 867 1784 895 Paxillus:
1820 870 1886 905 ustis
1900 870 1957 897 Cic.
1971 872 1999 897 in
2012 872 2086 900 Orat.
2100 883 2144 907 153.
2185 877 2241 904 Via.

67 909 205 945 fignificat,
240 915 269 936 vt
283 910 320 936 ait
335 909 482 942 Veranius,
513 908 631 940 Armati,
651 907 750 935 ornati.
821 905 920 931 Omma
935 913 1007 930 emm
1022 905 1121 930 nultta.
1181 906 1320 941 Ale-LA.
1401 935 1406 940 Π

67 946 108 974 tia
120 951 290 978 ornamenta,
322 944 507 972 Paludamenta
526 946 584 972 dici.
653 943 752 970 Milites
763 939 892 976 instrut‘los
904 941 978 966 etiam
988 941 1121 975 paludatas
1221 942 1238 963 Ρ
1249 943 1293 962 AL
1302 943 1323 961 V
1334 942 1361 962 M
1370 957 1378 969 ,
1399 945 1418 962 1-
1442 946 1467 964 ¹¹-
1490 938 1528 963 Ex
1543 938 1665 964 Varrone
1677 938 1760 972 refert
1773 939 1882 966 Nonius
1896 950 1917 976 3,
1932 950 1974 973 ι7ι.

65 988 136 1009 vocae
161 980 252 1008 Sidou.
267 982 312 1016 Ep.
327 989 350 1014 ς,
366 991 387 1014 7.
1135 979 1171 999 20
1218 978 1266 999 ΡΑ
1276 980 1294 998 x
1305 980 1313 999 1
1325 978 1341 997 L
1352 979 1369 998 L
1380 979 1400 998 v
1410 978 1440 1006 S,
1460 973 1480 999 i.
1501 983 1536 999 m.
1575 973 1678 1000 Dimin.
1698 984 1710 999 e
1723 975 1794 1002 Palo.
1832 977 1908 1004 Varr.
1923 978 2064 1013 Bimargo,
2091 981 2127 1008 Vt
2141 991 2244 1011 nouum

103 1023 122 1044 -p
132 1024 154 1044 Α
164 1023 180 1043 L
194 1023 213 1044 v
229 1023 248 1043 1>
258 1024 279 1044 Α
289 1023 310 1043 ‘1'
320 1025 340 1043 v
350 1024 373 1043 ς,
411 1018 544 1052 Cogmmen
557 1016 587 1041 ab
599 1020 739 1040 ornamento
752 1012 870 1039 militari.
907 1012 1002 1038 Nomos
1015 1009 1063 1045 est,
1083 1019 1122 1036 cu.
1182 1008 1302 1035 cribrum
1316 1016 1389 1034 nouo
1405 1008 1504 1048 paqtillo
1519 1009 1638 1044 pendeat.
1675 1010 1750 1038 Non.
1765 1020 1788 1043 2,
1802 1014 1860 1044 649,
1903 1014 1958 1039 Vid-
1972 1015 2099 1049 ,nfinsuo
2112 1018 2170 1045 lom·

66 1056 106 1080 ius
122 1053 266 1088 inscriptio,
294 1053 386 1079 MVN.
400 1053 488 1079 TVR.
502 1052 531 1077 L.
544 1050 643 1077 CAEL.
662 1048 790 1082 AQVIN.
803 1048 841 1075 M.
856 1047 933 1075 CEL.
949 1047 1072 1074 PALVD.
1086 1047 1121 1074 11.
1194 1081 1199 1085 -
1219 1051 1289 1071 PAL
1300 1050 1349 1070 AR
1361 1050 1418 1076 1A,
1439 1052 1496 1070 ium
1515 1046 1557 1071 vel
1575 1054 1662 1073 orum.
1689 1055 1715 1073 n.
1751 1046 1885 1074 Charisius
1899 1058 1906 1074 ι
1927 1048 2032 1076 Neutra
2046 1051 2147 1086 semper
2158 1054 2244 1088 plura-

66 1088 137 1117 VIR.
163 1089 286 1115 Vaillant.
301 1089 433 1116 Numism.
448 1097 456 1114 1
468 1096 493 1122 p.
507 1093 546 1118 84.
1181 1079 1216 1107 lia
1226 1101 1234 1113 ‚
1255 1080 1318 1107 haec
1332 1087 1420 1119 arma,
1440 1079 1503 1107 haec
1516 1081 1632 1116 pala'ria,
1652 1090 1736 1117 quum
1748 1083 1847 1110 milites
1859 1084 1891 1110 ad
1905 1085 1978 1119 palos
1991 1094 2154 1116 exercentur.
2187 1091 2243 1118 Vid,

103 1131 118 1151 P
127 1131 149 1152 A
159 1130 176 1150 L
188 1131 209 1150 v
221 1131 246 1151 M
263 1130 278 1151 B
292 1131 308 1150 E
317 1131 346 1159 S,
364 1125 396 1151 is.
420 1132 454 1150 ·c.
491 1123 599 1156 [φάσσα]
637 1119 761 1156 Silueflris
773 1119 890 1152 columba,
903 1119 931 1144 in
947 1118 1075 1144 arboribus
1080 1117 1121 1153 se.
1184 1122 1309 1149 1²ALVS,
1334 1123 1354 1140 1.
1391 1125 1416 1142 n.
1430 1125 1449 1148 3.

62 1161 183 1197 pibusque
195 1161 337 1193 nidisti-ans.
409 1159 482 1193 Virg.
496 1158 547 1184 Ecl.
563 1167 582 1192 1,
595 1162 625 1190 58
663 1157 781 1189 Raucae,
809 1162 854 1182 tua
869 1163 929 1181 cura
938 1175 946 1188 ,
977 1153 1122 1188 palumbes,
1137 1159 1168 1186 ις
1222 1152 1382 1184 ΡΛΙᾹΚΙΞ,
1403 1162 1427 1178 e.
1448 1152 1508 1179 Adi.
1529 1153 1600 1180 Silua
1614 1153 1721 1188 palari5‚
1735 1155 1765 1179 In
1778 1163 1827 1189 qua
1840 1156 1977 1181 caeduntur
1986 1157 2043 1191 pali
2055 1165 2078 1184 et
2087 1161 2243 1194 pedamenta.

23 1192 26 1194 .
66 1196 198 1223 Laudatur
218 1191 314 1223 Lucan.
334 1196 490 1228 Mam-osque
503 1192 646 1229 palumbes.
689 1193 760 1218 Forte
772 1192 799 1217 in
814 1191 947 1217 Cataleais
961 1190 1122 1215 inueniatur.-
1183 1189 1289 1223 leian.
1304 1187 1335 1213 D.
1350 1187 1383 1213 de
1402 1188 1484 1218 vsufr.
1498 1189 1514 1216 l.
1529 1198 1544 1220 9
1558 1190 1580 1222 §.
1595 1198 1608 1222 7
1639 1189 1665 1216 Si
1686 1189 1781 1223 fundi,
1801 1190 1829 1216 Si
1843 1190 1922 1217 fundi
1937 1192 2099 1220 vsusfrqus
2113 1195 2195 1223 fuerit
2210 1197 2246 1224 le-

67 1232 95 1257 in
112 1231 246 1267 Pharsalia
261 1232 356 1266 quidem
369 1240 416 1256 non
430 1230 475 1264 elle
484 1237 552 1266 puto.
645 1228 711 1255 Plin.
726 1237 765 1260 ιο,
780 1236 808 1260 3ς
829 1227 929 1267 Viuere
943 1225 1077 1260 palumbes
1091 1225 1124 1251 ad
1183 1232 1271 1259 gatus:
1307 1229 1333 1249 et
1346 1223 1375 1264 lit
1387 1232 1464 1264 ager,
1484 1224 1553 1250 vnde
1567 1225 1595 1250 in
1610 1225 1723 1265 fundum
1733 1244 1740 1256 ‚
1761 1225 1834 1265 cuius
1849 1226 2012 1253 vsusfruetus
2027 1229 2125 1264 legatus
2141 1232 2186 1264 est,
2207 1233 2248 1259 so.

69 1267 230 1295 tricelimum
245 1275 359 1299 annum,
379 1266 482 1300 aliquos
496 1265 528 1292 ad
540 1264 782 1300 quadragelimum‚
801 1262 953 1289 Aristoteles
967 1261 1062 1288 auecor
1077 1261 1124 1292 est,
1184 1260 1253 1287 lebat
1263 1260 1458 1300 'patertanulias
1474 1260 1516 1300 vel
1532 1261 1592 1295 palo
1606 1266 1664 1294 vti,
1698 1261 1741 1287 vel
1754 1262 1849 1294 sance,
1878 1263 1920 1289 vel
1934 1264 2076 1292 arundine:
2112 1273 2178 1300 puto
2190 1268 2248 1294 fru-

69 1310 117 1329 a„
161 1304 214 1330 V'id.
232 1301 450 1337 7),rneb,A.lue›s.
465 1311 499 1337 ει,
514 1311 532 1329 1.
627 1300 722 1327 Ae'riae
749 1299 826 1334 Virg.
841 1298 895 1325 Ecl.
912 1308 932 1331 3,
945 1301 987 1331 69.
1076 1297 1123 1323 Fa·
1184 1296 1318 1322 ἂιιειιιιιιιι
1331 1295 1458 1322 haetenus
1472 1303 1511 1322 vti
1525 1297 1604 1331 posse,
1619 1305 1652 1322 ne
1673 1305 1706 1323 ex
1725 1306 1758 1324 eo
1777 1298 1886 1324 vendat:
1924 1299 1972 1326 nifi
1989 1300 2061 1327 forte
2076 1302 2160 1329 saliCti
2180 1304 2248 1338 eius,

69 1338 175 1365 bulosae
195 1339 262 1366 Hor.
277 1339 364 1365 Carm.
377 1347 398 1371 3,
411 1347 435 1370 4,
451 1346 484 1364 12.
521 1337 562 1364 Sic
572 1337 652 1364 dillae
667 1343 746 1362 autem
753 1334 831 1370 sunt,
850 1342 880 1361 vt
892 1334 1025 1361 Lambinus
1038 1332 1123 1368 existi.
1137 1337 1169 1364 30
1185 1332 1226 1358 vel
1240 1332 1318 1358 siluae
1331 1331 1445 1366 palariS,
1470 1332 1512 1359 vel
1527 1332 1682 1359 arundineti
1699 1333 1863 1361 vfiusfruetus
1878 1334 1907 1361 fit
1921 1335 2029 1370 legatus.
2078 1337 2162 1365 Tunc
2174 1339 2248 1367 enim

67 1382 135 1408 mat,
161 1374 223 1409 quia
235 1377 265 1400 de
277 1375 316 1400 his
327 1373 405 1400 multa
411 1373 567 1407 fabulantur
583 1374 683 1405 Poitae,
720 1372 763 1397 vel
769 1391 778 1405 ,
816 1376 847 1396 vt
859 1370 894 1406 est
906 1369 1033 1404 venustus,
1063 1369 1128 1395 illud
1184 1374 1210 1394 et
1223 1367 1339 1394 vendere
1355 1367 1446 1402 potest.

67 1409 160 1444 ipsum,
180 1410 245 1445 quod
253 1411 284 1436 de
290 1408 320 1444 se
331 1409 366 1435 ibi
377 1417 468 1435 narrat
481 1409 598 1444 fabulam
609 1408 747 1444 plebeculae
761 1406 807 1443 effi
819 1407 926 1434 indicat.
1022 1404 1124 1432 Palum-
1219 1411 1235 1430 P
1244 1411 1267 1431 A
1276 1410 1292 1443 L
1301 1410 1324 1430 A
1332 1409 1354 1429 T
1364 1410 1373 1428 1
1383 1410 1402 1430 O
1412 1424 1420 1436 ‚
1440 1403 1510 1430 onis.
1539 1403 1558 1430 f.
1597 1405 1713 1431 Palorum
1725 1406 1830 1440 confixio
1842 1414 1866 1432 et
1879 1407 1986 1435 adamo.
2024 1408 2132 1436 Vitruu.
2147 1419 2170 1442 2,
2184 1418 2199 1442 9
2218 1411 2249 1437 In

65 1443 111 1473 bes
124 1444 266 1472 minarrire
279 1445 413 1478 dicuntur,
431 1445 486 1471 vid.
501 1450 684 1472 MlNARRto.
1184 1438 1343 1474 palustribus
1364 1439 1430 1465 locis
1450 1439 1520 1479 infra
1535 1438 1708 1480 fundamenta
1721 1441 1907 1469 aedificiorum
1919 1442 2098 1478 palationibus
2112 1445 2204 1474 crebre
2220 1446 2249 1474 fi-

106 1487 121 1508 r
131 1488 153 1508 A
162 1486 207 1508 ιν
216 1487 240 1508 Μ
250 1487 335 1514 Bvs,
356 1480 376 1507 i.
389 1489 425 1507 m.
447 1488 471 1506 et
492 1488 507 1508 Ρ
517 1488 540 1508 A
549 1487 596 1507 ιν
606 1487 632 1507 Μ
643 1486 704 1512 BA,
726 1487 764 1505 ae.
784 1478 803 1505 f.
841 1477 972 1506 Masculus
986 1477 1124 1512 palumbus
1185 1483 1217 1502 xa
1230 1476 1304 1502 alnus
1317 1481 1454 1510 permanet
1468 1475 1645 1509 unnim-talis,
1671 1483 1697 1503 et
1710 1477 1743 1504 ad
1755 1479 1949 1506 aeternitatem.

67 1517 190 1545 scribon.
205 1518 241 1544 16.
346 1516 462 1543 Martial.
477 1525 510 1549 13,
523 1519 555 1549 67
574 1516 686 1551 Inguina
700 1515 818 1549 torquati
831 1514 934 1541 tardant
946 1513 1123 1547 hebetantque
1144 1519 1171 1545 35
1222 1518 1238 1538 Ρ
1248 1517 1267 1537 Α
1278 1518 1295 1537 L
1305 1517 1324 1537 o
1334 1531 1343 1544 ,
1376 1515 1429 1539 are.
1465 1511 1644 1551 [yram-ruamus]
1681 1513 1754 1539 Palis
1771 1521 1794 1539 et
1810 1516 1965 1549 pedamentis
1977 1515 2075 1549 fulcire
2093 1524 2118 1543 et
2141 1518 2246 1545 munire.

67 1551 198 1587 palumbi.
294 1553 414 1587 Propert.
426 1562 450 1586 4,
464 1561 486 1585 5,
497 1555 526 1584 63
549 1551 598 1579 Sed
613 1560 674 1586 cape
694 1557 832 1585 torquatae
844 1551 933 1577 Venus
946 1548 962 1576 ὀ
977 1550 1068 1585 regina
1081 1558 1124 1584 pa·
1186 1547 1319 1574 Columel.
1335 1556 1366 1580 ιι,
1379 1555 1391 1572 2
1410 1548 1446 1573 Vt
1461 1553 1525 1573 Vitis
1540 1549 1657 1581 putetur,
1679 1554 1705 1574 et
1717 1549 1802 1583 capite
1813 1556 1889 1577 tenus
1902 1551 2036 1585 alligetur.
2114 1553 2178 1579 ibid.
2199 1553 2248 1580 Re-

66 1588 173 1615 lumbae
209 1587 253 1615 Ob
265 1589 392 1616 meritum
404 1595 464 1615 ante
481 1594 541 1615 tuos
553 1594 661 1622 guttura
673 1586 742 1614 seeka
755 1587 839 1613 focos.
948 1586 1125 1611 Emendatiora
1186 1583 1274 1618 liquae
1286 1589 1373 1623 partes
1385 1583 1524 1609 vinearum
1540 1590 1650 1618 propter
1664 1583 1787 1611 brumam
1799 1585 1840 1611 vel
1855 1586 1958 1620 frigora
1973 1587 2096 1621 omissae,
2120 1597 2194 1616 nune
2204 1598 2248 1624 pa-

26 1622 27 1625 *
66 1625 221 1660 exemplaria
232 1625 318 1659 legunt
331 1623 486 1651 Columbae.
558 1623 626 1650 Plin.
639 1632 680 1656 30,
693 1631 706 1655 7
733 1623 799 1649 Item
815 1622 953 1657 palumbus
966 1621 1055 1655 ferus,
1075 1626 1125 1647 ete
1186 1619 1279 1646 landae
1292 1625 1317 1645 et
1331 1618 1476 1653 alhgandae
1491 1619 1558 1645 sunt.
1595 1620 1670 1653 Conf.
1686 1619 1781 1647 Pallad.
1796 1632 1819 1653 4,
1832 1628 1858 1656 7.
1878 1629 1902 1649 et
1920 1631 1956 1655 12,
1970 1631 2004 1655 ις.

68 1661 146 1694 posca
160 1659 292 1686 decoetus.
371 1660 477 1686 Colum.
491 1666 515 1693 8,
528 1666 542 1689 8
560 1660 616 1686 Hac
630 1658 721 1685 eadem
733 1658 837 1685 ratione
849 1657 1004 1694 palumbos,
1024 1656 1124 1683 colum·
1221 1661 1236 1681 P
1246 1662 1267 1682 A
1276 1662 1292 1681 1.
1301 1661 1320 1681 o
1332 1660 1351 1680 R
1363 1675 1370 1687 ‚
1390 1654 1441 1681 ari.
1479 1655 1544 1688 Dep.
1580 1655 1768 1689 [περιφέςομαι]
1804 1655 1895 1690 Paffim
1910 1661 2020 1693 vagari:
2051 1659 2130 1692 ficati
2143 1660 2249 1693 facium

69 1696 171 1730 bosque
182 1695 288 1722 cellares
301 1695 480 1730 pinguissimos
493 1696 578 1722 facere
590 1693 728 1728 contingit.
1135 1698 1173 1724 40
1185 1691 1238 1725 qui,
1246 1689 1819 1730 dumquaeruntfi21u‘7115s11luqstres,vagantur
1830 1693 1898 1718 lento
1907 1694 2167 1729 grodu,d1Jpezfiquc.
2187 1696 2248 1722 Liu.

107 1732 290 1759 PALvMBi
301 1737 324 1758 N
338 1737 358 1757 V
371 1737 385 1758 s
396 1751 405 1764 ,
425 1740 456 1764 a,
476 1740 530 1758 um.
548 1730 608 1758 Adi.
645 1726 793 1764 [φασσινδς]
830 1729 908 1764 Qod
917 1738 947 1754 ex
958 1728 1070 1764 palumbe
1082 1726 1124 1763 ιβ.
1187 1734 1209 1759 ς,
1225 1736 1253 1757 44
1278 1727 1334 1751 Iam
1348 1724 1494 1764 obfidtoms
1510 1724 1599 1764 taedio
1615 1725 1681 1752 νιξιι
1695 1725 1851 1760 abscedunt,
1887 1728 2001 1762 vagique
2014 1738 2061 1763 per
2072 1739 2149 1764 agros
2164 1731 2250 1766 palan-

69 1774 117 1802 ω,
141 1766 297 1795 p3lumbin3
309 1776 370 1793 caro
394 1767 460 1793 pun,
474 1775 515 1798 30,
528 1774 563 1792 12,
1187 1767 1232 1787 tur
1245 1760 1311 1787 cibis
1335 1769 1456 1794 vtnoque
1472 1767 1570 1795 raptim
1586 1760 1678 1787 hausto
1695 1761 1798 1796 repleti.
1877 1763 1966 1790 Tacit.
1980 1764 2047 1792 Hist.
2064 1774 2088 1797 3,
2103 1775 2137 1798 17,
2150 1775 2170 1796 ς,
2190 1773 2213 1792 et
2229 1776 2251 1799 3,

107 1810 155 1831 ΡΑ
165 1810 182 1830 ι,
194 1809 249 1829 vm
265 1808 283 1829 n
294 1800 407 1835 VLVS,
422 1802 441 1828 i.
467 1810 503 1827 m.
540 1800 642 1827 Dimin.
679 1799 756 1834 Apul.
771 1799 835 1825 Met.
850 1803 863 1828 8
878 1806 901 1824 et
916 1808 944 1824 ιο
953 1807 1030 1833 p.213.
1187 1802 1231 1829 80,
1246 1807 1268 1829 4.
1283 1804 1308 1822 et
1321 1806 1344 1829 4,
1360 1801 1392 1829 ι8,
1407 1806 1428 1828 7.
1488 1797 1537 1822 Sed
1547 1803 1571 1822 ct
1591 1796 1671 1830 Palo,
1688 1798 1873 1832 aHiuaforma.
1929 1799 2027 1834 Sulpic.
2045 1800 2096 1828 Sat.
2117 1810 2143 1830 v.
2156 1810 2188 1835 43
2209 1802 2251 1829 Sic

106 1837 156 1866 PA‘
164 1845 181 1865 Ι.
190 1844 213 1864 v
223 1844 255 1870 S,
275 1837 342 1863 fidis.
372 1837 392 1863 f.
427 1834 516 1870 [ἕλος]
553 1837 628 1862 Locus
639 1835 760 1871 aquosus,
779 1835 822 1860 vel
827 1837 904 1869 Aqua
917 1844 963 1859 non
970 1835 1068 1869 fluens,
1084 1843 1125 1860 ne·
1187 1832 1271 1859 nostri
1285 1832 1372 1867 palare
1388 1832 1460 1858 senes
1475 1831 1610 1858 dicuntur.

65 1877 117 1909 ‘que
126 1880 254 1909 perpetua.
288 1894 290 1897 ,
309 1872 391 1902 Dixi,
416 1873 473 1897 Non
483 1877 618 1907 perpetua,
638 1871 696 1905 quia
711 1871 792 1897 Lacus
808 1871 922 1905 quamuis
934 1871 1070 1904 norisium,
1090 1878 1126 1895 ta.
1141 1876 1175 1902 45·
1224 1875 1295 1895 rAL
1305 1875 1358 1895 AN
1368 1875 1399 1901 s,
1432 1868 1510 1895 antis.
1546 1869 1614 1894 Part.
1652 1869 1864 1904 [περιφερόμενος]
1900 1870 1961 1897 Stat.
1985 1871 2078 1900 Theb.
2099 1882 2131 1905 ιι,
2147 1882 2171 1900 21
2197 1874 2251 1901 Aut

66 1917 122 1936 men
133 1917 223 1943 aquam
236 1907 310 1933 habet
318 1914 477 1942 perpetuam:
513 1914 537 1932 et
549 1909 587 1932 ita
600 1908 690 1944 differt
703 1905 831 1933 aPalude.
903 1906 1048 1932 Caefflzen.
1057 1906 1127 1933 Gall.
1187 1913 1253 1939 vaga
1265 1904 1382 1939 palantes
1397 1913 1489 1938 campo
1504 1903 1567 1939 fuga
1581 1903 1670 1931 voluit
1684 1905 1809 1932 Achiuos.
1890 1906 2007 1933 Palantes
2019 1908 2082 1943 fuga
2102 1909 2147 1936 Sil.
2156 1918 2181 1942 2,
2198 1913 2251 1937 162.

65 1953 95 1978 2,
104 1946 131 1971 16
151 1944 214 1978 Qio
224 1949 333 1979 propter
346 1943 451 1977 paludes
464 1942 550 1978 aditus
563 1940 703 1970 non'ess'et.
777 1942 863 1975 Palus,
884 1941 945 1968 ideo
960 1942 1040 1975 dicta,
1054 1942 1125 1976 quod
1188 1941 1331 1967 Demoleos
1344 1941 1419 1967 cursu
1434 1940 1549 1975 palantes
1564 1941 1655 1967 Troas
1668 1940 1760 1975 agebat
1785 1941 1860 1976 Virg.
1874 1944 1941 1968 Aen.
1953 1952 1976 1976 5,
1991 1946 2045 1973 265.
2138 1946 2252 1980 Agmina

66 1979 214 2016 paullulum
232 1987 314 2014 aquae
333 1979 362 2005 in
379 1979 554 2006 Altitudinem
574 1979 726 2011 contineat,
769 1985 795 2005 et
815 1979 900 2013 palam
917 1978 995 2004 latius
1017 1978 1126 2004 diffusae
1187 1977 1303 2011 palantia
1322 1976 1367 2003 Sil.
1384 1985 1417 2008 ις,
1432 1982 1483 2008 483.
1589 1976 1709 2002 Comites
1723 1976 1839 2010 palantes
1852 1984 1878 2004 et
1892 1978 1999 2012 dispersi
2032 1979 2136 2007 Lucret.
2148 1989 2178 2014 4,
2192 1989 2251 2016 579.

69 2016 148 2047 Varr.
160 2015 192 2042 de
204 2015 235 2042 L.
251 2015 282 2042 L.
297 2025 321 2049 4,
336 2025 356 2045 ς.
451 2015 510 2041 Alta
523 2015 597 2049 palus
617 2015 695 2049 Virg.
714 2015 813 2048 Georg.
829 2025 853 2046 4,
869 2019 907 2045 48.
1003 2015 1065 2040 Atra
1087 2013 1125 2040 Id.
1190 2012 1284 2038 Hostes
1303 2013 1417 2045 palantes
1433 2011 1562 2038 inse&ans
1600 2011 1690 2037 lustin.
1708 2019 1741 2044 ις,
1757 2021 1777 2042 3,
1792 2020 1823 2037 ιι.
1933 2013 2023 2040 Sidera
2036 2015 2124 2049 passim
2135 2016 2251 2051 palantia

68 2052 135 2079 Aen.
151 2061 174 2085 7,
186 2057 242 2081 802.
325 2051 398 2077 Caua
416 2050 515 2077 Catull.
531 2056 567 2083 18,
579 2060 602 2081 4.
696 2049 823 2075 Exhausta
841 2049 917 2081 Virg.
933 2049 1029 2082 Georg.
1043 2058 1063 2080 3,
1077 2057 1126 2080 432.
1142 2056 1174 2081 50
1191 2049 1293 2073 Luci-et.
1307 2055 1329 2078 ε’,
1347 2055 1414 2078 1030.
1500 2047 1593 2072 Stellae
1606 2047 1721 2080 palantes
1733 2047 1797 2081 polo
1818 2047 1895 2082 Virg.
1910 2049 1974 2075 Aen.
1990 2059 2016 2083 9,
2029 2059 2063 2076 ει.
2161 2052 2251 2079 Palan.

67 2087 159 2115 Foeda
177 2087 266 2113 Senee.
278 2087 358 2112 Herc.
371 2085 422 2113 fur.
438 2095 463 2119 9.
571 2084 713 2112 Horrenda
732 2083 824 2111 Claud.
840 2083 872 2109 de
887 2084 961 2117 Rapt.
977 2084 1095 2117 Proserp.
1109 2093 1128 2114 1,
1189 2089 1246 2107 tum
1258 2082 1287 2107 in
1301 2082 1394 2115 Terga
1412 2081 1458 2108 Sil.
1475 2090 1498 2113 ς,
1511 2083 1570 2114 446.
1666 2082 1759 2116 Terga
1773 2082 1887 2116 palantia
1901 2083 1964 2110 dare
1984 2085 2060 2120 Virg.
2073 2087 2139 2114 Aen.
2153 2096 2185 2121 ιι,
2199 2095 2249 2121 738.

69 2131 118 2150 112.
188 2120 342 2149 Inamabilis
368 2121 444 2155 Virg.
456 2121 521 2147 Aen.
536 2121 562 2151 6,
574 2126 630 2153 438.
736 2119 864 2147 Innabilis
875 2139 883 2152 ‚
919 2121 975 2145 vicl.
992 2125 1127 2146 INNAEI-
1188 2118 1266 2144 Vitae
1279 2117 1390 2151 palantis
1408 2117 1479 2143 viam
1493 2126 1620 2150 quaerere
1641 2117 1746 2144 Lucret.
1757 2126 1781 2150 2,
1797 2128 1833 2146 10.
1930 2120 2041 2148 Femina
2062 2122 2177 2156 palantes
2193 2125 2251 2159 agit

69 2165 127 2187 ms.
198 2156 314 2190 Liquida
332 2156 414 2184 Ouid.
427 2157 491 2184 Met.
506 2165 526 2189 1,
539 2165 590 2188 324.
676 2155 814 2182 Nebulosa
836 2155 882 2181 Sil.
897 2161 920 2187 8,
935 2161 987 2186 382-
1075 2155 1125 2181 Ni-
1190 2153 1266 2186 Virg.
1279 2155 1344 2179 Aen.
1359 2163 1388 2186 ιι,
1402 2163 1453 2185 757.
1491 2154 1639 2188 Frequenter
1652 2153 1748 2180 Liuius
1762 2156 1804 2180 hoc
1816 2155 1957 2191 ParticipJ'o
1971 2159 2064 2185 utitur.
2120 2159 2183 2185 Loca
2197 2169 2250 2187 con.

70 2202 119 2229 gra
149 2192 259 2221 Tibull.
274 2202 295 2225 3,
309 2201 332 2227 3,
344 2203 379 2226 37.
472 2193 618 2228 Perpetua,
652 2193 707 2217 vid.
731 2197 941 2218 PERPETVVS.
1050 2191 1126 2225 Pigra
1183 2187 1257 2223 geffit
1279 2187 1404 2215 Drakcnb.
1417 2190 1453 2214 ad
1467 2198 1485 2223 1,
1500 2198 1528 2216 ιι.
1566 2190 1607 2215 Sic

69 2229 162 2257 Claud.
177 2228 209 2255 de
222 2229 302 2256 Cons.
314 2229 389 2255 Hon.
400 2237 424 2260 4,
439 2237 489 2260 34ς.
574 2227 677 2254 Placida
695 2227 770 2262 Virg.
785 2230 851 2253 Aen.
864 2231 887 2259 8,
901 2231 939 2257 88.
1012 2227 1125 2253 Pontina
1142 2233 1171 2258 55
1226 2231 1240 2251 Ρ
1250 2231 1269 2250 A
1282 2232 1298 2251 1.
1307 2226 1329 2251 A
1338 2230 1359 2250 Τ
1372 2231 1393 2250 ν
1405 2231 1417 2250 s
1426 2245 1434 2256 ‚
1460 2234 1473 2251 a
1482 2245 1488 2255 ,
1512 2234 1566 2252 um.
1604 2226 1803 2260 [διεσπαρμένος]
1840 2225 1980 2261 D'sPffl'fi‘s·
2019 2227 2079 2255 Liu.
2093 2238 2128 2262 23,
2142 2239 2174 2262 4ο
2196 2231 2251 2258 Λιι-

72 2265 204 2299 Quinctil.
216 2274 238 2297 3,
250 2270 271 2294 8.
362 2263 470 2291 Putidae
482 2263 584 2298 paludis
598 2272 699 2298 vorago
720 2262 806 2290 Catul.
821 2268 855 2297 ιε,
869 2271 906 2289 ιο.
998 2261 1126 2289 Sordidae
1187 2269 1217 2286 us
1230 2260 1359 2286 exercitus
1374 2260 1462 2294 primo
1477 2269 1523 2295 per
1536 2269 1613 2294 agros
1627 2259 1755 2295 filuasque
1769 2261 1831 2294 fuga
1847 2262 1959 2295 palatus:
1996 2263 2075 2297 dein,
2093 2272 2139 2292 etc.
2175 2266 2250 2294 Idem

70 2302 132 2329 Stat.
145 2301 209 2327 Silu.
224 2309 249 2332 4,
262 2308 284 2334 3,
299 2304 322 2330 8.
394 2300 494 2326 stantes
514 2299 582 2325 Hor.
600 2300 689 2326 Carm.
703 2308 725 2332 3,
737 2307 773 2332 27,
787 2307 811 2333 9.
884 2297 987 2325 Sterilis
999 2306 1022 2324 et
1036 2298 1126 2324 Remis
1186 2305 1208 2329 3,
1221 2305 1234 2327 5
1253 2297 1283 2322 Iu
1300 2304 1367 2329 quos
1379 2296 1478 2330 palatos
1493 2296 1616 2330 praedam
1624 2303 1729 2331 agentes
1738 2296 1914 2330 Posthumius,
1933 2304 1980 2324 etc.
2016 2299 2250 2336 ld.8,24.et35,51.

49 2336 52 2338 ’
70 2343 132 2373 apta
147 2335 219 2363 Idem
234 2336 265 2362 A.
282 2336 309 2362 P.
321 2337 359 2367 65.
437 2335 530 2362 Vastae
550 2335 654 2363 Lucret.
671 2345 692 2367 5,
704 2344 758 2366 203.
846 2333 920 2360 Vdac
935 2333 1042 2367 paludes
1055 2333 1125 2360 intu-
1226 2338 1243 2358 Ρ
1254 2339 1275 2358 Α
1286 2338 1301 2357 L
1312 2339 1334 2358 A
1344 2337 1359 2357 B
1369 2338 1390 2356 V
1399 2339 1420 2358 N
1431 2338 1450 2358 D
1459 2339 1500 2358 vs
1509 2353 1517 2365 ,
1536 2340 1565 2364 a,
1585 2341 1639 2359 um.
1677 2332 1803 2367 Cyprian.
1813 2332 1891 2367 Epist.
1900 2342 1973 2367 42‚4.
1986 2343 2009 2360 et
2016 2335 2177 2371 Tert.Apol.
2186 2347 2249 2366 ρει,

72 2380 164 2400 muere
175 2370 242 2398 aestu
268 2370 350 2398 Ouid.
364 2372 431 2398 Met.
444 2380 461 2404 ι,
474 2379 530 2406 737.
620 2372 694 2398 Palus
708 2370 817 2397 obducit
830 2371 920 2405 pascua
934 2370 1029 2397 limoso
1043 2369 1125 2395 iunco
1228 2374 1243 2394 Ρ
1257 2374 1278 2394 Α
1290 2374 1326 2393 LI
1341 2373 1363 2393 Τ
1375 2373 1421 2393 OR
1431 2388 1439 2401 ,
1459 2368 1508 2394 ari.
1544 2368 1610 2402 Dep.
1647 2369 1752 2394 Errare.
1790 2368 1869 2396 Plaut.
1883 2369 1976 2397 Bacch.
1989 2379 2012 2404 ς,
2025 2380 2054 2405 ι,
2062 2381 2076 2403 ς
2101 2373 2173 2400 Oues
2185 2379 2250 2401 eunt

75 2408 151 2442 Virg.
166 2407 218 2434 Ecl.
231 2416 250 2440 1,
264 2416 305 2440 49.
377 2408 479 2434 Siccare
493 2406 599 2442 paludes
620 2407 676 2433 Cic.
691 2405 805 2441 Philipp.
819 2415 841 2439 5,
849 2416 871 2438 7.
880 2415 901 2432 e.
911 2415 929 2437 3.
1068 2403 1089 2443 ff
1112 2414 1125 2432 2
1138 2409 1173 2434 60
1187 2412 1202 2430 a
1218 2412 1284 2439 pecu
1299 2403 1445 2438 palitantes.

76 2443 210 2480 Obseruatt.
267 2445 306 2469 De
325 2445 392 2469 modo
411 2444 515 2469 Ultimae
528 2442 641 2477 Syllabae
658 2442 791 2469 dubitandi
802 2441 946 2475 occafioeem
959 2441 1028 2466 dedit
1041 2441 1127 2477 vasus
1223 2446 1240 2466 P
1248 2447 1270 2467 A
1279 2446 1298 2467 x
1308 2447 1318 2466 1
1327 2446 1344 2466 L
1354 2446 1370 2466 L
1380 2446 1401 2467 V
1412 2446 1436 2467 S.
1477 2440 1539 2466 Vide
1556 2440 1667 2466 ordinem
1685 2441 1884 2476 Alphaheticum.

75 2478 142 2507 Hor.
157 2479 187 2506 Α.
201 2479 228 2506 Ρ.
249 2481 278 2508 6ς
304 2479 348 2514 qui
359 2488 406 2504 non
425 2486 522 2505 tantum
543 2481 570 2504 in
584 2478 692 2504 omnibus
705 2478 823 2510 libris-lic
836 2478 929 2513 legitur
947 2477 1026 2511 Regis
1043 2486 1127 2512 opus;

75 2514 218 2549 sterilisque
231 2513 278 2542 diu
291 2515 363 2549 palus
377 2521 488 2551 aptaque
502 2514 596 2541 remis:
627 2513 674 2547 sed
687 2514 760 2539 etiam
768 2514 808 2546 sie
819 2515 940 2539 laudatur
954 2523 970 2538 a
982 2513 1077 2539 Seruio
1091 2513 1124 2539 ad
1595 2515 1618 2547 P
1693 2516 1721 2546 A
1795 2515 1835 2547 M

36 2570 37 2573 ,
71 2551 136 2578 Aen.
149 2559 172 2584 2,
184 2552 224 2582 65.
243 2559 268 2578 et
280 2553 376 2585 6,107:
412 2552 516 2585 itemque
528 2561 544 2577 a
557 2550 690 2578 Prisciano
703 2558 727 2583 p.
741 2554 790 2582 7¹8·
808 2550 852 2584 qui
864 2556 961 2575 monent
971 2556 1071 2583 praeter
1082 2558 1126 2575 na-

71 2593 153 2613 turam
165 2587 204 2612 hic
213 2593 346 2621 correptam
361 2588 475 2613 vltimam
489 2594 509 2613 v
517 2593 530 2613 s
552 2588 584 2612 ab
598 2586 714 2612 Horatio.
793 2586 844 2611 Sed
854 2594 907 2611 cum
921 2585 963 2610 hoc
982 2584 1127 2611 incredibile
1140 2590 1173 2623 65
1223 2593 1239 2612 x>
1249 2593 1271 2613 A
1281 2591 1305 2612 Μ
1316 2592 1342 2612 Μ
1351 2592 1373 2613 Α
1383 2592 1399 2612 c
1408 2592 1429 2612 H
1439 2591 1460 2611 v
1468 2591 1495 2613 M
1503 2605 1511 2618 ‚
1532 2585 1603 2620 quod
1617 2594 1667 2612 nos
1680 2586 1848 2614 Pancratium
1860 2594 2001 2623 vocamus,
2030 2589 2168 2617 contendit
2182 2591 2251 2618 Her-

71 2620 204 2656 viaseatur,
224 2623 350 2649 Bentleius
361 2623 491 2657 antiquum
504 2623 587 2658 potius
600 2624 710 2648 mendum
721 2627 810 2656 putat,
834 2627 859 2647 et
869 2620 996 2646 emendari
1009 2621 1066 2646 vult
1079 2620 1126 2647 ste·
1189 2623 1259 2649 cules
1273 2631 1333 2648 cum
1352 2621 1470 2649 Achareo
1491 2622 1561 2656 Hyg.
1574 2621 1594 2648 f.
1608 2630 1658 2654 273.
1732 2623 1799 2648 Hinc

71 2657 182 2693 rilisque
195 2658 268 2693 palus
281 2659 362 2694 prius.
418 2659 586 2694 Cuningamus
599 2657 797 2685 emendationes
811 2664 835 2683 et
848 2655 898 2691 ipse
907 2656 1028 2691 plusculas
1039 2662 1125 2691 propo·
1223 2664 1239 2685 P
1249 2666 1270 2692 A
1280 2665 1305 2684 M
1315 2664 1339 2683 M
1349 2665 1371 2685 A
1380 2665 1427 2685 CH
1437 2664 1460 2685 A
1471 2664 1490 2683 R
1501 2664 1510 2683 1
1521 2665 1530 2684 ι
1567 2658 1760 2695 Pancratiastae
1778 2660 1847 2694 apud
1858 2664 1912 2686 vet.
1926 2658 2041 2694 interpr.
2055 2660 2183 2696 Perieges.
2197 2663 2250 2689 lau-

66 2693 129 2729 suit.
146 2714 148 2716 ,
197 2695 320 2727 Maneat,
356 2703 403 2720 non
418 2694 568 2720 imitandum
580 2702 643 2720 certe
658 2693 704 2728 effi·
716 2694 780 2719 hunc
792 2692 888 2727 versum
902 2694 937 2718 ad
945 2693 1126 2727 producendam
1187 2695 1262 2720 dante
1275 2693 1397 2720 Munkero
1409 2695 1444 2719 ad
1456 2695 1521 2728 Hyg,
1534 2693 1552 2721 l,
1567 2703 1587 2720 c.

71 2730 136 2756 hanc
148 2731 192 2756 vel
200 2731 277 2756 aliam
290 2730 340 2756 elus
348 2731 451 2764 generis
460 2729 588 2765 syllabam.
669 2728 743 2757 Palus
757 2729 889 2764 Capreae,
916 2728 1021 2767 Romulo
1028 2726 1125 2761 fatalis
1223 2737 1239 2756 P
1249 2736 1269 2755 A
1279 2737 1305 2756 M
1318 2735 1333 2755 Ρ
1344 2737 1365 2756 H
1376 2737 1398 2757 A
1409 2735 1429 2756 G
1440 2737 1450 2756 1
1459 2752 1467 2763 ‚
1486 2738 1574 2756 orum.
1602 2738 1638 2756 m.
1675 2729 1841 2765 [παμφιὲγοι]
1878 2730 2037 2765 Aethiopiae
2055 2732 2168 2767 populi,
2192 2734 2250 2768 qui.

65 2765 133 2800 fuit.
171 2767 202 2793 In
214 2766 315 2800 Campo
326 2766 426 2792 Martio
438 2766 514 2793 fuisse
528 2766 591 2792 dicit
611 2765 670 2792 Liu.
687 2775 705 2798 ι,
719 2767 756 2792 16.
828 2763 903 2792 Palus
920 2764 1074 2799 Pomptma,
1101 2770 1124 2789 ee
1137 2771 1173 2799 70
1187 2765 1302 2793 buslibet
1318 2765 1398 2793 rebus
1419 2766 1551 2792 vescentes
1564 2783 1572 2796 ,
1608 2774 1710 2800 quornm
1728 2766 1839 2791 meminit
1858 2766 1924 2792 Plin.
1945 2769 1970 2800 6,
1984 2776 2023 2799 30.
2079 2769 2152 2802 Conf.
2165 2769 2251 2797 Solin.

56 2801 145 2828 -Plun
166 2801 272 2828 Paludes
285 2802 455 2837 Pomptinae,
478 2802 588 2828 fuerunt
602 2802 690 2828 Folsae
707 2800 853 2835 quaedam,
878 2799 975 2834 partim
989 2799 1126 2834 nauigabi-
1187 2812 1209 2829 c.
1225 2811 1260 2834 43,
1367 2802 1408 2827 Sic
1419 2801 1598 2836 Pamphagus,
1629 2802 1722 2827 Nomen
1740 2801 1810 2826 canis
1823 2802 1951 2835 venatici,
1978 2803 2053 2837 quast
2068 2804 2160 2830 Omnia
2181 2807 2250 2832 deuo.

71 2836 125 2870 les,
164 2846 231 2872 quae
244 2846 260 2864 a
278 2837 350 2864 Foro
363 2838 442 2872 Appii
458 2837 490 2863 ad
503 2837 635 2864 Feroniae
648 2837 741 2864 fanum
753 2845 837 2872 prope
852 2836 1032 2863 Terracinam
1044 2835 1076 2862 ad
1091 2842 1127 2862 M.
1187 2838 1269 2864 ramis
1290 2837 1373 2865 Ouid.
1387 2839 1451 2864 Met.
1466 2847 1485 2870 3,
1500 2846 1551 2864 210.

71 2879 98 2901 P.
111 2879 153 2900 xv
167 2880 212 2900 aut
225 2879 282 2900 XVI
295 2874 502 2908 porrigebantur
511 2894 519 2906 ,
539 2873 660 2907 olimque
671 2872 738 2899 adeo
751 2873 852 2908 amplae
866 2871 1004 2907 patebant,
1023 2876 1052 2898 vt
1066 2878 1127 2898 ante
1224 2880 1240 2900 Ρ
1250 2880 1269 2900 A
1279 2881 1304 2901 Μ
1313 2882 1328 2901 P
1338 2881 1358 2900 H
1367 2875 1414 2899 Y'L
1424 2880 1434 2899 1
1445 2881 1467 2900 A
1476 2894 1484 2906 ‚
1503 2882 1542 2900 ae.
1564 2873 1583 2900 f.
1619 2872 1790 2907 [Παμφυλία]
1828 2872 1902 2907 Regio
1914 2873 1990 2906 Afiae
2003 2875 2115 2902 minoris,
2158 2876 2249 2902 Ortha-

73 2908 274 2936 inundationem
293 2910 380 2936 locum
399 2909 569 2944 praebuerint
584 2917 610 2941 23
627 2907 746 2941 vrbibm,
765 2914 793 2935 vt
806 2908 941 2934 Mutianus
955 2914 995 2934 ter
1009 2908 1059 2935 cos.
1072 2915 1128 2943 pro·
1183 2911 1296 2945 graphia
1308 2918 1353 2945 per
1366 2910 1486 2935 Graecam
1499 2910 1599 2934 literam
1613 2908 1712 2940 verior,
1741 2911 1852 2942 quamuis
1864 2917 1907 2933 nec
1924 2911 2008 2935 altera
2018 2911 2168 2937 aueloritate
2181 2921 2249 2938 tare.

72 2945 139 2970 aidi:
150 2947 216 2980 apud
229 2945 295 2972 Plin.
309 2955 330 2978 3,
346 2955 367 2975 ς.
440 2944 548 2971 Paludes
562 2944 713 2971 Patinarum
721 2944 826 2971 Vitellii
838 2943 987 2970 memoriae
1023 2944 1042 2970 i.
1064 2953 1128 2969 mor·
1140 2949 1173 2977 75
1188 2953 1223 2973 at,
1261 2947 1292 2972 In
1307 2955 1337 2971 ea
1357 2949 1402 2977 (vt
1417 2944 1580 2980 Pomponius
1595 2953 1613 2976 ι,
1627 2952 1650 2975 ι4
1665 2943 1761 2976 refi’rt)
1793 2942 1829 2969 est
1843 2943 1940 2970 fluuius
1954 2945 2037 2972 Melas
2047 2966 2054 2978 ‚
2081 2946 2249 2980 nafflgabilis,

32 2978 39 2987 ‘
72 2986 114 3006 tuo
131 2980 224 3007 Vitellio
236 3001 245 3014 ,
282 2981 471 3016 exprobrauit,
506 2981 525 3008 i.
549 2980 653 3016 patinas
669 2982 790 3016 paludum
809 2979 888 3016 instar
913 2981 1024 3015 ingentes
1050 2979 1129 3007 Ptin.
1189 2987 1214 3008 et
1229 2981 1412 3013 Eurymedon,
1445 2980 1513 3015 apud
1528 2988 1606 3014 quem
1619 2979 1716 3005 Cimon
1731 2977 1897 3006 Atheniensis
1911 2980 1997 3007 Persas
2010 2981 2096 3008 nauali
2110 2991 2195 3016 pugna
2210 2983 2248 3008 su-

73 3023 110 3050 35,
128 3024 151 3042 12
171 3016 188 3042 s.
205 3020 251 3050 ’4,6.
1189 3017 1303 3051 perauit.
1398 3017 1458 3043 Stat.
1478 3016 1542 3043 Silu.
1562 3023 1582 3048 1,
1600 3024 1628 3047 4,
1647 3022 1675 3048 ῃ
1713 3015 1793 3041 Hune
1812 3023 1920 3050 quoque
1932 3025 2031 3051 perque
2046 3025 2143 3043 nouem
2157 3017 2247 3044 timuit

67 3062 70 3066 ’
110 3051 155 3079 PA
165 3058 182 3078 L
194 3059 214 3078 V
223 3058 242 3079 D
251 3054 272 3079 6
282 3058 295 3079 s
306 3058 327 3078 V
337 3058 366 3083 S,
384 3060 414 3085 a,
434 3061 489 3080 um.
517 3051 578 3079 Adi.
598 3052 709 3088 [ἑλώδης]
744 3052 850 3079 Humus
867 3051 1130 3084 Ouid.Met.15‚268.
1190 3052 1342 3087 Pamphylia
1361 3053 1460 3079 meffeS.

74 3086 153 3114 Nilus
173 3088 234 3115 Stat.
248 3088 430 3122 Silu-3‚2‚¹08·
526 3089 667 3115 Rauennae
687 3089 732 3116 Sil.
747 3095 770 3121 3,
783 3090 843 3114 602.
1228 3095 1245 3114 P
1257 3096 1279 3115 A
1287 3090 1420 3114 MPHY‘L
1430 3095 1438 3113 1
1449 3095 1470 3114 v
1480 3094 1509 3120 s,
1527 3095 1558 3119 a,
1578 3094 1633 3112 um.
1659 3084 1719 3112 Adi.
1755 3085 1936 3122 [Πιμφῠλιος]
1972 3087 2027 3126 Qi
2040 3086 2072 3122 cst
2083 3096 2114 3112 ex
2127 3088 2247 3124 Pamphy.

110 3130 157 3150 ΡΑ
166 3130 182 3149 L
193 3130 214 3149 V
224 3130 237 3150 S
246 3130 268 3151 Τ
278 3130 334 3157 ER,
351 3124 410 3158 tris,
427 3132 450 3150 et
462 3129 512 3151 tre.
531 3124 590 3151 Adi.
604 3122 702 3159 [ἕλειος]
720 3125 796 3161 Qod
805 3123 836 3159 est
849 3133 880 3149 ex
892 3123 995 3150 Palude.
1016 3122 1131 3149 Paluster
1144 3130 1176 3156 80
1190 3125 1234 3150 lia.
1256 3124 1312 3150 Cic.
1325 3124 1357 3150 de
1371 3123 1464 3150 Diuin.
1480 3131 1499 3155 ι,
1513 3132 1540 3153 25
1557 3122 1634 3155 Quae
1646 3122 1754 3155 quidem
1767 3131 1836 3161 nunc
1848 3131 1861 3148 a
1877 3123 2002 3148 Romanis
2014 3122 2158 3157 auguribus
2171 3132 2247 3157 igno.

76 3165 110 3182 an
123 3159 186 3185 refle
197 3160 310 3193 dicatur,
329 3161 438 3195 inquirit
450 3160 583 3189 Charifius
597 3170 620 3195 p.
635 3163 671 3193 63.
707 3160 781 3194 Conf.
795 3159 918 3186 Priscian.
932 3168 957 3193 p.
970 3161 1025 3189 628.
1080 3161 1130 3185 Sed
1189 3166 1297 3192 rantur,
1319 3159 1390 3185 bona
1402 3159 1455 3185 hoe
1465 3165 1509 3186 tua
1522 3158 1600 3184 venia
1615 3157 1746 3191 dixerim,
1765 3166 1778 3183 a
1792 3157 1938 3191 Cilicibus,
1957 3157 2128 3192 Pamphyliis,
2145 3159 2247 3194 Pisidis,

76 3192 156 3227 exstat
167 3196 232 3228 apud
243 3196 351 3222 Vitruu.
371 3205 393 3230 3,
406 3206 417 3229 3
428 3203 468 3231 pr.
505 3198 590 3224 Locus
603 3196 775 3231 congesticius
794 3196 825 3222 ad
844 3195 929 3222 imum
947 3202 991 3222 aut
1010 3194 1130 3229 paluster.
1189 3195 1277 3227 Lyciis
1291 3200 1427 3221 tenentur.
1499 3194 1683 3228 Pamphylium
1696 3202 1768 3219 mare
1788 3193 1855 3218 Pliu.
1866 3201 1888 3225 ς,
1897 3202 1930 3225 27.

78 3227 208 3256 Columel.
222 3239 241 3263 ι,
253 3240 265 3261 ς
290 3231 442 3258 Deterrima
453 3241 520 3267 aqua
533 3233 669 3267 palustris,
690 3241 757 3266 quae
771 3232 847 3267 pigro
862 3231 932 3266 lapsu
946 3231 1031 3265 repit,
1052 3230 1127 3265 pessi—
1226 3239 1240 3258 Ρ
1250 3238 1271 3258 A
1283 3238 1306 3256 M
1318 3238 1333 3257 P
1344 3238 1379 3258 11.
1388 3239 1405 3257 L
1414 3238 1435 3256 v
1444 3238 1470 3257 Μ
1479 3250 1488 3263 ,
1509 3231 1528 3256 i.
1546 3240 1571 3256 n.
1592 3233 1687 3256 Currus
1699 3238 1775 3267 genos
1788 3228 1892 3253 delicati
1903 3229 1990 3254 volunt
2002 3228 2056 3262 effl’.
2128 3231 2159 3256 ln
2179 3232 2246 3260 MS.

76 3263 133 3290 lens
146 3272 212 3298 quae
224 3265 253 3291 in
265 3267 358 3300 palude
369 3268 470 3302 semper
483 3269 607 3296 consistit.
678 3268 781 3296 Calami
793 3266 916 3303 palustres
937 3266 1021 3294 Ouid.
1036 3267 1098 3292 Met.
1109 3275 1127 3299 ι,
1190 3268 1307 3292 Pnhm'no
1329 3268 1422 3301 legitur
1442 3267 1510 3301 apud
1526 3265 1661 3300 Lamprid.
1677 3263 1817 3297 Heliogab.
1830 3273 1851 3289 c.
1860 3273 1888 3297 29
1892 3271 1933 3299 pr.
2005 3265 2095 3292 Iunxit
2107 3274 2248 3299 quaternas

78 3302 139 3331 70⁶·
209 3299 318 3329 C³elum
338 3302 398 3330 Liu.
410 3313 447 3336 22,
454 3312 479 3332 2.
500 3307 519 3332 i.
533 3307 577 3331 a‘e'r
588 3305 700 3330 humidus
713 3304 877 3339 apaludibux.
950 3302 1026 3330 Iunci
1046 3301 1128 3329 Ouid.
1144 3309 1173 3337 ες
1190 3302 1315 3329 mulieres
1329 3303 1519 3338 pulcherrimas
1535 3308 1559 3328 et
1573 3302 1648 3328 binas
1664 3300 1695 3326 ad
1711 3299 1881 3334 Pampillum,
1902 3299 1943 3326 vel
1957 3305 2059 3334 ternas,
2074 3308 2102 3328 et
2114 3302 2147 3328 fic
2160 3302 2247 3330 velita-

77 3335 140 3361 Me‘·
154 3341 178 3367 8,
191 3341 242 3368 337·
328 3337 412 3364 Lotus
426 3340 563 3375 palustris,
582 3341 672 3366 Plenus
684 3341 773 3374 palude
793 3340 866 3366 Caes.
880 3339 944 3366 Bell.
958 3338 1026 3365 Gall.
1040 3345 1068 3372 7,
1087 3346 1126 3363 ιο.
1189 3345 1231 3364 tus
1245 3338 1290 3366 est.
1365 3340 1466 3364 Ezlitzaem
1479 3338 1510 3372 est
1525 3337 1555 3364 ad
1572 3337 1704 3371 papillam,
1718 3338 1783 3369 quod
1793 3335 1923 3370 absurdum
1936 3337 2024 3362 merito
2035 3339 2184 3371 pronuntiat
2197 3340 2247 3365 Ob-

77 3371 171 3397 Pflstssa
207 3370 338 3398 commel·
350 3374 376 3405 6,
391 3381 428 3406 27·
531 3377 636 3403 Vadum
673 3375 767 3403 Claud.
781 3375 812 3401 de
828 3376 903 3410 Rapt.
917 3375 1036 3408 Proserp.
1050 3383 1072 3405 2,
1088 3382 1127 3406 59.
1190 3375 1295 3401 reflatus.
1337 3374 1390 3410 Ipse
1401 3375 1529 3405 legendum
1541 3380 1613 3408 putat
1630 3372 1662 3398 ad
1677 3370 1817 3405 pabillum:
1854 3378 1878 3396 et
1889 3372 2071 3405 interpretatur
2084 3379 2191 3407 paruum
2204 3383 2248 3410 pa.

77 3406 148 3433 Vllffl
168 3406 242 3440 Virg·
257 3407 355 3441 Georg-
372 3417 392 3439 3,
407 3416 456 3442 ¹75.
526 3413 609 3439 Vndis
624 3412 781 3448 palustribus
795 3411 869 3438 foeta
884 3411 941 3438 loca
966 3409 1047 3437 Ouid.
1063 3409 1128 3435 Met.
1188 3410 1296 3437 bouem.
1369 3405 1494 3436 Niniirum
1514 3409 1615 3436 Isidoro
1630 3407 1659 3434 in
1672 3406 1755 3441 gloffis
1772 3406 1841 3432 Pabo
1855 3406 1890 3432 est
1903 3406 2055 3434 vehiculum
2069 3409 2147 3435 vnius
2162 3417 2244 3438 rotae.

41 3469 44 3472 .
78 3450 113 3476 ¹4,
129 3451 177 3475 ¹03·
212 3442 272 3468 Alii
284 3443 368 3477 [agrum
384 3443 468 3470 Vluis.
1194 3447 1249 3473 l'id.
1264 3446 1405 3480 Dufrenius
1425 3455 1482 3472 voce
1502 3451 1596 3472 PAVO.
1677 3442 1830 3477 Pampillam
1851 3442 1948 3476 quidem
1968 3451 1993 3469 et
2006 3444 2167 3480 Pompillum
2179 3447 2248 3472 nihil

62 3480 65 3483 '
116 3484 132 3504 P
142 3486 164 3505 A
174 3485 190 3504 L
200 3484 221 3504 V
233 3484 252 3504 D
261 3484 300 3518 Pis
314 3483 337 3518 ’ξ
347 3485 365 3504 R
374 3485 384 3504 1
394 3485 406 3504 S
416 3500 425 3513 ‚
442 3488 465 3507 e.
501 3480 581 3510 Idem,
618 3483 728 3511 camo&
741 3484 803 3510 Vas,
812 3493 833 3515 2,
848 3491 884 3514 32,
1140 3489 1175 3515 90
1188 3480 1249 3517 ff,
1270 3491 1344 3517 neque
1354 3481 1483 3508 conuenire
1496 3482 1541 3507 huc
1555 3479 1697 3515 Papillam,
1718 3477 1853 3512 Scheffi’rus
1865 3478 1919 3505 iam
1932 3479 2072 3514 disputem
2084 3483 2114 3515 ile
2126 3491 2153 3507 rc
2166 3482 2244 3508 vebic.

114 3520 131 3540 P
142 3520 164 3540 A
174 3521 191 3541 L
204 3520 226 3540 v
238 3520 257 3540 D
267 3522 276 3540 1
290 3519 308 3541 C
319 3520 362 3542 οι
373 3521 395 3541 A
404 3535 413 3548 ‚
432 3523 471 3542 ae.
494 3525 516 3542 c.
554 3518 717 3547 Paludicolae
730 3519 859 3546 Sicambri
880 3518 969 3546 Sidon.
979 3515 1127 3552 Apollinar.
1189 3527 1208 3552 ι,
1231 3526 1269 3544 ιο.
1287 3526 1311 3543 et
1332 3527 1354 3549 2,
1373 3526 1405 3549 33.
2103 3517 2105 3519 ’

76 3549 155 3585 Epist.
175 3561 198 3584 4,
219 3560 236 3576 ι.
1226 3560 1241 3580 1³
1252 3561 1274 3580 A
1283 3561 1307 3579 Μ
1316 3561 1332 3580 Ρ
1342 3552 1356 3580 1⁰
1367 3561 1387 3580 N
1396 3560 1417 3578 v
1426 3558 1438 3578 s
1448 3573 1456 3584 ‚
1477 3550 1494 3577 ι.
1515 3560 1550 3578 rn.
1571 3552 1699 3576 Interdum
1713 3549 1777 3574 Fem.
1814 3547 1931 3583 [Mil-⁴²,
1946 3551 2048 3585 example]
2086 3551 2156 3578 Folia
2169 3559 2193 3578 et
2205 3562 2246 3577 ra.

112 3592 240 3613 PALVD
250 3583 264 3612 ἶ
275 3591 292 3611 F
302 3592 346 3612 ER
356 3606 363 3618 ι
384 3587 445 3618 gm,
464 3587 548 3614 erum.
567 3589 626 3616 Adi.
642 3590 778 3626 [ἐκφέροι]
801 3593 842 3624 Vt,
860 3591 951 3625 Aquae
964 3587 1129 3625 paludiferae
1188 3589 1223 3615 mi
1236 3590 1333 3621 teneri,
1353 3599 1365 3614 e
1373 3589 1498 3624 smwento
1512 3587 1573 3612 vitis
1588 3586 1665 3612 enati.
1728 3584 1860 3611 Columel.
1873 3592 1896 3618 3,
1910 3595 1933 3619 ¹7
1950 3586 2048 3613 Omnis
2066 3587 2140 3614 enim
2155 3588 2246 3614 fecun-

76 3621 177 3648 Auster
189 3621 351 3648 Philomelae
370 3631 396 3648 v.
409 3630 453 3654 44.
672 3652 677 3653 .
1189 3624 1236 3651 dus
1249 3626 1389 3660 pampinus
1402 3624 1472 3650 intra
1487 3623 1605 3656 quintam
1619 3628 1662 3646 aut
1674 3620 1770 3646 sextam
1782 3629 1911 3655 gemmam
1926 3621 2016 3648 frue‘tu
2030 3623 2167 3650 exuberat:
2206 3632 2245 3650 re.

112 3656 265 3684 PALVDi'
276 3664 296 3684 v
309 3655 356 3684 AG
366 3664 386 3683 v
397 3665 409 3683 s
419 3678 427 3690 ,
454 3666 483 3689 a,
508 3666 562 3684 um.
601 3659 657 3687 Adi.
692 3661 788 3689 Anien.
804 3661 933 3697 Descript.
948 3660 1030 3688 Orbis
1050 3669 1076 3686 v.
1090 3667 1128 3692 312
1140 3668 1173 3693 93
1189 3661 1262 3695 liqua
1277 3668 1350 3695 parte
1363 3659 1483 3694 quamuis
1497 3656 1641 3690 longiffima
1658 3655 1699 3682 vel
1714 3656 1805 3689 cessat,
1824 3657 1865 3683 vel
1880 3657 2038 3692 perexiguos
2051 3658 2162 3685 ostendit
2177 3667 2245 3686 race-

77 3691 176 3719 Moesta
191 3693 360 3729 paludiuagos
377 3694 519 3720 Germania
531 3693 606 3720 fleuit
618 3695 746 3724 alumnos,
1189 3705 1255 3723 mos.
1346 3696 1419 3723 Idem
1435 3706 1459 3727 4,
1474 3702 1500 3719 22
1526 3693 1605 3719 Nunc
1626 3691 1671 3717 vbi
1686 3691 1763 3718 vnius
1775 3698 1819 3718 aut
1834 3692 1941 3718 alterius
1957 3693 2019 3719 folii
2033 3694 2171 3729 pampinus
2186 3703 2244 3729 pro-

113 3729 237 3755 PALVS
247 3750 255 3762 ‚
281 3729 299 3756 i.
332 3739 367 3756 m.
405 3731 558 3761 [noioeane-2,
587 3735 691 3764 σκόλοψ,
715 3735 860 3768 avum-mc]
898 3733 1000 3759 Disitur
1021 3732 1126 3765 Lignum
1189 3732 1267 3766 repsit
1282 3742 1295 3759 e
1310 3732 1387 3759 duro.
1478 3728 1618 3763 Pampinus
1630 3732 1656 3753 et
1669 3727 1768 3754 Palmes
1782 3728 1924 3763 aliquando
1941 3738 1990 3763 pro
2005 3730 2099 3756 eodem
2113 3731 2243 3765 accipiun-

77 3769 188 3796 acutum‚
212 3765 346 3801 quodsolet
359 3766 386 3790 in
398 3773 490 3790 terram
502 3765 593 3798 defigi,
628 3775 654 3792 v.
665 3776 693 3800 g,
717 3770 746 3793 in
761 3770 840 3794 vineis
850 3768 973 3804 pedaniis
983 3788 990 3799 ,
1018 3768 1044 3792 in
1058 3767 1125 3791 clau·
1188 3774 1246 3801 tur,
1283 3769 1336 3794 vid,
1354 3770 1469 3793 PALME
1479 3769 1504 3791 S.
1576 3763 1664 3797 Opaca
1677 3763 1815 3798 pampinus
1839 3764 1930 3790 Claud.
1944 3765 1972 3790 in
1987 3765 2098 3799 Epithal.
2113 3764 2205 3791 Pallad.
2219 3773 2241 3794 5.

77 3798 165 3824 dendis
182 3800 273 3831 hortis,
300 3809 323 3827 et
335 3801 468 3834 fimilibos.
525 3799 631 3828 Tibull.
646 3811 664 3834 ι,
677 3809 703 3835 7,
717 3811 741 3833 33
759 3803 810 3830 Hic
823 3804 913 3831 docuit
927 3810 1044 3830 teneram
1059 3802 1125 3837 palis
1187 3804 1304 3830 Varroni
1318 3802 1472 3836 Pampimun
1494 3799 1659 3832 frequentius
1679 3799 1812 3825 feminino
1831 3800 1937 3833 aliHum,
1972 3801 2011 3826 ait
2030 3801 2102 3828 Seru.
2120 3802 2154 3825 ad
2167 3800 2241 3832 Virg.

78 3833 218 3868 adiungere
232 3835 323 3863 vitem.
433 3836 499 3863 Plin.
516 3846 550 3869 14,
563 3846 573 3868 3
593 3836 650 3862 Nec
664 3837 841 3873 orthampelos
856 3839 956 3873 indiget
970 3839 1066 3865 arbore
1080 3845 1179 3867 aut100
1187 3839 1240 3866 Ecl.
1253 3846 1279 3874 7,
1294 3844 1330 3869 58.
1428 3834 1518 3861 Viridi
1531 3835 1658 3868 pampino
1673 3835 1778 3869 cingens
1793 3842 1913 3870 tempora
1933 3836 2002 3862 Hor.
2016 3837 2102 3862 Carm.
2118 3844 2137 3866 3,
2150 3843 2185 3865 25,
2199 3843 2239 3859 20.

77 3869 156 3904 palis,
175 3870 226 3903 ipsa
239 3871 263 3897 se
275 3872 410 3899 sustinens.
484 3873 595 3907 Metaph.
610 3873 678 3898 Hor.
693 3873 743 3899 Sat.
756 3882 776 3906 ι,
789 3880 814 3907 8,
826 3884 838 3905 ς
858 3875 1032 3908 Obscenoque
1046 3873 1126 3899 ruber
1188 3875 1314 3901 Defendit
1327 3872 1464 3907 pampinus
1483 3879 1547 3897 vuas
1585 3870 1660 3905 Virg.
1674 3871 1774 3905 Georg-
1791 3881 1811 3903 1,
1824 3876 1882 3904 443.
1979 3871 2036 3898 Cic.
2051 3871 2082 3897 de
2095 3869 2193 3907 senen.
2209 3878 2240 3898 50

77 3905 215 3939 pot-reclus
231 3906 263 3933 ab
274 3907 384 3942 inguine
399 3909 481 3943 palus.
551 3907 631 3934 Aous
643 3908 732 3941 palus,
750 3910 804 3935 vid.
818 3916 899 3937 AGO.
971 3910 1048 3936 Aluei
1063 3909 1126 3942 pali,
1187 3920 1210 3937 c.
1224 3920 1246 3939 ις
1267 3911 1364 3937 Oriens
1380 3916 1431 3933 vua
1444 3907 1468 3932 se
1482 3904 1611 3941 ostendit,
1643 3915 1710 3940 quae
1722 3912 1746 3932 et
1763 3907 1838 3932 succo
1851 3913 1954 3940 terrae,
1986 3913 2010 3932 et
2024 3907 2110 3931 calore
2122 3904 2183 3941 solis
2196 3913 2240 3929 au-

77 3940 226 3975 oleaginei,
244 3942 360 3971 robustei
381 3945 489 3972 Viti-uu.
503 3954 543 3975 5c.
551 3943 599 3970 vlt.
643 3943 754 3969 Vstulati
767 3944 820 3978 pali
839 3944 913 3972 Idem
927 3956 938 3977 ς
951 3955 972 3973 c.
982 3946 1028 3972 vlt.
1062 3940 1124 3971 'Cic.
1186 3947 1306 3982 gestetis.
1324 3943 1414 3978 primo
1427 3942 1463 3968 est
1476 3942 1616 3976 peracerba
1629 3942 1745 3976 gustatu,
1782 3941 1876 3968 deinde
1891 3948 2018 3968 maturata
2033 3939 2172 3978 dulcescit,
2196 3948 2240 3965 ve-

77 3976 155 4003 Vffl‘l‘-
169 3986 190 4009 5³
205 3985 225 4004 Η
239 3987 260 4004 c-
274 3985 286 4011 5
310 3979 433 4007 Nomine
449 3980 553 4007 sceleris
570 3979 816 4013 coniurationisque
831 3979 961 4013 damnati,
984 3982 1014 4007 ad
1028 3980 1124 4015 suppli-
1185 3983 1295 4016 stitaque
1307 3978 1446 4016 pampinis,
1462 3986 1509 4003 nec
1525 3977 1632 4004 modico
1645 3985 1736 4012 tepore
1748 3984 1828 4011 caret,
1845 3984 1869 4004 et
1884 3977 1983 4003 nimios
1995 3976 2055 4015 solis
2067 3973 2186 4015 defendit
2200 3983 2241 4000 ar-

76 4011 147 4040 cium
158 4012 266 4048 traditi,
287 4014 320 4042 ad
331 4016 420 4049 palum
433 4016 548 4052 alligati,
567 4022 675 4051 repente
690 4015 780 4042 multis
800 4014 917 4043 millibus
930 4017 1071 4046 hominum
1084 4017 1124 4044 in·
1130 4023 1174 4051 105
1188 4018 1273 4046 dores
1473 4010 1494 4049 ἢ
1516 4022 1528 4041 2
1565 4013 1705 4049 Pampinus
1719 4013 1792 4041 etiam
1805 4014 1901 4048 capitur
1912 4019 1957 4047 pro
1970 4009 2142 4044 Cirrupo4yp1
2153 4009 2239 4048 pzfqis.

1343 4051 1390 4086 pp
1416 4059 1433 4087 Ρ
1448 4057 1464 4084 p
1491 4058 1503 4076 2
2169 4045 2237 4070 Plu».
