2517 4231
0 3500 3 3505 ,
47 3487 107 3507 vam
125 3479 248 3506 dicimus.

52 306 129 343 Epist.
141 314 166 340 5,
179 315 206 339 ²7
239 305 390 342 Expositum
406 304 494 333 subter
506 305 614 340 paradas
627 305 749 338 lee‘toque
769 302 914 336 iacentem,
949 303 980 329 de
992 312 1036 338 quo
1048 304 1098 331 loco

52 344 107 378 agit
119 343 204 369 Burm.
218 344 252 368 ad
263 341 370 375 Rutila,
378 350 430 375 347.
470 341 526 368 Vid.
544 339 762 374 'l'urnebAduerfi
775 347 811 372 22,
819 347 856 365 ιο.
876 336 978 374 Casaub.
991 341 1017 365 in
1026 340 1096 367 Suet.

50 378 100 407 Iul.
114 385 180 409 c.52.
200 378 243 403 'vel
256 379 338 404 Corda
348 379 464 411 Adrmo,
472 386 495 404 2.
587 377 590 379 ’

84 420 101 440 1²
111 419 133 444 A
144 418 165 440 R
175 419 197 439 A
207 418 227 439 D
238 419 277 440 [Α
287 418 301 440 S
310 411 360 439 Τὸ
369 420 384 439 L
393 420 409 440 Ε
419 434 427 447 ,
438 410 488 440 ‘es.
525 412 546 440 f.
583 407 771 445 [rugatas-omi]
806 409 913 436 Schema
930 411 980 444 est,
1017 419 1046 437 vt
1059 412 1097 437 ait

50 449 163 477 Rutilius
175 448 263 483 Lupus
275 457 300 483 p.
311 449 398 476 2Pitb.
410 449 481 485 quod
493 448 580 484 plures
593 452 637 474 aut
650 446 712 473 duas
725 454 777 478 res,
797 454 863 480 quae
878 446 1001 474 videntur
1014 456 1094 474 vnum
1117 448 1132 476 5

49 485 105 511 vim
118 483 213 511 habere
222 504 231 517 ,
262 483 404 518 disiungit:
440 491 466 511 et
479 482 604 519 quantum
618 481 713 509 distent
725 480 817 516 docet,
842 482 912 508 suam
926 483 1021 517 cuique
1033 492 1094 518 pro-

49 521 132 556 priam
143 520 296 547 sententiam
309 520 502 551 subiungendo.
540 521 588 553 ,De
601 517 686 551 bot-fic
700 516 783 544 Iulius
798 518 954 544 Rufinianus
967 528 991 554 p.
1006 527 1029 550 33
1049 519 1094 545 Pa-

48 555 200 619 rax‘iiaffiige}
218 555 254 582 est
267 565 350 591 quum
363 549 456 583 similes
469 564 510 582 res
525 553 725 586 discernuntur,
750 553 892 581 contrariis
905 554 1030 585 redditis;
1066 558 1095 580 vt

95 600 119 618 ir
137 610 145 619 .
178 600 190 617 c
204 611 210 617 .
230 600 258 624 3,
283 597 315 623 80

50 591 64 626 ζ
119 600 136 627 g
202 627 296 655 Triste
311 594 386 662 ltipus
398 625 519 658 stabulis,
545 624 654 652 maturis
670 624 790 659 frugibus
804 624 917 653 imbres:

203 662 353 690 Arboribus
365 662 451 695 venti,
471 660 550 688 nobis
561 660 731 692 Amaryllidis
745 661 809 688 irae.
856 661 897 694 Et,

202 699 286 726 Dulce
298 698 357 725 satis
371 699 484 732 humor,
504 695 613 731 depulsis
626 697 733 723 arbutus
746 696 850 728 hoedis,

201 734 283 762 Lenta
294 733 357 761 salix
368 732 442 759 foeto
456 733 564 768 pecori,
585 733 653 759 mihi
668 732 737 759 solus
750 734 884 766 Amyntas.

46 769 139 798 Latine
152 770 250 798 dicitur
262 768 468 796 Discriminatio.

83 813 99 833 i>
106 813 155 834 AR
163 813 184 833 A
194 812 213 832 1>
221 813 231 832 1
239 813 260 833 Α
269 811 286 831 z
296 811 312 830 E
320 811 367 830 vx
376 811 386 830 i
394 809 418 837 s,
426 804 456 832 is.
464 804 484 832 f.
492 804 700 840 [παραδιάζευξιςῇ
711 802 752 844 ξβ
758 803 852 838 Figura
865 802 893 827 in
905 801 1024 834 oratum,
1032 809 1095 835 quae
1113 808 1139 835 ις

41 843 89 878 fit,
114 843 206 876 quoties
217 841 280 874 quid
285 847 332 875 per
342 845 386 866 aut
396 841 548 875 particulam
561 843 600 866 ita
612 840 784 874 disiungitur,
810 844 840 864 vt
853 844 933 864 tamen
941 843 990 872 per
1001 842 1027 863 et
1039 844 1095 863 con-

2 898 14 910 „
35 878 152 904 -iunaum
163 875 327 910 intelligatur.
363 876 430 910 Imp.
439 876 491 903 inl.
501 884 560 910 pen.
581 876 612 902 C.
626 875 666 902 De
678 873 752 901 verb.
766 873 828 908 sign.

24 942 26 945 ,
85 918 101 939 1²
110 919 132 938 A
140 918 159 938 R
168 919 190 938 A
200 916 222 938 D
233 918 242 937 ι
252 917 272 937 G
281 917 305 937 M
313 918 335 937 A
342 931 350 944 ‚
371 911 428 938 atis.
456 921 482 938 n.
520 910 696 946 [παράδειγμα]
733 910 823 936 Latine
837 908 980 942 Exemplum
991 907 1095 934 dicitur.

44 947 126 976 'Iulius
138 946 293 974 Rufinianus
307 956 332 982 p.
345 952 373 976 28
393 947 587 982 Paradigmatos
601 946 709 980 quidem
721 943 854 971 triformis
868 942 904 970 est
916 943 994 969 ratio.
1023 943 1094 970 Nam

48 983 193 1018 exemplum
211 989 255 1009 aut
274 983 394 1017 personas
415 989 516 1010 tantum
529 981 635 1009 exhibet
647 981 698 1007 fine
712 980 850 1012 sermone,
885 985 929 1005 aut
944 979 1094 1006 sermonem
1105 990 1140 1009 20

46 1019 97 1047 sine
109 1018 243 1054 personis,
262 1025 305 1045 aut
319 1018 392 1045 simul
405 1025 556 1053 vti-unique.
619 1016 759 1043 Personam
772 1015 826 1042 sine
840 1015 975 1048 sermone,
997 1020 1026 1042 vt
1038 1014 1095 1041 Cic.

63 1062 93 1082 ro
107 1054 203 1081 Milon.
216 1060 238 1084 8.
312 1054 407 1088 Neque
425 1055 495 1081 enim
508 1052 630 1088 potuisset
645 1057 689 1078 aut
702 1050 796 1078 Ahalia
808 1050 855 1078 ille
867 1050 1010 1083 Seruilius,
1048 1055 1095 1077 aut

34 1087 37 1093 ’
65 1110 73 1118 .
86 1090 193 1125 Nasica,
212 1095 256 1116 aut
268 1089 300 1116 L.
315 1090 454 1125 Opimius,
488 1094 533 1115 aut
547 1088 579 1114 C.
591 1087 692 1114 Marius
701 1108 709 1121 ‚
745 1092 789 1114 aut
801 1095 845 1113 me
859 1086 974 1113 Consule
987 1087 1094 1114 Senatus

44 1134 98 1152 non
112 1126 229 1153 nefarius
242 1125 349 1159 haberi,
370 1125 386 1151 si
399 1125 536 1151 sceleratos
548 1123 620 1150 ciues
635 1123 751 1150 interfici
763 1123 837 1150 nefas
848 1123 917 1149 esset.
943 1134 948 1139 ·
991 1122 1094 1149 Sermo-

44 1170 106 1188 nem
118 1161 171 1188 sine
185 1162 312 1196 persona,
341 1160 448 1188 Catonis
461 1160 498 1186 est
510 1159 627 1195 dietum,

43 1197 196 1224 Sermonem
209 1197 307 1231 pariter
319 1203 344 1223 et
356 1197 501 1231 personam.
593 1195 650 1223 Cic.
663 1204 713 1229 pro
727 1196 803 1223 Rose.
824 1196 929 1227 (Amet.
944 1198 990 1227 34)
1017 1193 1094 1221 Estne

43 1233 96 1260 hoc
110 1233 150 1260 illi
169 1233 243 1260 dieto
254 1239 332 1268 atque
345 1231 417 1259 facto
428 1229 584 1258 Fimbriano
598 1230 780 1258 fimillimum3
836 1231 960 1265 Hm‘lenus
975 1229 1094 1256 Rufinia-

43 1278 102 1296 nus.
175 1269 290 1296 Donatus
304 1278 310 1293 :
345 1267 516 1303 Paradigma,
540 1266 577 1294 est
594 1267 709 1302 exempli
727 1267 860 1294 hortantis
876 1265 920 1292 vel
937 1265 1094 1292 deterrentis

44 1305 188 1335 enarratio.
274 1303 414 1331 Hortantis
421 1324 431 1337 ,
448 1310 478 1330 vt
491 1303 568 1338 Virg.
580 1305 645 1332 Aen.
660 1311 680 1336 ι,
694 1305 740 1336 246
761 1304 884 1330 Antenor
898 1302 985 1336 potuit
997 1301 1094 1328 mediis

43 1341 144 1375 elapsus
157 1339 264 1366 Achiuis
305 1339 424 1372 Illyricos
438 1343 576 1373 penetrare
592 1339 676 1374 sinus,
694 1346 740 1366 etc.
845 1337 1028 1372 Deterrentis,

42 1377 108 1403 Aen.
122 1386 144 1409 7,
157 1377 200 1408 363
217 1376 252 1402 At
265 1383 318 1402 non
332 1375 364 1402 sie
376 1374 505 1409 Phrygius
520 1381 641 1410 penetrat
654 1375 849 1402 Lacedaemona
859 1373 960 1408 pastor,
997 1372 1095 1401 Laede-

42 1420 137 1474 {imque
151 1411 279 1438 Helenam
289 1411 425 1438 Troianas
437 1410 510 1438 vexit
522 1410 556 1438 ad
569 1411 656 1439 vrbes.
700 1412 755 1437 Viti.
769 1410 862 1438 Ifidor.
877 1419 896 1443 ι,
908 1411 947 1443 36.
971 1409 1049 1437 Aust.
1061 1408 1095 1436 ad

71 1455 161 1473 erenn.
176 1457 190 1479 4
203 1456 224 1474 c.
238 1456 278 1480 49.
542 1472 545 1473 γ

81 1489 99 1509 i·
108 1484 130 1509 A
139 1489 160 1509 R
168 1489 189 1508 Α
199 1488 219 1510 n
229 1483 245 1509 i*
253 1489 266 1508 s
276 1489 296 1508 v
305 1488 318 1508 s
326 1500 336 1514 ‚
355 1481 373 1508 i.
393 1491 429 1509 m.
467 1480 627 1517 [παράδεισος]
668 1481 779 1515 Tametsi
787 1481 886 1517 quidam
893 1481 1047 1515 femininum
1060 1490 1095 1508 es-

37 1518 67 1555 se
84 1519 245 1545 contendant:
283 1519 387 1544 Hortum
398 1517 527 1560 significat
545 1520 612 1559 'apud
623 1518 818 1553 Xenophontem,
843 1525 867 1543 et
886 1518 963 1543 locum
977 1516 1096 1550 ferarum
1111 1526 1140 1554 ὃς

35 1553 147 1591 fiptum‚
166 1554 221 1586 flue
239 1554 365 1580 viuarium
379 1561 422 1579 aut
435 1555 599 1580 vt'rrdarmm.
656 1556 707 1579 Vox
721 1553 815 1589 deflexa
826 1553 874 1589 est,
896 1553 923 1578 ni
930 1552 1010 1587 fallor
1020 1573 1029 1586 ,
1065 1554 1096 1580 ab

43 1591 154 1617 Hebraeo
166 1589 276 1623 Pardes,
296 1591 362 1624 quod
372 1590 472 1615 hortum
487 1589 637 1624 domesticum
643 1589 788 1624 fignificat,
799 1589 853 1622 siue
863 1590 1008 1624 pomarium.
1026 1588 1096 1616 Geli.

43 1635 68 1659 a,
81 1634 113 1652 20
144 1625 270 1658 Viuaria,
307 1633 373 1658 quae
387 1634 456 1651 nune
468 1624 580 1659 vulgus,
615 1633 682 1659 quos
695 1624 789 1651 Graeci
804 1624 935 1659 appellant
949 1622 1097 1658 πωςαόέσυς,

43 1670 110 1696 quae
123 1661 255 1701 leporaria
268 1661 354 1687 Varro
368 1660 440 1687 dicit.
531 1660 680 1687 Paradisum
700 1660 869 1687 nominamus
888 1660 977 1686 locum
991 1660 1098 1686 diuinae

1110 632 1139 652 10

662 1159 771 1194 pedibus
786 1159 954 1193 compensare
974 1158 1093 1192 pecunia.
1109 1165 1141 1193 ις

1065 1342 1095 1364 vt
1109 1348 1142 1374 30

1554 212 1819 254 PAR
2130 227 2209 271 686

1158 303 1286 330 Pollionis
1305 302 1396 330 Claud.
1422 311 1461 339 17:
1489 302 1620 335 Salmqlius
1638 304 1675 330 ad
1690 304 1792 330 cundem
1811 304 1903 339 locum,
1933 307 2035 342 itemque
2052 313 2087 336 ml
2097 314 2203 348 Vopisci

1158 338 1248 366 Aurel.
1261 340 1304 370 46:
1340 346 1381 371 ct,
1410 340 1453 373 qui
1465 338 1618 374 disertissime
1630 339 1766 373 trat‘lauit,
1806 341 1857 367 lac.
1873 342 1987 375 Gmbufiu
2000 347 2034 369 ml
2046 345 2062 372 l.
2078 357 2090 373 2
2104 350 2133 376 C,
2148 351 2195 377 Th

1158 375 1191 402 de
1205 373 1317 401 vestibus
1331 375 1457 401 (noueris
1470 380 1496 401 ct
1508 375 1612 403 auratis.
1684 377 1736 401 lam
1754 382 1871 409 ponamus
1885 375 1947 411 ipsos
1961 378 2021 404 locos
2035 387 2143 409 veterum
2178 371 2207 413 at·-

1157 412 1232 444 legem
1245 409 1286 435 cit.
1302 410 1436 443 Gratiani,
1468 411 1601 438 Valentiu.
1617 416 1643 438 ct
1657 410 1823 442 Theodosii,
1841 421 1903 446 quae
1917 412 2018 448 (stendit
2034 406 2206 452 Paragmu’lam

1155 445 1201 480 effi
1213 442 1365 484 accessionem
1378 446 1492 480 vestium.-
1530 448 1621 473 Ncmo
1632 453 1733 474 auratas
1747 446 1856 480 habeat,
1883 454 1929 474 aut
1948 448 1976 474 in
1986 451 2102 484 tunicis,
2121 462 2163 481 am
2178 457 2207 482 j„

1155 481 1233 520 lineis
1248 480 1415 519 Paragaudas.
1494 482 1558 509 Non
1572 482 1644 509 enim
1657 482 1712 509 leui
1725 483 1951 511 animaduersione
1965 485 2110 520 pledh‘tur,
2137 491 2207 523 quis.

1156 524 1214 555 quis
1227 521 1312 542 vetito
1326 516 1350 541 se
1362 522 1387 541 ct
1400 516 1520 544 indebito
1533 527 1586 544 non
1599 518 1727 545 abdicarit
1741 518 1846 546 indutu.
1930 520 1999 556 Lege
2013 531 2020 548 ι
2036 523 2095 550 eod.
2112 525 2208 552 Valcn.

1155 553 1271 578 tinianus
1285 558 1310 577 ct
1324 551 1420 577 Valens
1429 573 1436 584 ‚
1471 555 1578 580 Auia-itas
1591 563 1619 580 ac
1632 554 1724 581 sericas
1736 555 1895 590 Paragaudas
1908 564 1975 583 auro
1989 557 2120 590 intextas,
2154 568 2209 587 tam

1154 587 1246 614 viriles
1260 595 1337 620 quam
1352 587 1492 613 muliebres
1507 589 1615 622 priuatis
1629 589 1714 616 vsibus
1733 597 1874 617 contexere
1887 591 2069 629 conficereque
2084 595 2210 629 prohibe-

1156 632 1229 655 mus,
1268 622 1307 649 sed
1322 623 1461 662 Gynaeciis
1482 629 1583 650 tantum
1597 625 1693 651 nostris
1706 624 1765 652 fieri
1782 627 1966 662 praecipimus.
2075 631 2210 660 Valerian.

1155 660 1222 693 Imp.
1236 659 1304 693 apud
1312 658 1419 692 Vopisc.
1433 659 1461 684 in
1475 658 1563 685 Probo
1577 670 1591 691 4
1623 660 1654 686 ad
1668 660 1833 689 Praestet-:ium
1848 664 1986 691 Praetorio
1994 664 2084 700 scribit
2138 669 2210 696 Huic

1155 695 1239 729 igitur
1257 694 1352 733 (sfrobo
1362 701 1415 733 tum
1428 694 1543 726 tribuno)
1568 694 1625 721 dari
1637 695 1758 730 iubebis,
1792 699 1918 732 quoniam
1931 700 2073 728 mediocris
2085 688 2210 731 fortunae

1157 730 1210 763 est,
1231 735 1259 756 vt
1272 738 1329 755 cius
1342 728 1455 762 dignitas
1469 729 1640 757 incrementis
1654 730 1777 766 iuuetur,
1795 735 1895 761 tunicas
1909 737 2018 764 russulas
2032 737 2093 765 duas
2130 740 2210 775 pallia

1156 766 1256 792 Gallica
1269 765 1322 791 duo
1336 764 1459 797 fibulata,
1477 765 1611 793 'interulas
1625 767 1797 801 Paragaudias
1814 769 1884 796 duas.
1992 759 2130 801 Gallieniis
2143 777 2201 812 Imp

1155 801 1343 836 apudl’ollion.
1365 799 1479 828 Claudio
1493 808 1522 836 17
1536 800 1759 837 mfflffisescribit
1772 805 1888 838 claudio,
1909 807 1997 834 Vestes
2010 809 2125 837 diuersas
2140 796 2211 839 xvi·

1155 836 1265 870 Albam,
1293 836 1464 868 subsericam,
1482 836 1657 872 paragaudem
1670 837 1818 872 triuncem,
1837 849 1925 868 vnam.
2017 846 2145 880 Vopiscus
2159 832 2212 875 Au:

1155 873 1247 899 relian.
1263 881 1286 903 ις
1313 872 1436 903 Vidimus
1456 873 1580 908 proxime
1599 873 1762 900 consulatum
1782 875 1857 901 Furii
1870 876 1969 903 Placidi
1983 885 2055 907 tauto
2068 882 2167 910 ambitu
2182 883 2211 911 in

1155 909 1226 935 circo
1241 908 1357 941 editum,
1392 917 1451 935 cum
1465 907 1591 935 darentur
1603 908 1706 935 tunicae
1719 909 1879 944 subsericae,
1916 913 2002 941 lineae
2041 919 2203 953 paragaudae

1156 946 1188 971 Et
1201 951 1233 980 47
1250 943 1409 979 Paragaudas
1422 944 1504 971 vestes
1517 944 1571 980 ipsc
1583 944 1685 980 primus
1697 945 1830 972 militibus
1844 947 1932 981 dedit,
1951 937 2083 979 cum'ante
2096 963 2149 981 non
2163 942 2212 983 nisi

1156 980 1239 1007 re&as
1254 989 1397 1015 purpureas
1410 981 1579 1015 accepissent,
1604 985 1629 1006 et
1642 980 1749 1014 quidem
1765 981 1825 1008 aliis
1838 984 2007 1020 monolores‚
2033 988 2092 1014 aliis
2104 990 2202 1018 dilores

1155 1016 1263 1048 trilores
1277 1016 1353 1049 aliis,
1373 1021 1399 1043 et
1411 1025 1494 1050 vsque
1506 1017 1538 1043 ad
1556 1016 1722 1051 pentelores,
1742 1018 1831 1052 quales
1845 1018 1927 1046 hodie
1939 1020 2024 1049 lineae
2041 1024 2108 1052 sunt.
2157 1013 2213 1054 He:

1155 1052 1225 1085 syth,
1239 1051 1382 1086 παςηώδας
1418 1052 1470 1085 (ex
1482 1054 1575 1079 emend.
1593 1052 1667 1078 Salm.
1678 1059 1725 1088 pro
1737 1058 1903 1089 παραγωγὰς)
1939 1057 2013 1090 χιι-ὣν
2029 1064 2092 1094 παρὰ
2106 1065 2211 1096 nassum.

1155 1094 1250 1119 Nomen
1268 1092 1313 1128 effi
1326 1092 1457 1120 orientalis
1469 1093 1577 1128 originis
1589 1096 1664 1118 ἻῚἉἿΒ
1677 1094 1728 1120 iam
1739 1094 1891 1131 obseruatum
1904 1098 2040 1134 Casaubono
2053 1102 2071 1127 Ι.
2086 1112 2107 1128 c.
2143 1105 2206 1131 Add

1157 1129 1240 1164 Stepb.
1257 1129 1374 1163 Lemoyne
1385 1129 1421 1154 ad
1437 1130 1495 1155 Var.
1510 1130 1588 1155 Sacra
1597 1146 1606 1160 ‚
1622 1135 1649 1165 p.
1659 1137 1702 1163 592
1708 1129 1763 1166 seq.
2205 1124 2212 1131 ⁵

1194 1185 1210 1205 Ρ
1218 1186 1241 1206 Α
1248 1185 1269 1206 R
1278 1185 1300 1205 A
1307 1184 1328 1206 G
1337 1180 1358 1206 6
1365 1185 1386 1206 G
1395 1185 1411 1206 Ε
1421 1199 1430 1212 ,
1594 1180 1754 1216 [παραγωγιὶ]
1792 1181 1915 1211 Diomed.
1934 1194 1947 1211 2
1966 1195 1991 1221 p.
2007 1190 2056 1221 436
2081 1190 2213 1227 Par-agoge

1464 1188 1499 1206 es.
1536 1179 1556 1206 f.

1157 1215 1210 1248 est,
1246 1223 1307 1242 eum
1325 1214 1357 1242 ad
1371 1215 1491 1258 Vltimam
1512 1215 1637 1257 simplicis
1649 1215 1780 1258 'dieiionis
1793 1219 1931 1248 clausulam
1944 1229 1987 1249 aut
2002 1223 2076 1251 litera
2091 1226 2213 1262 iungitur

1157 1256 1202 1292 aut
1214 1250 1322 1292 syllaba.
1391 1253 1478 1291 Eodem
1490 1252 1629 1291 inodolfinzt
1644 1252 1732 1278 ιύπίειη
1745 1259 1954 1291 nque-neaman„
1976 1260 2016 1285 cui
2026 1263 2161 1296 exemplum
2172 1270 2214 1297 po-

1155 1295 1196 1313 mt
1210 1286 1370 1321 Admittier,
1397 1288 1555 1322 Accingier,
1579 1294 1608 1313 vt
1622 1288 1786 1323 Paragogae,
1817 1291 1944 1319 Potestur.

1159 1328 1200 1350 tus
1213 1331 1238 1358 p.
1253 1331 1315 1356 1772.

1782 1326 1787 1332 ι
2015 1296 2106 1324 Eadem
2128 1298 2216 1324 Dona-

1278 1359 1284 1363 ·
1556 1332 1568 1349 2
1606 1327 1838 1365 Argumenta-tronis
1851 1329 1986 1356 rhetoricae
2000 1339 2080 1365 genus
2093 1333 2132 1365 stc
2144 1343 2214 1360 voca-

1158 1366 1216 1392 tur,
1253 1360 1310 1385 Cic.
1331 1358 1406 1398 Top.
1421 1366 1456 1392 42
1471 1368 1491 1385 c.
1506 1368 1534 1385 io
1559 1358 1623 1386 Sunt
1634 1359 1833 1394 similitudines,
1854 1372 1920 1398 quae
1936 1373 1967 1391 ex
1981 1366 2101 1400 pluribus
2114 1369 2215 1396 collati-

1158 1394 1255 1421 onibus
1268 1400 1443 1434 perueniunt,
1464 1394 1642 1434 quo'volunt5
1666 1394 1717 1423 hoc
1731 1397 1827 1424 modo:
1865 1399 1891 1425 Si
1905 1406 1979 1427 tutor
1992 1402 2071 1429 fidem
2084 1405 2215 1438 praestare

1159 1429 1252 1471 debet,
1273 1430 1291 1457 fi
1306 1431 1407 1463 socius,
1426 1430 1459 1464 si,
1485 1439 1527 1457 cui
1540 1429 1683 1462 mandaris,
1705 1431 1738 1473 si,
1759 1434 1806 1468 qui
1820 1433 1944 1463 fiduciam
1956 1439 2100 1473 acceperit:
2137 1441 2215 1468 debet

1155 1473 1237 1493 etiam
1250 1470 1417 1502 procurator.
1513 1466 1584 1493 Haec
1605 1476 1637 1494 ex
1656 1467 1778 1502 pluribus
1793 1471 1953 1511 pei-ueniens
1965 1483 2020 1508 quo
2033 1475 2090 1502 vult
2105 1477 2215 1511 appella-

1158 1508 1201 1529 tur
1220 1502 1328 1543 Induclio
1342 1521 1350 1534 ‚
1385 1510 1456 1542 'quae
1473 1502 1572 1529 Graece
1592 1503 1728 1538 aagoewwq'
1742 1511 1914 1542 nominatur,
1944 1518 1995 1544 qua
2014 1510 2160 1545 plurimum
2179 1513 2216 1540 est

1159 1538 1218 1565 vsus
1231 1547 1259 1564 in
1275 1538 1441 1565 sermonibus
1455 1537 1581 1565 Socrates.

1193 1596 1240 1616 ΡΑ
1249 1596 1268 1616 R
1278 1595 1328 1616 AG
1340 1594 1359 1616 ο
1370 1594 1390 1616 G
1399 1595 1421 1615 v
1430 1595 1459 1622 S,
1477 1598 1508 1622 a,
1527 1598 1584 1633 um:
1614 1590 1673 1618 Adi.
1700 1592 1868 1628 [παράγωγσς]
1905 1595 2006 1623 Charis.
2020 1607 2031 1629 3
2045 1608 2069 1633 p.
2084 1601 2131 1626 226
2149 1601 2215 1628 Sunt

1157 1625 1283 1666 quaedam
1301 1624 1398 1658 verba,
1434 1634 1500 1666 quae
1516 1636 1659 1666 noceaymyoe.
1666 1628 1845 1662 appellantur,
1881 1640 1946 1666 quae
1961 1641 1975 1658 a
1989 1634 2125 1667 primitiui
2139 1637 2216 1664 verbi

1160 1661 1338 1688 declinatione
1351 1666 1377 1687 et
1390 1666 1566 1688 mutationem
1579 1668 1604 1688 et
1617 1662 1796 1690 adieetionem
1811 1665 1949 1693 literarum
1964 1669 2086 1703 capiunt,
2105 1677 2132 1698 et
2145 1671 2217 1698 nihi-

41 1697 220 1727 amoenitatis,
236 1695 395 1731 recipiendis
410 1696 561 1723 sandiorum
573 1695 709 1731 spiritibus
721 1695 879 1722 destinatum
899 1696 1017 1722 Tertull.
1026 1694 1096 1729 Ap‘o-
1109 1706 1143 1730 40
1158 1697 1185 1723 lo
1198 1697 1284 1723 minus
1302 1696 1437 1723 interdum
1449 1697 1566 1730 variant,
1597 1703 1626 1724 vt
1639 1699 1734 1732 Laceffi
1751 1705 1777 1725 et
1792 1701 1885 1735 Fac-effi)
1898 1711 1929 1728 ex
1942 1711 1974 1729 eo
1988 1705 2060 1738 quod
2074 1706 2109 1732 est
2124 1708 2216 1733 Lar-ero

43 1733 99 1767 log.
111 1742 132 1758 c.
147 1739 188 1766 47.
226 1733 298 1766 Confi
312 1732 389 1767 Vulg.
402 1732 466 1758 Luc.
474 1741 498 1764 23
511 1741 538 1758 v.
552 1741 588 1764 43.
784 1729 807 1767 ff
826 1739 838 1756 2
876 1731 970 1757 Amnis
984 1730 1096 1757 Paradisi

43 1768 152 1795 meminit
166 1767 232 1794 Plin.
245 1775 266 1800 ς,
279 1776 315 1800 27.
342 1775 366 1793 et
378 1767 484 1801 Capella
498 1770 521 1793 6.

82 1809 99 1830 ι’
108 1810 159 1830 AR
168 1809 217 1829 AD
225 1810 234 1829 ι
243 1810 274 1829 ει
284 1801 332 1830 A'c
342 1807 365 1829 v
375 1808 390 1830 s
399 1824 409 1837 ‚
427 1810 456 1835 a,
476 1810 530 1828 uni.
546 1800 606 1828 Adi.
630 1800 747 1828 Alcimus
763 1800 858 1827 Auitus
873 1810 892 1831 1,
909 1810 958 1834 300
978 1803 1010 1828 In
1022 1810 1096 1836 para-

42 1838 135 1866 disiaca
148 1843 283 1873 ponuntur
294 1837 352 1864 sede
366 1842 493 1871 parentes.
565 1836 678 1863 Venant.
692 1837 802 1864 Fortun.
816 1837 904 1864 Cariu.
912 1838 937 1870 6,
946 1838 1011 1868 8‘Et
1023 1846 1096 1872 para-

17 1891 19 1893 -
41 1873 146 1900 difiacas
158 1873 255 1907 spargit
267 1872 350 1904 odpre
362 1873 440 1899 rosas.

76 1916 93 1935 P
103 1916 126 1936 A
135 1915 154 1935 R
163 1916 185 1935 A
193 1914 212 1934 D
221 1914 233 1935 i
243 1914 256 1934 s
266 1914 277 1934 1
289 1914 306 1935 c
318 1906 338 1935 ὅ
346 1914 363 1934 L
377 1915 400 1935 A
411 1925 420 1939 ,
443 1915 482 1934 ae.
503 1916 539 1935 in.
576 1907 701 1935 Prudent.
715 1906 866 1943 Haniartig.
879 1914 927 1943 928
948 1909 979 1936 Et
992 1909 1096 1944 paradi.

40 1944 130 1972 sicolae
143 1943 200 1979 post
211 1943 299 1970 vlcera
313 1943 370 1970 dira
381 1943 469 1971 beato.

75 1987 92 2007 Ρ
101 1985 206 2008 ARAD
215 1980 230 2006 ῐ
238 1986 250 2005 s
260 1977 272 2006 ἱ
281 1985 303 2006 G
313 1977 331 2007 ἐ
339 1987 361 2006 N
371 1987 391 2007 v
400 1986 414 2007 s
422 2000 430 2013 ,
450 1988 481 2014 a,
501 1988 556 2006 um.
577 1978 637 2006 Adi.
674 1978 827 2007 Theodulf.
847 1979 899 2007 Hic
912 1980 1094 2016 Paradisigeno

39 2016 148 2044 veniens
162 2015 194 2043 de
209 2015 318 2043 vertice.

76 2059 92 2079 1³
100 2059 124 2079 A
132 2059 152 2079 R
162 2058 185 2078 A
194 2057 214 2078 n
224 2057 244 2078 o
252 2057 301 2078 xv
311 2058 342 2085 s,
361 2060 374 2078 a
385 2071 393 2084 ,
413 2060 467 2078 um.
486 2050 547 2077 Adi.
568 2048 726 2084 [παράδοξος]

39 2089 123 2121 citur,
140 2094 241 2122 praeter
253 2086 403 2121 opinionem,
421 2094 444 2112 ct
457 2086 592 2112 inauditus.
640 2086 706 2110 Vnde
720 2085 869 2118 Paradon,
890 2087 985 2112 Neutro
993 2095 1096 2121 genere,

40 2125 169 2155 dicuntur,
187 2123 233 2154 Ea,
245 2121 377 2156 quaesunt
386 2128 486 2156 praeter
499 2120 643 2156 opinionem.
682 2119 863 2153 Paradoxum,
884 2122 984 2147 Schema
997 2121 1044 2157 est,
1067 2123 1096 2147 tle

40 2159 131 2195 quofic
145 2157 300 2184 Rufinianus
312 2166 338 2192 p.
351 2163 386 2191 79
401 2157 471 2183 Pith.
523 2155 678 2182 Paradoxon
690 2155 744 2182 siue
756 2155 909 2191 hypomone
919 2177 927 2189 ,
945 2157 1095 2184 sustentatio

40 2195 83 2222 vel
97 2193 275 2228 inopinatum.
347 2193 407 2219 Hoc
419 2190 521 2218 schema
532 2191 665 2231 ssispendit
677 2191 787 2218 sensum.
823 2191 919 2219 deinde
932 2192 1037 2219 subiicit
1050 2193 1097 2219 ali-

762 2051 854 2076 Latine
867 2051 1039 2077 Admirabilis
1057 2053 1094 2077 di·
1109 2059 1142 2085 50

1158 1737 1184 1758 et
1197 1732 1277 1758 facio.
1351 1731 1494 1771 Diomedes
1511 1741 1518 1758 ι
1534 1742 1560 1766 p.
1573 1742 1622 1767 309
1640 1734 1677 1760 Ex
1691 1733 1733 1759 his
1746 1735 1886 1763 nascuntur
1896 1737 2042 1766 deriuatiua
2068 1749 2133 1774 quae
2147 1742 2216 1777 apud

1157 1768 1273 1794 Graecos
1284 1770 1420 1801 παράγωγα
1431 1766 1572 1801 dicuntur,
1592 1774 1621 1795 vt
1629 1768 1769 1804 fhntanus,
1788 1778 1933 1805 montanus,
1957 1782 2002 1801 ete.
2043 1762 2053 1775 ²

1156 1803 1330 1837 Principalia,
1349 1807 1510 1837 πρωτότνπα,
1529 1809 1558 1831 vt
1565 1803 1645 1838 fhns,
1665 1813 1741 1832 mons.
2075 1778 2218 1812 Opplffifum

1216 1839 1221 1843 .
1273 1839 1278 1843 .
1772 1840 1778 1846 ·
1798 1841 1804 1846 Ι
1849 1807 1974 1837 Martian.
1988 1811 2094 1846 Capella
2108 1822 2120 1843 5
2134 1823 2158 1847 p.
2173 1814 2217 1841 166

1157 1839 1334 1866 Deriuatione
1352 1838 1420 1866 fiunt
1432 1838 1530 1875 verba,
1548 1848 1614 1874 quae
1631 1840 1806 1868 Grammatici
1818 1851 1947 1880 paragoga
1962 1848 2151 1882 nominarunt,
2187 1855 2217 1877 vt

1110 1880 1140 1908 45
1157 1875 1270 1901 dicimus
1283 1875 1369 1901 Florea
1381 1884 1460 1909 rura,
1478 1883 1524 1902 etc.

1192 1917 1408 1944 PARAGOG1A‚
1425 1920 1511 1939 orum.
1521 1921 1546 1938 u.
1559 1913 1692 1946 Aquarum
1696 1913 1755 1948 pori
1761 1919 1787 1939 et
1795 1922 1899 1950 meatus,
1905 1916 1974 1943 dit‘la
1985 1920 2033 1945 ἀπὸ
2050 1919 2082 1946 τῦ
2095 1918 2207 1953 amoime

1155 1949 1220 1982 quod
1232 1947 1264 1983 est
1275 1948 1402 1973 deducere.
1439 1949 1505 1974 Nam
1518 1950 1584 1980 ἄγαν,
1590 1948 1630 1980 ἐς,
1651 1949 1814 1983 aquaedut‘lus
1826 1949 1866 1985 est.
1916 1953 2034 1980 Alciatus
2045 1955 2073 1980 in
2086 1956 2103 1982 l.
2120 1942 2216 1983 Decet-s

1158 1983 1255 2010 nimus.
1292 1982 1324 2008 de
1340 1982 1533 2017 Aquaedufflb.
1546 1983 1564 2010 l.
1578 1992 1596 2009 ιι
1605 1983 1637 2009 C.
1710 1983 1750 2010 De
1764 1985 1859 2012 iisdem
1872 1989 2024 2023 paragogiis
2038 1990 2081 2016 vel
2093 1991 2215 2019 fontibus

1156 2026 1253 2053 aquam
1267 2018 1404 2045 traducere
1424 2019 1498 2045 Zeno
1513 2017 1579 2044 Cod.
1591 2019 1610 2044 ,Ι-
1620 2027 1638 2044 ιι
1652 2023 1708 2050 t.42
1725 2019 1742 2045 l.
1751 2029 1789 2046 10.

1197 2058 1327 2080 PARAG
1334 2058 1468 2080 0R1cvs
1477 2073 1486 2086 ,
1503 2062 1535 2083 a,
1557 2062 1610 2080 um.
1631 2053 1693 2080 Adi.
1712 2055 1868 2083 Mercabilis.
1902 2057 1963 2085 Οέὶ.
1971 2059 2066 2087 Horat.
2077 2068 2094 2092 ι,
2102 2066 2124 2091 8.
2160 2064 2214 2090 Mt-
2247 2075 2251 2077 -

1157 2095 1196 2114 tuo
1211 2095 1239 2113 vt
1252 2089 1315 2113 reHe
1324 2098 1333 2111 -·
1362 2086 1474 2123 suspicor
1486 2089 1658 2123 Paregoricus
1671 2091 1701 2115 cle
1714 2090 1789 2127 quos.
1803 2092 1823 2117 l.

1190 2130 1239 2151 12:1³.
1248 2130 1266 2149 R
1276 2131 1299 2150 A
1307 2130 1329 2150 G
1338 2130 1357 2149 R
1365 2130 1387 2149 A
1396 2130 1422 2150 Μ
1431 2130 1458 2151 Μ
1468 2131 1489 2150 Α
1498 2147 1507 2160 ,
1525 2126 1582 2152 atis.
1607 2134 1634 2151 n.
1671 2126 1787 2160 Sphalma
1801 2128 1828 2152 in
1833 2127 1975 2163 scribendo.
2013 2131 2128 2160 Hieron.
2137 2134 2214 2169 Epist.

1156 2165 1183 2190 28
1210 2159 1340 2194 Opuscula
1353 2168 1412 2186 mea
1430 2159 1462 2186 ad
1476 2160 1678 2187 describendum
1692 2161 1848 2190 hominibus
1861 2164 1912 2190 tuis
1927 2165 2003 2192 dedi.
2023 2182 2070 2189 --
2106 2170 2182 2197 Vnde
2197 2171 2215 2197 si

1156 2201 1363 2230 paragrammata
1378 2197 1525 2230 repereris,
1561 2197 1604 2223 vel
1619 2197 1708 2223 minus
1717 2197 1807 2232 aliqua
1823 2198 1951 2235 descripta
1970 2203 2044 2236 sunt,
2080 2213 2147 2239 quae
2161 2207 2215 2233 sen-

42 2230 107 2267 quid
122 2234 213 2256 contra
226 2227 437 2262 expee‘tationem
449 2226 596 2260 auditoris,
620 2226 673 2254 fiue
687 2235 827 2262 magnum,
850 2227 903 2254 flue
916 2228 1003 2254 minus
1019 2235 1044 2255 et
1055 2228 1095 2255 id·
1111 2236 1140 2262 55
1156 2232 1212 2257 sum
1226 2231 1336 2266 legentis
1347 2231 1509 2267 impediant,
1529 2241 1583 2259 non
1598 2232 1667 2258 mihi
1682 2232 1760 2272 debes
1772 2240 1920 2269 imputare,
1942 2237 1984 2265 sed
2000 2239 2066 2273 tuis,
2092 2247 2118 2267 et
2132 2241 2215 2277 impe-

42 2276 77 2294 eo
88 2264 251 2295 sustentatio,
270 2263 313 2290 vel
325 2263 463 2297 opinatum
477 2262 585 2288 dicitur.
676 2262 733 2289 Cic.
748 2271 798 2297 pro
812 2262 900 2298 Ligar.
920 2264 991 2290 Hinc
1003 2264 1096 2299 prohi-

41 2302 114 2330 bitus
127 2309 180 2328 non
194 2299 226 2326 ad
239 2299 392 2332 Caesarem,
424 2307 458 2325 ne
470 2298 568 2324 iratus:
605 2307 659 2324 non
673 2298 705 2325 ad
720 2298 847 2332 domuin,
871 2307 904 2325 ne
917 2299 1004 2327 iners:
1040 2309 1096 2327 non

42 2338 158 2373 aliquam
171 2335 200 2362 in
213 2334 367 2369 regionem,
391 2343 424 2360 ne
436 2333 614 2361 condemnare
626 2336 726 2361 causam
739 2334 815 2361 illam
828 2343 907 2369 quam
920 2336 1044 2370 sequutus
1057 2345 1096 2362 cs-

43 2374 97 2404 set,
115 2371 266 2403 videretur,
291 2378 336 2398 etc.
380 2370 505 2396 Haz‘lenus
523 2369 689 2397 Rufinianus.
746 2369 887 2405 Philosophi
898 2372 975 2397 Stoici
983 2373 1096 2407 gaudent

46 2406 186 2437 Paradoxis
203 2407 222 2434 i.
233 2405 368 2443 ⁸sententiis
379 2415 396 2432 a
408 2405 527 2432 communi
533 2404 563 2438 st
571 2413 618 2432 non
627 2404 710 2441 sensit,
724 2411 790 2431 certe
803 2407 918 2440 loquendi
929 2408 1037 2440 ratione,
1052 2408 1093 2434 ab·
1109 2409 1144 2435 60
1151 2419 1220 2446 gara
1232 2410 1323 2436 literae
1336 2417 1362 2442 r,
1375 2420 1436 2446 quae
1450 2411 1562 2446 ponitur
1574 2411 1607 2438 ad
1619 2412 1771 2446 separandas
1783 2422 1824 2439 res
1839 2423 1854 2440 a

49 2443 213 2475 horrentibus,
237 2443 268 2468 de
282 2442 370 2476 quibus
388 2441 443 2469 Cic.
456 2440 488 2467 de
501 2440 560 2468 Fin.
574 2450 598 2476 4,
613 2447 645 2475 74
660 2450 681 2467 c.
694 2449 721 2473 27
742 2441 814 2468 Haec
827 2441 951 2476 παράδοξοι
964 2443 1021 2474 illi,
1045 2452 1094 2470 nos

49 2477 207 2506 admirabilia
220 2476 346 2504 dicamus.
437 2476 510 2505 Idem
523 2476 551 2503 in
558 2476 673 2503 Patami
691 2477 746 2511 Ego
761 2476 871 2512 tibi'illa
884 2477 947 2513 ipsa,
963 2489 1029 2514 quae
1048 2479 1095 2506 vix

47 2515 78 2543 in
86 2513 219 2550 gymnasiis
233 2520 258 2540 et
271 2513 300 2540 in
313 2512 371 2540 otio
385 2512 467 2540 Stoici
482 2511 606 2547 probant,
623 2511 716 2539 ludens
730 2512 832 2540 conieci
845 2513 874 2539 in
887 2524 1041 2542 communes
1056 2515 1095 2542 lo-

47 2559 102 2578 cos:
129 2557 210 2584 quae,
222 2550 286 2585 quia
298 2550 357 2576 sunt
371 2548 554 2582 admirabilia,
576 2553 720 2583 contraque
731 2548 890 2583 opinionem
903 2551 1042 2586 omnium,
1062 2551 1096 2578 ab

44 2585 104 2622 ipsis
115 2585 195 2614 etiam
210 2585 343 2613 Paradoxa
354 2585 525 2621 appellantur.
562 2586 632 2611 Aa'd.
645 2583 719 2611 Idem
733 2584 809 2612 Acad.
820 2593 834 2611 2
848 2595 869 2612 c.
878 2595 917 2620 44.

45 2621 170 2650 Paradoxi
183 2621 259 2652 etiam
271 2621 351 2648 Mimi
365 2623 492 2648 dicuntur.
527 2620 587 2647 Vet.
602 2619 687 2647 Schol.
701 2621 795 2647 quen.
808 2620 839 2647 ad
855 2622 906 2648 Sat.
917 2627 940 2655 8,
953 2627 994 2655 184
1023 2623 1094 2658 Sipa-

42 2658 114 2688 tium
126 2657 216 2685 velum
229 2657 274 2691 est,
289 2657 336 2684 sub
350 2666 404 2692 quo
417 2657 498 2683 latent
511 2656 648 2692 paradoxi,
661 2665 720 2683 cum
734 2656 762 2683 iu
774 2657 877 2684 scenam
890 2657 1031 2692 prodeunt.
1050 2670 1096 2685 ποι.

41 2696 196 2728 μδοξολόγυς
216 2694 307 2720 eosdem
325 2693 400 2720 diflos
419 2692 530 2727 obferunt
545 2692 648 2727 Salmas.
661 2693 697 2718 ad
708 2691 815 2727 Vopisc.
829 2702 855 2728 p.
868 2699 920 2728 384.
1028 2695 1094 2722 Cur.

0 2746 2 2749 ·
30 2729 220 2759 Jormnatian.
229 2728 306 2757 Rhet.
321 2738 335 2755 2
348 2738 372 2764 p.
381 2731 416 2756 60
436 2728 539 2756 schema
552 2729 570 2755 s.
581 2727 694 2763 figuram
706 2728 902 2756 controuerfiae
913 2728 1044 2764 παράδοξον
1056 2733 1097 2758 dl-

42 2767 89 2794 xe't.

43 2802 113 2838 quod
126 2811 174 2829 nos
187 2801 270 2829 malae
281 2801 420 2836 opinionis
433 2801 566 2836 possumus
579 2800 676 2828 dicere.
745 2801 866 2828 Tametsi
878 2801 987 2836 qnidam
1001 2812 1095 2837 parum

41 2839 184 2874 diligenter
195 2838 295 2864 Graece
308 2837 445 2872 loquentes
454 2857 463 2870 ‚
493 2836 626 2872 paradoxa
638 2846 688 2871 pro
700 2836 742 2864 his
754 2846 820 2873 quae
835 2837 893 2865 sunt
905 2837 991 2865 bonae
1006 2839 1094 2874 opini-

41 2875 100 2902 onis
111 2874 256 2909 accipiunt:
292 2873 361 2900 vnde
380 2873 462 2907 vulgo
481 2874 561 2900 etiam
576 2873 778 2907 Olympionicas
796 2879 822 2900 et
840 2879 957 2902 caeteros
977 2875 1095 2903 victores

41 2910 172 2937 s'aerorum
185 2908 359 2937 certaminum
370 2911 509 2944 paradoxas
522 2914 633 2942 vocant,
661 2909 743 2944 magis
757 2910 945 2937 consuetudine
958 2919 1036 2946 quam
1056 2921 1095 2939 ra-

41 2945 114 2973 tione
129 2945 210 2973 direti.
273 2945 344 2973 Nam
356 2951 385 2971 vt
398 2944 498 2979 opinor
512 2943 644 2978 παράδοξον
658 2944 712 2978 est,
741 2945 815 2981 quod
826 2945 862 2974 est
875 2951 940 2982 naga
955 2946 998 2979 τῆν
1016 2950 1094 2983 δόξαν,
1111 2954 1138 2979 75

41 2980 70 3008 id
81 2981 132 3014 est,
151 2987 242 3008 contra
256 2980 413 3015 opinionem
427 2979 535 3008 bonam.
636 2997 639 2999 -

80 3023 97 3044 i>
108 3023 189 3047 ARA
200 3023 221 3044 D
230 3023 251 3044 R
259 3016 280 3045 ὁ
287 3023 312 3044 Μ
322 3025 330 3044 1
339 3023 353 3043 S
361 3034 370 3047 ‚
390 3016 450 3044 i'diS.
481 3016 504 3043 f.
528 3016 699 3053 [παραδρομὶς]
736 3017 825 3043 Latine
835 3018 979 3045 Ambulatio
992 3020 1095 3048 dicitur.

41 3053 148 3080 Vitruu.
169 3061 191 3086 ς,
211 3062 231 3079 ιι
253 3059 319 3079 extr.
339 3053 464 3079 Proxime
483 3058 571 3080 autem
589 3052 690 3084 xystum
703 3057 728 3080 et
743 3052 876 3088 duplicem
889 3055 1021 3089 porticum
1033 3055 1097 3083 defi-

18 3100 24 3102 *
42 3094 154 3122 gnentur
163 3088 323 3124 hypaethrae
336 3087 541 3122 ambulationes,
560 3096 623 3122 quas
637 3088 733 3114 Graeci
745 3092 936 3123 παρκδςομίόοις,
954 3091 1038 3118 nostri
1051 3100 1096 3124 xy.

194 2767 226 2792 Id
237 2764 513 2801 exph'canrAugustiri.
527 2763 614 2792 PrInc.
626 2763 696 2791 rhet.
709 2773 734 2800 p.
749 2773 797 2799 299
814 2764 960 2799 παράδοξον,
997 2767 1095 2802 inquit,
1108 2775 1139 2801 70
1156 2770 1200 2795 vel
1207 2770 1347 2804 plumbum,
1362 2777 1412 2805 (quo
1420 2770 1749 2807 praeducanturJ'cripturis
1763 2773 1857 2807 lineae,

1156 2267 1234 2294 ritiae
1247 2267 1435 2299 notariorum,
1455 2267 1682 2302 librariorumque
1697 2269 1833 2302 incuriae,
1857 2273 1904 2305 qui
1919 2281 1974 2300 uon
1989 2275 2108 2303 scribunt
2142 2277 2215 2312 quod

1160 2302 1321 2335 inueniunt,
1339 2302 1381 2329 sed
1396 2303 1467 2337 quod
1481 2303 1635 2338 intelligunt
1644 2324 1653 2337 ,
1677 2310 1703 2331 et
1718 2304 1781 2332 dum
1794 2305 1895 2334 alienos
1909 2316 2015 2336 errores
2027 2297 2167 2340 ementiare
2177 2314 2215 2340 ni-

1157 2344 1264 2371 tuntur,
1284 2338 1425 2365 ostendunt
1438 2340 1507 2366 suos·

1193 2381 1208 2401 r
1217 2381 1239 2400 A
1251 2381 1270 2401 R
1284 2380 1307 2401 A
1319 2379 1342 2402 G
1352 2381 1372 2401 R
1381 2382 1402 2400 A
1411 2381 1426 2401 r
1436 2381 1458 2401 H
1468 2382 1489 2400 v
1501 2381 1515 2402 s
1525 2395 1533 2408 ‚
1554 2375 1573 2402 i.
1589 2384 1611 2402 e.
1648 2378 1728 2410 Apud
1737 2375 1794 2404 Ifid.
1805 2377 1880 2413 Orig.
1889 2387 1908 2414 ι,
1916 2388 1948 2407 20
1969 2380 2002 2417 est
2013 2390 2072 2410 nota
2085 2385 2216 2421 criticafi-

1645 2447 1650 2451 .
1711 2446 1713 2449 ι
1866 2415 1944 2442 rebus
1953 2437 1960 2449 ‚
1997 2426 2064 2453 quae
2077 2419 2106 2445 in
2119 2430 2217 2448 conne-

1156 2455 1191 2473 xu
1205 2452 1386 2479 concurrunt,
1405 2446 1630 2481 quemadmodum
1643 2456 1672 2473 in
1686 2448 1813 2483 Catalogo
1826 2450 1884 2477 loca
1897 2461 1912 2479 a
1924 2452 2005 2488 locis,
2024 2460 2050 2481 et
2063 2456 2187 2489 regiones
2201 2466 2216 2484 a

1156 2481 1331 2522 regionibus,
1351 2483 1380 2509 in
1393 2491 1478 2517 agone
1493 2483 1609 2518 praemia
1619 2492 1634 2509 a
1646 2485 1790 2518 praemiis,
1826 2488 1971 2515 certamina
1986 2498 2000 2515 a
2013 2489 2121 2518 diuersis
2134 2499 2218 2520 certa-

1156 2517 1274 2545 minibus
1289 2519 1449 2553 separantur.
1522 2519 1590 2545 Ht‘nc
1606 2520 1710 2546 videtur
1722 2520 1832 2555 fallam,
1850 2530 1880 2548 vt
1889 2523 2032 2558 sententiae
2043 2534 2069 2552 et
2085 2527 2171 2564 versin-
2189 2529 2220 2555 in

1156 2560 1253 2589 corpore
1266 2554 1329 2580 iuris
1348 2554 1506 2590 Paragraphi
1527 2555 1687 2582 dicerentur.
1759 2558 1831 2584 Certe
1849 2566 1922 2585 ’vetus
1938 2562 2066 2596 Interpres
2083 2564 2219 2591 Pander‘la.

1045 2585 1066 2624 q
1082 2596 1095 2613 2
1111 2587 1142 2618 65
1156 2599 1219 2622 rum,
1232 2589 1378 2617 Martianus
1391 2590 1497 2624 Coffias,
1515 2590 1557 2617 illa
1571 2591 1694 2618 versuum
1708 2591 1799 2619 tricies
1819 2601 1928 2622 centena
1939 2597 2025 2624 millia
2036 2600 2217 2634 interpretatur

1157 2625 1343 2660 Paragraphos.
1381 2661 1387 2668 ⁶
1419 2626 1477 2660 Vsus
1491 2627 1640 2653 Graecorum
1647 2627 1772 2663 postulat,
1803 2637 1834 2656 vt
1844 2631 1972 2665 feminino
1985 2642 2077 2669 genere
2090 2635 2218 2670 'efferatur

1156 2661 1334 2703 Paragraphus
1343 2682 1351 2695 ,
1376 2661 1494 2689 uuelleflo
1507 2661 1622 2696 ’γραμμὴ
1640 2661 1728 2705 furui).
1756 2697 1759 2698 ⁷
1781 2666 1832 2692 Sed
1842 2667 1922 2702 magis
1930 2669 2026 2703 placuit
2039 2670 2216 2705 Masculinum.

1156 2694 1178 2734 ff
1199 2705 1210 2723 2
1249 2699 1281 2723 ht
1301 2705 1382 2723 tamen
1400 2700 1468 2733 apud
1486 2699 1591 2725 Graecos
1610 2706 1684 2726 etiam
1703 2699 1754 2735 est,
1782 2703 1927 2729 recentiores
1945 2712 2009 2731 certe
2027 2705 2042 2731 ἆ
2058 2704 2218 2740 ταςοίγροιφος

1157 2732 1254 2768 (intell.
1267 2732 1356 2765 nanda)
1394 2733 1579 2768 Praeduehle,
1599 2736 1642 2761 vel
1652 2742 1682 2761 vt
1696 2736 1728 2772 cst
1739 2737 1766 2762 in
1781 2737 1823 2764 Gl.
1839 2737 1942 2766 Philox.
1956 2739 2123 2775 Praeduetai,
2141 2742 2218 2779 stilus

1156 2805 1194 2831 his
1205 2806 1261 2831 vid.
1276 2805 1380 2840 Salmas.
1394 2807 1432 2846 qd
1444 2806 1521 2847 §Ph-n·
1535 2815 1561 2841 p.
1569 2809 1624 2839 64⁴.
1874 2781 1904 2800 vt
1915 2777 2032 2812 dmgant
2044 2777 2139 2814 versus.
2178 2781 2218 2806 De

1195 2846 1212 2867 l>
1224 2847 1247 2868 A
1257 2847 1276 2868 R
1285 2848 1307 2867 A
1315 2848 1331 2868 L
1341 2848 1351 2867 1
1362 2847 1379 2868 Ρ
1389 2848 1408 2868 O
1417 2849 1443 2868 M
1452 2849 1469 2868 E
1478 2849 1500 2869 N
1509 2849 1532 2869 V
1541 2850 1565 2868 M
1573 2863 1581 2876 ‚
1600 2843 1618 2869 i.
1637 2851 1664 2869 ιι.
1681 2843 1901 2880 [παραλειπόμενον]
1921 2847 2090 2881 ΒενεΙίέῖιιηι,
2105 2856 2218 2886 praeter-

1155 2874 1240 2910 miffio.
1278 2876 1346 2903 Hinc
1357 2878 1398 2914 Q
1406 2879 1514 2904 Calaber
1526 2880 1601 2904 Poeta
1615 2880 1724 2905 Graecus
1735 2885 1792 2914 opus
1799 2879 1880 2915 stmm,
1899 2890 1944 2915 quo
1958 2891 1987 2909 ea
2001 2885 2141 2920 exequitur,
2154 2895 2218 2921 quae

1156 2914 1188 2940 ab
1200 2914 1304 2939 Homero
1310 2911 1373 2948 sunt
1383 2913 1565 2949 praetermiffia.
1605 2912 1696 2947 Ὁμιῖςιις
1708 2920 1892 2956 πκςιρειπὸμενα
1905 2918 2039 2954 inscripstt.
2092 2922 2122 2947 In
2132 2921 2217 2956 sacris

1156 2953 1248 2984 quoque
1265 2948 1341 2974 libris
1358 2950 1441 2975 eadem
1453 2950 1551 2975 ratione
1563 2950 1698 2983 dicuntur,
1730 2952 1816 2984 quibus
1831 2962 1859 2979 ea
1865 2952 2031 2988 supplentur,
2058 2964 2120 2990 quae
2138 2957 2165 2981 in
2184 2957 2217 2982 li-

1155 2985 1209 3011 bris
1222 2986 1313 3020 Regum
1323 2991 1367 3011 aut
1376 2984 1549 3020 praetermiffit
1565 2992 1637 3012 erant
1643 3004 1654 3018 ,
1674 2991 1721 3015 autv
1730 2987 1820 3013 leuiter
1831 2989 1970 3025 degustata.
2018 2991 2073 3019 Vid.
2086 2991 2177 3018 Isidor.
2192 2993 2217 3026 6,

1157 3030 1166 3047 ι
1180 3028 1204 3047 et
1217 3030 1239 3047 2.
1259 3020 1375 3047 Hieron.
1390 3020 1468 3055 Epist.
1477 3029 1495 3054 ι,
1505 3029 1535 3052 ¹3·

1193 3063 1209 3083 r
1218 3064 1241 3084 A
1249 3063 1269 3082 R
1278 3062 1301 3081 A
1311 3062 1329 3083 1.
1339 3064 1350 3083 1
1360 3062 1387 3098 'v'
1395 3062 1409 3083 s
1421 3076 1430 3089 ,
1443 3055 1462 3082 i.
1469 3065 1504 3082 m.
1518 3056 1531 3090 [
1537 3054 1671 3091 maginae]
1695 3057 1834 3090 Tiehymali
1847 3056 1925 3086 tertia
1931 3060 2025 3096 species
2037 3061 2081 3097 est,
2088 3062 2126 3088 ita
2138 3062 2216 3096 disla,

1158 3094 1224 3126 quod
1235 3092 1287 3118 loca
1298 3099 1428 3118 marauna
1444 3099 1518 3118 amet.
1576 3093 1665 3118 Eadem
1678 3100 1702 3119 et
1721 3093 1869 3127 Titbymalis
1881 3096 1982 3123 dicitur.
2055 3097 2121 3124 Plin.
2139 3099 2182 3131 26,
2202 3105 2217 3129 8

20 3152 23 3155 .
43 3123 80 3150 sta
91 3124 233 3159 appellant,
254 3124 284 3151 in
304 3133 366 3159 quas
386 3133 432 3159 per
447 3124 566 3151 hiemem
585 3133 618 3150 ex
630 3124 703 3155 xysto
716 3124 809 3151 sereno
822 3126 894 3154 caelo
909 3126 1020 3156 athletae
1033 3137 1095 3162 pro·
1110 3129 1144 3155 80
1157 3127 1288 3155 Tertium
1300 3135 1381 3161 genus
1395 3127 1550 3159 Tithymali
1570 3127 1685 3162 paralius
1698 3135 1825 3162 vocatur,
1859 3130 1912 3156 siue
1928 3130 2110 3164 Tithymalis,
2145 3134 2215 3161 folio

44 3157 150 3221 geaililntes
162 3166 324 3188 exercentur.
375 3162 445 3189 Add.
466 3161 526 3188 Lex.
539 3159 692 3188 Vitruuian.
706 3161 734 3186 in
745 3161 858 3193 Xystus;
893 3170 919 3188 et
940 3164 1044 3200 Salmas.
1064 3165 1095 3191 de

103 3202 130 3220 ιο
143 3203 167 3228 p.
179 3202 232 3229 ²7²·

81 3231 186 3255 ifA'RA
195 3235 214 3257 Β
225 3236 249 3257 N
260 3228 295 3260 ἐς
304 3238 315 3258 1
325 3237 339 3260 s
348 3252 358 3265 ,
395 3232 427 3259 is.
465 3231 486 3260 f.
523 3231 677 3267 Praeceptio
690 3232 734 3259 vel
751 3232 916 3267 admonitio,
950 3238 1096 3269 καρκίνια-ις.

44 3265 115 3305 Gell.
131 3266 156 3297 6,
168 3274 201 3305 14ἶ
236 3266 286 3293 Pei·
297 3268 419 3295 ordinem
434 3269 627 3303 paraeneseon,
664 3268 716 3295 hoc
728 3269 764 3295 est
776 3270 1011 3305 praeceptionum,
1046 3279 1095 3305 per

43 3300 163 3328 triduum
176 3300 323 3335 disputatus
335 3303 436 3330 Vulcat.
450 3304 543 3331 Gallie.
555 3304 585 3331 in
597 3303 673 3331 Auid.
682 3304 746 3331 Cass.
759 3314 809 3337 c.3.

81 3344 97 3363 P
109 3342 132 3364 A
145 3342 164 3362 R
172 3341 224 3378 AB
235 3342 258 3362 N
267 3342 285 3362 E
294 3342 315 3363 Τ
324 3344 334 3363 1
344 3343 362 3366 C
372 3344 393 3363 V
402 3346 414 3365 s
423 3358 431 3371 ‚
449 3348 464 3366 a
472 3360 481 3373 ‚
507 3349 561 3366 um.
589 3339 648 3367 Adi.
685 3340 872 3376 [πκςαινετικὸς]
908 3341 1096 3378 Praeceptorius

44 3373 90 3413 vel
99 3373 292 3413 admonitortut,
315 3381 330 3397 a
341 3373 412 3399 verbo
427 3374 517 3401 Graeco
530 3381 661 3410 παραινέω,
683 3376 810 3412 praecipi'o
823 3384 847 3402 et
859 3378 982 3404 admoneo.
1037 3377 1096 3405 Seu.

45 3407 123 3443 Epist.
137 3417 167 3448 94
187 3409 218 3433 de
230 3407 325 3447 relrpsa
338 3409 428 3439 multa,
451 3408 499 3442 sed
510 3411 583 3438 verbo
597 3411 707 3448 absiinet.
814 3412 893 3447 Epist.
909 3422 938 3446 95
949 3420 991 3448 pr.
1022 3413 1094 3439 Haec

45 3452 103 3479 pars
116 3442 320 3477 Philosophiae,
355 3450 434 3477 quam
446 3444 540 3471 Graeci
551 3448 717 3481 aoegoetveetmiv
736 3454 849 3482 vocant,
883 3458 930 3475 nos
951 3448 1095 3484 praecepti-

51 3534 55 3536 ν
81 3522 97 3542 P
107 3522 129 3542 A
140 3521 160 3542 Β
170 3522 194 3542 A
207 3521 225 3542 Ε
236 3521 286 3556 Τ,Ο
296 3521 317 3541 N
327 3522 337 3541 1
346 3520 365 3539 V
374 3519 405 3555 8.,
424 3514 444 3542 i.
464 3523 500 3549 tii.
520 3515 696 3554 [Παραιτὸνιος]
734 3520 884 3554 Cyrenaicae
893 3527 979 3556 portus
997 3521 1095 3556 ingens,

46 3557 70 3578 et
85 3553 120 3578 ad
136 3552 308 3593 quadragjnta
321 3549 655 3591 stadiorum-amplitudinem
666 3555 801 3590 expansus,
825 3557 942 3583 Strabone
961 3556 1056 3582 aui‘lore
1075 3557 1095 3584 l.

47 3587 141 3614 Ultimo.
213 3586 306 3613 Ilndem
319 3586 430 3625 opptdutn
444 3587 547 3612 emsdem
560 3588 663 3615 nom1'n1's
675 3590 707 3624 est
718 3592 748 3616 ab
763 3592 823 3617 aliis
835 3592 982 3618 Hammonia
994 3592 1094 3625 elifium,

0 3630 6 3641 =
47 3622 122 3649 eidem
129 3622 243 3649 Straboni
249 3622 268 3649 I.
275 3622 323 3647 vlt.
362 3620 576 3655 Ouid-Amorne,
588 3631 640 3656 =3‚7
661 3625 704 3661 Ifi,
717 3626 912 3658 Paraetonium,
926 3627 1093 3662 genialiaque

48 3691 99 3728 ipso
106 3692 234 3726 Ioco,·1mde
240 3694 353 3728 foditur,
367 3700 450 3719 nomen
462 3691 558 3725 habens,
566 3694 796 3733 apudVitruu.7,7.
808 3705 832 3724 et
839 3698 907 3725 Plin.
916 3702 983 3731 35,6.
1002 3700 1094 3733 Nempe

83 3733 100 3755 Ρ
110 3734 213 3768 AIJAE
223 3735 245 3756 '1'
256 3734 276 3756 ο
286 3735 308 3756 N
319 3735 329 3755 i
337 3735 359 3754 v
369 3735 382 3754 s
390 3748 399 3761 ,
418 3736 448 3761 a,
470 3736 526 3754 um.
568 3730 594 3754 A
609 3728 774 3759 Paraetonio.
810 3733 931 3761 Lucanus
945 3735 1031 3766 Syrtes
1051 3735 1096 3762 Pa.

0 3769 7 3786 1·
48 3770 262 3791 raeronias-vocat
274 3773 298 3801 3,
310 3773 364 3799 295.
401 3763 472 3797 Confi
486 3762 562 3803 idern
575 3773 613 3797 10,
625 3772 650 3796 9.
688 3767 736 3791 Sed
746 3767 833 3795 latiori
844 3769 965 3796 intelleflu
979 3771 1044 3795 idem
1062 3769 1095 3806 est

48 3799 113 3833 quod
121 3799 264 3834 Aegyptius.
335 3799 416 3827 Nilus
429 3804 597 3834 paraetonius
616 3799 678 3827 Stat.
686 3800 777 3831 Theb.
784 3812 807 3837 5,
815 3814 848 3832 12.
919 3806 997 3833 Rates
1006 3814 1095 3841 parae-

50 3833 138 3861 toniae
157 3834 238 3861 Ouid.
245 3834 276 3862 de
284 3836 347 3863 Arte
355 3837 415 3863 Am.
423 3845 445 3868 3,
452 3844 508 3869 390-

86 3875 101 3896 P
111 3875 160 3895 AR
171 3875 194 3896 A
205 3874 227 3896 G
236 3877 287 3899 AV
295 3878 344 3898 DA
352 3879 369 3898 E
378 3892 387 3905 ,
421 3870 442 3898 f.
478 3871 653 3906 [ποιςαγῶδοις]
690 3872 753 3897 Sunt
771 3872 865 3907 accefflo
883 3879 1002 3911 quaedam
1021 3877 1097 3913 vesti-

50 3913 104 3938 am,
135 3911 260 3939 egmenta‚
277 3907 393 3942 fasciae,
413 3908 468 3933 lora
476 3928 486 3941 ,
505 3907 622 3934 Parthici
634 3905 727 3941 operis,
746 3908 789 3933 vel
799 3919 891 3942 aurea,
915 3913 963 3939 vel
972 3921 1033 3939 auro
1044 3923 1095 3938 cer-

51 3946 73 3967 te
85 3941 196 3974 intexta,
221 3940 324 3976 vestibus
335 3944 378 3968 vel
387 3943 463 3968 lineis
474 3941 655 3979 velsubsericis
665 3943 772 3974 addita,
790 3953 806 3968 a
827 3951 884 3979 uta,
903 3954 1000 3975 attexta
1009 3958 1016 3972 .-
1035 3957 1097 3983 quae

51 3974 123 4011 vestes
134 3976 191 4002 inde
205 3976 269 4012 ipsae
283 3986 373 4013 quoqne
388 3978 535 4013 Pargaudae
547 3979 590 4005 vel
600 3976 774 4012 Paragaudiae
786 3978 864 4006 dietae
871 3979 942 4016 sunt.
985 3985 1052 4010 Haec
1065 3982 1097 4019 est

1108 3492 1143 3517 90
1155 3485 1295 3512 Parallelae
1309 3486 1436 3514 dicuntur.

1154 3531 1207 3548 mus
1220 3521 1357 3549 Parallelos
1373 3523 1465 3549 Graeci
1476 3528 1584 3553 vocant,
1609 3528 1638 3547 vt
1651 3522 1689 3548 ait
1709 3521 1774 3547 Plin.
1789 3523 1814 3554 6,
1826 3529 1850 3554 33
1862 3531 1930 3550 extr.
1953 3525 2072 3553 Paralleli
2088 3526 2216 3555 dicuntur

1156 3557 1249 3584 circuli
1263 3556 1400 3592 sphaerae,
1426 3557 1472 3593 qui
1485 3557 1515 3584 ad
1527 3556 1638 3583 eundem
1653 3557 1744 3591 polum
1758 3557 1894 3586 constituti
1907 3559 2046 3588 finiuntur.

1155 3602 1220 3656 {arm-g
1233 3595 1378 3656 terminasti?
1391 3602 1420 3655 <lis
1434 3595 1510 3655 egium
1516 3593 1646 3627 feminina
1658 3592 1706 3627 est,
1726 3599 1756 3618 vt
1769 3592 1852 3620 Linea
1864 3595 2004 3629 parallelos
2023 3597 2132 3624 Vitruu.
2151 3607 2173 3632 5,
2192 3604 2215 3629 8.

208 3658 214 3663 ,
371 3657 376 3661 ,
522 3657 527 3662 ,
1188 3637 1201 3655 a
1222 3630 1280 3656 ulae
1313 3637 1356 3656 ara
1378 3630 1414 3655 ei
1434 3631 1446 3656 Ι
1466 3637 1543 3655 emio
1563 3637 1594 3658 15.

11 3669 13 3672 “
46 3665 109 3684 ἃῐΊΙὸ
115 3657 218 3693 c³¹¹⁰P1
236 3658 311 3690 <Qae
324 3656 400 3684 ⁶011&
441 3657 538 3691 Repmt
551 3657 749 3694 Metam-‚2772
781 3664 842 3689 Item
855 3664 948 3689 Coloris
955 3664 1048 3698 species
1062 3664 1093 3689 ab
1107 3670 1137 3697 95
1153 3665 1259 3692 venerit
1273 3638 1420 3699 pziiallelon
1438 3647 1558 3691 Frontin'.
1572 3663 1603 3690 de
1617 3662 1707 3690 Limit.
1719 3671 1744 3698 p.
1752 3672 1798 3697 313.

1156 3707 1196 3726 tro
1211 3703 1302 3735 genere
1321 3700 1446 3735 parallela
1463 3700 1532 3726 dixit
1549 3700 1577 3724 in
1596 3699 1728 3726 Parallelis
1749 3699 1876 3728 Plutarch.
1897 3703 1927 3728 ia·
1936 3702 1969 3739 cst
1984 3705 2213 3739 comparationibus.

1155 3736 1262 3772 Arssot.
1278 3746 1371 3771 quoque
1381 3744 1405 3762 et
1418 3735 1536 3771 Isoctmes
1548 3736 1645 3760 Neutro
1651 3743 1745 3770 genere
1763 3743 1877 3764 Utuntur.

1104 3849 1151 3867 100
1157 3843 1302 3876 παράδοξον,
1321 3844 1387 3878 quod
1399 3841 1431 3866 ab
1443 3839 1562 3875 opim‘we,

1153 3878 1251 3914 falsam
1263 3880 1322 3905 adeo
1336 3876 1571 3915 argumente-‘donem
1583 3875 1713 3911 appellant,

1156 3163 1291 3195 rotundo,
1318 3163 1390 3189 caule
1403 3163 1519 3198 palmum
1532 3163 1602 3205 alto,
1627 3164 1709 3191 ramis
1721 3164 1893 3196 rubentibus,
1925 3167 2024 3193 semine
2036 3167 2106 3195 albo.
2140 3170 2216 3205 Confi

1157 3199 1234 3234 Apul.
1247 3198 1278 3225 de
1286 3198 1370 3225 Herb.
1378 3208 1400 3225 c.
1411 3203 1462 3229 108.
1474 3207 1499 3225 et
1507 3199 1619 3235 Dzoscor.
1626 3209 1649 3233 4,
1659 3203 1710 3233 ι64.

1193 3240 1212 3276 i’
1225 3240 1249 3261 Α
1257 3241 1276 3261 R
1285 3241 1307 3261 A
1315 3241 1332 3261 L
1344 3241 1360 3261 L
1373 3239 1391 3261 Ε
1401 3242 1418 3261 L
1429 3240 1450 3261 0
1460 3241 1481 3261 G
1490 3241 1510 3261 R
1518 3241 1541 3262 A
1549 3242 1575 3262 M
1582 3241 1608 3261 M
1616 3241 1637 3261 V
1647 3242 1676 3271 s,
1697 3245 1727 3269 a,
1747 3245 1800 3262 um.
1818 3236 1880 3263 Adi.
1918 3237 2049 3265 Parallelis
2060 3239 2171 3275 constans
2184 3241 2215 3267 li.

1156 3280 1217 3297 nm.
1255 3277 1300 3302 vt,
1333 3270 1580 3306 Parallelogramma
1593 3272 1714 3299 mensura
1749 3272 1871 3299 Frontin.
1891 3272 1925 3299 de
1943 3273 2041 3302 Colon.
2060 3284 2086 3309 p.
2105 3278 2156 3310 336,
2175 3284 2216 3311 353

1110 3310 1139 3337 85
1155 3314 1179 3332 Ν
1198 3312 1250 3339 358-

1194 3348 1211 3369 P
1222 3349 1244 3368 A
1253 3349 1273 3369 R
1281 3348 1304 3369 A
1312 3348 1329 3369 L
1338 3349 1354 3370 L
1365 3348 1383 3369 Ε
1393 3349 1410 3369 L
1419 3347 1440 3370 ο
1450 3350 1473 3370 Ν
1483 3348 1500 3370 E
1509 3350 1531 3370 V
1541 3348 1597 3376 S‚a,
1605 3351 1659 3370 um.
1673 3342 1733 3370 Adi.
1748 3342 1897 3371 Terminus
1906 3345 2100 3379 paralleloneus
2112 3344 2216 3377 Auctor

1157 3377 1189 3404 de
1203 3378 1293 3406 Limit.
1301 3378 1497 3414 apudGoefium
1505 3388 1530 3414 p.
1539 3388 1590 3412 310.

1194 3422 1209 3441 P
1218 3421 1240 3440 Α
1249 3420 1269 3441 R
1279 3421 1301 3441 A
1310 3422 1327 3442 L
1337 3421 1354 3441 1.
1364 3416 1383 3442 ἒ
1391 3421 1408 3442 L
1419 3422 1439 3442 v
1448 3421 1461 3442 s
1470 3436 1479 3449 ,
1498 3423 1513 3441 a
1521 3433 1530 3446 ‚
1548 3424 1603 3442 um.
1618 3413 1678 3441 Adi.
1692 3412 1871 3450 [napinam]
1884 3416 2101 3453 Qasx'Alternus,
2109 3427 2215 3454 mutuus,

1157 3450 1261 3476 inuicem
1274 3457 1443 3486 comparatus,
1470 3452 1611 3485 aequaliter
1625 3450 1728 3485 distans.
1784 3453 1810 3477 A
1824 3460 1868 3485 quo
1881 3451 1979 3480 Lineae
1997 3464 2073 3488 aeque
2085 3455 2215 3490 distantes,

1494 3488 1611 3520 Ideoque,
1632 3486 1763 3522 Segmenta
1777 3488 1878 3521 mundi,
1907 3497 1968 3523 quae
1981 3498 2023 3515 nos
2035 3490 2139 3517 circulos
2151 3493 2216 3519 dici.

2120 3563 2215 3590 Gram

1699 3627 1823 3663 Substant.
1843 3631 1934 3664 Qium
1949 3631 1982 3659 ad
1994 3638 2141 3660 extremum
2154 3643 2214 3669 per-

1871 3668 1995 3702 Interpres
2009 3669 2143 3695 Plutarchi
2150 3671 2215 3696 Neu-

1193 3779 1209 3798 P
1218 3779 1240 3799 A
1250 3779 1269 3798 R
1279 3778 1302 3799 A
1313 3778 1330 3798 1.
1341 3779 1360 3799 Ο
1370 3777 1390 3798 G
1401 3778 1411 3797 1
1424 3777 1446 3797 A
1457 3790 1465 3802 ,
1484 3778 1522 3795 ae.
1541 3769 1569 3812 f.
1605 3770 1790 3805 [παραλοφίοε]
1816 3772 1941 3808 Decepdo..
1977 3773 2097 3802 Frontin.
2117 3774 2148 3801 de
2161 3775 2212 3800 Co-

1157 3807 1212 3834 lon.
1225 3817 1251 3842 p.
1267 3817 1322 3840 270.
1378 3807 1470 3840 Nempe
1482 3812 1618 3838 παρκλσγον
1631 3806 1737 3832 Graecis
1750 3807 1797 3843 est,
1819 3811 1886 3842 quod
1895 3818 1911 3834 a
1923 3810 2022 3835 rmione
2035 3811 2162 3844 abhorret,
2183 3815 2211 3834 vt

1635 3842 1704 3867 Hinc
1718 3842 1927 3879 Paralogismum
1941 3846 2016 3881 vulgo
2029 3844 2156 3880 captiosam
2168 3849 2211 3869 aut

1196 3920 1213 3941 P
1222 3920 1271 3940 AR
1280 3921 1301 3940 A
1311 3921 1327 3940 L
1336 3919 1354 3939 O
1363 3918 1375 3937 s
1385 3931 1393 3944 ,
1402 3920 1424 3950 .¹·
1439 3919 1475 3950 in-
1489 3909 1621 3950 [πᾷςαλυς]
1636 3922 1735 3939 nomen
1748 3914 1887 3948 proprium
1900 3915 2015 3946 eius‚cui
2024 3912 2142 3949 Hegesias
2156 3912 2209 3947 pri-

1158 3958 1229 3976 mam
1241 3950 1334 3983 longae
1347 3955 1422 3973 nauis
1436 3953 1624 3974 inuentionem
1636 3948 1745 3982 tribuit,
1765 3950 1889 3984 refivrente
1908 3951 1974 3978 Plin.
1986 3958 2013 3985 7,
2026 3952 2063 3980 56.
2141 3951 2209 3975 Idem

1157 3985 1266 4019 videtur,
1285 3992 1354 4019 quem
1368 3980 1470 4016 piCtum
1483 3982 1538 4011 Cic.
1548 3979 1623 4012 Vei-r.
1639 3993 1666 4020 4,
1683 3993 1720 4019 ¹35
1734 3994 1754 4013 e.
1770 3986 1804 4012 60
1823 3987 1851 4012 in
1858 3985 1957 4023 summa
1969 3983 2134 4013 adum-atione
2144 3984 2212 4019 apud

48 4009 141 4045 summa
154 4021 247 4046 eorum,
265 4021 324 4048 quae
331 4012 383 4050 110st
397 4013 534 4043 Turnebum
550 4023 576 4050 9,
589 4024 609 4042 ιι
631 4012 719 4051 copiose
732 4012 890 4050 dispumant
903 4018 1056 4054 casaubonus
1063 4021 1100 4048 ad
1105 4026 1148 4052 105
1159 4019 1319 4058 Athenienses
1326 4018 1404 4053 fieiffl
1415 4018 1519 4047 indit-at.

1317 4054 1366 4084 Β]
1393 4061 1432 4085 rr
1456 4061 1468 4081 a
2112 4058 2211 4080 rana-
