2517 4231
50 219 123 268 ⁶73
431 214 710 255 PAN
1546 213 1824 256 ΡΑΝ
2141 231 2217 281 674

89 313 106 334 r
116 308 194 332 mic.
203 309 222 330 11
233 308 254 329 A
263 308 285 329 ἰ-
294 309 304 329 1
313 309 334 329 A
343 309 381 329 iu
390 310 418 336 1,
437 303 659 338 [flmmeum]
680 303 761 331 cion:
775 302 830 329 Lac.
845 302 893 329 Gr.
1162 312 1188 339 ρ.
1202 309 1230 334 82
1245 302 1308 329 bxtr.
1330 303 1401 331 Hinc
1414 303 1495 331 etiam
1507 304 1588 338 serae,
1608 303 1705 339 quibus
1718 305 1828 332 remotis
1841 305 1923 333 Fores
1936 309 2093 342 panduntur.

91 345 196 367 ΡΑΝΕ
208 345 226 365 R
236 346 259 366 Λ
271 344 295 367 Τ,
305 344 459 373 IASTES,
495 349 535 366 ae.
570 349 606 366 m.
643 337 862 374 [παγκρατιαςιὶε]
898 337 954 374 Qt‘
979 337 1022 363 hoc
1045 337 1104 364 ludo
1163 340 1244 366 alicui
1269 339 1365 366 Lucan.
1377 342 1413 366 ad
1426 340 1513 367 Pison.
1528 349 1575 366 212.
1646 341 1753 368 Limina
1777 341 1838 369 Stat.
1851 342 1916 370 Silu.
1933 353 1951 377 1,
1966 353 1985 374 1.
2000 356 2035 374 22.
2109 318 2219 381 Moelffig

51 377 145 408 vritur,
155 381 264 401 certator
276 381 299 400 et
311 374 392 399 vilior
405 377 466 401 adeo
479 375 617 411 pancratii.
671 373 799 406 Gell.3,15
823 374 951 407 Diagoras
968 379 1019 400 tres
1033 372 1103 400 filios
1163 375 1237 402 vrbis
1257 375 1331 407 Virg.
1348 377 1410 401 Aen.
1422 385 1448 409 2,
1463 384 1518 409 23⁴-
1591 376 1690 403 Pennas
1706 377 1735 403 in
1754 377 1833 405 litore
1847 379 1964 414 pandunt
1977 380 2118 414 halcyones
2145 388 2219 415 Idem

49 410 157 440 habuit:
191 418 273 436 vnum
291 410 424 445 pugilem,
446 411 559 438 alterum
578 408 781 446 pancratiasten,
806 409 917 436 tertium
937 409 1103 437 metatorem.
1165 411 1263 444 Georg.
1281 419 1299 440 1,
1314 415 1368 449 39⁸:
1442 412 1535 438 Portae
1549 411 1700 474 panduntur
1719 412 1794 440 Idem
1806 414 1871 441 Aen.
1885 423 1907 449 2,
1920 423 1963 450 27.
2035 419 2119 453 Spatia
2137 432 2219 450 mem.

52 447 126 475 Adde
145 445 212 472 Plin.
228 454 271 478 34,
285 449 308 475 8.
345 453 369 472 et
386 446 445 473 Seu.
460 447 579 482 Excerpt.
592 451 714 473 centron.
727 451 750 477 5,
763 453 788 477 3.
1127 454 1141 480 5
1164 446 1276 473 brorum
1292 445 1382 480 pandit
1407 446 1469 473 Stat.
1484 448 1548 474 The
1571 469 1577 474 .
1590 451 1616 481 6,
1632 457 1685 481 752.
1756 449 1905 485 Spthatula
1932 452 2001 480 Hor.
2016 453 2099 481 Scrm.
2113 465 2135 488 2,
2149 467 2170 490 2,
2181 461 2220 487 26,

91 489 107 510 Ρ
122 488 143 510 A
155 487 178 508 N
189 487 205 508 c
214 487 232 507 R
241 486 263 506 Α
272 487 294 507 Τ
304 488 365 509 1AS
374 501 382 515 ‚
401 490 440 509 ae.
478 484 552 510 Idem.
590 483 662 507 Certe
675 480 742 507 Gell.
757 489 788 514 13,
803 489 831 512 27
857 479 1021 508 Athletarum
1030 503 1038 516 ‚
1058 481 1105 516 qui
1166 481 1229 508 Vela
1245 488 1355 507 curuato
1367 480 1422 507 sinu
1455 484 1536 510 Ouid.
1550 484 1582 511 de
1596 485 1660 511 Arte
1672 485 1730 511 Am.
1745 495 1766 518 3,
1779 493 1839 518 500.
1934 487 2001 515 Vela
2013 490 2145 517 orationis
2160 502 2221 526 pan-

53 517 198 546 Pancratiae
210 523 356 551 vocantur,
376 525 458 544 tuetur
473 517 625 550 (immitius,
643 524 668 542 et
684 525 715 542 ex
733 517 776 542 hoc
794 515 845 552 ipso
865 518 913 542 loco
926 518 988 543 hano
995 517 1106 552 formam
1165 517 1242 548 dere;
1262 517 1402 550 metaphora
1414 517 1502 558 sumta⁴
1517 520 1547 558 qb
1565 521 1614 551 iis,
1632 520 1675 554 qui
1693 522 1750 546 vela
1764 523 1846 548 ventis
1859 523 1994 558 explicant.
2068 525 2125 552 Cic.
2138 527 2221 555 Tusc.

54 551 158 582 „ominis
165 552 283 588 probari,
303 553 454 580 contendit:
1165 563 1190 585 4,
1203 561 1220 585 9
1239 561 1259 578 c.
1276 560 1288 584 5
1315 552 1481 584 Quaerebam
1496 561 1588 588 igitur,
1602 561 1691 582 vtrum
1705 556 1847 590 panderem
1860 559 1918 585 vela
1930 560 2062 588 orationis
2075 561 2170 596 statim,
2190 573 2224 590 an

93 595 109 616 Ρ
121 595 144 616 A
155 595 177 615 N
189 593 208 615 C
221 593 240 614 R
253 594 276 615 A
287 586 390 615 'rici-3.
416 587 483 615 Adu.
508 587 754 622 [παγκρατιαςικῦς]
790 588 809 614 ι’.
831 587 941 623 Robuste:
960 589 1027 614 vnde
1040 588 1103 614 Pan·
1166 597 1224 614 eam
1242 593 1302 613 ante
1322 587 1468 621 paullulum
1487 588 1688 617 dialeeiicorum
1709 593 1790 619 remis
1810 595 1997 629 propellerem.
2071 614 2072 623 1
2106 598 2224 633 Vestigia

53 623 147 651 “affice
168 623 272 657 valere,
298 624 317 651 i.
344 623 467 659 Robustum
485 622 549 658 effe,
575 629 605 648 vt
619 621 716 657 solent,
742 623 786 658 qui
800 626 934 658 pancratio
953 630 1105 650 exercentur.
1122 632 1151 650 ιο
1166 623 1241 658 Virg.
1255 622 1353 658 Georg.
1367 633 1389 656 2,
1403 630 1455 652 258.
1536 625 1625 664 'Viam
1650 626 1741 654 Tacit.
1758 629 1824 656 Hist.
1839 639 1864 664 z,
1878 641 1900 664 4.
1985 632 2062 659 Viam
2075 632 2107 660 ad
2121 634 2225 669 aliquid

52 659 134 688 Plaut.
148 658 241 687 Bacch.
255 669 278 695 2,
292 669 313 694 3,
329 669 352 693 14
378 660 481 686 Benene
494 666 575 693 vsque
589 658 690 686 valuit3
727 665 754 686 C.
777 659 923 694 pancratice
936 664 1014 693 atque
1026 658 1107 685 athle-
1165 659 1226 699 Liu.
1240 670 1264 691 4,
1279 668 1310 689 ¹5·
1386 658 1502 686 Pandere
1515 668 1587 686 viam
1602 661 1679 695 fugae
1711 663 1784 703 Idem
1801 675 1838 697 ιο,
1854 675 1874 696 ς.
1946 667 2034 695 Didiis
2052 669 2165 704 pandere
2178 670 2225 696 ali.

52 696 112 725 tice.
155 695 211 722 Vid.
227 696 335 722 Pmmin.
347 696 378 721 de
387 695 448 721 Lud.
462 693 528 720 Cirr.
543 702 564 729 2,
578 703 600 721 2.
1167 693 1231 735 q¹¹.¹d
1256 694 1360 734 [ψει-εξ-
1375 702 1398 733 52
1412 702 1451 728 53-
1523 696 1601 722 Casus
1616 697 1674 722 suos
1699 699 1781 738 Ouid.
1794 701 1857 727 Met.
1874 711 1907 737 14,
1922 712 1969 730 221.
2041 705 2160 732 Medium
2174 706 2225 733 ali-

93 737 109 758 P
120 737 227 758 ANCR
237 737 294 764 os,
314 731 426 764 Gemma,
444 729 497 755 vid.
521 736 536 756 Ρ
551 736 572 756 A
586 736 607 756 N
619 736 664 757 CH
675 736 695 756 R
705 736 725 755 V
736 735 759 756 s.
1166 739 1240 756 cuius
1255 738 1295 755 rei
1317 730 1373 756 C1c.
1388 738 1416 755 m
1429 731 1501 756 Arat.
1573 731 1638 757 Rem
1652 732 1747 760 ordine
1773 736 1846 769 Virg.
1861 738 1925 765 Aen.
1939 749 1959 773 3,
1974 748 2024 773 ¹79·
2099 741 2225 769 Panditur

92 773 108 794 Ρ
118 773 140 793 A
149 774 171 794 Ν
180 773 244 799 DA,
262 766 308 802 seu
331 771 408 792 PAN
418 771 439 790 T
451 771 459 791 1
471 770 488 791 C
498 772 520 792 A
529 786 536 799 ‚
557 768 612 791 Dea
631 775 646 791 a
662 766 777 792 Romam‘r
790 765 886 801 summa
903 765 931 791 in
945 764 1107 805 *ueneratione
1166 765 1305 800 planities,
1322 767 1500 806 Protemlitmj,
1514 765 1567 806 sese
1581 770 1607 802 ο]
1618 766 1672 800 ert,
1691 776 1794 803 apparet
1819 772 1878 799 Liu.
1893 783 1926 807 32,
1939 786 1963 807 4.
2036 775 2127 811 Longe
2136 798 2145 811 ‚
2164 778 2226 805 late-

53 803 138 829 habita
151 802 192 837 esi,
201 802 240 835 fic
252 801 330 833 dida,
348 801 414 835 quod
429 800 533 834 pandat⁷
553 801 582 827 id
596 801 629 836 2st
639 802 735 836 aperiat
747 801 825 841 viam.
861 800 1022 840 Arnob1us4
1035 805 1107 834 p.128
1125 808 1149 835 15
1167 810 1219 836 que
1239 801 1263 827 se
1287 800 1404 836 pandunt
1427 801 1519 828 diuma
1542 802 1588 828 illa
1624 811 1690 836 ona,
1709 805 1863 842 caelumque
1881 811 2038 845 contingunt
2070 813 2127 840 Cic.
2141 813 2225 842 Tnsc.

52 837 138 865 Panda
153 838 215 864 item
228 835 299 862 dieta
311 835 358 862 dea
370 835 450 871 pacis,
465 845 479 863 a
494 836 638 870 pandendis
651 843 677 863 et
689 836 839 871 aperiendis
852 837 908 863 Iani
922 842 1016 870 portis.
1053 836 1108 861 Me·
1169 845 1192 870 5,
1210 839 1244 871 76
1265 846 1285 863 c.
1307 846 1343 870 27.

52 873 127 900 minit
142 872 211 900 Gell.
227 881 260 905 1ς,
279 880 310 902 ¹5-
348 871 414 905 conf.
438 873 502 908 Vzff
516 874 618 906 Etymol.
636 880 661 908 p.
678 875 732 904 366.
851 905 857 910 .
917 906 922 911 .
1075 906 1080 911 ¹
1203 879 1218 898 P
1231 879 1252 899 A
1264 879 1315 899 ND
1327 879 1419 913 Epis,
1449 873 1526 900 entis.
1568 873 1661 900 Partic.
1704 874 1853 911 [malem]
1911 879 2022 908 Guttura
2042 884 2093 911 tria
2112 885 2226 920 pandens

50 908 53 911 ⁴
91 914 309 941 PANDANA,
338 908 416 934 Porta
435 908 553 941 Romae,
573 917 640 942 quae
661 914 736 934 antea
753 907 874 934 Saturnia
897 905 1051 939 dicebatur,
1073 912 1110 933 ita
1168 908 1299 935 Cerberus
1327 910 1403 943 V1rg.
1421 909 1482 936 Aen.
1498 911 1523 941 6,
1536 918 1596 943 4²0·
1703 911 1778 938 Idem
1797 919 1827 946 8,
1845 922 1884 946 7¹2
1916 915 1995 943 Nilus
2015 920 2130 952 pandens
2149 921 2227 950 finus,

56 943 122 972 dffla
135 951 149 970 a
163 943 246 970 verbo
262 942 360 976 Fando,
381 943 452 978 quod
466 944 567 979 semper
581 947 680 978 pateret
692 942 723 968 ad
736 950 793 976 res,
813 950 880 976 quae
894 942 923 968 in
935 942 1029 969 vrbem
1042 943 1110 969 fere·
1169 944 1312 971 Pandentes
1326 945 1428 973 carbasa
1443 951 1536 972 nautae
1566 945 1660 972 Lucan.
1676 954 1697 979 2,
1711 948 1769 980 697.

8 998 9 1001 ,
54 980 156 1008 bantur.
209 979 305 1006 Eadem
317 978 496 1014 appellabatur
508 979 602 1006 Libera
615 987 629 1005 a
642 978 773 1005 libertate.
808 977 927 1004 Amores
939 979 1029 1014 Pomp.
1043 978 1109 1005 Fest.
1125 991 1157 1008 20
1205 988 1221 1007 1²
1231 986 1253 1007 A
1263 987 1298 1008 ss
1310 987 1329 1006 v
1342 988 1372 1014 s,
1392 989 1421 1014 a,
1443 990 1498 1007 um.
1534 981 1617 1007 Aliud
1628 982 1720 1008 Partic.
1755 983 1770 1017 [
1777 989 1967 1021 πεπετασμένος]
2004 991 2124 1026 Apertus,
2142 1002 2226 1021 exten-

53 1021 79 1047 ει
93 1016 176 1042 Varro
189 1014 221 1042 de
235 1015 264 1042 L.
272 1015 301 1042 L.
315 1025 339 1048 4,
351 1022 376 1049 7.
415 1022 438 1041 et
456 1015 538 1042 Solin.
559 1024 580 1041 e.
595 1022 619 1040 2.
1163 1015 1214 1051 sus.
1261 1016 1379 1051 Capillus
1394 1017 1490 1056 passus,
1512 1016 1530 1042 ι’.
1549 1017 1679 1056 resolutus,
1699 1028 1729 1044 ac
1738 1019 1850 1054 sparsus.
1924 1022 1993 1050 Ter.
2008 1025 2114 1055 Phorm.
2127 1037 2147 1059 1,
2162 1038 2183 1063 2,
2196 1031 2228 1061 56

88 1057 133 1078 ΡΑ
143 1057 164 1076 N
177 1056 198 1077 D
209 1057 229 1077 A
241 1056 295 1079 ‘rto
306 1057 324 1077 R
334 1058 343 1077 1
355 1057 377 1077 A
388 1073 397 1086 ‚
416 1059 455 1077 ae.
480 1050 500 1078 f.
534 1050 725 1084 [Πανδατωςίι]
761 1047 847 1084 Insula
857 1049 885 1074 in
898 1049 965 1075 meu-i
980 1050 1109 1084 Tyrrheno
1169 1052 1286 1087 Capillus
1300 1053 1391 1087 passus,
1404 1051 1534 1087 prolixus,
1550 1061 1653 1079 circum
1666 1060 1743 1088 caput
1757 1055 1873 1082 reieetus
1887 1058 2059 1092 negligenter.
2131 1065 2228 1093 Crines

49 1086 162 1114 Ptolem.
178 1095 200 1119 ³3,
214 1096 231 1113 1.
269 1087 334 1120 conf.
354 1087 437 1113 Solin.
457 1095 478 1112 c.
492 1094 518 1118 9.
553 1091 578 1111 et
598 1085 664 1111 Plin.
681 1094 703 1120 3,
716 1086 741 1111 6.
798 1085 981 1113 Pantadataria
1000 1093 1107 1112 vocatur
1171 1088 1246 1122 Virg.
1261 1089 1328 1115 Aen.
1343 1096 1363 1121 1,
1376 1093 1429 1121 484.
1478 1089 1550 1120 Caes.
1564 1088 1591 1116 B.
1601 1088 1633 1115 G.
1651 1098 1669 1122 1,
1680 1098 1714 1120 51-
1787 1091 1884 1118 Linum
1898 1095 1993 1127 paffiun
2008 1104 2038 1123 ae
2051 1099 2135 1126 tusum
2160 1101 2228 1130 Plin.

37 1119 39 1123 ¹
53 1122 161 1150 sueton,
176 1122 244 1149 Tib.
261 1131 284 1149 c.
298 1132 333 1154 53.
368 1129 393 1148 et
413 1121 496 1156 Calig.
519 1130 585 1152 c.‹15.
1170 1131 1197 1157 19
1210 1124 1238 1150 in
1256 1125 1378 1151 Prooem.
1454 1123 1578 1150 Manibus
1590 1123 1676 1158 paffis,
1696 1131 1721 1155 et
1733 1126 1807 1152 Velis
1826 1127 1896 1160 pasl'is
1911 1128 2039 1167 dicimus,
2060 1136 2143 1169 inquit
2158 1136 2227 1165 Gell,

11 1158 14 1162 ’
89 1165 106 1185 Ρ
117 1165 139 1185 Α
150 1164 173 1185 N
185 1165 203 1185 D
215 1164 232 1185 E
242 1165 259 1185 C
268 1164 289 1184 Τ
299 1164 316 1184 Β
327 1164 358 1191 s,
393 1163 416 1183 et
434 1157 473 1184 Pl.
515 1163 531 1183 Ρ
543 1163 562 1183 Α
573 1163 595 1183 Ν
608 1162 628 1183 D
640 1163 657 1183 E
666 1163 683 1184 c
694 1162 715 1182 T
724 1162 745 1182 A
755 1162 772 1182 E
782 1177 791 1189 ,
825 1160 909 1183 arum.
947 1166 968 1183 c.
1006 1156 1107 1190 [πανδέ-
1124 1163 1153 1189 25
1169 1167 1204 1192 ις,
1218 1169 1240 1190 ¹5
1260 1159 1333 1194 quod
1353 1159 1477 1194 significat
1492 1160 1614 1186 Didueus
1634 1167 1712 1195 atque
1731 1161 1858 1189 distentis.
1928 1165 2019 1201 Itaque
2032 1168 2111 1197 Flam.
2126 1171 2153 1198 j„
2168 1173 2228 1201 Mil⁴

53 1197 126 1229 κται]
165 1195 284 1220 dicuntur
300 1192 428 1219 Volumina
440 1192 508 1218 nihil
519 1201 566 1218 non
578 1192 745 1224 continentia,
766 1198 791 1218 et
802 1201 833 1217 ex
846 1194 932 1227 quibus
943 1191 1025 1227 postis,
1045 1193 1111 1226 quod
1169 1204 1198 1227 2,
1212 1207 1240 1228 4,
1252 1205 1266 1228 7
1293 1202 1313 1222 Α
1331 1195 1407 1222 litera
1421 1196 1449 1221 in
1465 1202 1481 1222 E
1496 1202 1594 1221 mutata
1611 1204 1658 1230 pel·
1675 1198 1814 1232 compositi
1833 1199 1957 1227 vocabuli
1971 1211 2089 1235 morem,
2111 1207 2161 1233 Dis
2175 1208 2229 1235 eslie

52 1230 128 1262 velis,
146 1231 214 1255 velut
225 1228 405 1263 e'cormucopiae
416 1229 569 1263 depromere:
592 1235 622 1253 vt
636 1227 781 1254 PandeuStae
796 1227 894 1263 legum,
909 1238 972 1262 quae
990 1237 1057 1254 omne
1071 1228 1110 1254 ius
1169 1230 1244 1265 dicit,
1264 1240 1314 1266 pro
1328 1240 1378 1264 eo,
1398 1231 1470 1265 quod
1487 1230 1522 1257 est
1537 1231 1664 1266 Dispaffis.
1720 1234 1788 1259 Haec
1803 1233 1850 1261 ille.
1904 1237 1968 1270 confi
1989 1239 2060 1266 Caes.
2079 1241 2142 1269 Bell,
2158 1244 2227 1270 Gall,

54 1266 250 1301 complelluntus3
266 1274 282 1290 a
295 1265 341 1290 πᾶν
355 1272 430 1295 omne,
446 1270 469 1289 et
484 1267 582 1296 δέκομαι
597 1264 676 1298 capio,
692 1263 809 1298 suscipio.
867 1264 934 1291 Gell.
949 1264 1033 1291 Praef.
1047 1273 1109 1299 ope·
1169 1275 1191 1299 2,
1207 1275 1241 1300 ¹9-
1313 1267 1469 1294 Meconium
1485 1268 1581 1302 passum
1600 1267 1722 1295 Scribon.
1736 1272 1777 1299 86.
1798 1270 1816 1296 i.
1821 1269 1924 1305 siccum,
1944 1281 1974 1298 vt
1987 1275 2054 1306 Vua,
2075 1285 2099 1302 et
2112 1276 2229 1312 Racemi,

54 1301 109 1334 ris,
129 1301 202 1336 Sunt,
223 1300 268 1336 qui
281 1299 365 1327 libros
379 1299 438 1325 suos
453 1298 591 1333 pandeetas
601 1322 609 1334 ‚
625 1299 823 1334 inscripserunt.
880 1302 952 1325 lianc
967 1300 1109 1336 inscriptio-
1169 1304 1212 1337 qui
1218 1303 1345 1335 siccantur
1359 1313 1410 1329 cum
1421 1307 1568 1338 panduntur
1581 1303 1607 1328 in
1615 1303 1675 1338 sole.
1795 1306 1890 1333 Palmis
1909 1308 1995 1343 paffis,
2021 1312 2044 1337 h.
2057 1321 2078 1338 e.
2099 1314 2229 1347 lszpanfis.

53 1345 108 1362 nem
120 1337 220 1363 Plinius
234 1345 324 1371 quoque
341 1335 369 1362 in
383 1334 550 1362 Praefatione
570 1335 642 1362 inter
662 1334 828 1362 illecebrosas
846 1342 872 1362 et
891 1344 983 1370 magna
999 1335 1109 1371 promit·
1121 1345 1155 1370 30
1169 1339 1225 1365 Cic.
1241 1338 1273 1365 de
1288 1339 1350 1365 Nat.
1365 1339 1446 1366 Deor.
1461 1348 1483 1372 2,
1496 1349 1526 1371 ¹ni
1547 1339 1682 1366 Minorem
1696 1346 1783 1367 autem
1797 1341 2009 1376 Septentrionem
2022 1347 2145 1381 Cepheus
2158 1350 2230 1384 pass'w

52 1377 135 1399 tentes
149 1371 296 1406 numeram),
317 1376 426 1406 propter
439 1379 512 1406 quas,
531 1378 560 1397 vt
574 1371 625 1407 ipse
640 1371 732 1405 inquit,
752 1371 938 1398 vadimonium
952 1371 1036 1398 deseri
1051 1380 1109 1407 pos-
1168 1375 1261 1408 palmis
1276 1380 1348 1410 terga
1361 1375 1537 1409 subsequitur.
1627 1375 1701 1401 Caes.
1718 1376 1781 1403 Bell.
1795 1377 1863 1405 Gall.
1879 1387 1898 1412 1,
1913 1388 1937 1412 51
1966 1382 2041 1414 Quae
2055 1383 2083 1409 in
2097 1386 2230 1418 praelium

54 1406 92 1435 fit.
147 1407 216 1434 Gell.
231 1416 266 1440 13,
278 1415 294 1440 9
328 1406 440 1433 Tullius
460 1407 535 1434 Tiro
555 1421 601 1428 —-
621 1407 706 1434 libros
724 1407 873 1442 complures
892 1424 938 1428 —-
954 1408 1110 1442 composuit.
1170 1410 1379 1445 proficiscentes,
1399 1420 1432 1436 ne
1448 1412 1488 1444 se,
1504 1418 1548 1436 etc.
1585 1410 1684 1437 milites
1702 1412 1774 1446 paffis
1791 1414 1910 1441 crinibus
1931 1416 2022 1444 flentes
2043 1418 2229 1454 implorabant.

52 1444 85 1471 In
98 1442 139 1469 his
152 1444 201 1470 ess'e
215 1442 351 1478 praecipui
365 1442 506 1475 videntur,
527 1452 594 1477 quos
608 1443 710 1469 Graeco
729 1443 811 1472 titulo
827 1447 958 1472 παιόέκτας
972 1443 1111 1478 inscripsit,
1169 1446 1276 1472 Raceini
1292 1446 1350 1479 passi
1372 1446 1446 1481 Virg.
1456 1447 1555 1481 Georg.
1569 1457 1593 1479 4,
1608 1449 1664 1480 269.
1695 1449 1714 1473 i.
1729 1450 1824 1483 Rugolt',
1842 1452 2005 1484 φρίσ-[11111112
2078 1455 2134 1482 Cic.
2146 1457 2231 1485 Tusc.

52 1484 175 1513 tanquam
187 1488 253 1505 onme
268 1487 358 1505 rerum
378 1485 456 1513 atque
474 1478 659 1505 dotSirinarum
678 1487 759 1513 genus
778 1480 934 1506 continentes.
990 1481 1050 1515 Cum
1064 1479 1109 1505 Di·
1169 1490 1196 1516 1,
1211 1491 1248 1514 ¹¹9
1273 1482 1380 1508 Portum
1403 1483 1491 1516 potius
1511 1489 1627 1516 paratum
1640 1482 1720 1509 nobis
1735 1492 1761 1510 et
1776 1485 1932 1520 profugium
1951 1495 2087 1523 putemus,
2107 1501 2161 1525 quo
2178 1494 2230 1520 vti-

51 1515 121 1551 gesta
133 1515 199 1542 iuris
212 1514 364 1541 Iustinianei
378 1515 452 1540 etiam
465 1513 605 1541 Pandectas
619 1524 708 1540 vocare
723 1514 805 1550 wsum
818 1515 856 1548 fit
876 1515 986 1547 (lustin.
1000 1515 1032 1541 de
1047 1524 1109 1541 con·
1127 1522 1157 1549 35
1170 1526 1231 1544 nam
1242 1517 1312 1552 paffis
1327 1518 1401 1544 Velis
1414 1517 1525 1553 peruehi
1540 1518 1624 1545 liceat.
1667 1529 1696 1544 ue
1710 1527 1793 1546 morte.
1841 1523 1928 1549 Vento
1941 1524 2063 1561 secundo,
2085 1528 2145 1554 veto
2159 1529 2229 1563 passo

52 1551 149 1578 firmat.
168 1549 298 1585 Digestor.
318 1548 340 1586 §.
356 1559 363 1576 1
401 1549 562 1585 Nomenque
583 1550 660 1576 libris
680 1549 855 1585 imposuimus
876 1551 1045 1585 Digestorum
1067 1551 1110 1577 seu
1170 1554 1251 1580 Plaut.
1266 1553 1344 1580 Stich.
1359 1563 1380 1586 2,
1394 1563 1415 1586 3,
1428 1564 1466 1584 4⁶1-
1558 1554 1654 1581 Versus
1671 1555 1745 1589 pass'i,
1772 1557 1790 1582 i.
1806 1558 1891 1583 Soluto
1903 1561 1983 1585 oratio
2009 1561 2085 1596 Apul.
2100 1563 2201 1591 Florid.
2215 1575 2228 1593 2

53 1587 259 1619 Pmdeffiarum,
277 1587 322 1620 qui
338 1595 416 1611 omnes
428 1585 619 1621 disputationes
636 1592 662 1612 et
676 1585 818 1613 decisiones
832 1587 860 1613 in
874 1588 900 1613 se
916 1586 1011 1613 habent
1025 1587 1110 1620 legiti-
1170 1599 1194 1623 p.
1207 1598 1257 1620 24¹·
1331 1591 1389 1616 Vna
1402 1591 1467 1624 passa
1493 1589 1575 1618 Plaut.
1591 1590 1670 1618 Poen.
1687 1601 1706 1623 1,
1720 1601 1741 1621 2,
1756 1601 1799 1625 99.
1871 1595 1994 1631 Qomodo
2001 1598 2070 1631 fiant
2084 1601 2151 1625 docet
2177 1601 2229 1627 Co.

51 1631 122 1658 mas,
143 1629 168 1649 et
188 1622 260 1657 quod
279 1621 396 1656 vndique
415 1621 467 1648 fuit
485 1621 628 1648 colledium
650 1621 701 1648 hoc
720 1622 749 1648 in
768 1622 836 1662 sinus
857 1627 1029 1663 receperunt)-
1048 1629 1110 1647 nata
1169 1626 1326 1660 lum‚12‚39‚
1339 1636 1360 1657 4-
1403 1627 1457 1652 Vid.
1480 1626 1552 1652 Non.
1569 1636 1587 1658 1,
1601 1632 1637 1657 38.
1674 1634 1697 1652 et
1716 1633 1815 1654 PAss
1827 1634 1899 1662 VM,
1918 1630 1937 1656 i.
1958 1641 1984 1657 n.
2058 1634 2142 1661 Pass'os
2155 1636 2229 1663 sene,

46 1659 105 1694 fule
118 1659 184 1685 lCtis
198 1657 272 1683 etiam
285 1659 314 1683 de
324 1666 416 1692 genere
432 1658 537 1683 nominis
553 1657 695 1698 disputain.
752 1658 781 1684 Si
793 1659 955 1685 Priscianum
968 1660 1081 1684 audimus
1095 1666 1108 1690 7
1169 1660 1247 1693 dixit,
1267 1661 1386 1687 Llffiffius
1400 1663 1468 1696 apud
1477 1661 1551 1688 Non·
1568 1671 1587 1694 Ι,
1600 1667 1636 1694 33·
1672 1664 1692 1688 z',
1713 1662 1840 1702 Exfficws‘
1911 1667 1983 1706 Idem
1997 1677 2022 1700 4⁹
2036 1672 2089 1701 364·

50 1702 91 1730 pr.
114 1701 133 1720 Α
145 1700 157 1719 s
179 1700 203 1719 et
222 1699 259 1719 ΕΞ
279 1693 375 1727 primae
388 1693 569 1719 Declinationis
583 1693 769 1719 :emanationes
782 1694 946 1721 Graecorum
967 1701 1068 1720 tantum
1083 1698 1109 1719 et
1121 1702 1159 1726 40
1205 1703 1248 1722 ΡΑ
1261 1703 1305 1722 Ns
1316 1704 1333 1721 v
1345 1703 1374 1729 s,
1399 1705 1412 1721 a
1422 1714 1430 1726 ,
1453 1706 1509 1722 um.
1544 1699 1610 1723 Idem
1629 1699 1695 1731 quod
1706 1699 1801 1732 Paſjus.
1859 1700 1942 1727 Panfis
1962 1711 1990 1728 m
2011 1703 2092 1730 altum
2111 1704 2229 1732 brachiis

54 1729 260 1757 Masculinorurn
273 1729 338 1756 sunt.
375 1729 442 1754 Hinc
453 1729 543 1754 certior
555 1737 634 1753 eorum
647 1727 712 1752 ratio
726 1728 838 1761 videtur,
858 1730 903 1763 qui
919 1739 971 1754 cum
992 1727 1065 1761 V0ffi⁰
1079 1730 1109 1753 de
1168 1731 1289 1759 prudent,
1302 1731 1424 1758 Cathem.
1439 1740 1474 1764 12,
1489 1741 1541 1764 170·
1634 1733 1710 1759 Bonos
1723 1735 1831 1760 aufflvres
1849 1736 1908 1760 dixi
1929 1747 1940 1762 e
1959 1739 2052 1772 pansus
2072 1747 2119 1775 pro
2136 1742 2230 1776 passus,

53 1765 127 1798 Anal.
144 1775 161 1799 1,
176 1773 212 1798 ¹9·
233 1772 256 1790 et
267 1773 325 1799 quos
336 1762 376 1790 ille
388 1764 476 1790 laudat
488 1764 571 1796 lctis,
590 1763 639 1789 hos
653 1762 795 1789 Panded'tas
807 1765 903 1790 dicunt.
959 1765 1036 1804 Qud
1049 1772 1108 1789 vero
1168 1774 1244 1802 negat
1256 1768 1340 1794 Burm.
1351 1770 1386 1792 ad
1398 1767 1505 1793 Nemes.
1519 1768 1619 1801 Cyneg.
1635 1775 1691 1800 ¹42.

53 1800 68 1828 ὅ
80 1805 185 1834 χάρτης,
204 1802 365 1832 μαργαρίτης,
385 1805 428 1824 etc.
453 1799 523 1832 apud
535 1799 636 1824 Latinos
651 1797 781 1828 feminina
795 1799 879 1834 fiunt,
898 1798 961 1824 illud
973 1800 1063 1833 farn,-
1079 1805 1108 1824 vt
1203 1809 1218 1829 p
1227 1809 1270 1828 As
1281 1809 1294 1829 s
1307 1810 1315 1829 1
1328 1809 1353 1829 M
1362 1820 1371 1833 ,
1391 1809 1406 1829 p
1419 1810 1440 1829 A
1450 1809 1464 1829 s
1473 1809 1516 1829 sv
1526 1809 1566 1837 Μ,
1590 1809 1725 1834 ΡΑεενς
1735 1824 1744 1837 ,
1764 1802 1810 1838 ὓς,
1829 1805 1904 1832 etiam
1918 1816 1935 1832 a
1953 1814 2000 1834 ΡΑ
2009 1816 2032 1836 N
2040 1815 2059 1835 D
2071 1816 2091 1837 0
2107 1812 2230 1839 deriuan.

52 1845 128 1870 neque
140 1837 224 1861 altera
237 1834 304 1860 ratio
309 1833 459 1867 simpliciter
471 1834 588 1858 damnari
595 1831 675 1868 poffit.
732 1835 859 1860 Caeterum
873 1844 924 1860 cum
938 1840 1006 1867 Λόγος
1020 1833 1108 1860 intelli-
1167 1845 1225 1864 tur:
1244 1837 1292 1873 sed
1303 1839 1362 1864 vide
1372 1838 1409 1873 ffi
1425 1837 1450 1865 ll.

45 1878 125 1907 gutm-
139 1871 247 1901 Graece,
266 1878 318 1894 cum
336 1877 366 1893 ne
377 1868 474 1902 quidem
488 1867 610 1901 bonafide
624 1869 739 1895 Latinum
753 1878 839 1895 nomen
848 1870 886 1903 sit
902 1869 1046 1902 Pa=1de&a;
1071 1879 1107 1895 re.
1119 1879 1154 1906 45
1203 1881 1219 1901 Ρ
1230 1881 1252 1901 A
1263 1881 1277 1901 S
1287 1881 1345 1907 so,
1365 1879 1419 1901 Ere.
1464 1873 1574 1901 Theod.
1587 1874 1710 1902 Priscian.
1725 1886 1744 1906 1,
1758 1886 1785 1908 34
1812 1877 1917 1910 Quibus
1930 1887 2030 1913 vngues
2045 1882 2213 1916 passauerint,

50 1907 113 1933 “1¹³¹''
127 1906 230 1931 vidam·
240 1911 275 1936 Ψ.
283 1904 403 1938 Cometa,
421 1910 446 1928 θ’
459 1899 565 1930 Plane&
585 1904 681 1938 (ἆῒῆε)
697 1905 812 1933 traff'rl'·
849 1906 1018 1940 Masculinum
1033 1906 1106 1931 etiam
1204 1917 1219 1937 P
1230 1916 1400 1937 ASSARlv
1411 1917 1440 1944 s,
1460 1919 1489 1944 a,
1510 1920 1565 1938 um.
1591 1912 1658 1937 Idem
1673 1913 1740 1946 quod
1750 1912 1845 1948 Pcffts.
1882 1914 1959 1941 Ficus
1971 1917 2093 1950 paffariae
2112 1918 2229 1955 Capitol.

47 1942 154 1979 probant
166 1941 194 1967 L.
210 1940 424 1965 G›·0nou.Emend.
436 1940 518 1965 Pand.
532 1948 581 1966 ι·.21
596 1941 638 1973 fin.
656 1948 680 1966 et
693 1939 871 1968 Brenckmann.
885 1942 950 1978 Hist.
960 1943 1041 1968 Pand.
1055 1943 1107 1974 3‚6.
1168 1945 1196 1972 in
1212 1946 1311 1973 Albino
1330 1956 1350 1973 c.
1366 1955 1395 1973 11.
1577 1952 1579 1955 ’

50 1977 149 2012 Singul.
171 1975 240 2002 Beda
253 1975 284 2002 de
299 1974 427 2009 Orthogr.
441 1984 464 2009 p.
478 1983 536 2008 234·
554 1970 651 2009 Pu'tsch.
690 1977 772 2003 Vetus
786 1983 812 2004 et
826 1977 937 2004 Nouum
950 1977 1107 2005 Testamen-
1202 1989 1217 2008 p
1226 1989 1249 2009 A
1258 1989 1270 2007 s
1279 1989 1292 2008 s
1302 1989 1310 2007 1
1320 1989 1340 2008 v
1349 1988 1407 2015 vs,
1439 1990 1469 2014 a,
1498 1990 1554 2008 um.
1591 1981 1650 2008 Adi.
1709 1984 1844 2017 Vulgaris,
1868 1985 2024 2020 promiscuus.
2088 1989 2227 2018 Amatores

50 2019 116 2046 mm,
134 2012 151 2038 fi
164 2010 414 2046 ammirantium,
426 2011 569 2038 Pandeeres
582 2011 690 2038 dicium.
1169 2017 1275 2043 firmic.
1290 2027 1313 2049 7.
1328 2024 1362 2046 ιε.
1435 2017 1579 2050 Congeries
1607 2017 1685 2051 Apul·
1700 2018 1763 2044 Mer.
1778 2020 1794 2043 ⁶
1816 2029 1838 2053 Ρ·
1854 2028 1900 2052 ¹⁷7·
1972 2022 2077 2049 M0¹st¹³
2092 2030 2228 2052 transeun-

87 2055 103 2075 Ρ
113 2056 136 2075 Α
147 2055 169 2074 Ν
185 2054 204 2074 D
215 2053 232 2073 E
243 2052 261 2073 C
271 2053 293 2073 T
303 2052 320 2072 E
331 2053 350 2072 R
360 2066 368 2078 ‚
389 2046 450 2073 eris.
470 2056 508 2073 in.
539 2045 705 2080 [πανδεκτῆε]
740 2047 795 2082 Q?
814 2048 895 2074 omnia
909 2048 1023 2074 confirm·
1066 2049 1107 2073 lta
1122 2059 1154 2084 50
1168 2053 1235 2078 tium
1250 2052 1384 2078 viatorum
1400 2051 1467 2078 Ibid.
1482 2052 1498 2077 l.
1515 2061 1538 2085 9.
1614 2053 1703 2078 Venus
1723 2052 1790 2081 Ibid.
1808 2055 1825 2080 l.
1837 2064 1850 2081 2
1870 2064 1894 2089 p.
1908 2063 1952 2083 122.
1990 2059 2056 2091 conf.
2071 2060 2228 2098 Elmenhcrst.

50 2085 114 2112 liber
127 2093 145 2117 4
167 2081 255 2117 Apicii
271 2081 427 2116 inscribitur,
1168 2089 1224 2114 Ind.
1246 2087 1313 2113 Colo.
1329 2088 1387 2114 Not.
1404 2094 1427 2122 p.
1444 2095 1493 2119 129.
1564 2087 1647 2112 Aliud
1665 2097 1778 2114 occurret
1795 2089 1842 2124 sub
1862 2097 1940 2117 PAT
1953 2099 1990 2119 10
2001 2099 2038 2119 R:
2076 2097 2141 2122 vnde
2155 2098 2227 2132 fhrte

90 2127 106 2146 Ρ
116 2125 169 2145 ΑΝ
181 2125 200 2145 D
209 2124 226 2143 Ε
235 2125 260 2144 Μ
269 2123 309 2143 OS
318 2137 327 2149 ,
351 2116 370 2142 i.
405 2125 441 2142 m.
478 2116 536 2143 Lm's
550 2116 643 2152 species
661 2115 796 2151 appellatur
809 2119 878 2152 apud
889 2118 1022 2144 Ammian.
1044 2126 1080 2151 ¹9,
1094 2128 1108 2150 4
1170 2122 1279 2149 Firmici
1293 2125 1412 2157 quaedam
1425 2123 1471 2148 hue
1483 2123 1563 2157 potius·
1575 2123 1716 2156 referenda.

50 2167 67 2184 a
78 2158 209 2186 πάνδημος,
232 2154 250 2178 i.
270 2154 321 2178 Per
335 2151 475 2187 uniueisum
485 2153 601 2187 populum
610 2152 735 2188 graſjims.
787 2153 859 2179 Talis
870 2153 902 2189 est
914 2155 988 2179 etiam
1003 2152 1046 2179 illa
1059 2154 1109 2180 Ve-
1208 2165 1223 2185 p
1235 2165 1256 2184 A
1268 2165 1280 2184 s
1293 2164 1353 2184 ειν
1363 2164 1388 2184 Ε.
1427 2158 1494 2185 Adu.
1531 2158 1625 2185 Crines
1639 2168 1685 2193 per
1704 2160 1771 2186 colla
1785 2160 1879 2195 paffiue
1893 2163 1997 2198 dispersi
2024 2166 2102 2200 Apul.
2117 2167 2182 2195 Met,
2196 2178 2229 2197 ῃ,

51 2201 101 2219 rius
115 2189 259 2218 Pandemos
275 2189 431 2214 Graecorum.
1173 2194 1230 2221 Vid.
1245 2195 1352 2221 Elmenh.
1368 2195 1466 2220 Eme-nd.
1480 2195 1516 2219 ml
1524 2202 1549 2228 p.
1564 2201 1614 2228 258.
1650 2198 1720 2222 Add.
1734 2196 1854 2224 Tertull.
1868 2201 1924 2226 adu.
1939 2200 2026 2232 Psych.
2045 2211 2066 2229 c.
2080 2211 2102 2229 2.

87 2235 102 2255 12
120 2232 173 2254 AN
183 2231 271 2257 DiA,
292 2231 330 2250 ae.
367 2222 388 2250 f.
425 2223 525 2248 Gemma
537 2225 623 2250 varios
634 2224 724 2250 colores
734 2224 848 2251 exhibens
873 2224 1015 2251 Caffiodor.
1031 2224 1110 2260 Epist·
1127 2237 1156 2264 55
1207 2236 1223 2256 P
1236 2237 1258 2257 A
1269 2236 1301 2256 ss
1314 2236 1323 2256 1
1334 2236 1355 2255 v
1365 2237 1373 2255 1
1385 2236 1407 2256 T
1419 2236 1439 2255 v
1451 2236 1478 2256 s.
1516 2230 1583 2256 Adu.
1620 2230 1739 2257 Tertull.
1755 2231 1787 2257 de
1801 2233 1884 2259 Pallio
1905 2244 1927 2260 c.
1942 2245 1963 2268 3.

50 2273 75 2298 5,
95 2272 141 2297 34„
1209 2272 1223 2292 P
1236 2273 1258 2292 Α
1268 2271 1280 2290 S
1290 2272 1302 2291 s
1312 2273 1321 2292 1
1330 2272 1351 2291 v
1362 2271 1400 2291 1Τ
1411 2272 1432 2292 Α
1443 2272 1456 2291 S
1464 2286 1472 2298 ,
1503 2266 1560 2292 atis.
1598 2265 1617 2291 f.
1678 2267 1790 2300 Vagmtio.
1848 2269 2033 2298 Turbulentia
2056 2280 2083 2300 et
2100 2275 2228 2308 passiuitas

96 2303 172 2326 PAN
183 2302 222 2322 DI
233 2300 250 2322 c
261 2293 337 2321 νΕᾸ
347 2299 366 2320 R
377 2299 424 2326 18,
450 2302 475 2321 e·
512 2293 571 2321 Adi·
609 2294 788 2322 Pmdicularis
810 2294 881 2330 dies,
902 2295 972 2322 idem
992 2302 1018 2323 et
1031 2297 1112 2323 Com·
1170 2301 1287 2328 Tertull.
1307 2302 1364 2326 atlu.
1381 2300 1509 2335 Hermog.
1527 2310 1548 2326 c.
1565 2310 1598 2331 41.
1689 2302 1819 2329 Passiuitas
1833 2304 1953 2333 luxuriae
1979 2308 2052 2335 Idem
2071 2310 2148 2345 Apol.
2166 2321 2188 2338 c.
2203 2322 2227 2347 9.

53 2331 230 2364 municarius,
250 2331 277 2356 in
294 2338 348 2363 quo
361 2328 485 2356 omnibus
503 2329 554 2356 diis
575 2331 754 2358 communiter
772 2331 981 2365 sacrificabatur,
1001 2333 1105 2359 Paullus
1170 2338 1211 2363 Sis
1225 2337 1325 2372 saepius
1338 2337 1408 2362 alibi.
1444 2338 1512 2364 Ami.
1530 2336 1645 2363 Saluian.
1665 2337 1681 2364 l.
1695 2345 1712 2372 7
1732 2347 1756 2371 p.
1770 2348 1821 2371 237·

54 2370 132 2399 Festi·
167 2367 262 2393 Mirm„
275 2366 325 2402 est,
341 2365 393 2398 „ist
403 2366 504 2400 aliquid
514 2366 617 2402 mortstri
628 2368 669 2392 hic
680 2369 726 2392 lat.
733 2375 752 2393 t.
1209 2380 1224 2399 p
1237 2380 1259 2400 A
1271 2379 1293 2397 N
1306 2379 1324 2398 D
1339 2378 1358 2398 ο
1368 2378 1386 2399 c
1397 2379 1417 2398 H
1427 2374 1440 2398 1·
1450 2379 1468 2398 v
1481 2379 1506 2399 M
1518 2392 1527 2405 ,
1555 2373 1572 2398 i.
1610 2382 1637 2399 n.
1681 2374 1851 2409 Hospitium,
1872 2377 2066 2412 diuersorium,
2087 2381 2228 2417 stabulum,

97 2412 115 2432 ι’
126 2399 300 2432 ANDICV'L
314 2408 333 2428 O
343 2408 362 2427 R
371 2422 379 2434 ,
398 2400 447 2428 ari.
469 2402 534 2437 Dep.
572 2402 758 2438 [σκορδινῶμαι]
795 2403 961 2430 ΡὸΠᾶῐΕΠῙΒΓί
974 2404 1109 2436 dicuntur,
1122 2410 1157 2435 60
1169 2417 1297 2443 caupona,
1317 2410 1460 2440 πανδοχεῖον.
1499 2407 1576 2435 Vnde
1588 2416 1612 2435 et
1627 2409 1720 2444 Caupo
1733 2410 1796 2445 ipse,
1818 2413 1987 2440 Pandocheus
2003 2415 2109 2443 dicitur.

61 2441 142 2477 inquit
153 2438 247 2468 Festus.
266 2438 322 2471 Qui
336 2444 393 2464 toto
407 2446 519 2473 corpore
530 2438 669 2464 oscitantes
684 2438 876 2472 extenduntur,
894 2449 926 2466 eo
942 2441 1015 2475 quod
1027 2441 1108 2476 pandi
1203 2453 1218 2471 p
1231 2451 1252 2471 Α
1263 2452 1285 2471 N
1295 2451 1314 2471 D
1324 2450 1343 2470 o
1353 2450 1373 2471 R
1383 2451 1402 2470 Α
1412 2465 1420 2477 ,
1447 2453 1485 2471 ae.
1522 2445 1542 2471 f.
1578 2445 1733 2480 [Πανδώρα]
1772 2449 1868 2473 Mulier
1881 2449 2069 2484 fhrnnfiffima‚
2089 2461 2113 2478 et
2131 2454 2227 2487 gratio-

62 2476 134 2505 fiunt.
200 2474 282 2501 Plaut.
296 2474 367 2500 Men.
383 2481 406 2506 5,
419 2481 445 2507 2,
457 2481 489 2506 30
514 2475 548 2500 Vt
562 2474 730 2508 pandiculans
743 2475 877 2502 oscitatur.
1159 2479 1270 2515 ſsffima,
1291 2480 1435 2515 cuistnguli
1447 2480 1489 2505 dei
1493 2480 1543 2515 sua
1555 2482 1619 2506 [lona
1633 2482 1770 2515 dederunt,
1784 2483 1887 2517 seilicet
1903 2485 1985 2511 Pallas
1992 2482 2144 2523 sapientiam
2153 2511 2161 2523 ‚
2186 2491 2228 2515 Ve-

97 2517 142 2540 ΡΑ
151 2517 172 2537 Ν
182 2516 200 2537 D
210 2517 219 2540 1
228 2516 245 2537 C
253 2516 274 2535 V
286 2517 302 2536 L
314 2517 335 2537 Α
347 2516 368 2536 Τ
378 2516 387 2535 Ι
398 2516 417 2536 O
426 2530 434 2541 ,
455 2509 523 2536 onis.
559 2510 578 2536 f.
614 2511 815 2546 [σκορδινασμός]
854 2511 992 2546 Oscitatio,
1006 2513 1047 2540 vel
1063 2522 1109 2548 po·
1167 2527 1213 2542 nur
1234 2518 1354 2548 decorem,
1379 2514 1465 2550 Apollo
1484 2517 1611 2550 musicam,
1636 2517 1781 2544 Mercurius
1800 2521 1971 2554 eloquentium.
2048 2525 2115 2549 Vnde
2133 2525 2228 2551 dicitur

59 2547 109 2576 tius
122 2546 240 2581 corporis
256 2546 326 2573 iliter
338 2544 501 2572 oscitantium
515 2544 638 2573 extensio.
677 2545 742 2573 Fest.
1167 2551 1302 2586 Pandora,
1321 2552 1395 2585 quast
1403 2552 1516 2577 Omnium
1531 2555 1636 2584 donum,
1656 2554 1699 2578 vel
1711 2554 1741 2578 ao
1758 2556 1865 2581 omnious
1884 2559 1995 2590 donam,
2014 2559 2058 2584 vel
2068 2561 2173 2585 vinnium
2187 2571 2227 2587 re-

93 2589 167 2610 PAN
178 2588 195 2608 1)
207 2583 249 2609 1'0
261 2588 299 2617 N,
316 2578 385 2608 &nis-
405 2590 441 2608 m.
467 2581 606 2617 [Πανδίων]
644 2582 772 2608 Erichthei
786 2583 942 2609 Athenarum
957 2584 1108 2620 regisfilius,
1121 2590 1152 2622 65
1168 2598 1222 2613 rum
1232 2597 1324 2622 genere
1335 2590 1440 2621 donata.
1513 2590 1602 2621 Hanc,
1621 2596 1651 2614 vt
1669 2589 1709 2614 ait
1724 2590 1856 2624 Hesiodus,
1878 2593 1974 2627 Iupiter
1995 2594 2020 2618 fn
2040 2601 2133 2621 terram
2153 2597 2229 2631 miste,

55 2616 210 2654 cuisucceffit
222 2618 250 2643 in
261 2627 344 2652 regno.
393 2617 474 2643 Huius
482 2618 554 2653 filiae
562 2618 672 2651 fuerunt
686 2619 784 2653 Progne
796 2626 819 2644 et
830 2620 974 2647 Philomela.
1039 2620 1108 2647 Nata
1167 2631 1196 2650 vt
1210 2624 1316 2650 homines
1328 2624 1458 2657 deciperet.
1531 2623 1717 2657 Prometheus,
1738 2626 1840 2660 Iapethi
1855 2626 1941 2662 tilius,
1961 2630 2000 2654 ait
2014 2630 2134 2665 Hyginus
2156 2632 2173 2657 f.
2190 2642 2229 2665 142

57 2654 199 2686 Ρᾶηῶῡῐῑθ,
218 2655 314 2688 Ρνθζηῑ
332 2653 414 2680 Ouid.
427 2654 490 2680 Met·
505 2655 531 2690 6,
545 2656 598 2686 634·
671 2653 730 2679 Ales
746 2654 900 2688 Ρᾶῐῖἆίθηὶδ,
921 2656 1046 2691 libando,
1066 2658 1109 2683 vel
1168 2661 1269 2695 primus
1288 2658 1412 2685 homines
1431 2668 1463 2685 ex
1484 2659 1540 2686 luto
1560 2660 1646 2687 finxit.
1702 2661 1789 2696 postea
1803 2663 1936 2690 Vulcanus
1949 2665 2022 2691 Iouis
2043 2666 2107 2692 iuss'u
2121 2676 2153 2693 ex
2169 2664 2226 2695 luto

55 2698 138 2727 'upupa
164 2690 260 2716 Lucan.
273 2689 304 2715 ad
320 2689 405 2716 Pison.
424 2697 475 2722 255.
547 2690 625 2716 Mons
638 2689 800 2716 Pandionius
827 2691 888 2717 Stat.
904 2691 995 2719 Theb.
1011 2700 1041 2725 2,
1057 2700 1107 2726 720
1168 2694 1281 2726 effigiem
1295 2694 1417 2721 mulieris
1432 2695 1503 2728 fecit,
1524 2696 1566 2722 cui
1582 2696 1704 2723 Minerua
1717 2698 1833 2724 animam
1847 2699 1929 2733 dedit,
1945 2701 2093 2735 caeterique
2107 2702 2145 2728 dii
2160 2704 2226 2730 alius

18 2751 19 2755 ,
55 2734 106 2758 axx
121 2724 370 2759 Athenarum,sedes
389 2724 510 2752 Palladis.
601 2726 690 2752 Sidon.
717 2726 773 2758 Qni
793 2726 964 2753 Pandioniam
985 2729 1108 2755 mouebat
1167 2724 1239 2758 alind
1250 2730 1351 2757 donum
1365 2730 1510 2765 dederunt,
1530 2732 1566 2758 ob
1581 2732 1607 2757 id
1623 2733 1768 2759 Pandoram
1786 2735 1968 2762 nominarunt.
2005 2737 2040 2763 Ea
2054 2737 2110 2764 data
2125 2739 2152 2764 in
2165 2748 2228 2766 con-

55 2765 146 2790 oratot'·
165 2769 269 2787 caueam
290 2760 481 2795 tumultuosus,
508 2763 528 2787 i.
545 2762 663 2797 Populum
675 2764 807 2795 Atticum,
827 2763 867 2789 cui
880 2764 1001 2789 theatrum
1012 2772 1059 2800 pro
1073 2775 1108 2792 co·
1120 2775 1157 2804 70
1168 2768 1270 2802 iugium
1287 2766 1443 2801 Epimetheo
1457 2767 1542 2795 fratri.
1580 2767 1645 2794 Inde
1660 2776 1719 2795 nata
1731 2769 1766 2795 est
1781 2770 1890 2805 Pyrrha,
1911 2780 1978 2805 quae
1993 2774 2114 2800 mortalis
2127 2774 2228 2801 dicitur

56 2799 142 2825 mitiis,
1168 2805 1253 2839 prima
1268 2804 1316 2829 effe
1329 2809 1422 2829 creata.
1461 2804 1583 2829 Haflenus
1597 2803 1644 2831 ille.
1681 2806 1722 2830 Ab
1735 2805 1837 2838 Hesiodo
1849 2814 1873 2831 et
1887 2808 1945 2832 aliis
1958 2810 2083 2842 proditum
2097 2810 2139 2846 est,
2162 2813 2228 2837 Pan.

96 2840 112 2860 P
125 2840 148 2861 A
159 2840 181 2859 N
193 2839 212 2859 D
221 2840 230 2859 1
239 2839 258 2860 Ο
267 2840 289 2860 Ν
301 2840 310 2859 1
323 2839 345 2859 V
357 2840 369 2859 S
380 2854 388 2866 ‚
408 2842 438 2866 a,
458 2842 513 2859 um.
544 2832 605 2860 Adi.
643 2831 810 2868 [Πανδιόνιος]
845 2835 912 2861 Idem
924 2837 992 2869 quod
999 2836 1108 2863 Atticus.
1168 2842 1252 2866 doram
1261 2838 1339 2873 fi‘iffl'
1349 2840 1454 2873 primam
1472 2840 1611 2865 mulierem:
1636 2849 1694 2866 nam
1712 2848 1769 2866 ante
1787 2851 1839 2866 eum
1856 2843 1973 2868 muliebre
1988 2853 2066 2878 genus
2078 2845 2159 2881 suff
2173 2848 2228 2872 nul.

0 2875 1 2900 l
56 2869 148 2897 Claud.
161 2868 190 2895 de
205 2870 278 2904 Rapt.
291 2869 412 2904 Proserp.
425 2877 450 2905 2,
464 2878 488 2903 ¹9
507 2869 540 2896 Et
554 2868 723 2902 Pandionias,
740 2878 808 2904 quae
822 2870 926 2905 cuspide
940 2872 1056 2907 protegit
1069 2881 1109 2898 ar·
1168 2877 1232 2905 lum,
1252 2875 1335 2900 aut‘lor
1348 2874 1485 2905 Pausanias
1503 2875 1529 2900 in
1548 2876 1646 2902 Attica.
1719 2876 1849 2903 Pandoras
1867 2878 1970 2912 genesin
1991 2880 2018 2904 in
2039 2882 2147 2915 operibus
2165 2883 2226 2908 Pln'-

57 2914 107 2932 ces.
143 2906 171 2930 de
186 2905 296 2932 Pallade.
541 2901 550 2918 x
1169 2912 1225 2937 diae
1237 2918 1352 2936 memorat
1368 2910 1436 2937 Plin.
1452 2913 1490 2943 36,
1505 2918 1518 2944 5
1536 2911 1551 2937 s
1568 2919 1596 2945 4,
1608 2919 1635 2944 4.
1834 2911 1855 2950 ff
1877 2922 1892 2939 z
1929 2914 2048 2943 Pandere
2070 2926 2152 2942 nomen
2164 2927 2226 2951 gen-

94 2948 111 2968 1²
123 2947 143 2968 A
156 2948 178 2968 N
190 2947 251 2973 Do,
271 2945 324 2967 are.
363 2939 491 2975 [κυρτέω]
521 2940 649 2976 fignificat
664 2941 813 2974 Insui-uari,
826 2942 896 2967 oneri
909 2944 1000 2970 cedere.
1042 2945 1110 2969 Vnde
1126 2949 1157 2976 75
1170 2948 1202 2972 tis
1216 2948 1242 2971 in
1257 2945 1402 2971 conuallibus
1415 2947 1519 2979 Indiae,
1540 2956 1600 2980 qm,
1617 2954 1646 2972 vt
1662 2947 1700 2972 ait
1714 2947 1781 2974 Plin.
1794 2956 1821 2982 7,
1835 2959 1846 2981 3
1875 2948 2001 2977 ducentos
2021 2960 2102 2978 annos
2120 2953 2227 2984 viuunt,

57 2977 163 3012 pandari
177 2976 246 3003 trabs
259 2978 365 3009 dicitur,
384 2976 455 3010 quast
464 2977 603 3009 insuram-i,
623 2978 752 3011 cedereque
763 2978 875 3012 ponderi.
950 2978 1016 3005 Plin.
1032 2981 1067 3012 16,
1081 2989 1109 3011 42
1169 2982 1198 3009 in
1212 2982 1350 3009 iuuentute
1363 2981 1471 3016 capillos
1485 2982 1609 3008 candidos
1623 2981 1729 3016 habent,
1748 2983 1777 3009 in
1792 2984 1922 3012 senc-&ute
1936 2988 2035 3021 nigros.

59 3015 93 3040 At
106 3013 217 3048 populus
231 3018 322 3038 contra
335 3012 426 3039 omnia
441 3012 573 3038 inferiora
586 3012 727 3048 pandatur:
747 3012 832 3047 palma
849 3022 863 3039 e
875 3015 1012 3041 contrario
1026 3015 1112 3041 forni—
1206 3025 1221 3044 Ρ
1232 3026 1252 3045 Α
1263 3025 1285 3044 Ν
1297 3023 1314 3043 D
1323 3025 1343 3045 O
1353 3024 1365 3043 s
1375 3025 1385 3044 1
1398 3025 1417 3043 Α
1427 3038 1436 3050 ,
1462 3026 1499 3044 ae.
1537 3018 1556 3044 f.
1595 3018 1753 3053 [Πανδυσλα]
1793 3020 1859 3047 Plin.
1872 3030 1894 3054 3,
1908 3030 1917 3048 1
1942 3023 2107 3049 Lucanorum
2128 3023 2157 3049 in
2177 3024 2226 3050 Ita.

50 3055 141 3076 icatur.
210 3047 341 3081 Quinem.
356 3057 384 3080 11,
393 3057 468 3080 3,1οο
491 3048 599 3074 Leniter
612 3048 720 3083 pandata
734 3057 835 3082 manus,
851 3049 935 3083 qualis
951 3051 1110 3077 vouentium
1170 3055 1205 3081 lia
1219 3054 1291 3089 vrbs,
1312 3053 1341 3079 in
1354 3061 1404 3087 qua
1419 3053 1566 3080 Alexander
1578 3053 1699 3088 Epirotes
1712 3054 1845 3083 occubuit.
1918 3057 1959 3093 Est
1971 3065 1994 3083 et
2007 3060 2098 3090 altera,
2118 3066 2148 3083 vt
2160 3061 2225 3085 idem

59 3084 104 3112 est.
180 3084 304 3113 Pandare,
318 3085 448 3110 Neutrum.
483 3084 614 3117 Qiinffil.
627 3093 729 3117 n,3,122
752 3084 843 3111 Penus
856 3094 883 3111 ac
898 3092 991 3112 venter
1004 3095 1036 3112 ne
1050 3096 1110 3121 pro·
1170 3090 1274 3123 testatur
1288 3100 1317 3120 4,
1334 3097 1343 3114 1
1362 3089 1420 3115 eius
1434 3090 1550 3115 nominis
1565 3090 1592 3115 in
1606 3090 1696 3124 Epiro,
1767 3092 1856 3118 Iustin.
1872 3101 1911 3125 12,
1930 3103 1941 3120 2
1967 3094 2041 3119 quta
2055 3093 2149 3120 vrbem
2162 3095 2226 3120 Pan-

60 3118 192 3152 iiciantun
211 3119 418 3146 obseruandum:
438 3119 549 3154 pandant
563 3121 635 3147 enim
647 3119 808 3155 posterior-123
828 3126 853 3147 et
867 3120 902 3147 est
917 3121 1006 3148 odiosa
1023 3123 1110 3149 omnis
1125 3128 1157 3154 80
1170 3122 1267 3152 dosiam
1282 3124 1440 3157 Alexander,
1460 3133 1513 3150 non
1529 3126 1601 3159 prius
1615 3126 1699 3152 fatalis
1716 3127 1767 3153 loci
1782 3129 1890 3162 cognito
1906 3128 2014 3155 nomine
2029 3138 2106 3163 quam
2122 3130 2225 3156 occide-

61 3153 191 3188 supinitas.
248 3154 382 3189 Nisisorte
389 3154 536 3191 sensusfit,
574 3156 665 3183 Pedius
678 3164 705 3182 ac
721 3162 814 3183 venter
828 3157 941 3192 pandant
955 3158 1110 3192 posteriora.
1171 3168 1219 3196 ret,
1239 3160 1407 3188 interficitur.
1480 3160 1539 3187 Liu.
1553 3167 1576 3194 8,
1589 3170 1617 3193 24
1627 3168 1669 3196 pr.
1689 3162 1755 3189 Data
1769 3163 1853 3190 diffio
1864 3170 1919 3189 erat
1933 3164 2092 3199 Alexandro,
2111 3165 2226 3194 Caueret

61 3189 168 3216 Vitruu.
181 3199 204 3222 2,
219 3199 233 3223 9
260 3191 352 3218 Vlmns
366 3197 391 3217 et
404 3191 524 3217 fraxinus
537 3191 658 3223 celeriter
671 3191 793 3226 pandant.
835 3193 890 3220 Vid.
904 3194 939 3218 ihi
956 3195 1089 3221 Philxna'r.
1170 3196 1337 3224 Acherusiam
1357 3204 1468 3230 aquam,
1495 3196 1699 3232 Pandosiamque
1721 3198 1828 3224 vrbem:
1865 3199 1905 3225 ibi
1923 3200 1982 3226 fatis
2001 3200 2057 3226 eius
2079 3201 2225 3230 terminum

99 3230 145 3251 ΡΑ
155 3230 177 3250 N
191 3231 209 3251 D
221 3232 244 3252 A
254 3232 275 3252 Τ
285 3233 305 3251 ν
318 3233 331 3253 s
343 3246 351 3259 ,
370 3235 398 3259 a,
420 3237 474 3254 um.
495 3228 587 3254 Partic.
624 3229 690 3263 Apes
703 3227 801 3254 sarcina
814 3228 939 3262 pandat-ae
960 3230 1026 3256 Plin.
1035 3238 1064 3262 n,
1074 3240 1110 3257 10.
1170 3233 1235 3259 dari.
1274 3233 1367 3257 Horum
1381 3232 1490 3259 meminit
1505 3240 1530 3258 et
1542 3235 1625 3259 Strab.
1644 3235 1687 3260 lib.
1701 3237 1724 3260 6.

97 3268 113 3287 Ρ
124 3266 145 3286 A
156 3265 178 3284 N
188 3266 206 3285 D
221 3267 240 3286 Α
252 3267 274 3286 Τ
285 3269 296 3288 1
305 3268 342 3294 Ο,
362 3263 430 3290 onis.
466 3263 486 3290 f.
523 3264 701 3298 [ἀναπὲτιισιε]
741 3263 848 3290 Vitruu.
861 3274 885 3298 7,
899 3274 905 3290 1
927 3265 1110 3300 Contignatio-
1210 3275 1226 3294 Ρ
1238 3274 1258 3293 Α
1270 3274 1291 3293 Ν
1304 3273 1322 3293 D
1331 3274 1351 3293 R
1360 3266 1379 3294 ὀ
1388 3274 1400 3293 s
1411 3273 1431 3294 Ο
1441 3274 1454 3294 S
1464 3288 1472 3300 ,
1501 3268 1519 3294 i.
1557 3269 1575 3295 f.
1612 3269 1780 3303 [Πάνδροσος]
1816 3270 1883 3295 Filia
1908 3271 2018 3306 Cecropis
2037 3273 2225 3307 Athenienfium

62 3304 108 3322 nes
123 3293 322 3329 pandationibus
336 3296 444 3325 sidentes
456 3299 590 3326 mouendo
606 3300 630 3326 se
644 3300 744 3326 faciunt
758 3299 823 3326 vitia
837 3300 1003 3334 pauimentis.
1127 3308 1157 3336 85
1170 3305 1245 3339 regis,
1259 3304 1332 3340 soror
1346 3304 1458 3338 Aglauri
1469 3311 1493 3329 et
1507 3304 1610 3340 Herses,
1634 3307 1663 3330 de
1676 3306 1762 3339 quihus
1777 3305 1857 3332 Ouid.
1869 3307 1934 3333 Met.
1948 3315 1970 3340 2,
1984 3315 2026 3340 737

103 3337 118 3357 Ρ
131 3337 149 3357 A
161 3337 182 3357 Ν
193 3336 211 3356 D
221 3336 241 3355 v
253 3336 267 3356 s
277 3351 286 3363 ,
304 3339 333 3362 a,
351 3341 405 3360 um.
426 3334 486 3362 Adi.
505 3335 627 3371 [κυρτδς]
663 3337 791 3362 [notu-uus.
828 3336 902 3370 Virg.
919 3337 1016 3371 Georg.
1033 3346 1054 3369 2,
1069 3345 1110 3369 ¹94
1277 3339 1338 3365 Pars
1354 3339 1450 3366 secreta
1463 3339 1568 3373 domus,
1587 3340 1668 3366 ebore
1682 3347 1706 3366 et
1720 3341 1847 3367 testudine
1861 3343 1946 3368 cultos

62 3366 193 3394 Lancibns
211 3371 236 3392 et
254 3366 344 3400 pandis
362 3367 488 3396 fumantia
511 3371 646 3398 reddimus
669 3378 737 3398 exta.
840 3372 938 3398 Asellus
961 3372 1058 3407 pandus
1078 3372 1109 3398 ab
1277 3375 1350 3401 Tres
1365 3374 1458 3401 habuit
1473 3375 1611 3407 thalamos,
1632 3385 1745 3410 quorum
1762 3382 1788 3402 tu
1804 3377 1931 3404 Pandrose
1944 3377 2081 3411 dextrum,

63 3412 133 3429 onere
160 3401 241 3429 Ouid.
254 3401 285 3427 de
298 3402 359 3427 Arte
372 3403 431 3430 Am.
452 3405 475 3438 i,
492 3414 542 3437 543.
659 3407 771 3434 Carinae
803 3407 880 3442 Virg.
893 3409 991 3441 Geor-g.
1010 3408 1038 3439 '2,
1057 3417 1109 3439 445.
1278 3411 1407 3444 Aglauros
1421 3411 1541 3438 laeuum:
1560 3411 1677 3438 medium
1693 3411 1835 3446 possederat
1848 3414 1938 3440 Herse.

63 3439 200 3474 Cupreffus
214 3438 240 3463 in
255 3436 382 3471 operibus
397 3439 461 3466 solet
481 3441 529 3467 else
547 3442 629 3476 panda
659 3443 765 3469 Vitruu.
786 3452 814 3476 2,
832 3453 857 3476 9.
966 3443 1110 3479 Delphines
1206 3453 1222 3472 P
1234 3453 1255 3473 A
1265 3454 1288 3473 N
1298 3453 1317 3473 D
1329 3447 1349 3473 ὗ
1358 3454 1376 3474 R
1386 3453 1406 3472 A
1415 3468 1423 3479 ,
1449 3456 1487 3474 ae.
1526 3448 1544 3474 f.
1581 3449 1623 3472 vel
1648 3454 1802 3474 PANDVRI
1811 3454 1849 3474 vs
1859 3470 1866 3481 ‚
1897 3457 1941 3475 aut
1963 3456 1979 3476 Ρ
1989 3456 2010 3476 Α
2020 3457 2042 3477 N
2054 3456 2072 3476 D
2084 3456 2103 3477 O
2115 3457 2133 3477 R
2143 3458 2152 3477 1
2161 3458 2224 3486 vs,

36 3499 41 3506 J
63 3474 145 3501 Ouid.
158 3473 244 3500 Trist.
257 3482 278 3506 ς,
292 3482 328 3506 10,
342 3482 381 3506 43.
401 3475 419 3500 i.
426 3474 495 3507 fimi.
565 3478 678 3505 Dorsum
705 3479 792 3506 Senec.
807 3481 897 3514 Agam.
918 3480 935 3506 s.
949 3482 974 3506 6.
1047 3480 1111 3505 Fau-
1124 3490 1158 3514 90
1170 3490 1214 3507 aut
1227 3488 1246 3518 ,Ρ
1260 3490 1282 3509 A
1293 3489 1315 3509 N
1326 3489 1344 3509 D
1354 3489 1373 3509 o
1384 3490 1402 3509 R
1413 3490 1421 3509 1
1432 3489 1451 3506 v
1462 3490 1487 3509 M
1507 3484 1610 3517 denique
1632 3482 1732 3509 Isidoro
1748 3493 1769 3514 2,
1785 3492 1815 3509 20
1833 3485 1867 3520 est
1883 3484 1951 3511 inter
1962 3485 2140 3521 iustrumenta,
2161 3498 2224 3522 quae

63 3519 104 3536 ces
134 3510 195 3537 Stat.
208 3509 272 3535 Silu.
285 3518 309 3541 4,
326 3517 345 3541 3,
360 3518 392 3539 7¹-
463 3511 525 3545 Iuga
543 3509 622 3543 boum
655 3513 736 3540 Ouid.
751 3515 843 3542 Amor.
859 3524 877 3548 1,
894 3524 926 3547 13,
944 3518 976 3542 16.
1045 3515 1110 3541 Lan·
1170 3518 1299 3549 inflamur.
1372 3517 1512 3551 Sambuca,
1534 3519 1632 3552 inquit,
1655 3519 1682 3545 in
1700 3518 1802 3545 musicis
1822 3520 1918 3554 speeies
1935 3521 1970 3547 est
1992 3521 2223 3556 symphoniarum,

4 3551 7 3601 Ι
64 3545 137 3571 cibus
150 3545 241 3580 pandis
261 3545 336 3579 Virg-
351 3544 449 3579 Θεοῖς·
463 3554 484 3581 2,
501 3555 554 3580 ¹94.
624 3549 704 3576 Naris
719 3551 839 3586 Delphini
856 3551 937 3577 Ouid.
950 3552 1014 3578 Met.
1030 3553 1110 3583 ;,674.
1170 3553 1210 3580 Est
1222 3554 1292 3580 enim
1307 3563 1387 3588 genus
1401 3554 1465 3589 ligni
1480 3554 1591 3588 fragilis,
1609 3554 1676 3581 vnde
1689 3560 1714 3580 et
1725 3554 1806 3580 tibiae
1819 3563 2021 3590 componuntur.
2079 3558 2224 3586 Pandorius

52 3581 154 3611 ¹Neues
186 3582 288 3607 Lucret.
310 3590 330 3613 5,
351 3587 412 3613 1441.
499 3580 576 3609 Rami
606 3584 686 3612 Ouid.
700 3587 765 3613 Met.
781 3596 821 3620 14,
835 3588 896 3613 660.
987 3587 1110 3613 Rostrum
1170 3589 1202 3615 ab
1216 3590 1357 3616 inuentore
1370 3598 1486 3623 vocatus,
1507 3589 1596 3624 (quasi
1605 3589 1685 3630 ῌανᾶς
1698 3591 1783 3621 δῶρον)
1800 3590 1830 3617 de
1844 3601 1898 3625 quo
1913 3593 2043 3628 Virgilius
2063 3594 2134 3627 (Ecl.
2145 3604 2166 3627 2,
2176 3599 2222 3629 32)

4 3610 7 3656 1
43 3615 47 3617 ’
63 3616 136 3644 Idem
150 3616 215 3644 ibid.
230 3625 268 3652 14,
282 3622 338 3645 282·
1171 3626 1221 3652 Pan
1236 3625 1337 3660 primus
1351 3626 1463 3652 calamos
1477 3635 1535 3652 cera
1549 3634 1710 3659 coniungere
1726 3626 1812 3660 plures
1827 3627 1958 3659 Instituit,
1978 3637 2023 3655 etc.
2081 3630 2164 3656 Fuerit
2176 3632 2223 3664 igi.

99 3659 115 3678 P
129 3658 257 3685 ANDO,
282 3651 376 3686 pandi,
396 3651 492 3686 paffiim
513 3660 537 3678 et
556 3654 678 3688 pansum,
697 3658 750 3683 Ere.
785 3657 951 3719 ἑπετιίννυμι]
981 3657 1111 3692 fignificat
1124 3666 1156 3692 95
1170 3668 1213 3686 tur
1230 3671 1275 3696 ea,
1300 3670 1372 3696 quam
1393 3661 1494 3694 σύριγγα
1513 3667 1602 3685 vocant
1625 3661 1730 3693 Graeci,
1775 3662 1885 3696 Fistula,
1910 3664 1952 3690 cui
1982 3665 2081 3699 semper
2101 3660 2223 3692 decrescit

66 3688 171 3721 Apffl'st’
183 3696 206 3714 θ’
217 3689 369 3723 patefacere,
385 3688 416 3713 it·
430 3687 560 3722 explicare,
631 3691 782 3719 Plaut.Bacc
805 3703 840 3726 .3‚
849 3703 867 3726 1,
881 3703 890 3720 1
913 3694 1019 3720 Pandite
1033 3701 1110 3728 atque
1169 3697 1307 3723 arundinis
1325 3697 1402 3723 ordo.
1482 3694 1593 3727 Hesych.
1613 3694 1724 3727 σύριγγες
1745 3698 1867 3731 πινὸέρια.
1939 3701 2062 3727 Martian.
2082 3701 2187 3735 Capella
2207 3711 2223 3735 9

66 3721 164 3756 aperite
175 3732 287 3758 propere
299 3724 405 3750 ianuam
417 3722 492 3749 himen
565 3723 694 3756 Pandere,
712 3727 798 3755 Varro
814 3729 845 3755 de
859 3729 913 3756 Vit.
925 3731 988 3763 Pop.
1008 3729 1085 3755 Rom.
1101 3739 1108 3756 1
1171 3742 1196 3767 p.
1211 3742 1259 3767 307
1285 3734 1386 3759 Verum
1407 3741 1452 3766 per
1470 3731 1586 3757 medium
1605 3730 1712 3765 quidam
1726 3733 1835 3767 agrestes
1853 3735 1998 3770 cancrique
2012 3736 2136 3769 semidei,
2157 3745 2222 3769 quo-

29 3766 34 3767 ’
65 3757 192 3785 existimat
205 3768 234 3785 ea
247 3760 319 3785 causa
334 3759 397 3792 dici,
418 3758 489 3793 quod
507 3758 550 3790 iis,
568 3758 614 3792 qui
627 3769 676 3794 ope
692 3761 850 3798 indigerent,
870 3765 937 3791 etad
951 3765 1047 3796 asylum
1062 3766 1111 3791 Ce-
1171 3777 1229 3794 rum
1245 3768 1415 3802 Hircipedem
1437 3769 1542 3799 (Pana)
1562 3766 1693 3799 Pandura,
1713 3769 1848 3797 Siluanum
1869 3771 1961 3798 enodis
1980 3772 2118 3798 arundinis
2137 3771 2220 3798 fistula

66 3793 132 3819 reris
145 3795 324 3829 confugissent,
345 3795 418 3830 panis
433 3794 548 3820 daretur.
614 3793 733 3822 *Pandere
747 3807 825 3834 ergo,
846 3801 915 3836 qnasi
930 3802 1024 3827 Panem
1039 3800 1111 3836 dare,
1171 3803 1306 3836 sibilatrix,
1324 3803 1445 3829 rurestris
1459 3803 1578 3828 Faunum
1590 3801 1655 3829 tibia
1671 3802 1822 3833 decuerunt.
1895 3807 2018 3834 Martian.
2033 3807 2136 3842 Capella
2152 3816 2174 3839 p.
2184 3814 2220 3835 3¹³

30 3830 35 3833 “
66 3836 91 3855 et
103 3829 174 3863 quod
187 3839 321 3864 nunquam
334 3831 425 3859 fanum
439 3830 534 3857 talibus
546 3829 708 3857 clauderetur
726 3831 797 3861 Non.
811 3844 831 3868 1,
843 3845 902 3869 209.
938 3838 987 3862 Sed
998 3837 1025 3861 hi
1036 3836 1110 3871 lusus,
1118 3840 1318 3867 100Panduram
1339 3839 1478 3873 Aegyptios
1498 3842 1624 3864 attentare
1646 3839 1765 3873 permisi:
1791 3842 1863 3867 etiam
1882 3843 1922 3868 hic
1939 3843 2006 3868 inter
2019 3852 2112 3878 genera
2130 3849 2219 3871 eorum,

66 3874 97 3890 ne
111 3874 190 3899 nugas
204 3866 291 3893 dicam.
363 3868 453 3893 Aciem
466 3865 595 3901 pandere,
605 3866 668 3892 vid.
693 3873 714 3893 A
726 3872 744 3893 c
755 3875 765 3894 1
774 3875 791 3895 E
803 3877 829 3896 s.
900 3873 984 3907 Agros
998 3872 1111 3906 pandere
1171 3885 1232 3908 quae
1246 3876 1374 3908 inflantur.
1434 3876 1470 3899 De
1483 3873 1610 3899 varronis
1624 3882 1704 3901 autem
1717 3875 1837 3903 Pandura
1850 3879 1918 3903 nibil
1928 3879 2037 3913 equidem
2048 3876 2148 3904 inuenio.
2192 3878 2218 3901 Α

65 3900 175 3934 pingues
194 3901 297 3928 Lucret.
309 3909 333 3935 5,
347 3910 415 3937 ¹247-
488 3902 547 3928 Alas
561 3901 592 3928 ad
607 3902 685 3928 solem
703 3902 777 3937 virg.
790 3905 887 3940 Georg.
899 3917 927 3942 4,
941 3915 976 3937 253.
1050 3907 1110 3934 Alas
1171 3907 1288 3937 Pandura
1303 3909 1335 3943 est

66 3935 188 3962 velorum
209 3935 281 3963 Idem
293 3939 356 3965 Aen.
371 3948 393 3971 3,
407 3947 462 3969 520.
535 3936 643 3965 Brachia
657 3936 746 3973 pandit
761 3938 845 3966 vlmus
862 3941 934 3969 Idem
947 3943 1013 3969 ibid.
1027 3944 1110 3978 (2282.
1207 3954 1221 3973 p
1233 3953 1252 3972 A
1266 3954 1286 3973 N
1302 3941 1319 3971 D
1332 3951 1353 3969 V
1363 3950 1380 3970 R
1392 3951 1400 3969 1
1412 3950 1427 3969 z
1440 3950 1458 3969 A
1471 3950 1489 3970 R
1502 3950 1518 3970 E
1528 3965 1535 3977 ‚
1556 3954 1601 3980 quo
1614 3945 1670 3980 isus
1684 3947 1817 3981 Lamprid.
1833 3948 1972 3983 Heliogab.
1987 3957 2008 3973 c.
2021 3955 2052 3971 ις.

67 3971 183 3998 Claustra
195 3972 297 4007 pandite
311 3973 403 4000 ianuae
428 3974 523 4000 Catull.
539 3983 577 4008 59,
591 3975 634 4008 76.
706 3973 807 4000 Domus
819 3977 952 4010 panditur.
962 3980 1036 4013 Virg.
1046 3980 1111 4005 Aen.
1210 3988 1226 4007 1>
1238 3988 1258 4007 Α
1267 3989 1288 4007 Ν
1299 3987 1313 4006 1,
1324 3986 1344 4005 G
1356 3978 1382 4004 r⁹
1393 3985 1411 4005 R
1424 3987 1432 4005 1
1448 3986 1461 4005 s
1471 4000 1478 4011 ,
1506 3980 1536 4008 is.
1573 3980 1591 4007 f.
1629 3982 1721 4015 [mnia
1728 3985 1792 4017 υριε]
1829 3984 1950 4009 Sollemnis
1967 3988 2094 4008 conuentus
2107 3986 2130 4005 et
2139 3981 2217 4014 publi.

67 4014 105 4039 ιο,
118 4015 136 4033 1.
208 4007 303 4070 Fet-oe?
314 4007 450 4072 difficlilem
467 4010 548 4038 Ouid.
562 4011 653 4037 Amor.
669 4017 687 4043 1,
700 4010 725 4041 6,
741 4017 763 4036 2.
834 4011 921 4040 Varro
935 4013 966 4041 de
980 4015 1008 4043 L.
1017 4016 1046 4042 L.
1062 4018 1110 4050 6,6
1123 4023 1212 4051 1051111
1221 4038 1229 4051 ,
1249 4017 1293 4053 seu
1311 4015 1455 4085 fighting}
1477 4017 1560 4050 quales
1581 4018 1666 4051 quinto
1686 4027 1776 4052 quoque
1795 4028 1858 4045 anno
1877 4019 1982 4045 Athenis
2000 4016 2118 4041 celebrari
2130 4015 2217 4079 {orlliffi
