2517 4231
296 219 369 266 663
687 208 716 249 p
796 208 833 245 Α
911 202 948 243 L
1793 192 1822 233 P
1911 194 1947 232 A
2026 190 2063 233 L
2384 193 2461 243 664

407 301 459 326 rius
472 297 603 326 Tritonia
622 304 752 324 vacaretur
769 305 784 320 a
796 293 914 321 Tritone
931 290 1038 325 palude,
1057 286 1100 312 irbi
1113 285 1220 319 primum
1232 281 1288 318 visa
1301 282 1343 318 est.
1401 283 1459 311 Cic.
1472 293 1521 319 pro
1534 284 1627 311 Rabir.
1641 282 1709 311 Post.
1724 284 1763 310 26.
1854 281 1963 316 Tegere
1976 290 2072 316 corpus
2087 281 2168 317 pallio
2194 280 2267 308 Idem
2281 281 2314 308 de
2328 280 2422 308 Diuin.
2436 290 2461 314 2,

299 311 371 365 qtlnlm
388 308 452 362 poian
503 335 575 361 vibro
626 334 706 359 uario:
729 340 753 356 eo
764 331 827 364 quod
838 326 928 362 hastam
946 325 1048 350 vibrare
1061 320 1212 357 consueuerit
1223 319 1344 345 docuerit·
1403 328 1477 350 ¹⁴39·
1490 323 1532 354 69.
1604 320 1713 347 Tunica
1726 317 1807 355 pallio
1818 318 1931 353 propior
1956 318 2039 345 Plant.
2052 318 2182 345 Trinum.
2194 327 2216 349 5,
2229 326 2251 350 2,
2266 326 2306 350 30.
2362 315 2461 351 Allego-

325 349 337 364 e
359 348 375 364 a
388 348 446 398 ἣν1411
455 344 623 405 zy'altatio'n?
628 370 654 394 in
668 367 757 395 armis,
777 373 831 388 nam
845 362 888 387 vel
893 360 946 396 sese
958 370 974 385 a
988 367 1056 385 terra
1068 355 1193 390 attollere,
1210 355 1252 381 ‘vel
1263 353 1343 380 mani·
1402 354 1445 379 ria
1454 356 1628 389 prouerbialis,
1641 366 1689 391 qua
1695 355 1870 391 significatur,
1891 355 1929 379 Ex
1945 354 2032 380 amicis
2045 363 2087 381 nos
2099 355 2159 380 aliis
2172 355 2251 387 magis
2263 352 2309 388 effe
2321 352 2462 378 devinam.-

299 384 352 436 ΞΜ.
376 408 397 433 l'
414 408 460 433 uid
476 405 570 442 afferre
586 405 688 431 dicimus
699 404 792 428 πάλλων
805 404 828 423 et
841 397 985 427 πάλλεῶαι,
1005 394 1034 419 id
1052 392 1083 426 est
1097 392 1215 424 vt'brare,
1236 391 1343 426 agitare·
1403 398 1477 424 neque
1486 397 1573 424 parem
1586 395 1691 417 omnium
1705 392 1839 417 habendam
1859 389 1906 424 ff
1917 390 2045 418 rationem.
2120 391 2158 415 Ex
2176 388 2284 423 Erasmo,

315 419 341 436 m
359 416 424 470 (ἔκηα
442 438 506 468 irai-1⁴
539 448 562 467 ee
574 438 733 475 saltationem
745 434 848 469 perpeti.
920 431 978 457 Alii
995 439 1011 454 a
1026 424 1140 455 Pallante
1158 434 1233 463 patre
1250 425 1342 452 dilium
1367 432 1380 455 ς
1441 430 1457 450 Ρ
1469 431 1492 451 Α
1503 431 1521 451 L
1531 425 1652 455 L16Lv
1662 434 1687 454 M
1697 447 1706 461 ‚
1724 427 1742 453 i.
1769 436 1795 453 n.
1833 426 1937 452 Dimin.
1974 425 2124 459 [ἱματίδιον]
2162 425 2220 451 Cic.
2227 424 2311 464 Tusc.
2325 432 2348 456 3,
2360 424 2392 457 56
2404 431 2460 464 c323

299 454 344 505 qvul
360 486 402 505 nt*
421 453 501 504 gNem
513 461 530 502 'e
546 476 610 501 inter
630 472 746 506 quinque
767 468 916 499 Mineruas,
935 475 995 500 quas
1013 471 1135 490 enumerat
1162 463 1220 491 Cic.
1236 461 1267 488 de
1281 461 1344 488 Nat.
1403 461 1483 495 Saepe
1497 460 1533 486 est
1546 462 1625 489 etiam
1642 463 1689 489 sub
1700 462 1810 498 palliolo
1824 461 1932 489 sordido
1945 460 2082 495 sapientia.
2138 463 2176 487 Ex
2189 460 2318 487 Caecilio.
2391 459 2460 499 Plin.

299 490 374 543 &egr
395 499 400 503 .
480 483 539 544 (Ρη
565 510 652 535 vltima
665 505 696 541 est
717 504 835 532 Pallantis
849 502 918 533 filia,
937 510 1004 536 quae
1017 508 1118 536 patrem
1138 499 1235 526 dicitur
1248 498 1344 524 intere·
1404 498 1441 529 16,
1454 502 1468 526 8
1502 496 1620 529 Qtidam
1639 498 1715 525 aliter
1726 498 1893 534 epithymum
1914 496 2022 525 tradunt
2037 496 2089 523 fine
2100 497 2188 524 radice
2201 496 2271 523 nasci
2284 494 2356 522 tenui
2371 495 2461 522 sinuli-

299 535 381 583 missg
397 522 576 583 {Jjggini'tatem
589 544 658 568 suani
672 541 773 567 violare
787 545 933 565 conantem.
1005 539 1132 563 Caeterum
1146 534 1248 563 Pallada
1255 534 1279 569 s.
1294 533 1345 560 Mi-
1403 532 1496 559 tudine
1509 531 1623 566 pallioli.
1696 535 1782 569 Capiti
1794 535 1896 569 tegendo
1910 541 1933 560 et
1945 534 2091 559 inuoluendo
2101 533 2272 559 adhibebatur,
2346 533 2388 557 lta
2405 529 2460 557 Pal.

384 595 409 611 m
430 585 484 610 Cic.
498 582 529 608 de
540 580 600 606 Nat.
614 578 694 604 Deor.
710 586 730 609 3,
744 585 769 607 53
789 585 811 601 c.
825 584 849 601 21
881 572 947 601 Belli
965 572 1142 599 inuentricetn
1155 577 1180 598 et
1194 570 1343 606 principem
1403 568 1499 595 liolum
1513 567 1575 594 ficut
1587 567 1686 602 fascias,
1703 569 1800 604 quibus
1815 579 1892 596 crura
1904 569 2064 600 vestiuntur,
2083 574 2110 595 et
2122 568 2229 601 focalia,
2242 575 2268 594 et
2279 566 2384 594 aurium
2397 567 2461 601 liga-

297 595 433 650 zlsi'gnilixit
513 614 619 641 Proinde
637 623 653 638 a
671 610 793 638 nonnullis
808 611 916 637 Bellona
929 617 1018 635 vocata
1029 608 1103 643 fuit,
1117 608 1191 642 soror
1208 613 1234 633 et
1250 608 1344 640 auriga
1358 610 1387 629 io
1402 610 1501 637 menta,
1521 603 1573 630 sola
1585 604 1709 630 excusare
1723 606 1809 639 potest
1822 606 1947 633 valetudo
1967 604 2100 638 Quinctil.
2113 613 2228 637 11,3,144,
2246 603 2319 644 'confi
2336 603 2393 643 Seri.
2406 604 2460 636 Q.

298 658 394 685 Mam-5
427 640 456 680 12,
468 661 515 686 qua
527 649 550 684 s,
565 649 582 676 l,
642 649 716 683 Virgo
729 649 856 682 fingitur,
873 653 897 672 et
914 646 1036 680 innupta,
1056 652 1085 670 vt
1103 644 1179 678 Virg.
1193 644 1258 669 Aen.
1273 650 1302 675 2,
1320 649 1344 673 31
1402 641 1466 668 Nat.
1479 651 1514 680 4..
1575 639 1657 679 Ouid.
1672 639 1704 665 de
1719 642 1782 680 Arte
1791 643 1878 674 Am.i,
1890 650 1932 676 733
1952 657 1998 661 --
2018 649 2065 667 nec
2077 646 2154 674 turpe
2167 646 2282 675 putaris,
2320 639 2460 665 Palliolum

297 695 356 721 Pars
369 676 449 723 stilpet
461 688 584 719 innuptae
597 683 695 710 donum
710 682 818 710 exitiale
831 682 979 709 Mineruae.
1023 681 1074 707 Sed
1083 680 1209 715 infinitum
1222 677 1253 714 cst
1265 685 1344 704 omnes
1402 676 1494 703 nitidis
1507 675 1657 716 imposuisse
1671 683 1764 702 comls.
1835 679 1929 706 quen.
1943 678 1994 706 Sat.
2010 685 2034 711 3,
2047 686 2080 711 94
2105 676 2155 702 Vel
2168 675 2271 703 Dorida
2284 675 2360 702 nullo
2398 674 2460 701 Cul-
2499 697 2501 705 ,

296 728 361 754 illius
377 724 450 757 μόθκς
467 721 586 756 persequi.
663 720 792 746 Videamus
811 718 936 745 attributa
961 716 1041 750 illius,
1069 714 1217 752 praesertim
1236 713 1343 740 Portica.
1401 719 1455 739 tani
1467 711 1586 747 palliolo.
1638 747 1653 751 .-

295 765 362 791 Nata
375 758 508 786 Tonantis
520 755 616 787 inclyta
629 754 709 782 Pallas
735 755 822 781 Senec.
835 755 987 789 Agamemn.
1007 753 1024 779 s.
1038 760 1060 785 ς.
1134 750 1211 778 Rami
1224 748 1344 780 Palladis,
1440 755 1456 775 Ρ
1471 755 1491 777 A
1503 754 1520 774 1.
1531 754 1548 774 L
1559 754 1568 774 1
1579 754 1599 774 o
1610 753 1626 773 L
1636 754 1684 774 AT
1693 753 1703 773 1
1713 753 1749 786 M:
1777 747 1846 774 Adu.
1882 748 2049 783 [τριβωνιδδν]
2087 748 2169 775 Plaut.
2182 746 2273 774 Pseud.
2285 756 2309 780 5,
2324 755 2344 780 1,
2357 754 2391 779 29
2411 743 2460 773 Sed

294 798 422 825 Oliuarum
434 792 516 825 rami,
531 800 603 825 quam
618 792 728 817 arborem
748 789 790 816 illa
804 789 933 825 protuliffe
952 789 1048 815 dicitur
1066 788 1094 813 in
1108 787 1260 819 certamine,
1278 785 1344 820 quod
1359 790 1383 812 ¹5
1400 784 1557 820 palliolatim
1570 783 1683 809 amictus
1695 781 1728 808 stc
1742 783 1829 809 intelli
1842 784 2020 816 ludibundus,
2043 785 2062 812 i.
2080 783 2160 811 Pallio
2172 784 2282 811 inclutus.

290 835 321 860 de
331 831 483 856 Athenarum
498 824 634 862 pisseffiane
653 837 705 853 cum
718 828 830 862 Neptuno
844 820 928 851 habuit
960 824 1037 859 Virg.
1051 824 1116 850 Aen.
1132 831 1159 858 7,
1174 829 1222 855 154.
1293 821 1341 846 Ar·
1436 827 1453 847 P
1465 827 1487 848 A
1502 826 1519 846 L
1534 827 1550 846 L
1564 828 1573 846 1
1582 826 1601 846 o
1611 826 1627 845 L
1636 821 1654 846 Ᾰ
1665 825 1687 845 Τ
1697 825 1718 844 v
1728 825 1757 850 S,
1773 827 1808 858 a,
1827 828 1882 845 um.
1919 821 1979 848 Adi.
2017 818 2219 860 [τριβωνιόωτρς]
2257 817 2336 845 Pallio
2345 817 2461 858 indutus.

290 867 408 894 misonae
422 863 532 890 Palladis
553 862 640 889 sancta
659 862 769 889 numina
799 861 871 889 Idem
892 860 957 888 ibid.
977 869 1005 894 3,
1026 869 1077 893 544·
1171 858 1247 884 Alma
1262 856 1343 883 Pallas
1401 858 1471 884 Suet.
1486 856 1517 883 de
1530 855 1624 882 Claud.
1642 864 1663 881 c.
1676 864 1688 881 2
1715 854 1868 881 palliolatus
1882 864 1955 883 nouo
1966 858 2049 884 modo
2063 855 2200 892 praesedit.
2272 853 2389 885 Martial.
2399 862 2461 888 9,34

287 900 415 929 Tritonis
443 900 547 926 Lucret.
559 900 584 931 6,
597 908 654 930 750.
726 899 833 925 Armata
852 898 939 924 Senec.
953 898 1106 931 Agamemn.
1125 895 1143 921 s.
1157 896 1182 921 6.
1253 891 1341 919 Armi·
1400 893 1475 920 Hanc
1490 892 1556 919 volo
1571 901 1637 926 quae
1650 891 1747 923 facilis,
1766 899 1834 924 qnae
1847 890 1980 926 palliolata
1993 899 2110 928 vagatur.

286 939 348 965 sona
375 935 464 962 Valer.
477 937 575 970 Argon.
592 944 610 967 1,
623 944 658 968 73.
736 934 834 960 Bellica
861 932 942 959 Ouid.
957 933 1021 959 Met.
1035 941 1057 964 5,
1070 933 1115 964 46.
1210 929 1342 964 Belligera
1440 935 1489 970 P'A
1501 935 1519 954 L
1531 935 1547 954 L
1560 935 1570 954 l
1581 929 1599 955 5.
1608 934 1658 954 TV
1667 934 1679 953 S
1689 948 1698 960 ‚
1723 935 1738 953 a
1747 947 1755 960 ,
1781 936 1836 968 11111ἶ
1875 926 1934 967 Αιᾶί,
1971 927 2174 962 [τριβωνοφᾶρος]
2209 927 2286 967 Ῑιῑίεηιἶ
2341 924 2397 953 Εἰς,
2408 932 2461 966 ¹ppo
2505 939 2507 941 ,

286 974 372 1000 Senec.
387 971 467 998 Herc.
482 971 534 999 fur.
551 970 569 998 s.
582 979 613 998 11.
686 969 837 996 Docliffima
863 969 919 996 Cic.
938 968 968 995 in
983 970 1054 994 Arat.
1074 976 1101 993 v.
1112 975 1166 998 302.
1238 964 1341 992 Innuba
1351 971 1384 989 20
1400 965 1492 992 Rabir.
1509 964 1577 992 Post.
1596 973 1619 993 ις
1649 964 1740 998 Itaque
1755 962 1867 989 obiicias
1882 961 1943 989 licet
1957 971 2035 998 quarn
2048 965 2122 991 voles
2136 964 2211 997 saepe
2225 961 2362 997 palliatum
2375 960 2462 987 fuine.

284 1009 373 1035 Valer.
389 1008 488 1043 Argon.
504 1016 522 1040 i,
535 1012 574 1039 87.
645 1006 740 1033 Seuera
761 1006 822 1032 Stat.
837 1005 900 1031 Situ.
915 1014 934 1038 i,
947 1007 973 1037 6,
989 1013 1006 1030 1.
1078 1002 1191 1029 Tetrica
1209 1000 1340 1028 Claudia
1399 1002 1505 1028 Palliata
1520 999 1704 1027 mendicabula
1730 1000 1806 1033 Apul.
1821 999 1892 1026 Flor.
1911 1007 1935 1032 9.
2031 999 2113 1026 Iudex
2126 998 2209 1026 modo
2222 998 2360 1033 palliatus,
2378 996 2461 1023 modo
2474 1034 2475 1037 Ἴ

283 1053 324 1080 pr.
339 1043 417 1070 Cons.
434 1043 537 1070 Stilich.
552 1051 574 1075 2,
587 1043 641 1074 Ι1175.
714 1041 845 1068 Tritonia
867 1040 941 1075 Virg.
951 1041 1017 1066 Aen.
1029 1048 1052 1072 5,
1064 1045 1126 1073 704.
1198 1036 1341 1069 Tritonia,
1397 1044 1501 1072 togatus
1521 1036 1701 1071 Cic.Philipp.
1716 1043 1771 1069 ς,14
1787 1043 1839 1068 c.;.
1912 1036 1982 1062 Suet.
1996 1034 2069 1061 Caes.
2083 1041 2154 1067 c.48.
2227 1035 2294 1060 Hinc
2306 1031 2461 1060 comoediae

283 1080 458 1114 armipotens,
478 1078 667 1114 Gorgophora‚
686 1077 777 1111 Pallas,
792 1077 916 1104 Minci-ua
941 1075 1121 1102 Pseudo-Cic.
1133 1079 1273 1108 antequam
1286 1072 1339 1098 iret
1398 1074 1519 1109 palliatae
1555 1071 1680 1100 Diomed.
1699 1082 1713 1105 4
1740 1081 1765 1106 p.
1777 1078 1822 1105 487
1839 1078 1880 1107 pr.
1919 1071 2031 1098 Graecas
2057 1070 2158 1097 fabulas
2175 1070 2208 1097 ab
2227 1069 2321 1097 habitu
2340 1068 2462 1096 Palliatas
2495 1091 2499 1097 ,

283 1116 313 1143 in
327 1116 388 1142 exil.
404 1124 447 1148 24.
645 1111 666 1152 ff
688 1122 703 1139 2
741 1113 880 1148 Obseruatt.
901 1112 992 1144 Pallas,
1009 1119 1055 1146 pro
1068 1112 1144 1142 Oleo,
1163 1112 1230 1145 quod
1241 1109 1340 1149 inuenit
1398 1111 1487 1150 Varro
1502 1109 1539 1135 ait
1552 1108 1697 1135 nominari.
1771 1109 1812 1134 Sic
1826 1107 1970 1141 Andriam,
1991 1105 2166 1139 Eunuchum,
2185 1106 2320 1141 Adelphos
2332 1103 2462 1132 Terentii

284 1152 366 1179 Ouid.
382 1151 467 1178 Trist.
479 1161 503 1184 4,
517 1158 543 1185 ς,
557 1161 570 1183 4
600 1150 636 1176 Vt
649 1149 715 1184 vigil
728 1149 813 1176 infusa
828 1147 929 1175 Pallade
943 1148 1046 1174 flamma
1061 1147 1135 1175 solet.
1243 1146 1339 1178 Pingffl
1353 1149 1381 1172 25
1397 1147 1517 1173 Palliatas
1529 1153 1601 1171 vocat
1614 1145 1743 1171 Donatus.
2034 1179 2039 1185 ι

282 1187 383 1216 Pallade
399 1188 500 1221 tingere
515 1185 643 1219 membra,
668 1188 763 1220 Vngere
775 1187 839 1210 oliuo
865 1184 946 1211 Ouid.
958 1184 1038 1218 Epist.
1054 1192 1090 1217 19,
1103 1191 1151 1216 44.
1260 1179 1340 1215 Vestae
1434 1189 1480 1209 ΡΑ
1492 1188 1508 1207 L
1522 1188 1538 1208 L
1551 1187 1592 1207 10
1602 1201 1610 1213 ‚
1637 1185 1691 1207 are.
1730 1177 1881 1215 [undum]
1917 1178 2065 1215 usurpauit,
2084 1178 2114 1212 fi
2129 1187 2214 1204 verum
2235 1176 2284 1213 est,
2303 1177 2370 1211 quod
2388 1182 2462 1211 negat

281 1224 418 1286 aliqtuando
432 1224 474 1290 ho}-
487 1231 570 1248 nornen
585 1221 664 1249 tribui
675 1222 784 1258 obseruas
797 1221 890 1256 Spanh.
899 1222 935 1247 ad
946 1219 1043 1246 callim.
1059 1226 1084 1255 p.
1099 1224 1154 1252 588.
1190 1217 1256 1252 confi
1275 1218 1339 1244 Pro·
1397 1216 1755 1289 §giga{leuse-iggtesspuleius,
1769 1223 1815 1252 pro
1832 1217 1927 1252 Tegere
1940 1222 1964 1242 et
1977 1215 2074 1241 celare.-
2093 1214 2151 1242 Nec
2167 1213 2284 1249 palliari,
2297 1212 2390 1248 inquit,
2408 1217 2462 1239 tam

281 1268 328 1295 per
341 1279 347 1285 .
367 1269 392 1294 4,
405 1268 430 1293 4,
443 1268 457 1291 4
474 1278 480 1285 .
1644 1273 1650 1279 .

319 1302 334 1322 r
345 1301 367 1322 A
379 1300 396 1322 1.
407 1301 423 1321 L
435 1301 458 1321 A
470 1300 508 1321 D1
518 1299 541 1320 v
551 1299 582 1324 s,
612 1301 644 1327 a,
675 1301 729 1319 um.
767 1291 827 1319 Adi.
864 1292 1033 1327 [Πυλάδης]
1070 1290 1147 1326 Qod
1164 1289 1197 1325 est
1216 1288 1337 1316 Palladis.
1433 1296 1504 1317 FAL
1514 1296 1530 1315 L
1542 1296 1552 1315 1
1565 1287 1610 1316 61.
1623 1295 1661 1322 o,
1687 1292 1742 1315 are.
1778 1289 1854 1315 Idem.
1910 1286 2007 1314 Caecil.
2022 1287 2091 1322 apud
2105 1286 2180 1313 Non.
2195 1295 2219 1320 2,
2234 1288 2296 1319 624.
2332 1284 2382 1310 Sed
2392 1284 2462 1310 Mer.
2502 1321 2507 1328 ἰ

281 1330 364 1358 Ouid.
383 1330 461 1366 Epist.
482 1337 518 1364 17,
539 1338 574 1362 133
605 1329 663 1356 Nec
683 1334 708 1354 te
729 1328 872 1360 Palladios,
894 1337 941 1354 nec
962 1333 986 1354 te
1006 1327 1117 1354 Iunonis
1139 1326 1271 1358 honores,
1292 1331 1337 1350 etc.
1351 1332 1383 1356 30
1396 1336 1446 1353 cer.
1461 1326 1547 1351 aliter.
2290 1357 2296 1363 .

279 1366 355 1395 Idem
368 1366 400 1393 de
411 1367 474 1392 Arte
488 1366 546 1392 Am.
564 1375 587 1398 1,
599 1373 651 1399 727
681 1365 712 1391 Et
725 1369 753 1390 tu
767 1363 894 1390 Palladiae
907 1363 1007 1398 petitur
1020 1363 1063 1389 cui
1078 1363 1149 1388 fama
1161 1370 1294 1393 coronae,
1319 1361 1338 1387 i.
1434 1368 1451 1388 Ρ
1461 1367 1507 1388 AL
1516 1367 1533 1387 L
1542 1367 1552 1386 1
1562 1367 1584 1388 A
1594 1366 1607 1387 s
1619 1366 1667 1387 ΤΚ
1676 1367 1747 1394 νΜ,
1763 1360 1783 1386 i.
1804 1370 1831 1387 n.
1850 1360 2026 1394 [τριβωνίδιον]
2046 1359 2115 1384 Rude
2127 1368 2157 1384 ac
2167 1357 2221 1384 vile
2231 1356 2345 1398 pallium.
2382 1354 2461 1390 Apul.

280 1403 335 1439 Qi
348 1402 473 1428 comendis
493 1403 529 1427 ad
540 1401 626 1427 titulos
639 1409 742 1434 ›nagnae
755 1399 912 1426 eruditionis.
984 1398 1090 1432 Arbor,
1116 1399 1135 1425 i.
1156 1399 1232 1424 Oliua
1254 1396 1300 1423 Sil.
1317 1405 1338 1429 1,
1397 1398 1460 1424 Met.
1476 1407 1484 1423 1
1505 1406 1530 1432 p.
1547 1405 1595 1429 ¹04
1622 1397 1687 1423 Ecce
1702 1396 1836 1423 Socratem
1849 1395 2068 1423 contubernalem
2081 1403 2172 1420 meum
2186 1394 2336 1428 conspicio:
2357 1390 2464 1421 sedebat

280 1444 332 1470 238.
402 1439 493 1468 Arces,
509 1437 621 1463 Athenae
644 1433 725 1462 Ouid.
739 1436 801 1461 Met.
819 1443 842 1468 7,
854 1442 911 1468 399.
1016 1435 1068 1461 Ars
1093 1435 1214 1469 Propere.
1227 1443 1248 1466 3,
1264 1442 1287 1467 7,
1299 1441 1338 1464 42.
1397 1433 1481 1460 scissili
1495 1432 1630 1468 palliastro
1643 1432 1831 1459 semiamiftus.
1873 1432 1930 1458 Vid.
1946 1432 2047 1458 Ferrar.
2061 1432 2091 1456 de
2103 1432 2138 1456 Re
2158 1429 2217 1466 Vefl.
2231 1438 2256 1462 2,
2270 1438 2300 1462 4,
2313 1437 2351 1462 14.
2497 1435 2507 1467 'V

278 1473 393 1506 Latices,
413 1474 512 1498 Oliuum
536 1471 617 1498 Ouid.
630 1473 693 1498 Met.
707 1478 730 1503 8,
744 1478 795 1504 275.
901 1471 975 1505 Opus
1001 1469 1111 1496 Phaedr.
1125 1480 1155 1502 4,
1170 1471 1188 1495 6
1206 1478 1252 1504 quo
1264 1471 1336 1502 Argo
1431 1476 1447 1496 Ρ
1457 1475 1479 1495 Α
1489 1476 1504 1495 L
1515 1476 1531 1495 L
1543 1474 1563 1495 O
1574 1475 1593 1495 R
1603 1488 1611 1501 ‚
1634 1468 1699 1495 oris.
1736 1477 1773 1495 m.
1811 1468 1926 1501 [ω’χςὰς,
1945 1466 2076 1501 ὠχρίασις]
2115 1467 2187 1492 Color
2205 1471 2378 1501 aegrotorum,
2389 1464 2462 1498 firme
2490 1498 2491 1501 Ἴ

278 1509 353 1535 nauis
357 1509 492 1542 fabricata
504 1508 545 1544 est.
628 1506 723 1543 Puppis
732 1527 740 1540 ,
764 1510 836 1542 Argo
865 1505 954 1533 Valer.
968 1506 1069 1541 Argon.
1082 1511 1111 1540 8,
1125 1513 1184 1539 292.
1266 1504 1337 1531 Silua
1353 1511 1378 1534 35
1396 1505 1575 1539 consiliorum,
1596 1506 1773 1539 metuentium,
1794 1514 1806 1530 e
1814 1503 1949 1539 sanguinis
1965 1504 2008 1528 vel
2018 1502 2145 1538 absentia,
2161 1502 2205 1528 vel
2215 1501 2341 1536 paucitate
2354 1500 2399 1540 vel
2409 1509 2462 1541 for-

275 1544 353 1578 Virg.
366 1544 464 1578 Georg.
478 1552 499 1576 2,
515 1549 558 1573 18¹.
1174 1542 1181 1550 “
1394 1541 1518 1576 ruptione.
1596 1540 1664 1566 Plin.
1681 1550 1715 1573 14,
1730 1549 1756 1566 22
1781 1539 1852 1566 Hinc
1866 1539 1970 1574 pallor,
1990 1544 2015 1565 et
2028 1546 2109 1574 genae
2123 1537 2261 1572 pendulae.
2353 1535 2463 1576 811111111-

316 1586 332 1606 P
344 1587 366 1607 A
376 1585 393 1605 1.
406 1586 423 1605 L
432 1586 453 1605 A
462 1585 480 1605 D
491 1587 501 1605 i
512 1585 531 1603 v
542 1585 583 1609 Μ,
616 1578 635 1604 i.
672 1587 698 1605 n.
734 1578 904 1615 [Παλλάδιον]
942 1577 1031 1603 Forma
1060 1576 1238 1608 Diminutiua,
1267 1574 1340 1610 quast
1395 1586 1453 1603 mus
1467 1576 1540 1604 buxo
1553 1576 1641 1611 pallor
1670 1575 1754 1603 Ouid.
1768 1576 1832 1604 Met.
1846 1584 1877 1608 11,
1891 1583 1942 1607 417.
2047 1574 2136 1601 Pallor
2148 1574 2212 1600 anni
2224 1572 2366 1600 continuus
2393 1571 2462 1599 Plin.

273 1617 382 1651 paruula
395 1614 494 1648 Pauus,
505 1615 565 1649 fuit
583 1613 611 1638 in
628 1614 689 1638 vrbe
705 1614 818 1640 Troiana
831 1611 1025 1648 antiquiffimum
1039 1612 1150 1639 Palladis
1163 1612 1335 1645 fimulacrum,
1394 1621 1418 1646 2,
1433 1621 1475 1646 30,
1568 1612 1657 1639 Pallor
1670 1618 1695 1639 et
1709 1612 1813 1638 inuidia
1847 1611 1914 1638 Plin.
1929 1615 1968 1643 28,
1980 1619 2004 1644 9.
2095 1609 2154 1637 Cic.
2167 1610 2252 1637 Tusc.
2266 1619 2289 1642 4,
2302 1617 2329 1642 19
2347 1618 2369 1635 c.
2384 1615 2411 1649 8.
2423 1608 2461 1635 Ex

275 1660 387 1678 mouens
401 1650 502 1684 oculos,
521 1656 600 1685 atque
614 1648 726 1682 hastam,
746 1658 824 1684 quam
838 1658 918 1676 manu
930 1648 1060 1684 gestabat,
1077 1655 1108 1674 vt
1114 1647 1210 1682 scribit
1227 1647 1334 1674 Seruius
1394 1657 1448 1683 quo
1463 1648 1501 1681 fit,
1515 1654 1549 1675 vt.
1558 1647 1688 1684 pudorem
1702 1648 1797 1681 rubor,
1816 1647 1849 1674 fic
1863 1654 1994 1674 terrorem
2007 1646 2103 1681 pallor,
2123 1651 2149 1673 et
2163 1651 2282 1678 tremor,
2301 1651 2327 1672 et
2340 1645 2462 1671 dentium

275 1688 311 1714 ad
320 1688 384 1714 Aen.
398 1695 421 1719 2,
435 1688 487 1713 166.
524 1687 600 1717 Nam,
618 1694 692 1719 quum
704 1686 772 1719 apud
787 1685 888 1711 Troiam
900 1686 927 1711 in
941 1686 1053 1711 honorem
1066 1684 1179 1710 Palladis
1191 1693 1251 1717 arx,
1272 1690 1295 1709 et
1307 1683 1334 1708 in
1344 1694 1379 1718 40
1394 1684 1509 1719 crepitus
1522 1685 1706 1720 consequatur.
1783 1684 1866 1710 Albus
1894 1683 1964 1710 Hor.
1981 1682 2064 1717 Epod.
2080 1691 2107 1718 7,
2120 1691 2152 1714 15.
2238 1681 2374 1707 Exanimis
2400 1681 2462 1707 Stat.

275 1722 327 1748 cius
333 1721 427 1757 summo
441 1723 556 1756 templum
568 1720 606 1746 illi
619 1720 809 1755 aedificaretur,
828 1730 840 1746 e
858 1721 924 1746 caelo
943 1721 1052 1753 desiliit,
1070 1727 1093 1746 et
1111 1721 1187 1761 locum
1198 1719 1249 1752 fibi
1269 1721 1297 1744 in
1310 1728 1335 1744 eo
1393 1720 1485 1747 Theb.
1502 1730 1534 1753 ¹2,
1546 1730 1602 1766 239.
1675 1719 1787 1751 Gelidus
1818 1721 1880 1747 Stat.
1897 1719 1984 1745 Achil.
2000 1728 2019 1752 1,
2035 1724 2083 1752 158.
2155 1716 2272 1758 Ifuridus
2298 1716 2380 1759 Ouid.
2394 1717 2461 1744 Met.

275 1758 363 1792 templo
381 1757 488 1791 delegit,
510 1758 616 1783 nondum
636 1762 746 1790 cooperta
764 1758 833 1782 aede.
870 1762 972 1790 moxque
991 1756 1022 1780 ab
1034 1755 1147 1791 Apolline
1161 1756 1287 1780 redditum
1301 1752 1334 1789 est
1392 1764 1426 1788 4,
1441 1759 1495 1789 267.
1568 1757 1667 1782 Luteus
1700 1757 1768 1783 Hor.
1781 1755 1864 1790 Epod.
1880 1763 1924 1785 10,
1938 1756 1975 1782 16.
2047 1755 2141 1788 Nempe
2160 1763 2187 1778 in
2206 1760 2304 1789 corpore
2316 1751 2462 1788 altas-fusco

275 1793 416 1824 oraculum,
433 1792 484 1818 eius
503 1791 616 1817 ciuitatis
622 1790 741 1822 ficturum
753 1791 857 1816 exitium
867 1811 876 1824 ,
886 1791 917 1823 fi
930 1792 959 1817 id
965 1790 1126 1823 fimulacrum
1144 1797 1219 1816 extra
1238 1790 1334 1815 moenia
1387 1791 1472 1826 flauus
1486 1791 1519 1826 est
1530 1791 1620 1826 pallor,
1636 1791 1707 1817 albus
1719 1791 1748 1816 in
1761 1792 1874 1819 candida.
1911 1790 2026 1817 Tacitus
2046 1790 2128 1816 Ouid.
2140 1789 2205 1816 Fast.
2221 1792 2246 1822 6,
2259 1798 2296 1823 19.
2402 1786 2427 1852 ἕ
2447 1797 2462 1816 2

271 1834 427 1863 portaretur.
464 1828 540 1863 Qud
555 1825 636 1852 Ouid.
650 1825 714 1852 Fast.
729 1828 753 1858 6,
768 1834 816 1857 420
834 1826 867 1861 ‘’st
879 1823 1053 1861 elegantiffime
1062 1824 1232 1861 prosequutus.
1270 1825 1334 1857 Qo
1399 1827 1528 1852 Verborum
1537 1827 1651 1860 formae.-
1687 1827 1787 1860 Magno
1801 1835 1861 1852 cum
1876 1831 1995 1853 tremore
2008 1831 2033 1852 et
2047 1826 2148 1859 pallore
2163 1825 2267 1861 aliquid
2282 1825 2378 1862 Dicere
2427 1825 2460 1852 ic.

276 1862 377 1889 fatftum
398 1862 449 1896 est,
469 1870 498 1889 vt
516 1868 637 1895 tempore
657 1861 719 1887 belli
734 1861 853 1887 Troiani
873 1861 1015 1888 Diomedes
1035 1867 1060 1888 et
1074 1861 1172 1892 Vlysses
1191 1860 1333 1893 cuniculis,
1347 1870 1377 1895 45
1393 1870 1443 1895 pro
1456 1862 1551 1888 Flacco
1569 1871 1591 1888 c.
1605 1872 1628 1894 4.
1731 1862 1803 1895 Figit
1816 1860 1919 1895 gelidus
1939 1862 2026 1896 pallor
2041 1860 2161 1887 Nereida
2193 1862 2255 1888 Stat.
2269 1861 2364 1888 Achill.
2381 1871 2400 1892 1,
2412 1867 2460 1894 158.

274 1898 319 1925 vel
332 1903 362 1925 vt
374 1898 421 1925 alii
434 1898 540 1928 dicunt,
561 1897 657 1923 cloacis
677 1896 842 1923 ascenderint
861 1897 890 1923 in
910 1906 1016 1930 arcem,
1035 1903 1061 1923 et
1080 1896 1170 1923 occisis
1183 1895 1334 1922 custodibus
1392 1897 1475 1932 Fugat
1487 1897 1614 1924 ruborem
1628 1897 1715 1932 pallor
1740 1897 1800 1924 Sen.
1814 1897 1886 1923 Med.
1900 1906 1929 1929 ii,
1943 1906 1964 1929 3.
2037 1895 2126 1923 inficit
2139 1905 2187 1922 ora
2214 1897 2283 1923 Hor.
2297 1897 2380 1932 Epod.
2395 1905 2460 1931 7,1ς.

275 1933 443 1961 fimulacrum
454 1933 619 1960 sustulerint:
640 1932 703 1959 ideo
721 1939 809 1959 autem
825 1933 853 1959 id
864 1933 1002 1968 negotium
1015 1932 1057 1959 his
1072 1932 1231 1968 potissimum
1245 1931 1333 1966 datur,
1391 1932 1496 1960 Notare
1510 1934 1626 1968 aliquem
1641 1933 1743 1968 pallore
1769 1934 1868 1960 Lucan.
1883 1939 1908 1967 8,
1920 1941 1956 1964 55.
2044 1931 2112 1959 Obit
2126 1941 2173 1958 ora
2187 1932 2273 1967 pallor
2295 1933 2378 1960 Ouid.
2393 1935 2460 1960 Met.

274 1970 338 2004 quia
351 1969 465 1996 cultores
478 1969 587 1995 fuerunt
600 1968 746 1995 Mineruae.
809 1969 916 1995 Seruius
929 1970 987 1995 haec
999 1976 1023 1994 et
1037 1969 1108 2003 longe
1117 1969 1194 2004 plura
1207 1969 1242 1993 ad
1256 1968 1332 2002 Virg.
1393 1978 1425 2004 ii,
1438 1975 1486 2002 418·
1576 1970 1693 2003 Occupat
1705 1977 1753 1995 ora
1784 1969 1860 2003 Virg.
1874 1969 1941 1996 Aen.
1955 1977 1983 2002 4,
1997 1977 2059 2001 499.
2154 1968 2274 1995 Tinc‘tus
2287 1968 2361 1995 viola
2373 1970 2461 2004 pallor

274 2008 341 2032 Aen.
356 2014 378 2038 2,
393 2008 435 2031 162
461 2005 556 2032 Omnis
569 2005 624 2038 spes
635 2004 766 2035 Danaum,
785 2011 829 2030 etr.
847 2012 872 2030 et
883 2005 937 2030 alia
949 2005 1008 2029 aliis
1021 2004 1095 2031 locis:
1132 2005 1220 2029 Romae
1234 2004 1260 2028 iu
1274 2011 1332 2029 tem-
1390 2005 1539 2032 amantium
1570 2006 1638 2032 Hor.
1655 2005 1744 2031 Carm.
1759 2016 1780 2040 3,
1795 2014 1832 2038 io,
1846 2013 1886 2039 14.
1978 2005 2084 2031 Lucret.
2099 2014 2123 2035 4,
2137 2013 2175 2037 337
2200 2005 2276 2037 Qiae
2289 2011 2400 2038 contage
2413 2005 2459 2032 sua

267 2041 313 2075 plo
332 2039 414 2075 Vestae
424 2040 572 2075 affin-uatum
583 2039 624 2073 est,
641 2046 672 2064 vt
680 2039 771 2073 pignus
784 2039 892 2073 imperii.
929 2040 1027 2065 Lucan.
1040 2048 1068 2072 9,
1081 2048 1139 2072 994.
1177 2039 1237 2065 Liu.
1252 2047 1275 2071 ς,
1288 2047 1329 2065 22.
1342 2050 1375 2072 50
1390 2040 1536 2075 palloribus
1551 2041 1644 2067 omnia
1659 2041 1782 2075 pingunt.
1984 2038 2006 2077 ff
2035 2050 2046 2073 3
2101 2039 2263 2071 Pallorfitus
2275 2037 2321 2073 est,
2338 2040 2428 2066 vitium
2438 2049 2457 2066 a

271 2075 317 2103 Sil.
332 2084 363 2108 13,
375 2084 404 2107 47
431 2082 455 2100 et
469 2075 505 2100 ibi
517 2072 643 2100 Drakenb.
716 2073 853 2100 Arnobius
874 2074 890 2099 l.
904 2082 922 2106 4
943 2074 1026 2100 tradit
1045 2075 1168 2100 Gentiles
1185 2074 1253 2107 ipsos
1269 2083 1331 2108 pro·
1389 2076 1473 2109 quiete
1486 2077 1514 2100 in
1526 2076 1586 2101 locis
1600 2076 1710 2101 humidis
1725 2075 1885 2102 contraditam.
1959 2075 2004 2103 Ne
2017 2074 2146 2111 pallorem
2154 2073 2261 2100 Trahit
2275 2082 2328 2108 vas,
2343 2075 2393 2102 alte
2404 2075 2453 2101 sus-

272 2110 364 2138 didiffe
384 2109 530 2137 Palladium
552 2108 719 2144 compatfhnn
739 2109 788 2135 effe
807 2118 839 2135 ex
859 2109 964 2144 Pelopis
985 2108 1123 2142 reliquiis3
1153 2108 1205 2134 hoc
1226 2109 1279 2141 est,
1297 2116 1330 2134 ex
1389 2110 1516 2143 penditur
1541 2110 1647 2137 Colum.
1663 2119 1696 2142 12,
1708 2118 1748 2144 4¹,
1761 2119 1789 2143 4.
1826 2110 1943 2142 Lfitum.
2026 2111 2101 2138 Idem
2115 2119 2150 2142 12,
2164 2119 2206 2141 50,
2220 2111 2246 2136 16
2273 2109 2367 2137 Siccata
2379 2109 2452 2137 dolia

270 2146 365 2173 ombus
380 2146 483 2180 Pelopis
497 2155 511 2172 a
525 2144 617 2177 Scytha
637 2145 751 2179 quodam
766 2145 923 2171 fabricatum
938 2151 964 2171 et
979 2144 1113 2171 Troianis
1124 2144 1278 2177 venditum,
1299 2151 1329 2169 'vt
1389 2145 1560 2179 suffumigare
1572 2145 1631 2172 alba
1646 2153 1716 2179 cera,
1733 2154 1767 2171 ne
1784 2144 1914 2180 pallorem
1928 2146 2041 2180 capiant.
2131 2147 2163 2172 Et
2187 2154 2221 2178 12,
2234 2155 2270 2178 55,
2285 2155 2294 2172 1
2318 2148 2347 2172 de
2355 2146 2452 2182 finapi‚

269 2183 451 2217 interpretatur
469 2182 518 2208 Iul.
533 2181 641 2208 Firmic.
656 2181 688 2207 de
701 2182 792 2208 Error.
807 2181 878 2207 Prof.
895 2181 951 2209 Rel.
972 2189 997 2215 p.
1012 2189 1034 2213 31
1056 2180 1097 2207 ed.
1111 2180 1187 2216 Oisel.
1229 2181 1285 2206 Vid.
1306 2186 1330 2204 et
1391 2181 1426 2207 Vt
1441 2189 1549 2207 omnem
1563 2180 1770 2207 amaritudinem
1787 2186 1813 2207 et
1827 2180 1956 2215 pallorem
1971 2183 2097 2209 exsaniet.
2170 2182 2279 2209 Vitruu.
2292 2183 2319 2216 6,
2331 2188 2349 2216 7
2374 2183 2402 2208 de
2412 2188 2456 2216 po-

269 2219 360 2246 Barth.
373 2217 481 2253 Atlans.
503 2219 547 2249 60,
560 2225 585 2243 2.
625 2217 766 2250 Tomafinus
785 2220 814 2243 de
828 2218 949 2243 Donariis
963 2223 990 2251 p.
1004 2225 1030 2249 33
1055 2216 1181 2252 obseruas,
1198 2216 1329 2242 innumera
1346 2223 1374 2246 55
1382 2216 1473 2249 fitione
1485 2216 1657 2250 bibliothecae,
1695 2216 1776 2244 'Venti
1796 2217 1967 2244 infundentes
1987 2217 2113 2245 humidos
2129 2217 2238 2253 spiritus
2251 2217 2390 2245 volumina
2403 2216 2456 2252 pal.

269 2263 302 2279 ex
315 2254 383 2288 ligno
404 2256 432 2278 in
449 2254 510 2279 vrbe
523 2251 638 2280 Palladia
652 2253 746 2287 fuiffe:
783 2253 840 2279 Cic.
863 2262 912 2287 pro
933 2253 1030 2279 Milon.
1051 2261 1075 2285 33
1108 2251 1212 2278 Exhibe
1232 2251 1328 2286 quaeso
1389 2252 1457 2285 lore,
1478 2259 1662 2288 corrumpunt.
1735 2253 1818 2279 Etiam
1830 2253 1955 2280 Infernae
1968 2253 2062 2281 domus
2076 2253 2163 2288 pallor
2183 2255 2250 2289 apud
2262 2254 2360 2282 Lucan.
2373 2262 2397 2288 5,
2408 2255 2455 2284 628

269 2290 345 2316 Sexte
358 2288 437 2315 Clodi
450 2288 590 2315 librarium
605 2288 671 2315 illud
685 2289 773 2323 legum
788 2289 942 2322 vestrarum,
962 2288 1034 2322 quod
1049 2294 1074 2315 te
1089 2287 1164 2314 aiunt
1177 2287 1300 2322 eripuisse
1314 2295 1329 2313 e
1387 2289 1456 2314 nihil
1467 2289 1543 2315 aliud
1553 2288 1586 2324 est
1597 2298 1670 2323 quam
1687 2290 1755 2323 apud
1783 2288 1860 2323 Virg.
1874 2289 1938 2315 Aen.
1951 2291 1976 2323 6,
1990 2291 2040 2323 462
2076 2290 2148 2316 Loca
2166 2291 2235 2316 senta
2255 2289 2309 2317 fita.
2401 2289 2454 2316 Lu-

269 2325 368 2357 domo,
386 2331 456 2351 etex
470 2324 565 2351 mediis
579 2324 676 2358 armiS,
695 2324 824 2360 turbaque
844 2325 976 2351 nocturna
990 2331 1114 2359 tanquam
1131 2324 1274 2351 Palladium
1290 2324 1329 2350 su·
1389 2333 1446 2352 can.
1465 2333 1492 2357 3,
1514 2334 1564 2358 4¹4
1599 2325 1655 2359 Ipse
1676 2324 1755 2358 situs,
1780 2325 1906 2360 putrique
1924 2324 1989 2351 facit
2008 2325 2063 2352 iam
2083 2324 2185 2351 robore
2202 2324 2291 2359 pallor
2310 2325 2456 2353 Attonitos.

268 2360 373 2388 stulisse.
464 2360 580 2387 Caeleste
609 2360 653 2387 Sil.
668 2370 699 2393 ¹3
713 2370 752 2391 50.
847 2361 927 2387 Furta
942 2360 1049 2386 Palladii
1074 2360 1152 2394 Virg.
1163 2361 1228 2386 Aen.
1242 2369 1268 2393 9,
1283 2367 1327 2390 151.
1388 2362 1466 2398 Qud
1482 2361 1564 2396 igitur
1584 2361 1716 2388 Pallorem
1729 2371 1745 2386 a
1757 2361 1872 2387 librariis
1885 2361 1947 2387 male
1958 2361 2035 2397 poni,
2053 2367 2098 2396 pro
2112 2360 2235 2395 squalore
2253 2362 2312 2387 vult
2323 2363 2409 2388 Burni.
2422 2360 2462 2388 ad

267 2396 324 2423 Cic.
340 2395 405 2424 Phil.
419 2404 449 2427 11,
462 2405 490 2428 ²4
510 2405 530 2422 c.
549 2405 576 2422 10
603 2396 716 2422 Reddite
730 2397 803 2430 prius
817 2397 895 2424 nobis
910 2396 1036 2430 Brutum,
1056 2396 1146 2422 lumen
1162 2402 1187 2422 et
1200 2396 1277 2422 decus
1293 2395 1329 2422 ci·
1339 2397 1375 2424 60
1388 2396 1521 2431 Qiinffil.
1536 2397 1609 2427 Decl.
1623 2406 1647 2430 5,
1662 2406 1686 2431 19
1705 2406 1731 2432 p.
1744 2405 1789 2423 122
1812 2405 1841 2423 ea
1855 2399 1884 2422 in
1898 2405 1926 2422 re
1939 2396 2068 2430 Heinstum
2084 2405 2132 2422 non
2152 2396 2227 2422 nimis
2235 2397 2339 2430 prouida
2353 2398 2456 2424 videtur

267 2431 372 2458 vitatis:
392 2431 439 2465 qui
455 2431 489 2458 ita
504 2431 697 2458 conseruandus
717 2432 769 2463 est,
790 2439 818 2459 vt
835 2432 864 2459 id
884 2432 1002 2468 lignum,
1021 2431 1094 2467 quod
1112 2432 1145 2458 de
1167 2432 1240 2459 caelo
1259 2431 1329 2459 dela·
1381 2432 1495 2470 securim
1518 2433 1582 2468 quod
1595 2434 1728 2466 enimam,
1748 2442 1811 2467 quae
1822 2433 1858 2459 ad
1874 2432 2007 2466 (Quinctil.
2022 2441 2043 2467 1,
2058 2441 2081 2465 2,
2094 2437 2118 2462 18
2145 2431 2258 2467 disputat
2271 2431 2408 2466 Gesnerus,
2428 2439 2454 2459 et

2511 1818 2517 2067 1

2475 2378 2495 2442 l

268 2468 342 2503 psum
358 2467 449 2493 Vestae
463 2467 587 2494 custodiis
601 2468 761 2494 continetur.
1387 2469 1436 2501 hic,
1447 2469 1551 2504 itemque
1564 2469 1593 2496 in
1608 2476 1738 2497 PALLEO
1751 2474 1777 2496 et
1789 2474 1954 2496 PALLESCO
1970 2477 1985 2495 a
1997 2468 2077 2495 nobis
2092 2468 2256 2494 referuntur.
2305 2467 2391 2504 Postea
2403 2467 2456 2504 ipse
2507 2491 2509 2498 ,

304 2510 318 2529 P
328 2511 349 2530 A
361 2509 377 2528 L
388 2510 405 2529 L
415 2510 431 2529 Ε
441 2511 463 2530 N
477 2511 494 2531 E
507 2524 516 2537 ,
541 2513 577 2530 τε.
614 2504 633 2530 f.
669 2504 816 2537 [Παλλήνη]
855 2504 929 2539 Regio
942 2504 974 2540 est
990 2504 1017 2529 in
1030 2505 1144 2530 litoribus
1158 2505 1328 2531 Macedoniae.
1388 2506 1545 2531 Burmannus
1563 2506 1660 2533 Lucan.
1676 2515 1697 2538 3,
1712 2514 1754 2538 414
1774 2504 2034 2538 Palloremuefl‘ndit
2048 2514 2064 2530 a
2076 2503 2215 2539 Squallore
2231 2503 2325 2530 Cot-eiii
2342 2511 2368 2530 et
2382 2506 2419 2530 ad
2428 2512 2453 2539 ς,

267 2538 344 2573 Virg.
362 2539 460 2575 Georg.
481 2550 509 2571 4,
528 2549 578 2572 590
608 2539 660 2566 Hic
681 2549 750 2566 nunc
771 2539 906 2566 Emathiae
925 2547 1033 2575 portus,
1054 2540 1221 2575 patriamque
1238 2540 1329 2567 reuisit
1388 2544 1438 2570 628
1459 2550 1573 2569 canonem
1592 2541 1730 2577 constituit,
1750 2541 1882 2568 Pallorem
1899 2540 1999 2576 proprie
2013 2540 2060 2575 effi
2077 2540 2104 2565 in
2116 2539 2205 2566 coloris
2216 2539 2349 2565 mutatione
2364 2539 2453 2573 astru,

268 2574 409 2603 Pallenem.
480 2575 538 2602 Alta
552 2575 656 2602 Pallene
677 2576 976 2611 Senec.Hei·c.fur.978.
1047 2575 1224 2611 Hyperborea
1245 2575 1328 2604 Ouid.
1343 2580 1373 2610 65
1387 2577 1554 2610 Squallorem
1566 2577 1709 2613 asor-dibus
1727 2577 1843 2604 indums.
1916 2577 1966 2603 Sed
1982 2576 2034 2613 ipse
2045 2575 2144 2602 dubium
2159 2574 2296 2610 relinquit,
2314 2583 2350 2606 οη,
2353 2574 2452 2612 semper

267 2610 332 2640 Μὲΐ.
348 2619 380 2644 ¹5,
394 2619 443 2643 3⁵7·
1386 2612 1454 2639 illum
1467 2614 1510 2639 vel
1522 2614 1647 2646 aut‘iores,
1667 2614 1712 2639 vel
1721 2613 1827 2640 librarii
1840 2620 1906 2639 certe
1918 2611 2115 2646 obseruauerint.
2213 2630 2216 2632 —

303 2653 319 2672 P
331 2653 353 2673 A
365 2653 381 2672 L
390 2653 406 2672 L
415 2653 431 2673 Ε
442 2654 464 2673 N
474 2653 494 2673 A
507 2654 524 2673 Ε
535 2653 554 2673 ν
564 2653 577 2674 s
585 2670 593 2682 ‚
618 2656 631 2673 a
640 2665 648 2677 ,
667 2656 721 2674 um.
760 2647 818 2674 Adi.
857 2649 1042 2684 [Πιλληναῖος]
1079 2647 1231 2683 Triumphi
1246 2648 1327 2675 Palle-
1423 2656 1438 2675 Ρ
1447 2656 1469 2677 Α
1478 2656 1495 2676 L
1507 2655 1524 2675 L
1534 2655 1554 2676 0
1562 2657 1581 2677 R
1590 2670 1598 2683 ‚
1617 2651 1685 2676 Deus
1698 2650 1736 2676 ita
1748 2649 1837 2682 diffsus,
1857 2659 1873 2675 a
1883 2647 1951 2675 Tullo
1965 2647 2068 2683 Hcfiilio
2082 2647 2170 2682 templo
2180 2648 2294 2674 donatus.
2323 2645 2384 2673 Liu.
2396 2655 2416 2681 ι,
2423 2654 2448 2680 7.

265 2682 335 2717 naci,
355 2682 480 2717 Apollinis
493 2692 580 2709 comm
596 2685 716 2717 Gigantes
731 2684 757 2708 in
771 2686 851 2715 Agris
866 2685 1012 2720 Phlegraeis
1037 2685 1099 2712 Stat.
1113 2684 1178 2711 Silu.
1192 2694 1215 2717 4,
1230 2692 1253 2717 2,
1269 2687 1307 2714 56.
1386 2685 1453 2718 conf]
1475 2685 1592 2712 Laetam.
1606 2695 1625 2720 i,
1638 2694 1678 2713 20.
1716 2693 1740 2711 et
1754 2684 1885 2720 Dempster
1896 2684 1923 2709 in
1936 2683 2017 2716 Rofin.
2031 2685 2095 2709 Am-
2107 2690 2134 2718 P·
2149 2692 2186 2715 72·
2418 2702 2419 2705 ¹

301 2726 316 2745 Ρ
326 2725 347 2745 A
356 2725 372 2744 L
384 2724 401 2744 L
410 2726 427 2745 Ε
440 2726 462 2745 Ν
475 2726 491 2745 E
504 2726 526 2745 N
540 2726 553 2746 s
566 2727 575 2746 1
587 2726 601 2747 s
623 2719 750 2752 Isthmus,
770 2719 945 2748 Macedoniae
958 2721 1049 2756 regio,
1071 2722 1099 2748 in
1113 2729 1163 2755 qua
1177 2720 1213 2749 est
1225 2721 1326 2748 Cafl'an-
1426 2727 1443 2748 Ρ
1458 2728 1480 2749 A
1492 2729 1509 2748 L
1519 2728 1536 2747 L
1545 2720 1559 2748 1⁹
1568 2728 1587 2748 D
1597 2727 1619 2747 v
1634 2727 1648 2748 s
1659 2740 1668 2753 ,
1699 2729 1714 2747 a
1723 2740 1731 2753 ,
1760 2729 1813 2746 um.
1853 2719 1913 2746 Adi.
1952 2718 2076 2753 [alxqioec,
2105 2718 2203 2754 ὠχρὸς]
2240 2718 2356 2746 Pallidus
2375 2718 2451 2746 colot

265 2753 322 2780 dria
336 2754 443 2781 colonia
469 2755 534 2782 Plin.
548 2766 578 2789 4,
594 2765 632 2782 io.
1339 2767 1372 2792 70
1387 2757 1453 2784 Plin.
1468 2765 1507 2787 ιο,
1522 2766 1553 2789 33.
1626 2756 1737 2783 Aconita
1751 2754 1858 2791 pallida,
1871 2764 1933 2789 quae
1945 2762 2046 2781 mortem
2060 2762 2085 2780 et
2094 2754 2210 2790 pallorem
2222 2755 2354 2788 adferunt.
2395 2754 2452 2781 Vid.
2498 2761 2508 2784 ¹.

298 2796 314 2816 r
323 2796 344 2816 A
354 2797 370 2817 L
380 2796 396 2816 L
409 2796 426 2816 E
439 2797 459 2817 ο
469 2813 477 2825 ,
503 2791 557 2818 vid.
579 2798 594 2818 P
606 2798 626 2817 A
640 2798 656 2817 L
669 2798 684 2817 L
695 2798 715 2819 o
727 2799 755 2819 a.
1387 2799 1410 2818 A
1419 2798 1436 2819 c
1449 2800 1468 2820 o
1478 2799 1501 2818 N
1512 2799 1522 2818 1
1532 2799 1556 2819 Τ
1568 2798 1591 2818 ν
1604 2798 1643 2818 Μ.
1715 2792 1822 2818 Aurora
1840 2791 1916 2825 Virg.
1926 2790 2025 2824 Georg.
2039 2799 2058 2823 1,
2070 2792 2116 2822 446
2138 2791 2273 2824 grandinis
2282 2789 2450 2827 praesagium.
2467 2796 2470 2801 ·
2496 2803 2500 2823 1

301 2832 346 2851 ΡΑ
357 2833 397 2851 LL
408 2835 416 2853 1
427 2833 447 2852 v
457 2835 497 2859 M,
530 2827 549 2854 i.
587 2838 613 2855 n.
652 2828 781 2862 [mamm
808 2825 945 2861 τριβώνιον]
983 2827 1084 2853 Diuum
1107 2834 1230 2862 putatur,
1262 2829 1328 2862 quod
1387 2828 1511 2862 Corpora
1542 2826 1625 2854 Ouid.
1642 2827 1707 2853 Met.
1723 2836 1755 2859 15,
1769 2829 1824 2860 627.
1934 2827 2043 2853 Cortice
2060 2819 2160 2861 pallido
2176 2826 2260 2853 arbor
2291 2825 2359 2854 Plin.
2372 2835 2413 2859 12,
2425 2833 2451 2861 7.

265 2861 392 2896 palanistt
406 2870 429 2888 et
437 2864 521 2896 foris:
536 2863 583 2898 sub
596 2874 621 2890 eo
634 2867 699 2889 enim
714 2863 982 2899 Tunicafimiebntur,
1000 2864 1071 2898 longe
1084 2864 1184 2899 lateque
1195 2863 1326 2898 diffusum,
1386 2863 1494 2890 Folium
1513 2863 1600 2890 Senec.
1614 2862 1725 2897 Hippol.
1740 2864 1757 2890 s.
1772 2865 1796 2891 6.
1868 2862 1980 2898 Frigora
1999 2863 2063 2890 Stat.
2072 2863 2167 2896 Silu.5,
2177 2871 2197 2896 1,
2209 2868 2256 2893 ¹28·
2328 2861 2450 2892 Membra

265 2904 290 2923 et
310 2897 390 2928 viris,
421 2900 609 2934 mulieribusque
635 2900 787 2925 conueniens.
859 2900 964 2932 Proprie
988 2906 1069 2924 autem
1090 2900 1201 2924 Graecus
1220 2899 1325 2925 habitus.
1385 2898 1527 2932 pallidiora
1540 2907 1609 2925 1101Ιό
1623 2907 1682 2926 cera
1709 2898 1791 2926 Ouid.
1806 2907 1838 2925 ex
1853 2899 1927 2925 Pont.
1941 2908 1960 2930 1,
1974 2909 2010 2933 10,
2024 2904 2060 2930 28.
2104 2900 2161 2926 Vid.
2176 2908 2237 2934 quae
2250 2900 2281 2926 de
2294 2897 2382 2926 Luteo
2396 2897 2450 2926 Pel·

268 2934 338 2958 Vnde
352 2932 453 2959 Palliati
467 2935 560 2961 Gracci
578 2936 641 2961 elifii
653 2936 728 2970 sunt,
749 2943 771 2961 et
786 2934 950 2962 Comoediae
970 2934 1105 2970 palliatae,
1122 2943 1190 2969 quae
1210 2935 1268 2961 sunt
1288 2935 1324 2960 se·
1341 2941 1369 2966 75
1385 2935 1444 2961 lore
1455 2936 1523 2960 modo
1535 2934 1652 2961 diximus.
1716 2933 1718 2937 ⁴
1740 2936 1842 2962 Mulier
1873 2935 1968 2963 Horat.
1983 2936 2065 2964 Serm.
2080 2945 2105 2969 1,
2124 2945 2152 2967 2,
2167 2944 2216 2967 129.
2308 2935 2363 2962 Ora
2376 2935 2462 2964 buxo.
2494 2959 2495 2972 ἶ

265 2967 382 2994 cundum
395 2969 461 2995 ritus
476 2976 500 2996 ct
515 2970 618 2998 habitus
632 2971 773 2999 hominum
787 2971 957 3006 palliatorum
971 2971 1144 2997 Graecorum.
1205 2970 1326 2997 Auum-es
1384 2969 1529 3005 pallidiora
1540 2979 1633 3005 gerere
1663 2971 1744 2999 Ouid.
1758 2972 1824 2999 Met.
1839 2982 1862 3005 4,
1879 2982 1925 3005 ¹34·
2019 2971 2102 2999 Orbis
2118 2971 2221 2999 Phoebi
2235 2970 2348 3005 pallidus
2376 2970 2450 2998 Idem

265 3004 383 3030 Donatus
402 3012 426 3030 et
440 3005 583 3045 Diomedes
599 3017 612 3039 4
632 3017 657 3042 p.
671 3014 727 3040 4537.
801 3008 870 3033 Suet.
886 3007 914 3033 in
926 3007 993 3041 Aug.
1013 3016 1034 3033 c.
1049 3013 1080 3039 98
1097 3016 1123 3033 n.
1137 3016 1150 3038 5
1174 3007 1222 3034 Sed
1242 3013 1325 3033 caete·
1385 3007 1462 3034 Rem.
1475 3007 1566 3033 Amor.
1584 3010 1639 3036 236.
1732 3008 1810 3043 Piper
1826 3007 1952 3043 pallidum
1985 3008 2054 3036 Plin.
2070 3017 2109 3041 12,
2123 3018 2144 3041 7.
2235 3007 2324 3042 Regio
2342 3006 2450 3042 pallida,

265 3049 310 3066 ros
326 3040 468 3066 continuos
487 3040 542 3067 dics
558 3049 627 3068 inter
646 3044 719 3070 varia
739 3043 905 3075 munuscula,
925 3049 999 3078 togas
1014 3043 1138 3078 insuper,
1155 3049 1180 3069 et
1195 3042 1272 3077 pallia
1287 3042 1325 3069 di-
1385 3043 1506 3077 Infernas
1527 3042 1619 3069 Claud.
1633 3043 1664 3069 de
1678 3044 1751 3079 Rape
1761 3045 1914 3079 Proserp.2‚
1928 3046 1978 3076 326.
2021 3046 2079 3071 Vid.
2102 3049 2244 3072 PALLOR
2265 3052 2291 3069 n.
2306 3052 2327 3070 2.
2396 3043 2459 3070 Sta·.

264 3075 389 3109 stribuit,
409 3076 465 3111 lege
485 3077 632 3111 proposita,
652 3084 679 3104 vt
699 3079 814 3105 Romani
832 3079 951 3112 Gracco,
972 3079 1068 3106 Graeci
1088 3079 1211 3106 Romano
1231 3078 1324 3105 habitu
1384 3084 1429 3105 tua
1443 3079 1562 3105 inaurata
1579 3078 1705 3114 pallidior
1737 3080 1834 3108 Catuli.
1847 3082 1882 3107 :ul
1894 3081 2051 3109 quencium
2074 3081 2092 3108 s.
2105 3088 2149 3116 79,
2164 3090 2186 3112 4.
2260 3079 2353 3106 Stellae
2373 3077 2475 3115 palli-v,¹
2492 3101 2494 3106 .

263 3117 411 3139 vterentur.
493 3112 604 3139 Pallium
616 3123 707 3148 quoque
721 3122 775 3138 erat
789 3115 987 3149 philosophorum.
1061 3116 1130 3142 Gell.
1148 3124 1174 3148 9,
1187 3124 1199 3141 2
1225 3115 1324 3148 Video,
1338 3126 1371 3151 30
1384 3115 1498 3142 diffimae
1523 3115 1589 3141 Plin.
1605 3125 1627 3147 2,
1642 3125 1676 3145 ες.
1876 3114 1897 3155 ff
1925 3126 1938 3143 2
1990 3119 2021 3143 Vt
2041 3116 2213 3149 Pallorſstum
2227 3121 2300 3142 notat
2311 3116 2452 3146 interdum..
2482 3125 2485 3133 ·

264 3147 352 3181 inquit
371 3147 508 3182 Herodes,
532 3149 642 3176 barbam
669 3156 695 3175 et
722 3149 848 3183 pallium,
876 3150 1064 3186 philosophum
1092 3150 1212 3178 nondum
1234 3151 1324 3179 video.
1383 3151 1421 3177 ita
1435 3150 1549 3178 Pallidus
1562 3150 1653 3185 estfitu
1667 3159 1810 3187 corruptus,
1830 3156 1896 3187 quoti
1908 3153 1967 3179 inde
1977 3153 2051 3187 firte
2064 3153 2187 3187 originem
2200 3152 2289 3184 babet,
2311 3151 2371 3185 quia
2384 3151 2449 3177 color

265 3183 362 3217 Pallia,
381 3184 448 3209 inter
468 3186 602 3211 communia
620 3184 764 3220 vestimenta
782 3192 982 3212 annumerantur
996 3187 1112 3220 leiano
1121 3208 1128 3217 ,
1149 3197 1211 3221 quae
1225 3187 1325 3221 promi-
1385 3187 1499 3213 viuidior
1505 3187 1636 3220 siu-‘litum
1647 3190 1814 3222 quorundam,
1831 3196 1876 3214 aut
1886 3190 1998 3215 aliarum
2010 3197 2108 3220 rerum,
2120 3188 2175 3221 situ
2190 3188 2368 3221 corrumpitur,
2385 3195 2448 3213 eum-
2461 3194 2464 3198 ·

264 3219 327 3259 scua-
340 3218 459 3259 appellat:
481 3220 522 3246 vti
537 3221 649 3247 Tiberius
667 3222 737 3256 apud
751 3219 844 3246 Tacit.
859 3221 924 3248 Ann.
939 3231 959 3256 3,
974 3232 999 3254 ς3
1026 3223 1191 3249 Promiscuas
1212 3223 1279 3250 viris
1298 3229 1325 3249 ct
1385 3231 1431 3258 que
1441 3222 1535 3258 prodit.
1587 3225 1643 3249 Huc
1656 3224 1739 3257 refiro
1758 3225 1952 3252 Varron.R.R.
1966 3225 2026 3258 1‚67
2046 3223 2181 3251 Vetustate
2195 3221 2259 3249 ficus
2272 3221 2301 3249 fit
2313 3222 2439 3256 pallidior

265 3254 371 3281 feminis
386 3255 468 3282 velles
482 3257 646 3290 reprehendit.
755 3255 843 3282 Palliis
856 3257 930 3282 ctiam
942 3259 969 3283 in
981 3259 1040 3284 let‘io
1053 3259 1198 3292 utebantur,
1217 3267 1246 3285 vt
1258 3259 1324 3294 veste
1384 3258 1498 3293 palmula
1511 3258 1651 3292 carinum,
1673 3269 1725 3286 nux
1740 3260 1851 3288 aridior.
1924 3260 1969 3286 Sil.
1985 3269 2017 3292 12,
2030 3268 2068 3291 373
2094 3261 2124 3284 de
2139 3258 2262 3284 Sardinia
2274 3258 2376 3293 Insula,
2398 3258 2428 3292 Se

258 3289 381 3329 stragula.
456 3291 638 3320 Ouid.Amor.
654 3302 672 3325 i,
689 3300 714 3325 2,
729 3300 744 3318 2
764 3292 804 3318 Mi
818 3290 884 3317 dura
897 3291 1022 3320 videntur
1037 3295 1128 3327 Strata,
1148 3304 1196 3321 nec
1210 3295 1239 3322 in
1253 3295 1323 3322 lecto
1339 3305 1369 3336 35
1383 3294 1465 3321 tristis
1481 3294 1564 3328 caelo,
1586 3301 1610 3321 et
1623 3296 1736 3322 multum
1752 3296 1843 3324 vitiata
1858 3295 1952 3331 palude
1970 3311 2015 3315 —
2029 3295 2178 3329 pallidaque
2191 3294 2263 3320 intus
2271 3294 2343 3321 Arna
2355 3293 2448 3328 coquit
2482 3319 2484 3321 .

267 3325 344 3359 pallia
363 3326 449 3352 nostra
468 3327 565 3354 sedent.
621 3330 691 3355 ΑΜ.
717 3328 789 3355 Ideni
808 3326 875 3354 ibid.
890 3336 907 3360 1,
920 3338 944 3363 4,
958 3338 998 3359 50.
1087 3331 1205 3357 quenal.
1219 3334 1244 3364 6,
1258 3340 1294 3363 23,
1308 3333 1323 3358 6
1383 3331 1507 3358 nimium.
1579 3332 1668 3358 Mutat
1682 3333 1780 3366 quidem
1795 3333 1906 3365 Heinsius
1919 3333 1946 3356 in
1960 3331 2100 3366 Squalida,
2116 3331 2164 3367 sed
2179 3338 2267 3357 contra
2281 3331 2359 3364 fidem
2373 3330 2447 3356 libro·
2500 3335 2501 3338 ’

268 3360 436 3395 Onerosaque
453 3363 530 3396 pallia
550 3364 644 3396 iaetat,
661 3364 742 3399 gestus
761 3363 923 3397 aegrotantis.
997 3365 1037 3389 Sic
1057 3366 1184 3392 Catullus
1198 3369 1233 3392 ad
1251 3367 1323 3401 Iphi-
1382 3375 1445 3394 rum.
1516 3366 1592 3393 Alias
1605 3368 1663 3393 hacc
1674 3370 1721 3393 cluo
1736 3368 1836 3393 nomina
1849 3368 1980 3402 confundi,
1998 3377 2045 3394 non
2060 3367 2213 3403 negauerim.
2255 3367 2312 3393 Vid.
2332 3371 2446 3403 SQVA-
2474 3363 2500 3400 '¹3

267 3394 391 3427 stilliana,
417 3397 486 3424 Nam
506 3401 613 3434 pransiis
636 3400 710 3426 iaceo
731 3406 757 3425 et
772 3401 856 3432 satur,
877 3399 984 3434 supinus
999 3400 1133 3426 Pertundo
1154 3402 1323 3437 tunicamque
1383 3408 1512 3429 LIDVS.

267 3430 436 3464 palliumque.
543 3436 661 3462 Tertull.
674 3435 706 3462 dc
720 3436 803 3462 Pallio
822 3445 843 3462 c.
859 3445 871 3465 5
884 3442 926 3471 pr.
946 3437 1018 3463 Haec
1032 3436 1162 3463 nimirum
1178 3437 1322 3472 indignitas
1418 3444 1515 3466 PALL
1529 3444 1539 3464 1
1550 3443 1569 3463 D
1579 3434 1600 3464 v⁰
1610 3445 1624 3463 L
1634 3446 1655 3466 v
1666 3445 1680 3465 8
1691 3457 1699 3470 ‚
1729 3448 1760 3471 a,
1786 3447 1841 3465 um.
1878 3438 1939 3465 Adi.
1964 3438 2066 3466 Dimin.
2103 3437 2260 3475 [ὑπ-ὄχθους]
2299 3437 2396 3465 Catull.
2410 3437 2446 3464 ad
2486 3428 2487 3438 ¹

268 3472 319 3491 erit
333 3472 419 3506 altoga
434 3467 463 3493 ad
479 3470 601 3502 pallium,
636 3473 653 3497 i.
668 3472 700 3497 ab
713 3473 798 3497 habitu
813 3473 918 3497 Romano
931 3479 954 3497 et
961 3472 1109 3505 fiarenli'ad
1121 3474 1250 3506 Grae-sum,
1268 3476 1322 3509 phi.
1336 3488 1370 3513 90
1383 3475 1504 3501 Ortalum
1518 3475 1546 3505 63
1571 3476 1639 3506 (66)
1659 3477 1676 3501 6
1706 3474 1864 3501 Pallidulum
1878 3484 1986 3501 manans
2001 3475 2078 3502 alluit
2094 3474 2162 3502 Vnda
2176 3473 2279 3509 pedem.
2454 3490 2465 3502 1,
2504 3494 2508 3503 l

269 3499 426 3534 lofiffimum,
445 3505 600 3544 domesticum.
673 3509 714 3533 Sic
733 3508 760 3532 in
781 3509 863 3533 Verre
878 3508 1003 3534 Praetore
1021 3508 1115 3543 Populi
1136 3509 1214 3535 Rom.
1235 3518 1323 3543 repre·
1421 3516 1495 3537 PAL
1507 3516 1596 3542 LEO,
1617 3510 1661 3542 ui,
1683 3514 1736 3537 ere.
1775 3511 1905 3545 [ὦχριάω]
1943 3510 2067 3537 Pallidum
2081 3511 2135 3546 effi.
2179 3510 2237 3537 Cic.
2251 3509 2366 3545 Philipp.
2379 3518 2403 3542 Β,
2414 3513 2459 3542 ΒΓ
2484 3511 2485 3519 ’

269 3534 419 3562 hcnduntur
439 3538 547 3566 Tunica
567 3548 592 3568 et
618 3543 728 3574 pallium
757 3543 814 3570 Cic.
830 3544 906 3569 Verr.
919 3553 948 3576 4,
964 3553 1000 3575 54.
1109 3546 1236 3570 Caeterum
1251 3546 1321 3571 libel.
1383 3547 1447 3574 Non
1462 3545 1609 3578 diffinitum,
1625 3547 1651 3572 P.
1660 3546 1690 3573 C.
1705 3554 1811 3581 apparet
1824 3548 1873 3573 esse
1886 3554 2066 3577 commotum3
2088 3547 2170 3580 sudat,
2187 3546 2273 3580 pallet.
2347 3547 2442 3572 Amans

269 3571 306 3595 lus
320 3573 383 3596 modo
404 3573 519 3600 laudatus
537 3577 683 3605 'l‘nmlliani
701 3579 815 3614 apologia
835 3577 867 3614 est
874 3579 990 3613 satyrica
1007 3586 1053 3614 pro
1072 3579 1162 3615 pallio,
1181 3590 1227 3615 quo
1240 3589 1321 3616 togam
1381 3582 1469 3608 omnis
1484 3582 1577 3617 palleat
1602 3582 1684 3608 Ouid.
1700 3582 1731 3608 de
1744 3583 1807 3609 Arte
1821 3584 1880 3610 Am.
1899 3593 1917 3616 1,
1931 3592 1986 3617 7²9·
2062 3583 2124 3610 Dies
2139 3582 2218 3618 pallet
2244 3582 2342 3608 Lucan.
2356 3591 2379 3614 7,
2393 3586 2440 3613 178.

268 3614 466 3634 commutant-rat:
504 3620 572 3645 quem
584 3613 672 3639 librum
686 3625 738 3641 rum
753 3616 823 3650 longo
836 3616 1009 3641 coiruiiemario
1028 3614 1165 3645 illasii-aret
1177 3617 1320 3651 Salmasius,
1382 3619 1471 3645 Genae
1485 3617 1581 3653 pallent
1596 3618 1723 3652 languido
1737 3619 1851 3645 caudore
1878 3620 1966 3647 Seuec.
1980 3620 2090 3655 Hippol.
2109 3620 2128 3648 s.
2142 3621 2165 3645 6·
2182 3643 2189 3651 ,
2239 3617 2325 3645 Labi*a
2345 3617 2440 3652 Pssllue‘
2482 3643 2483 3647 ,
2496 3652 2501 3661 ,

267 3641 389 3697 quidquid
399 3645 427 3669 de
439 3644 513 3678 pullio
526 3647 577 3687 dici
588 3649 661 3683 potest
678 3648 800 3685 congvffit.
842 3686 846 3690 Ι
874 3650 951 3676 Nobis
965 3650 1031 3686 satis
1049 3646 1082 3685 est
1095 3653 1210 3686 Epithetn
1230 3660 1253 3678 et
1266 3662 1321 3679 ver.
1332 3666 1364 3691 95
1381 3660 1442 3681 rant
1468 3655 1583 3688 Prope-rt.
1599 3664 1623 3685 4,
1636 3663 1660 3686 ι),
1676 3660 1714 3684 28.
1786 3656 1840 3682 Ora
1853 3656 1950 3690 pallent
1975 3656 2084 3683 Tibull.
2098 3665 2119 3688 3,
2136 3663 2158 3685 5,
2172 3661 2208 3687 ες.
2281 3654 2377 3680 Saxum
2390 3650 2440 3687 pal-

273 3683 302 3700 ’02
312 3686 348 3701 “m
360 3678 483 3709 ‚formulas
501 3688 605 3715 potiores
625 3691 719 3719 provere.
809 3686 943 3713 Misellum
962 3687 1071 3722 pallium
1081 3708 1088 3720 ‚
1114 3688 1168 3716 visi.
1188 3695 1212 3714 M
1224 3696 1232 3715 1
1242 3695 1255 3715 s
1265 3696 1319 3716 ER.
1380 3690 1432 3717 luit
1446 3698 1510 3717 auro
1531 3688 1612 3715 Ouid.
1624 3690 1687 3716 Met.
1702 3699 1731 3723 11,
1747 3700 1795 3717 no.
1868 3693 1960 3727 Nempe
1973 3700 2075 3727 corpora
2086 3689 2336 3724 aliquantumftzfi·a‚
2354 3687 2440 3723 qualia

268 3712 382 3739 0¹¹es0s³
395 3723 508 3749 “cg'msse
520 3719 619 3744 '’lusit”'i
633 3720 720 3756 pallia,
739 3731 799 3756 quae
812 3723 928 3748 loliorum
942 3723 987 3758 effi·
1002 3731 1076 3748 etiam
1090 3724 1199 3750 diximus
1226 3725 1319 3753 quen.
1382 3727 1530 3751 Graecorum
1541 3731 1565 3750 et
1579 3727 1699 3751 Italorum
1710 3728 1863 3762 plerumque,
1885 3738 1937 3754 cum
1949 3727 2041 3763 pallent
2048 3727 2197 3761 flauesrunt.
2271 3725 2348 3759 Seges
2362 3722 2439 3759 pallet
2486 3727 2487 3731 ’

267 3746 316 3810 {tut-
328 3750 353 3780 6²
368 3756 435 3788 2332
489 3753 652 3795 Purpureum
687 3757 742 3782 Cic.
757 3758 833 3784 Verr.
850 3768 871 3791 ς,
887 3766 919 3790 31.
990 3758 1077 3785 Serica
1105 3760 1165 3787 Stat.
1180 3760 1244 3788 Silu-
1257 3770 1280 3795 a,
1295 3772 1319 3797 4,
1382 3762 1464 3788 Ouid·
1480 3760 1543 3788 Fast·
1558 3770 1576 3793 ¹⁵
1590 3763 1645 3790 683·
1718 3763 1806 3789 vemt*
1821 3764 1919 3799 Panem
1932 3764 2024 3790 amisso
2038 3762 2163 3796 sanguine
2190 3761 2264 3788 Idem
2279 3761 2343 3787 Mct.
2358 3770 2381 3793 ρ’
2392 3766 2442 3791 524..

286 3791 306 3813 ).
377 3784 496 3811 lumchis
511 3789 591 3820 pallio
617 3791 674 3817 Cic.
688 3792 719 3818 de
735 3793 809 3819 Orat.
824 3803 843 3824 3,
860 3802 907 3826 ¹25.

266 3816 331 3843 Eun.
345 3827 369 3849 4,
383 3820 407 3850 6,
419 3828 442 3850 3²
464 3822 556 3846 dicitur·
567 3825 667 3861 timido,
687 3828 730 3861 qni
746 3835 808 3862 prae
827 3838 890 3855 metu
903 3837 1041 3865 componere
1054 3831 1141 3866 vestem
1154 3831 1317 3865 obliuiscitur.
1326 3843 1373 3861 100
1382 3835 1481 3860 Amore
1498 3833 1600 3867 argenti
1615 3833 1710 3867 pallere
1737 3836 1806 3862 Hor.
1821 3836 1903 3863 Serm.
1918 3845 1939 3869 2,
1953 3844 1976 3868 3,
1990 3841 2028 3867 78.
2099 3832 2199 3859 Colore
2212 3832 2337 3866 exsangui
2357 3828 2437 3858 Ouid.

265 3852 416 3914 grilitigcoef
441 3854 521 3882 Flam·
537 3857 609 3897 Capt.
623 3870 646 3893 ἦ
660 3871 682 3901 3'
696 3872 720 3895 9¹
740 3870 762 3888 ε’
782 3874 805 3895 ‘³'
819 3873 839 3896 3,
851 3874 865 3896 9
880 3866 938 3907 sqq:
961 3901 965 3906 .
1045 3866 1185 3894 conficere
1217 3868 1272 3894 Cic·
1287 3868 1319 3895 de
1381 3869 1468 3895 Tsist·
1482 3878 1503 3902 3,
1518 3878 1535 3901 ¹2
1551 3877 1585 3899 55.
1657 3871 1730 3896 Metu
1746 3871 1844 3905 pallens
1869 3871 1943 3898 Idem
1962 3872 2026 3898 Met.
2042 3877 2080 3901 13,
2093 3875 2138 3902 74.
2219 3867 2340 3894 Timore
2365 3865 2438 3893 Idem

335 3908 341 3914 ·
353 3897 376 3921 3,
392 3897 436 3928 1-5·
510 3892 650 3941 anucere
662 3905 689 3922 in
702 3898 800 3924 collum
827 3900 905 3926 l’laut.
920 3901 994 3936 hpid.
1010 3911 1031 3935 ι’,
1046 3912 1068 3936 2,
1085 3912 1120 3931 ιο.
1205 3903 1318 3943 Demitsa
1380 3904 1443 3931 Fast.
1459 3914 1480 3938 2,
1495 3907 1550 3936 468.
1621 3906 1680 3931 Cum
1694 3909 1754 3933 Dat.
1774 3907 1844 3934 Dum
1858 3908 1948 3943 pueris
1962 3913 2036 3942 pater
2047 3911 2073 3931 et
2088 3903 2231 3931 matercula
2243 3903 2323 3938 pallet
2342 3903 2435 3929 Horat.

267 3927 349 3949 ‘effac
370 3923 451 3950 0¹¹¹¹l·
468 3925 558 3953 Afflffl·
574 3939 596 3960 3,
609 3938 630 3963 2,
644 3940 680 3963 ες.
753 3933 852 3959 laetare
872 3937 963 3963 quen.
978 3938 1028 3964 Sat.
1042 3942 1069 3970 6,
1081 3945 1130 3969 235.
1202 3939 1318 3966 Iniicere
1379 3940 1459 3975 Epist.
1474 3949 1494 3975 1,
1509 3949 1530 3972 7,
1545 3949 1566 3972 7.
1639 3943 1730 3978 Nempe
1744 3951 1773 3969 vt
1789 3944 1911 3970 Metuere
1925 3942 2015 3974 alicui,
2034 3943 2053 3966 ι’-
2069 3947 2116 3975 pro
2129 3939 2177 3965 th’-
2251 3939 2366 3970 Fallere,
2385 3943 2436 3963 ΨΜ

268 3957 354 3991 ὃῙῑῑῑΠ,
372 3961 427 3985 wd·
447 3966 485 3985 ΙΝ
496 3967 504 3985 ¹
517 3968 522 3986 ¹
534 3969 550 3987 C
561 3969 608 3989 10.
682 3967 772 3994 iniecit
787 3969 890 3995 laneum
904 3973 1012 4005 pallium
1027 3974 1085 4001 Ioui
1101 3973 1252 4007 Dionysius,
1274 3984 1317 4002 au-
1378 3975 1541 4010 Accusatiuo:
1579 3976 1698 4012 Propert.
1715 3989 1732 4010 1,
1746 3988 1779 4011 ις,
1792 3988 1822 4011 39
1848 3979 1916 4012 Qus
1929 3985 1955 4004 te
1969 3975 2078 4010 cogebat
2092 3976 2190 4002 multos
2204 3974 2302 4010 pallere
2315 3970 2436 4000 colores3

268 3998 339 4018 reum
354 3995 496 4022 amiculum
508 3996 619 4025 detraxit
649 4001 705 4029 Cic.
719 4002 750 4029 de
766 4003 827 4030 Nat.
842 4005 922 4033 Deor.
940 4018 961 4041 3,
973 4013 1009 4040 83.
1082 4009 1192 4037 Sumere
1204 4010 1315 4045 pellium
1323 4020 1366 4046 105·
1378 4012 1447 4039 Pers.
1462 4020 1486 4045 1,
1500 4019 1539 4045 ¹24
1571 4012 1670 4041 Iratum
1685 4015 1844 4050 Eupolidem
1858 4012 2017 4050 praegrandi
2031 4020 2091 4038 cuni
2110 4012 2169 4038 sene
2183 4011 2279 4046 palleo,
2299 4011 2318 4037 i.
2336 4013 2436 4078 prifpltzzr

2378 4052 2393 4069 u
2423 4056 2431 4062 -

997 3795 1095 3822 Attolle
1108 3796 1229 3830 pallium,
1249 3797 1319 3824 Ter.
1381 3798 1515 3831 Qioniam
1540 3796 1634 3831 pallet,
1660 3799 1757 3824 neccss'e
1778 3799 1813 3825 est
1836 3799 1977 3834 aegrotasse
2016 3798 2117 3825 Λιιᾶοι·
2141 3796 2173 3822 ad
2194 3797 2310 3823 Herenn.
2331 3806 2344 3822 2
2362 3805 2384 3822 c.
2403 3799 2438 3826 ἐς.
2484 3800 2491 3818 .-
