2517 4231
232 268 290 310 ¹83
657 246 870 288 MAI

236 355 293 375 tura
307 346 338 372 de
353 345 376 370 se
391 341 503 373 sciendi,
528 346 606 374 atque
620 347 648 364 ea
660 347 674 363 c
692 335 763 362 caelo
777 331 905 359 verislime
924 327 977 363 peti
992 324 1137 364 credente·-
1178 323 1216 349 Ita
1235 321 1291 362 pos.

238 383 299 410 seffis
319 379 458 406 hominum
479 375 591 403 sensibus
612 372 709 407 triplici
729 368 852 399 vinculo,
875 366 902 392 in
921 369 1022 389 tautum
1041 359 1139 394 fastigii
1157 358 1291 389 adoleuit,

238 426 265 445 vt
279 416 412 450 hodieque
431 414 509 440 ctiam
524 413 552 438 in
565 416 656 444 magna
675 406 792 441 gentium
811 408 884 442 parte
905 397 1069 439 praeualeat,
1096 402 1121 422 et
1141 395 1169 421 in
1187 395 1291 421 oriente

237 462 329 488 regum
343 450 448 486 regibus
464 449 582 483 imperet.
637 443 696 469 Sine
717 439 800 466 dubio
818 438 873 463 illic
887 440 945 460 orta
964 442 992 459 in
1013 431 1113 458 Perside
1126 440 1141 458 a
1154 430 1291 457 Zoroastre

236 497 284 516 etc.
340 486 454 514 Perrexit
475 484 538 509 enim
557 483 652 514 longam
671 477 759 502 dcimle
779 475 804 498 hi
825 471 902 496 ariam
927 470 993 502 eius,
1011 478 1083 502 quam
1102 477 1167 493 nunc
1179 466 1295 500 Magiam
1329 471 1341 494 5
1358 464 1472 491 iestatem
1487 466 1625 494 Amicitiae
1651 469 1709 495 Sen.
1729 469 1775 503 Ep.
1795 477 1820 500 9.

237 534 302 551 nnnc
320 523 441 557 Magicen
455 518 564 554 appellat.
622 516 690 539 lntcr
705 511 757 537 alin
769 519 789 534 c.
804 516 819 533 2
841 507 858 533 s.
872 508 888 532 6
915 505 1045 536 Proinde,
1071 505 1125 539 (iit,
1144 504 1179 529 ita
1195 503 1297 536 persua-

238 562 293 588 sum
309 560 337 586 sit
375 554 564 584 intestabilem,
583 550 703 577 irritam,
723 546 843 575 inanem,
862 542 927 574 esse,
955 541 1095 568 habentem
1116 548 1202 565 tamen
1221 546 1296 572 quas-

238 596 298 623 dam
310 580 429 622 veiitatis
443 589 562 617 vmbras:
600 584 641 611 scd
654 584 680 608 in
696 581 737 607 his
750 578 877 606 veneficas
892 584 959 604 artes
974 576 1090 612 pollere,
1105 584 1159 600 non
1174 574 1295 608 magicas.

275 639 300 659 Μ
309 637 358 657 AG
370 629 380 656 f
390 636 406 655 C
415 635 446 659 E,
466 634 498 651 es,
519 623 537 649 f.
574 617 704 654 [μηικῆ]
742 619 795 641 Ars
807 614 859 650 ipsa
872 614 1036 644 incantandi,
1057 620 1128 645 quam
1142 618 1165 635 et
1179 609 1294 643 Magiam

238 674 358 730 vocata-G
369 700 474 728 icvs‚
493 704 524 726 a,
544 701 596 718 um.
634 690 694 717 Adi.
732 687 868 722 [μαγικὸς]
905 686 981 721 Qod
999 686 1033 708 ad
1048 692 1146 716 magum
1165 682 1209 706 vel
1221 682 1295 705 etiam

238 739 346 772 magice„
364 735 480 771 pertinet.
540 727 642 762 Magica
662 734 703 752 ars
733 724 799 751 Plin.
820 731 857 755 ιι,
875 729 915 756 57.
987 720 1063 744 Artes
1081 717 1196 752 magicae
1221 716 1297 749 Virg,

239 768 300 801 Acii.
313 782 341 804 4,
354 778 412 804 493.
486 763 591 791 Auxilia
610 761 707 788 Tibul.
722 770 740 793 1,
753 766 776 792 8,
791 766 814 792 ς.
871 758 984 784 Carmen
1004 754 1061 780 Cic.
1077 753 1108 779 de
1123 754 1197 779 Orat.
1206 761 1225 785 1,
1238 760 1296 784 245.

233 804 414 845 sed7·.·‹‘li'u.‹ini
426 801 529 837 legitur,
537 798 655 834 magistri
669 796 793 823 carmine.
823 794 941 827 Linguae
955 790 1070 824 magicae
1080 789 1198 824 potentia
1213 787 1296 814 Ouid.

239 846 300 872 Met.
313 851 340 877 7,
358 849 410 872 330·
484 837 521 863 Os
543 834 625 862 Ouid.
639 835 702 860 Met.
717 841 756 865 14,
771 837 807 864 58.
864 830 987 855 Portenta
1011 826 1079 852 Plin.
1095 833 1135 858 25,
1155 833 1193 864 3..

238 879 339 907 lustrari
361 873 441 902 Ouid.
454 874 518 900 Met.
533 880 573 905 10,
588 876 641 904 398.
714 868 789 894 Sacra
809 866 885 899 Virg.
899 863 951 889 Ecl.
966 868 996 894 8,
1014 864 1057 888 66.
1131 860 1195 887 Soni
1213 858 1295 886 Ouid.

238 915 268 942 cle
282 915 343 940 Arte
357 912 413 938 Am.
427 919 450 942 2,
467 916 522 936 102..
593 907 730 933 Terrores
750 904 817 929 Hor.
832 899 911 935 Epist.
925 908 953 932 2,
966 906 991 929 2,
1004 903 1060 927 208.

271 951 529 978 MAGYDARIS,
566 944 621 969 vid.
646 942 897 968 MAGVDARIS.

642 1004 681 1035 M
756 1002 784 1032 A
859 1000 871 1030 I

272 1062 385 1084 ΜΑῙΑ.
422 1054 526 1089 [Μαῖα]
562 1051 680 1079 Atlantis
689 1048 764 1084 filia,
785 1056 816 1073 ex
829 1055 875 1081 quiz
890 1043 988 1079 Jupiter
1008 1041 1166 1081 Mercuriugn
1179 1038 1297 1076 suscepit.

235 1093 325 1121 Almae
338 1091 407 1118 filius
421 1090 523 1123 Maiae,
543 1087 684 1115 Mercurius
706 1084 774 1110 Hor.
788 1083 877 1109 Carm.
892 1089 911 1113 1,
926 1089 948 1113 2,
968 1087 1010 1113 43.
1086 1077 1197 1104 Genitus
1211 1076 1299 1108 Maia,

236 1129 376 1157 Mercurius
397 1127 473 1161 Virg.
487 1127 551 1152 Aen.
566 1133 586 1157 1,
602 1132 654 1155 301.
730 1121 815 1147 Natus
828 1117 914 1150 Maia,
934 1114 1077 1142 Mercurius
1099 1113 1168 1140 Hor.
1183 1112 1264 1139 Serm.
1274 1120 1299 1144 2,

236 1169 269 1199 6,
299 1174 322 1200 ς.
389 1163 477 1195 Maia,
505 1168 551 1197 pro
565 1158 637 1195 stella
663 1166 715 1183 vna
741 1166 772 1182 ex
798 1153 945 1181 Pleiadibus
971 1151 1046 1185 Virg.
1068 1150 1167 1184 Georg.
1189 1157 1214 1181 1,
1241 1156 1299 1180 225.

236 1199 261 1239 ff
277 1209 293 1228 2
330 1199 369 1233 Est
382 1199 456 1224 etiam
470 1198 604 1223 Romanum
621 1202 707 1219 numen
727 1192 815 1224 Maia,
842 1192 870 1216 a'e
891 1197 941 1223 qua
959 1188 1026 1213 locus
1048 1183 1157 1218 clqffirur
1179 1184 1299 1210 Macrob.

235 1240 286 1266 Sat.
299 1245 325 1269 1,
344 1231 373 1262 ἠ
408 1233 517 1260 Cincius
535 1231 633 1258 Maium
656 1229 770 1256 mensem
792 1226 959 1253 nominatum
979 1228 1052 1258 putat
1070 1230 1084 1248 a
1106 1221 1194 1254 Maia,
1221 1229 1300 1255 quam

236 1272 347 1300 Vulcani
361 1270 425 1296 dicit
439 1276 566 1297 vxorem;
604 1271 815 1300 argumentoque
823 1262 924 1293 vtitur,
942 1258 1015 1294 quod
1030 1258 1136 1284 Flamen
1150 1256 1300 1284 Vulcanalis

235 1306 358 1336 Calendis
373 1306 450 1332 Maiis
463 1304 524 1331 huic
539 1304 609 1329 Deae
623 1311 678 1327 rem
693 1300 813 1326 diuinam
831 1298 903 1324 facit.
959 1294 1007 1322 Sed
1030 1295 1087 1321 Piso
1106 1302 1217 1320 onrem
1237 1292 1300 1318 Vul-

235 1345 293 1371 cani
314 1342 448 1370 Maiestam
473 1349 527 1366 non
547 1338 647 1365 Maiam
663 1336 732 1369 udicit
755 1334 855 1361 vocari.
928 1330 1101 1358 Contendunt
1126 1329 1173 1355 alii
1199 1328 1300 1355 Maiam

235 1379 363 1408 Mercurii
380 1378 491 1404 Matrem
504 1374 584 1401 mensi
597 1381 695 1399 nomen
711 1371 806 1398 dedisse
816 1391 824 1403 ,
845 1369 908 1395 hinc
921 1367 1036 1394 maxime
1051 1365 1193 1400 probantes
1205 1385 1213 1398 ‚
1227 1363 1299 1399 quod
1318 1370 1327 1376 ”

236 1417 286 1444 hoc
301 1415 387 1442 mense
407 1418 565 1440 mercatores
587 1417 679 1436 omnes
700 1407 786 1434 Maiae
814 1405 914 1441 pariter
938 1403 1130 1436 Mercurioque
1151 1400 1304 1427 sacrificant.

235 1451 373 1479 Affirmant
387 1449 512 1484 quidam,
537 1446 634 1481 quibus
656 1443 799 1471 Cornelius
820 1440 908 1467 Labeo
927 1437 1072 1472 consentit,
1098 1437 1164 1463 hanc
1186 1437 1300 1468 Maiam,

235 1489 278 1514 cui
294 1487 381 1513 mense
396 1485 470 1512 Maio
483 1493 524 1510 res
538 1482 628 1509 diuina
642 1479 798 1508 celebratur,
819 1483 918 1504 terrani
930 1475 988 1506 effe,
1003 1473 1055 1499 huc
1068 1472 1188 1506 adeptam
1201 1480 1300 1498 nomen

235 1532 248 1550 a
263 1521 460 1557 magnitudinc;
497 1519 558 1545 ficut
572 1525 597 1544 ct
616 1518 703 1544 Mater
718 1516 813 1549 Magna
832 1513 859 1539 in
875 1511 952 1539 sacris
965 1516 1094 1541 vocatur,
1125 1523 1171 1527 —-
1197 1506 1301 1533 Auctor

234 1559 270 1586 est
283 1558 425 1584 Cornelius
439 1555 529 1582 Labeo
538 1575 546 1587 ‚
566 1554 628 1580 huic
643 1553 729 1578 Maiae
741 1550 832 1576 aedem
847 1546 970 1575 Calendis
984 1545 1065 1572 Maiis
1078 1543 1223 1571 dedicatam
1233 1563 1241 1575 ,
1254 1541 1300 1568 sub
1319 1546 1346 1570 35

234 1594 343 1621 nomine
356 1593 444 1619 Bonae
458 1592 537 1616 Deae.
578 1590 634 1615 Vitl.
649 1588 722 1614 Bona
736 1587 791 1612 Dea
804 1586 833 1611 in
851 1590 867 1611 Β
878 1591 897 1611 0
907 1590 929 1610 N
938 1589 959 1609 V
968 1589 990 1609 s.
1135 1578 1156 1618 q
1177 1588 1191 1612 3
1229 1577 1301 1606 Maia

230 1640 308 1667 genus
320 1628 406 1655 cancri
424 1628 489 1654 Plin.
503 1635 535 1659 9,
550 1633 582 1658 31.

271 1666 457 1692 ΜΑιᾸιΕς,
495 1660 623 1696 [ebusan]
663 1660 724 1686 Vet.
745 1658 826 1684 Gloss.
844 1655 965 1687 Maialis‚
989 1655 1088 1686 δέλφαξ.
1152 1652 1194 1677 Sic
1218 1657 1299 1676 autem

232 1703 301 1737 porci
316 1701 421 1736 castrati
433 1699 495 1724 dicii
503 1697 564 1733 sunt
577 1696 696 1730 antiquis.
755 1694 833 1720 Varr.
847 1692 879 1719 de
894 1692 925 1717 R.
941 1691 972 1717 R.
986 1698 1017 1722 2,
1030 1698 1048 1722 4
1075 1687 1228 1714 Castrantur
1242 1694 1300 1712 ver-

234 1746 275 1764 res
290 1734 497 1763 commodiffime
509 1732 642 1764 anniculi,
668 1730 761 1765 vtique
779 1739 812 1756 ne
823 1729 942 1755 minores
962 1734 1042 1760 quam
1062 1723 1212 1756 semestres,
1244 1730 1299 1757 quo
1312 1726 1350 1752 40

235 1773 306 1800 fadio
320 1780 417 1798 nomen
429 1774 532 1796 mutant
544 1773 622 1802 atque
636 1776 650 1793 e
662 1765 785 1794 verribus
800 1764 924 1791 dicuntur
938 1761 1053 1788 maiales.
1109 1761 1179 1786 Add.
1192 1760 1224 1786 ib.
1238 1768 1260 1784 c.
1274 1765 1301 1793 7.

235 1809 307 1842 Conf.
325 1806 417 1834 Isidor.
432 1815 463 1838 2,
476 1814 506 1837 31.
560 1805 708 1829 Hotomann.
728 1801 827 1835 Obseru.
847 1805 877 1832 8,
896 1806 922 1833 7.
994 1798 1025 1822 Et
1045 1796 1102 1823 Cic.
1122 1795 1150 1822 in
1171 1795 1256 1822 Pison.
1273 1803 1299 1828 19

234 1854 255 1871 c.
269 1853 284 1878 9
312 1843 455 1870 Consulem
470 1838 643 1877 quaerebam,
663 1847 743 1873 quem
757 1838 785 1863 in
798 1836 848 1862 isto
859 1834 949 1863 maiali
962 1833 1087 1859 inuenire
1101 1840 1155 1859 non
1171 1838 1301 1866 poteram.

237 1882 371 1916 Eleganter
384 1878 476 1905 Titin.
496 1877 565 1911 apud
577 1875 650 1902 Non.
664 1883 696 1908 z,
713 1882 760 1907 530
795 1873 838 1899 Ne
858 1880 909 1906 ego
927 1869 1030 1896 inaialis
1048 1868 1126 1895 fiam:
1164 1876 1230 1903 pro,
1257 1867 1300 1893 Ne

234 1925 284 1951 ego
297 1915 400 1942 castret.

270 1955 475 1979 ΜΑιΕςΤΛς
489 1969 497 1981 ,
523 1947 583 1974 atis.
614 1946 634 1973 f.
672 1943 871 1980 [μεγαλειότης]
917 1950 931 1968 a
951 1939 1138 1975 Magnitudine
1156 1936 1227 1964 dieta
1247 1937 1300 1970 est,

233 1988 330 2014 auifi‘ore
346 1986 429 2013 Festo.
487 1985 518 2010 Et
531 1983 563 2019 est
574 1983 638 2017 sane
656 1981 724 2007 nihil
734 1981 816 2013 aliud,
830 1988 902 2014 quam
916 1976 1089 2012 magnitudo,
1116 1984 1165 2010 qua
1183 1974 1239 2009 quis
1257 1974 1302 1999 vel

233 2024 294 2057 quid
310 2024 428 2047 excedere
435 2019 480 2054 sui
489 2019 591 2053 generis
602 2018 709 2042 homines
730 2023 774 2041 aut
793 2025 832 2040 res
851 2015 962 2039 videtur.
1021 2010 1163 2037 Sollemnior
1180 2016 1262 2035 autem
1276 2018 1304 2034 ea

226 2057 379 2094 fignificatio
392 2055 426 2091 est
434 2075 442 2087 ‚
468 2063 517 2088 qna
530 2051 727 2086 magnitudinem
745 2049 918 2078 auctoritatis,
938 2046 1081 2080 potestatis,
1108 2045 1263 2070 reuerentiae
1276 2051 1300 2069 et

232 2093 344 2125 honoris,
373 2099 446 2126 atque
453 2091 575 2125 summum
588 2089 647 2112 adeo
660 2083 836 2120 amplitudinis
854 2081 990 2117 fastigium
1004 2080 1032 2103 in
1045 2079 1172 2112 republica
1184 2081 1300 2107 denotat,
1315 2081 1348 2102 50

232 2138 255 2156 et
266 2137 339 2164 penes
357 2137 394 2153 eor
408 2126 457 2162 cst,
483 2125 527 2159 qui
541 2123 652 2159 summae
671 2130 754 2147 rerum
770 2117 898 2155 praesunt.
971 2115 1039 2142 Hor.
1061 2112 1140 2148 Epist.
1159 2120 1189 2145 2,
1207 2119 1216 2137 1
1228 2131 1236 2143 ,
1258 2115 1301 2142 258

232 2166 280 2193 Sed
295 2172 381 2197 neque
394 2171 506 2198 parumn
518 2161 633 2187 Carmen
646 2156 764 2184 maiestas
783 2154 879 2189 recipit
902 2158 954 2179 tua.
981 2152 1011 2176 de
1025 2147 1146 2184 AugustO.
1218 2146 1302 2173 Maie-

231 2203 322 2228 statem
335 2200 414 2232 [cpite
423 2198 526 2232 fingunt
541 2197 647 2225 Portae,
671 2191 793 2219 Honoris
811 2198 835 2216 et
854 2187 1029 2216 Reuerentiae
1043 2185 1129 2221 filiam
1149 2182 1208 2219 effi:
1246 2182 1301 2208 vid.

234 2236 314 2264 Ouid.
329 2233 394 2261 Fast.
410 2242 439 2265 ς,
460 2226 499 2262 ἒς.
576 2228 711 2260 Maiestas,
742 2226 826 2261 populi
847 2225 991 2250 dicebatur.-
1030 2220 1184 2247 Auctoritas
1203 2226 1302 2253 autem,

233 2272 344 2299 Scnatfis.

233 2308 287 2343 elli.
307 2308 312 2317 .
342 2305 399 2332 Cic.
413 2302 526 2337 Philipp.
541 2310 570 2334 3,
588 2308 610 2332 13
637 2299 746 2325 Tantus
765 2301 852 2323 autem
871 2293 906 2320 est
920 2292 1056 2319 consensus
1071 2290 1302 2324 municipiorum,

233 2339 453 2374 coloniarumque
473 2336 628 2373 prouinciae
649 2334 751 2361 Galliae
765 2353 774 2365 ,
806 2337 834 2358 vt
852 2338 944 2357 omnes
963 2327 996 2354 ad
1015 2326 1204 2353 auctoritatem
1222 2323 1302 2351 huius

233 2379 337 2406 ordinis
350 2396 358 2408 ,
378 2374 591 2408 iiiaiestatenique
606 2370 700 2406 Populi
718 2370 797 2395 Rom.
812 2363 1005 2393 defendendam
1022 2362 1177 2398 conspirasti:
1196 2361 1303 2387 videan-

233 2422 286 2442 tur.
344 2412 448 2447 Legitur
460 2417 483 2436 et
497 2408 617 2437 Maiestas
632 2407 754 2434 Senatus:
793 2411 823 2429 vt
836 2404 904 2438 apud
915 2401 979 2428 Plin.
990 2398 1068 2434 Epist.
1083 2404 1107 2431 8,
1121 2400 1136 2424 6
1157 2398 1218 2424 Erat
1229 2397 1300 2422 enim

234 2456 325 2478 contra
345 2447 506 2475 maiestatem
529 2446 652 2476 Senatus,
686 2441 721 2475 si,
749 2448 794 2466 etc.

530 2480 649 2508 Maiestas
663 2476 773 2512 Imperii
794 2476 863 2502 Hor.
880 2474 971 2500 Carni.
985 2481 1020 2505 4,
1032 2479 1066 2504 ις,
1080 2477 1114 2502 13.
1187 2470 1302 2503 Impera-

234 2523 305 2549 toria
332 2521 400 2547 Tac.
417 2519 447 2545 A.
463 2527 487 2550 1,
500 2520 551 2550 46,
565 2525 589 2543 2.
663 2512 756 2540 Claud.
771 2512 799 2538 iu
815 2511 895 2538 Cous.
909 2508 986 2536 Proh.
1001 2514 1027 2534 et
1041 2505 1121 2538 Olyb.
1135 2507 1180 2532 126
1210 2520 1256 2524 -—
1276 2510 1303 2530 et

235 2557 372 2585 inhorruit
386 2555 440 2581 acri
453 2553 587 2581 Maiestate
602 2559 704 2578 nemus.
779 2546 929 2574 Die'tatoria
954 2545 1014 2571 Liu.
1029 2553 1059 2576 4,
1072 2551 1110 2576 14.
1176 2540 1300 2567 Refloris

235 2595 279 2621 Sil.
301 2601 340 2626 ις,
362 2598 417 2625 417.
475 2590 557 2624 Regia
589 2586 682 2615 Claud.
699 2585 731 2612 de
747 2585 831 2617 Nupt.
847 2583 953 2609 Honor.
974 2585 1026 2614 198.
1098 2577 1192 2604 Sancta
1220 2576 1302 2603 Ouid.

236 2630 268 2656 de
281 2630 343 2656 Arte
358 2629 415 2654 Am.
429 2635 452 2659 3,
465 2633 529 2660 407.
586 2624 707 2651 Summae
721 2619 863 2648 maiestatis
877 2626 950 2653 reges
965 2616 1055 2644 lustin.
1072 2623 1103 2647 11,
1117 2622 1135 2646 4
1145 2634 1154 2646 ,
1169 2616 1194 2640 6.

239 2665 317 2692 tenda
343 2662 423 2690 Ouid.
437 2662 500 2688 Met.
512 2670 547 2695 4,
561 2669 615 2693 339.
689 2658 828 2684 Arcertere
849 2653 1005 2685 maiestatis,
1032 2652 1087 2677 vid.
1109 2655 1212 2677 ARCE
1222 2655 1240 2675 R
1250 2655 1262 2675 S
1272 2655 1301 2676 O.

237 2702 293 2728 Cic.
307 2709 356 2735 pro
375 2698 465 2725 Rabir.
480 2706 513 2724 20
539 2706 561 2723 c.
582 2704 598 2731 7
632 2695 674 2721 Fit
694 2691 872 2720 Senatuscons.
893 2696 920 2717 vt
934 2689 965 2716 C.
985 2688 1106 2721 Marius,
1133 2686 1163 2712 L.
1179 2685 1301 2711 Valerius

238 2736 380 2768 Consules,
407 2734 564 2760 adhiberent
584 2731 669 2759 Trib.
690 2729 759 2765 pleb.
777 2734 803 2755 et
821 2728 974 2758 Praetores,
1000 2732 1067 2760 quos
1093 2723 1130 2749 eis
1150 2721 1301 2748 videretur:

237 2779 398 2808 operamque
417 2770 524 2802 darent,
551 2774 578 2795 vt
596 2766 743 2802 imperium
761 2764 855 2799 Populi
874 2761 989 2789 Romani
1008 2758 1180 2792 maiestasque
1199 2758 1302 2784 conser-

237 2815 352 2836 varetur.

237 2853 292 2871 non
306 2843 341 2870 cst
354 2843 381 2869 iu
394 2841 519 2869 omnibus
535 2838 703 2867 foederibus:
741 2835 904 2865 Maiestatem
918 2832 1012 2868 Populi
1025 2832 1103 2858 Rom.
1117 2830 1230 2856 comiter
1242 2836 1303 2856 con-

237 2882 356 2912 seruent,
375 2886 420 2905 etc.
457 2879 480 2904 h.
495 2887 514 2903 e.
536 2876 689 2911 Obsequium,
708 2872 937 2910 observantiamque
950 2868 1036 2894 liberis
1049 2876 1098 2892 non
1112 2867 1244 2900 indignam
1258 2874 1302 2890 nec

238 2917 378 2942 indecoram
391 2914 493 2948 imperit>
515 2915 635 2944 Romano,
657 2911 790 2946 populoque
806 2907 911 2943 benigne
930 2905 1076 2931 exhibeant:
1112 2909 1136 2928 et
1155 2909 1185 2927 vt
1202 2901 1302 2928 comiter

239 2951 401 2987 obsequiosum
409 2951 438 2985 se
452 2948 490 2975 ille
501 2949 602 2984 populus
610 2948 702 2983 Populo
717 2947 822 2972 Romano
831 2943 965 2980 praebent:
1004 2946 1119 2973 curetque
1131 2945 1161 2963 vt
1174 2937 1303 2973 imperium

233 2987 328 3024 semper
340 2993 414 3021 penes
429 2986 545 3011 Romanos
552 2983 598 3016 stt.
641 2984 680 3008 Ex
699 2982 804 3007 Budaeo.

240 3032 267 3058 *7
292 3023 319 3048 in
334 3024 363 3048 C.
375 3021 490 3047 Memmii
502 3019 624 3045 oratione:
662 3017 779 3044 Maiores
795 3015 874 3043 vestri
888 3012 998 3049 parandi
1011 3011 1094 3044 iuris,
1113 3016 1140 3037 et
1160 3009 1301 3036 maiestatis

240 3056 435 3086 constituendae
455 3055 554 3091 gratia,
581 3062 627 3089 per
645 3052 806 3080 secessionem
825 3050 921 3078 armati
942 3049 984 3076 bis
1003 3047 1166 3074 Auentinum
1183 3050 1304 3073 montem

240 3101 412 3128 occupauere.
468 3092 611 3118 Damnatus
623 3088 763 3116 maiestatis
795 3087 851 3113 Cic.
867 3095 917 3121 pro
935 3086 1041 3112 Cluent.
1064 3092 1085 3109 c.
1099 3090 1136 3116 35.
1209 3081 1248 3109 1d.
1271 3081 1303 3107 de

242 3132 315 3156 Orat.
332 3138 363 3162 z,
378 3131 425 3162 164
446 3137 468 3155 c.
482 3136 512 3161 39
544 3126 570 3153 Si
583 3125 701 3152 maiestas
720 3123 756 3150 est
774 3122 922 3157 amplitudo
943 3130 971 3147 ac
992 3120 1106 3155 dignitas
1125 3118 1257 3150 ciuitatis,
1282 3118 1304 3144 is

241 3175 298 3192 eam
312 3165 426 3197 minuit,
454 3164 501 3199 qui
522 3162 668 3190 exercitum
691 3158 810 3187 hostibus
824 3157 918 3192 Populi
931 3156 1046 3183 Romani
1065 3154 1184 3182 tradidit.

242 3209 288 3235 107
302 3211 322 3228 c.
335 3210 364 3230 25
389 3199 461 3226 Mihi
475 3199 521 3234 ipsi
534 3207 594 3225 cum
607 3196 725 3232 Sulpicio
737 3195 790 3222 fuit
803 3194 831 3220 in
845 3192 970 3220 Norbani
989 3193 1063 3218 causa
1082 3192 1182 3218 sumiua
1196 3196 1305 3217 conten-

242 3237 290 3263 tio.
346 3237 471 3271 Pleraque
478 3235 550 3262 enim
563 3234 594 3260 de
607 3233 651 3266 iis,
665 3241 731 3268 quae
744 3230 777 3258 ab
790 3230 840 3256 isto
859 3227 1074 3260 obiiciebantur,
1094 3235 1177 3261 quum
1198 3226 1307 3255 confite-

243 3281 302 3304 rer,
321 3278 406 3298 tamen
427 3271 460 3298 ab
481 3271 530 3298 illo
553 3269 712 3296 maiestatem
731 3267 902 3294 imminutam
921 3263 1057 3298 negabam.
1130 3263 1185 3290 Cic.
1199 3262 1231 3289 de
1244 3265 1303 3289 lnu.

243 3317 269 3338 2,
282 3315 309 3340 55
329 3317 350 3333 c·
366 3314 390 3336 18
425 3306 588 3334 Maiestatem
600 3304 722 3331 minuere
734 3303 770 3330 est
782 3300 885 3337 aliquid
898 3299 930 3327 de
942 3308 997 3334 rep.
1009 3307 1069 3324 cuin
1083 3299 1236 3333 potestatem
1250 3308 1305 3325 non

242 3343 338 3370 habeas
347 3363 354 3375 ‚
374 3342 563 3370 administrare,
617 3340 734 3368 Laedcre
747 3340 821 3364 etiam
834 3344 930 3363 veteres
943 3335 1030 3361 dixere
1051 3334 1202 3360 Marcianus
1215 3334 1231 3359 l.
1243 3343 1256 3366 3
1277 3335 1304 3360 ff.

243 3379 275 3406 ad
288 3380 317 3406 L.
332 3378 381 3406 Iul.
402 3378 464 3404 Mai.
499 3379 581 3410 Eum,
600 3376 646 3412 qui
659 3375 818 3402 maiestatem
831 3372 963 3408 publicam
981 3369 1102 3402 laeserit,
1125 3369 1220 3396 teneri.
1276 3372 1307 3395 lit

243 3415 400 3450 Papinianus
417 3413 433 3439 l.
448 3418 460 3443 8
475 3414 533 3440 cod.
564 3415 594 3440 In
613 3409 811 3447 quaestionibus
832 3409 912 3435 laesae
925 3405 1067 3433 maiestatis
1087 3405 1168 3432 etiam
1181 3405 1306 3431 mulieres

243 3451 397 3478 audiuntur.
455 3449 560 3474 sueton.
575 3449 603 3474 in
617 3447 710 3475 Claud.
724 3456 746 3473 c.
759 3447 787 3472 16
814 3444 928 3472 Notauit
941 3449 966 3469 et
973 3441 1115 3477 quendam,
1137 3441 1208 3476 quod
1217 3450 1305 3469 comes

245 3487 312 3521 regis
339 3486 367 3512 ιιι
386 3484 526 3520 prouincia
550 3484 633 3510 fuifl'et
649 3494 654 3510 z
693 3483 812 3510 referens
837 3480 973 3506 maiorum
999 3476 1165 3512 temporibus
1192 3476 1306 3503 Rabirio

234 2485 366 2520 Quinetil.
381 2492 403 2516 ς,
419 2492 455 2509 ιο.

375 665 437 691 Plin.
452 669 492 689 πο,
502 668 511 685 ι
525 658 550 684 Si
564 665 618 682 non
631 662 722 688 expers
736 652 805 678 sedes
819 659 875 677 eius
889 656 944 675 tota
957 648 1066 675 Thrace
1079 645 1191 680 magices
1200 645 1296 670 fuiss'et.
1315 650 1343 667 ιο

1232 824 1296 849 Ritu
1317 827 1341 849 15

1334 1190 1344 1196 ¹
1364 1185 1435 1209 Cent.
1448 1193 1470 1216 J,
1486 1186 1522 1216 56.
1536 1183 1587 1217 fll-
1601 1192 1651 1209 ιη.

400 2269 506 2302 Populus
520 2266 583 2292 enim
592 2263 697 2299 sciscere
700 2262 795 2298 solebat
804 2267 827 2286 et
834 2259 928 2285 iubere3
947 2259 1049 2283 Senatus
1063 2256 1167 2291 consere,
1186 2262 1209 2280 et
1216 2254 1301 2281 aut‘ior
1319 2260 1347 2286 55

873 2437 953 2464 Ac'tio
979 2434 1120 2462 maiestatis
1151 2434 1200 2460 int.
1219 2433 1301 2459 laesae
1316 2432 1351 2457 60

1251 2614 1301 2639 Ve-
1318 2615 1349 2643 65
1364 2613 1428 2648 gine
1442 2614 1523 2641 malas
1544 2614 1625 2642 Ouid.
1639 2616 1705 2643 Met.
1717 2624 1760 2649 13,
1780 2622 1841 2650 754.

426 2805 498 2833 Idem
511 2814 560 2840 pro
575 2805 657 2830 Corn.
671 2801 743 2829 Balb.
756 2804 786 2834 36
813 2797 977 2826 AdiuncTtum
993 2795 1058 2823 illud
1072 2794 1152 2821 etiam
1165 2793 1210 2827 est,
1228 2792 1300 2828 quod
1317 2801 1350 2826 70

1270 3154 1274 3158 Ι
1365 3128 1389 3152 3,
1402 3127 1440 3146 121
1466 3119 1517 3146 Hie
1531 3119 1617 3148 nostra
1631 3126 1724 3154 agetur
1736 3126 1805 3147 aetas
1819 3120 1847 3146 in
1859 3120 1990 3148 malacum
2003 3118 2114 3146 modum
2123 3138 2131 3150 ‚
2151 3116 2168 3142 ἱ.
2190 3114 2310 3142 Molliter.

1235 3153 1304 3181 lbid.
1317 3161 1350 3186 80
1367 3155 1454 3182 Truc.
1468 3164 1498 3189 2,
1513 3163 1546 3190 7,
1560 3165 1590 3189 49
1618 3155 1761 3183 Moechum
1775 3156 1903 3183 malacum
1916 3164 1996 3182 amas.

1754 233 1804 273 M
1860 233 1900 272 A
1952 233 1989 273 L
2343 238 2413 281 184

1353 322 1444 364 diuina
1459 324 1545 359 aliqua
1566 324 1687 356 solertia,
1717 324 1791 350 cuius
1811 323 1919 358 quidem
1939 331 1988 349 vos
2008 323 2166 350 maiestatem
2186 320 2314 348 deducitis
2333 328 2416 356 Vsque

1354 358 1386 384 ad
1405 368 1510 401 aprum,
1537 360 1766 395 formicarumque
1786 359 1990 394 peri'eiffioncm.
2051 359 2170 386 Maiestas
2190 357 2324 390 nominis,
2356 359 2380 382 h.
2396 366 2418 384 e.

1355 395 1507 434 Magnitudo
1525 404 1548 435 et
1566 397 1679 431 dignitas
1708 396 1823 422 Martial.
1845 402 1873 428 8,
1893 404 1911 421 i.
1990 395 2122 422 Praetoris
2144 394 2261 421 maiestas
2285 398 2417 419 contemta

1358 430 1429 456 Paul.
1443 438 1470 454 in
1482 430 1499 456 l.
1512 431 1538 457 Si
1551 432 1636 458 famil.
1657 433 1689 459 D.
1705 432 1737 458 de
1750 431 1882 458 iurisdift.
1902 430 2025 457 omnium
2045 431 2125 457 indic.
2197 428 2344 456 Detrahere
2365 436 2419 454 ma—

1431 501 1436 506 ·
1894 466 2014 493 Maiestas
2033 466 2142 492 alicuius
2164 466 2233 500 loci,
2264 467 2288 491 h.
2304 474 2323 490 e.
2343 465 2420 489 Prae-

1353 501 1451 536 stantm
1467 507 1491 526 et
1505 502 1647 543 excellentia
1674 505 1734 530 Liu.
1750 513 1775 536 1,
1794 513 1820 535 53
1850 513 1910 537 quae
1925 504 1985 528 ibid.
2008 511 2029 528 c.
2042 506 2069 534 38
2086 509 2152 528 extr.
2188 500 2338 537 amplitudo
2357 500 2421 525 dici—

1359 545 1410 578 tur:
1465 536 1631 576 Maiestas-in
1649 541 1788 573 oratione,
1813 540 1836 564 h.
1856 549 1875 564 c,
1897 539 2021 564 Grauitas
2046 537 2102 563 Cic.
2116 537 2148 563 de
2164 538 2269 564 Amicis.
2290 539 2324 569 96
2345 545 2367 562 c.
2382 543 2420 567 25.

1360 574 1462 599 Asterre
1475 580 1593 598 orationi
1606 574 1763 602 maiestatem
1778 576 1893 610 aliquam
1921 574 2051 607 Qiinc‘til.
2069 574 2087 606 ι’,
2101 575 2127 598 6.
2199 574 2261 599 Stat.
2275 573 2339 599 Silu.
2353 580 2381 604 4,
2395 574 2422 603 6,

1361 611 1392 640 36
1408 608 1542 649 'destama
1557 609 1688 648 Hes-culis,
1713 612 1820 638 Tantus
1834 611 1920 637 honos
1929 611 2006 645 operi
2018 609 2163 642 firmosque
2177 608 2272 635 inclusa
2286 617 2332 643 per
2350 614 2422 634 artus

1360 644 1488 671 Maiestas.
1544 643 1665 685 Maiestas
1683 653 1713 670 vt
1726 648 1874 681 rnonm'mus,
1898 647 2022 672 interdum
2038 645 2191 680 simpliciter
2213 646 2354 678 magnitudo
2374 641 2424 678 cst,

1359 681 1449 720 absque
1463 688 1622 719 refutatione
1633 681 1734 714 proprie
1748 683 1813 708 dian
1828 683 1988 715 considerata.
2060 682 2148 707 Varro
2165 680 2195 706 de
2216 681 2247 706 R.
2262 679 2292 706 R.
2305 687 2337 712 2,
2356 688 2385 712 52
2405 688 2423 711 4

1361 716 1438 757 Noui
1452 716 1611 742 maiestatem
1626 716 1708 742 boum
1718 736 1726 748 ,
1745 722 1771 742 et
1785 718 1816 742 ab
1824 718 1866 744 his
1875 718 1926 746 dici
1936 719 2059 753 pleraque
2081 717 2168 751 [trptzd
2180 717 2307 750 Graecos)
2321 723 2424 749 inagna.

1360 752 1431 787 Qm
1444 754 1479 792 acl
1491 753 1614 777 hon-mem
1627 760 1650 777 et
1665 759 1752 777 metum
1768 753 1888 786 pertinet,
1911 765 1934 782 υ,
1945 764 1974 789 g,
1989 755 2051 780 Stat.
2059 752 2152 779 Theb.
2167 759 2194 786 7,
2208 756 2259 785 478
2285 754 2315 776 tle
2323 749 2424 785 Iocasta,

1360 788 1538 814 Eumenidum
1553 788 1625 814 velut
1640 787 1815 822 antiquissima
1830 789 1914 821 portis
1925 790 2080 825 Egreditur,
2107 797 2200 822 magna
2214 796 2273 813 cum
2292 786 2426 812 maiestate

1361 824 1503 864 malorum.
1562 825 1603 849 Sic
1614 826 1644 850 de
1657 824 1718 849 Dite
1733 822 1871 850 Claudian.
1885 823 1916 850 de
1933 826 1966 852 R.
1978 827 2009 853 R.
2025 834 2033 852 1
2071 832 2104 855 80
2136 824 2275 859 Nigraque
2294 821 2425 849 verendus

1360 859 1493 886 maiestate
1508 859 1587 886 sedet.
2041 848 2050 861 ³

1397 902 1593 928 MAIORES,
1630 894 1685 921 vid.
1712 901 1890 922 MAGNVS.

1399 933 1616 971 htAlORsNA
1632 951 1640 963 ,
1659 939 1698 958 ae.
1730 931 1749 958 f.
1789 932 1884 966 Slvecies
1904 931 1992 956 oliuae.
2039 932 2106 959 Plin.
2124 939 2163 965 ις,
2182 941 2204 965 3.
2368 926 2390 967 ff
2411 937 2427 955 2·

1361 968 1428 1001 Imp.
1443 966 1612 993 Constantius
1631 966 1648 992 l.
1666 969 1682 993 6
1713 968 1744 994 C.
1764 967 1822 995 Th.
1841 967 1873 993 de
1893 967 1955 994 falsa
1974 973 2082 993 moneta
2106 969 2267 995 Maiorinam
2287 967 2427 1002 pecuniam

1362 1004 1481 1037 separato
1495 1009 1605 1037 argento
1619 1002 1652 1029 ab
1666 1012 1726 1030 aere
1734 1004 1863 1039 prohibet:
1900 1004 1944 1028 vbi
1956 1003 2004 1028 vix
2017 1004 2090 1028 aliud
2102 1004 2227 1039 constituit
2240 1005 2289 1029 lac.
2299 1002 2429 1035 Gothofie-

1362 1041 1417 1071 dus,
1436 1048 1518 1077 quarti,
1539 1040 1604 1073 quod
1617 1040 1658 1064 lex
1665 1039 1791 1075 ipsasatis
1806 1040 1921 1072 indicat,
1941 1048 1973 1065 ex
1985 1046 2088 1074 argento
2103 1046 2126 1064 et
2139 1048 2197 1064 aere
2207 1037 2428 1074 conflasamfuffl.

1399 1080 1535 1101 MAIVM
1546 1081 1566 1101 Α
1582 1095 1591 1107 ,
1612 1083 1652 1114 ae,
1672 1076 1693 1101 f.
1729 1075 1795 1101 Ludi
1803 1083 1884 1108 genus
1897 1076 1965 1109 apud
1984 1076 2111 1101 Romanos.
2161 1073 2271 1100 Theod.
2285 1074 2352 1101 Cod.
2372 1074 2388 1100 l.
2403 1079 2429 1105 15

1363 1116 1382 1138 t.
1396 1113 1413 1137 6
1435 1111 1543 1145 Placuit,
1558 1116 1585 1138 vt
1599 1111 1735 1137 Matumae
1750 1110 1850 1137 laetitia
1865 1110 2075 1144 prouincialibus
2089 1109 2254 1137 redderetur.
2301 1111 2358 1136 Vid.
2376 1111 2429 1135 Iac.

1365 1147 1479 1180 Gothofr.
1492 1150 1527 1173 ad
1547 1149 1565 1174 l.
1581 1157 1601 1173 c.
1629 1146 1698 1173 Cod.
1713 1147 1835 1188 'Dima-r.
1858 1146 1886 1173 T.
1905 1155 1919 1171 2
1945 1146 2033 1181 Dispp.
2049 1153 2075 1182 p.
2090 1151 2126 1176 81.
2145 1154 2169 1172 et
2190 1143 2265 1171 Chok.
2286 1146 2343 1171 Fac.
2364 1143 2429 1180 Hist.

1469 1220 1483 1224 ..
1707 1190 1738 1209 tt.
1752 1184 1838 1209 Andr.
1853 1182 1943 1208 Riuini
1954 1182 2013 1216 diffi
2025 1184 2055 1208 de
2067 1182 2209 1215 Maiumis,
2224 1181 2391 1215 ἸΜειιεῑιιίψις
2405 1186 2432 1206 et

1364 1220 1517 1260 Roncaliis,
1543 1228 1617 1253 quam
1636 1218 1796 1254 Syntagmati
1817 1218 1949 1244 Graeuius
1966 1219 2012 1254 suo
2030 1218 2145 1253 inseruit.
2214 1218 2332 1244 Foedum
2352 1222 2432 1250 atque

1363 1255 1520 1282 indecorum
1535 1254 1723 1290 spediaculuin,
1740 1254 1959 1289 procacilicentia
1974 1261 2076 1280 vocatur
2090 1254 2130 1280 1.2
2150 1252 2248 1280 C.Th.
2256 1253 2288 1279 de
2296 1252 2433 1279 Maiumis.

1401 1298 1537 1333 MAiVS:
1575 1292 1691 1325 [Maiiam
1713 1287 1907 1325 item-manteia]
1951 1289 2047 1316 Mentis
2066 1298 2080 1316 a
2098 1287 2246 1315 maioribus
2270 1288 2357 1315 dietus
2382 1287 2434 1318 est,

1363 1336 1426 1363 quia
1445 1332 1549 1367 (inqu—it
1561 1326 1680 1353 Macrob.
1695 1326 1798 1353 Saturn.
1815 1335 1840 1359 1,
1854 1334 1901 1359 12.)
1928 1326 2077 1352 maioribus
2095 1326 2258 1352 consecratus
2275 1330 2347 1357 erat,
2367 1332 2434 1359 quo-

1364 1373 1424 1390 rum
1438 1363 1549 1391 consilio
1563 1363 1677 1397 Respub.
1692 1362 1844 1396 gerebatur.
1888 1363 1961 1397 Conf.
1982 1361 2048 1388 Fest.
2069 1361 2150 1388 Ouid.
2170 1360 2234 1387 Fast.
2255 1367 2285 1393 ς,
2304 1367 2336 1394 73
2361 1359 2433 1385 Hinc

1364 1400 1408 1426 sua
1427 1400 1542 1427 maiores
1560 1398 1682 1426 tribuere
1699 1398 1830 1424 vocabula
1851 1399 1934 1426 Maio.
1998 1400 2064 1424 Sunt
2082 1397 2126 1432 qui
2145 1397 2247 1424 Maium
2265 1407 2281 1421 a
2297 1395 2434 1422 Maiestate

1364 1438 1411 1462 dea
1424 1436 1609 1462 denominatum
1621 1435 1718 1467 velint,
1739 1435 1803 1468 quod
1810 1433 1904 1468 flamen
1923 1434 2067 1461 Vulcanalis
2080 1434 2196 1459 Calendis
2209 1432 2289 1459 Maiis
2303 1432 2358 1457 huic
2373 1433 2434 1457 deae

1364 1481 1417 1496 rem
1430 1471 1628 1504 diuinam-facit.
1685 1470 1745 1496 Alii
1764 1479 1780 1494 a
1800 1470 1871 1495 Maia
1889 1469 2017 1495 Mercurii
2031 1476 2124 1504 matre,
2143 1475 2276 1504 propterea
2293 1468 2336 1493 hoc
2354 1465 2434 1501 mense

1365 1515 1509 1532 mercatores
1522 1516 1600 1532 omnes
1613 1506 1703 1532 Maiae
1713 1506 1814 1542 pariter
1828 1513 1851 1531 et
1863 1505 1991 1531 Mercurio
2005 1505 2151 1541 sacrificare
2165 1501 2240 1539 soliti
2259 1511 2348 1536 erant,
2377 1503 2433 1528 vid.

1365 1542 1487 1568 Macrob.
1501 1542 1550 1568 Sat.
1565 1551 1591 1574 1,
1610 1550 1646 1581 ¹?-
1721 1542 1836 1569 Tertius
1851 1550 1865 1567 a
1879 1540 2027 1568 maioribus
2040 1541 2127 1568 Maius
2146 1542 2225 1567 Varr.
2239 1539 2272 1566 de
2285 1540 2315 1566 L.
2327 1539 2358 1565 L.
2373 1547 2403 1571 ς,
2416 1545 2435 1570 4

1365 1579 1404 1604 De
1417 1577 1543 1610 Mcnfibus
1556 1578 1676 1610 loquitur.
1730 1577 1827 1604 Mentis
1843 1577 1929 1604 Maius
1950 1577 2007 1604 Cic.
2024 1577 2118 1612 Philip.
2134 1585 2166 1610 2,
2187 1585 2234 1603 100
2254 1585 2276 1601 c.
2289 1584 2330 1609 39.
2344 1582 2368 1601 et
2380 1576 2434 1600 Att.

1365 1622 1400 1647 13,
1414 1622 1435 1646 5.
1494 1615 1552 1647 Ita,
1574 1612 1705 1640 Calendae
1715 1634 1724 1647 ,
1745 1613 1823 1647 Idus,
1843 1613 1939 1640 Nonae
1951 1613 2047 1641 Maiae.
2088 1614 2144 1640 Vid.
2158 1613 2213 1640 Cic.
2227 1613 2281 1639 Att.
2295 1620 2324 1645 3,
2337 1619 2354 1646 7
2373 1617 2396 1637 ee
2410 1614 2434 1640 8-

1362 1650 1402 1677 Id.
1416 1650 1487 1676 Fam.
1501 1658 1510 1676 1
1520 1670 1528 1682 ,
1543 1659 1568 1683 9.
1581 1657 1604 1675 et
1616 1659 1651 1682 4,
1666 1660 1686 1682 3·
1701 1657 1746 1676 etc.

1400 1691 1681 1719 MAIVSCVLVS,
1716 1687 1771 1711 vid.
1792 1691 1970 1712 MAGNVS.

1774 1759 1814 1791 M
1889 1759 1917 1790 Λ
1991 1758 2017 1789 L

1402 1837 1535 1864 MALA,
1560 1839 1599 1857 ae.
1631 1830 1652 1857 f.
1690 1831 1802 1865 [μῆλιῃ
1822 1832 1921 1863 παρὰ,
1940 1827 2028 1861 mmuh
2041 1829 2065 1870 J.
2092 1828 2176 1855 Faciei
2192 1834 2256 1863 pars
2275 1827 2325 1865 est,
2351 1827 2435 1862 diua,

1357 1867 1389 1900 fi
1397 1868 1516 1908 credimux
1537 1867 1595 1894 Ifid.
1610 1875 1642 1900 11,
1656 1875 1676 1900 1,
1696 1867 1762 1901 quod
1773 1867 1881 1892 rotunda
1891 1886 1899 1898 ,
1924 1865 1988 1891 mali
1995 1865 2100 1900 spectem
2115 1865 2308 1900 praeseferat:
2346 1865 2436 1897 Magis

1318 1906 1348 1929 45
1364 1905 1501 1929 audiendus
1515 1904 1572 1931 Cic.
1587 1903 1662 1929 Orat.
1677 1911 1715 1935 133
1736 1912 1758 1929 c.
1771 1909 1804 1935 43
2033 1901 2038 1905 ”

1460 1939 1465 1943 .
1836 1900 1984 1933 Qiomodo
1996 1909 2069 1927 enirn
2083 1901 2167 1928 vester
2179 1899 2270 1926 Axilla
2283 1900 2337 1925 Ala
2349 1899 2436 1925 sacius

1365 1938 1401 1980 est
1410 1959 1419 1972 ,
1439 1939 1487 1967 rusi
1501 1939 1563 1973 fuga
1575 1939 1668 1965 literae
1679 1938 1822 1965 vastioris?
1858 1938 1945 1970 Qiam
1958 1937 2063 1963 literam
2077 1937 2157 1963 etiam
2170 1945 2184 1963 e
2199 1934 2308 1962 maxillis
2320 1940 2346 1961 et
2360 1934 2438 1959 taxil-

1365 1975 1398 2010 lis
1417 1981 1442 2001 et
1461 1975 1568 2005 vexillo,
1600 1981 1626 2001 et
1642 1974 1736 2010 paxillo
1755 1973 1919 2005 consuetudo
1945 1972 2050 2007 elegans
2068 1972 2156 1999 Latini
2178 1971 2308 1998 sermonis
2333 1969 2436 1997 euellit.

1366 2011 1471 2036 Poterat
1483 2013 1575 2037 addere
1589 2010 1739 2043 Texelam,
1764 2019 1826 2044 quae
1845 2010 1872 2035 in
1886 2009 1987 2035 Telam
2005 2009 2177 2034 contrahitur.-
2216 2009 2280 2042 quod
2300 2007 2327 2031 in
2344 2005 2437 2041 primis

1365 2047 1475 2086 notaiile
1488 2048 1625 2087 effer-nplum
1638 2046 1687 2082 est,
1712 2056 1767 2072 cum
1779 2046 1923 2079 etymologia
1936 2055 1952 2070 a
1964 2044 2048 2071 Texo
2061 2044 2127 2079 satis
2140 2043 2263 2079 ostendat,
2286 2043 2395 2068 Literam
2416 2047 2437 2067 Χ

1364 2079 1411 2111 effi
1425 2089 1452 2103 m
1465 2082 1606 2118 pru-tudun.
1681 2082 1748 2108 Plin.
1762 2090 1799 2113 ιι,
1813 2089 1845 2115 37
1872 2081 1944 2107 Infra
1957 2080 2051 2106 oculos
2063 2080 2162 2110 malae,
2189 2078 2296 2105 homini
2315 2084 2417 2104 tantum
2427 2097 2436 2109 ‚

1366 2120 1430 2146 quas
1444 2114 1523 2146 prisci
1536 2122 1614 2147 genas
1627 2115 1773 2147 vocabant,
1801 2121 1820 2140 x
1829 2122 1838 2140 1
1848 2122 1858 2140 1
1880 2115 2053 2141 Tabularum
2066 2115 2212 2141 interdiGm
2227 2114 2285 2139 radi
2298 2122 2312 2139 a
2328 2112 2438 2139 feminis

1365 2156 1408 2173 eas
1431 2154 1555 2175 vetantes.
1625 2149 1739 2179 Pudoris
1759 2149 1822 2175 haec
1847 2149 1938 2175 sedes:
1977 2149 2016 2175 ibi
2036 2152 2150 2176 maxime
2170 2148 2318 2175 ostenditur
2343 2147 2438 2174 rubor.

1368 2184 1428 2223 Pars
1449 2190 1560 2218 vtraque
1578 2185 1709 2211 malarum
1734 2185 1840 2212 Lucret.
1861 2193 1887 2218 1,
1905 2189 1946 2218 89.
2021 2185 2137 2212 Audaces
2164 2185 2240 2220 Virg.
2253 2185 2317 2210 Aen.
2331 2191 2366 2218 7,
2386 2191 2438 2216 114.

1367 2219 1483 2246 Dissutae
1509 2220 1577 2259 Pers.
1599 2220 1648 2246 Sat.
1669 2229 1698 2252 3,
1716 2228 1748 2252 59
1778 2221 1907 2255 oscitantis
1924 2231 1942 2246 a
1960 2223 2063 2256 crapula
2083 2222 2202 2256 lister-na.
2287 2218 2437 2245 Horribilis

1366 2255 1434 2296 mala
1453 2256 1538 2282 leonis
1569 2255 1638 2282 Hor.
1657 2255 1746 2282 Carm.
1765 2263 1797 2288 2,
1818 2265 1862 2288 19,
1881 2264 1924 2288 24.
2010 2256 2149 2291 Crepitant
2169 2256 2238 2282 duro
2259 2253 2305 2281 sub
2325 2253 2435 2279 vulnere

1367 2292 1444 2326 Virg.
1457 2292 1523 2318 Aen.
1538 2299 1567 2324 ς,
1582 2299 1639 2325 435.
1715 2292 1865 2318 Flauescere
1885 2291 1969 2318 malae
1980 2291 2093 2317 dicuntm
2108 2312 2116 2324 ‚
2140 2301 2212 2326 quum
2222 2291 2331 2326 primum
2345 2290 2436 2314 barbae

1367 2327 1458 2367 lanugo
1472 2326 1578 2366 crescere
1590 2328 1679 2363 occifflt
1703 2327 1785 2355 Ouid.
1798 2328 1864 2354 Met.
1878 2330 1909 2360 6,
1924 2333 1977 2363 718.
2051 2327 2195 2354 Absumere
2208 2326 2308 2353 mensas
2321 2323 2437 2351 ambesas

1365 2362 1442 2388 malis
1464 2363 1539 2396 Virg.
1554 2363 1619 2390 Aen.
1632 2372 1656 2396 3,
1670 2370 1727 2398 257.
1801 2364 1903 2389 Citatm·
1914 2364 2048 2397 vezstculus
2062 2365 2162 2398 antiqui
2169 2365 2259 2389 Poetae
2271 2361 2438 2392 aCicerone,

1367 2406 1398 2424 ex
1411 2399 1494 2425 Atreo
1508 2397 1613 2438 sabula,
1640 2399 1672 2425 de
1686 2399 1762 2426 Orat.
1775 2407 1805 2432 3,
1818 2407 1863 2433 217
1884 2409 1905 2426 c.
1919 2405 1947 2432 58
1973 2400 2074 2434 Impius
2089 2399 2213 2426 hortatur
2227 2406 2270 2424 me
2289 2397 2388 2429 frater,
2409 2401 2438 2421 vt

1367 2443 1441 2475 meos
1456 2434 1531 2461 malis
1550 2434 1674 2462 Mandem
1687 2441 1771 2462 natos.
1835 2435 1876 2460 Sic
1895 2436 1960 2460 enim
1978 2436 2068 2460 remus
2088 2436 2197 2470 [egini-³
2233 2443 2290 2460 nam
2308 2432 2437 2460 Maiidare

1365 2470 1460 2504 malis,
1486 2470 1519 2507 est
1537 2471 1619 2497 Malis
1636 2472 1785 2497 committere
1803 2476 1829 2497 et
1849 2469 1958 2506 comeffi5
1994 2478 2025 2495 vt
2043 2473 2112 2505 apud
2131 2470 2237 2496 Lucret.
2261 2477 2292 2502 2,
2311 2471 2359 2503 637
2392 2468 2438 2495 Ne

1365 2506 1492 2533 Saturnus
1505 2515 1565 2533 eum
1579 2507 1655 2533 malis
1670 2507 1805 2534 mandaret
1818 2506 1936 2541 adeptus.
1998 2505 2041 2541 Est
2061 2504 2142 2538 igitur
2161 2511 2231 2530 vetus
2251 2505 2369 2538 loquendi
2377 2504 2439 2537 for-

1365 2543 1449 2587 recula,
1468 2552 1542 2578 quam
1556 2549 1580 2568 et
1592 2542 1706 2578 mensura
1720 2542 1804 2578 versus
1813 2542 1933 2578 postulat,
1951 2549 1981 2568 vt
1991 2535 2096 2568 Turnib.
2113 2548 2137 2567 et
2149 2539 2261 2567 Lambin.
2273 2546 2438 2565 annotarunt.

1366 2580 1499 2604 Caeterum
1512 2579 1587 2614 vulgo
1599 2579 1709 2615 legitur,
1729 2578 1884 2607 Manderem
1893 2599 1901 2612 ,
1921 2586 1966 2605 etc.
2022 2577 2141 2612 Signarat
2156 2584 2257 2603 teneras
2271 2574 2351 2602 dubia
2364 2574 2437 2601 lanu-

1897 2615 2021 2642 quentas
2040 2613 2117 2640 :nolli
2130 2611 2207 2640 vestit
2217 2611 2342 2646 lanugine
2355 2610 2437 2637 malas

1364 2651 1471 2678 Lucret.
1490 2658 1520 2684 ς,
1540 2656 1596 2686 887.

1403 2694 1459 2713 MA
1472 2693 1549 2728 LigtB
1562 2693 1753 2721 ATnRvM,
1790 2688 1844 2714 vid.
1866 2690 2199 2713 MALOBATRRVM.

1402 2729 1458 2750 ΜΑ
1468 2730 1484 2749 L
1493 2729 1516 2749 Α
1525 2729 1542 2750 C
1551 2730 1572 2749 H
1581 2730 1598 2750 E
1614 2743 1622 2755 ,
1642 2732 1676 2750 es,
1702 2723 1721 2749 f.
1759 2723 1897 2758 [μαλάχη]
1933 2723 2034 2751 Malua.
2073 2722 2138 2748 Plin.
2150 2730 2185 2748 20
2195 2741 2204 2755 ,
2223 2728 2259 2747 21.

1366 2768 1408 2792 io,
1423 2766 1487 2794 247.
1545 2758 1622 2794 Apul.
1637 2758 1669 2785 de
1682 2758 1766 2785 Herb.
1789 2768 1810 2785 c.
1823 2767 1868 2792 40.

1403 2801 1515 2835 MQLA
1525 2800 1647 2835 (ΣΗ-ΚΑ,
1677 2803 1757 2829 quam
1776 2795 1830 2821 alio
1849 2794 1959 2821 nomine
1972 2792 2113 2820 Maldacon
2127 2797 2240 2825 vocant,
2260 2791 2343 2818 arbor
2355 2790 2390 2817 cst
2406 2791 2436 2817 in

1367 2830 1505 2871 Bafflriana
1519 2839 1647 2866 regione,
1666 2831 1851 2865 magnitudine
1865 2831 1956 2863 oleae,
1976 2829 2187 2861 folioroboris,
2213 2827 2306 2855 frue’tu
2317 2826 2437 2862 caprifici

1366 2875 1469 2901 gummi
1483 2876 1564 2901 genus
1578 2866 1709 2900 exudans,
1727 2867 1800 2902 quod
1816 2867 1948 2893 Bdcllium
1962 2872 2058 2892 vocant
2078 2866 2144 2892 Plin.
2157 2872 2195 2898 12,
2208 2873 2233 2898 9.

1405 2908 1541 2930 MALAC
1552 2910 1560 2929 1
1571 2909 1632 2930 ON.
1676 2903 1842 2937 [μαλάκιον]
1886 2904 1970 2929 Genus
1988 2904 2110 2936 quoddam
2130 2901 2270 2927 ornamenti
2291 2898 2438 2931 mliebris,

1602 2941 1668 2964 Idem
1680 2949 1772 2974 quoque
1785 2948 1807 2973 5,
1821 2943 1851 2965 16
1869 2940 1936 2964 inter
1949 2938 2001 2963 colli
2014 2944 2160 2964 irruamenta
2174 2943 2295 2962 manerat.
2335 2949 2338 2952 ·
2353 2934 2437 2961 Huius

2302 2718 2436 2747 Columel.

1368 2937 1462 2965 Polluci
1473 2948 1497 2972 7,
1513 2948 1545 2971 13.

877 2977 967 3005 Salust.
989 2976 1018 3002 in
1037 2975 1102 3002 Bell.
1122 2973 1244 3009 Iugurth.
1264 2980 1303 3012 ει,
1319 2980 1347 3006 75
1359 2975 1431 3009 forte
1445 2975 1556 3001 meminit
1565 2975 1684 3002 Naeuius
1700 2977 1775 3003 Poeta
1788 2977 1856 3010 apud
1869 2975 1942 3003 Non.
1956 2974 2075 3000 Marcell.
2091 2983 2130 3006 14,
2144 2982 2169 3006 ¹9
2196 2972 2287 3004 Panis,
2307 2970 2436 3006 patagiis‚

1366 3011 1496 3045 crocotis,
1520 3011 1621 3037 malicis
1642 3011 1696 3044 (sic
1709 3013 1842 3046 Met-cer.)
1862 3009 2050 3038 mortualibus.

1368 3048 1460 3073 cliuum
1474 3047 1535 3088 effi,
1560 3048 1588 3073 de
1603 3057 1648 3081 quo
1658 3047 1755 3083 statim.

1403 3089 1485 3109 MAL
1498 3091 1518 3110 A
1531 3089 1618 3116 cvs,
1640 3092 1670 3116 a,
1691 3093 1745 3110 uin.

2109 3011 2158 3036 Sed
2172 3008 2248 3045 potcst
2261 3008 2338 3034 etiam
2355 3007 2436 3033 Adie-

2201 3080 2282 3107 Plaut.
2295 3075 2387 3104 Bacch.
2401 3084 2416 3102 2
2426 3096 2436 3110 ‚

2360 3112 2435 3140 Ideni

1388 3191 1393 3196 ,
2053 3155 2094 3180 Sic
2107 3152 2166 3179 Mil.
2179 3160 2208 3185 3,
2222 3161 2245 3183 1,
2259 3158 2290 3183 93
2317 3149 2380 3175 Eme
2395 3148 2435 3175 ini

1367 3200 1410 3218 vu·
1423 3191 1508 3232 lanam
1517 3213 1530 3232 ,-
1546 3191 1614 3218 vnde
1629 3192 1678 3219 tibi
1694 3192 1802 3227 pallium
1817 3193 1963 3223 malacum,
1983 3196 2008 3217 et
2021 3188 2135 3216 calidum
2144 3210 2152 3223 ,
2177 3186 2351 3213 conficiantur
2363 3184 2435 3211 tuni-

1367 3236 1411 3254 cae
1424 3227 1492 3269 mihi
1504 3227 1632 3254 hibernae
1645 3228 1747 3262 bonae,
1773 3237 1806 3255 ne
1818 3229 1902 3263 algeas
1914 3227 1962 3253 hac
1977 3226 2074 3252 hieme.
2148 3224 2225 3250 Tum
2240 3221 2272 3249 ad
2288 3220 2435 3248 saltandum

1368 3272 1422 3290 non
1437 3264 1559 3290 cinaedus
1573 3265 1685 3291 malacus
1705 3273 1788 3300 aeque
1801 3264 1837 3290 est
1857 3270 1935 3298 atque
1955 3271 2005 3298 ego
2024 3261 2107 3288 Plaut.
2128 3259 2187 3286 Mil.
2201 3267 2231 3292 3,
2251 3267 2276 3291 1,
2299 3265 2344 3292 74.
2401 3257 2433 3284 In

1370 3300 1470 3327 malaco
1483 3300 1573 3326 sanum
1594 3300 1726 3333 Quinctii.
1739 3306 1769 3334 8,
1780 3308 1796 3327 2
1805 3321 1813 3333 ‚
1828 3308 1851 3332 ¹3
1885 3299 1933 3324 His
1946 3298 2027 3323 verbis
2041 3306 2088 3322 non
2102 3296 2174 3322 aliud
2186 3295 2331 3330 significari
2344 3299 2433 3329 putat,

1784 3083 1844 3111 Adi.
1881 3083 2028 3118 [μαλακὸς]
2065 3080 2158 3108 Mollis.

1324 3342 1353 3367 85
1370 3345 1445 3371 quam
1461 3336 1488 3361 in
1502 3337 1587 3361 carnis
1600 3336 1699 3363 mollitie
1714 3343 1737 3362 et
1750 3337 1861 3362 raritate
1867 3334 1989 3370 summam
2002 3331 2111 3367 intelligi
2130 3339 2218 3357 mentis
2226 3330 2380 3366 sanitatem,
2404 3328 2435 3353 td

1371 3371 1404 3408 esi
1407 3372 1567 3408 prudentiam
1575 3379 1599 3398 et
1604 3372 1667 3408 pets
1660 3372 1783 3408 picacIam
1793 3372 1859 3397 Cael.
1868 3374 1891 3402 6,
1901 3379 1922 3394 1.
1948 3370 2001 3394 Nec
2002 3369 2086 3402 fhcile
2094 3367 2126 3403 ‹ss
2133 3368 2218 3393 melius
2225 3363 2432 3401 aliquidqfferre.

1408 3414 1518 3435 MALA
1528 3413 1563 3434 CI
1577 3415 1598 3434 A
1611 3429 1618 3441 ,
1638 3418 1676 3435 ae.
1697 3407 1718 3433 f.
1757 3406 1900 3441 [μαλακία]
1941 3403 2141 3439 ΊῖἩηᾳιιΙΙΙῘιας,
2166 3412 2238 3438 quum
2251 3400 2328 3427 nturi-5
2341 3400 2433 3434 flut‘lus

1370 3447 1467 3470 omnino
1486 3443 1612 3479 quiq'cunt
1635 3452 1659 3470 et
1680 3444 1814 3478 languent,
1846 3451 1921 3475 neque
1940 3440 1991 3466 vlla
2016 3450 2081 3466 aura
2104 3445 2289 3465 cmmnouentur.
2357 3435 2432 3462 Caes.

1370 3480 1434 3507 Bell.
1449 3479 1516 3507 Gall.
1529 3488 1552 3513 3,
1567 3487 1591 3511 ις
1619 3481 1654 3506 Ac
1667 3477 1796 3506 conuersis
1810 3478 1838 3503 in
1851 3485 1908 3504 earn
1922 3483 2022 3511 partem
2038 3475 2169 3508 nauibus,
2188 3481 2242 3509 quo
2255 3476 2347 3498 ventus
2364 3471 2432 3498 fere-

245 3522 386 3549 l’osshumo
399 3520 577 3547 Ptolemaeum
591 3519 774 3546 Alexandriam
787 3515 882 3544 crediti
895 3513 1017 3541 seruandi
1031 3514 1103 3540 causa
1123 3513 1228 3545 secuto,
1256 3513 1306 3539 cri·
1321 3522 1354 3546 90
1370 3515 1412 3542 bat
1422 3536 1429 3548 ,
1458 3522 1528 3543 tanta
1547 3515 1635 3542 subito
1656 3514 1762 3542 malacia
1774 3522 1803 3539 ac
1817 3513 1995 3547 tranquillitas
2010 3512 2125 3545 exstitit,
2149 3517 2177 3538 vt
2196 3510 2220 3535 se
2239 3507 2299 3533 1000
2320 3515 2431 3533 mouere

245 3568 303 3584 meu
317 3557 456 3584 maiestatis
477 3554 600 3590 (subaud.
615 3554 712 3590 laesae)
733 3552 803 3590 apud
814 3552 914 3579 iudices
926 3556 1040 3577 motum.
1093 3548 1134 3586 Est
1153 3548 1193 3574 ille
1213 3549 1243 3575 C.
1257 3549 1306 3575 Ra.

245 3593 328 3619 birius
350 3593 502 3625 Postumus,
527 3597 572 3625 pro
585 3599 630 3624 quo
648 3591 729 3616 Cicero
748 3589 883 3616 orationem
903 3586 1005 3617 habuit,
1031 3594 1092 3620 quae
1113 3584 1201 3621 exstat.
1258 3586 1307 3611 Sed

245 3631 274 3654 dc
295 3630 336 3654 hoc
352 3630 470 3659 crimine,
499 3634 523 3652 ct
543 3635 617 3660 quam
634 3625 685 3650 late
702 3625 814 3659 patuerit
834 3623 953 3656 videndi,
984 3621 1028 3656 qui
1045 3622 1076 3647 de
1096 3621 1200 3656 Legibus
1219 3630 1305 3656 egere,

244 3665 369 3692 Cornelia
391 3663 532 3690 Maieflatis
552 3668 596 3687 etc.
650 3661 727 3686 Nobis
741 3660 785 3692 sat
804 3661 854 3687 erit
874 3668 949 3685 vnum
967 3658 1049 3684 adhuc
1066 3656 1205 3683 Ciceronis
1227 3659 1305 3683 locum

1598 3553 1628 3578 In
1643 3551 1701 3578 otio
1717 3549 1866 3576 inconcusso
1880 3549 1980 3581 iacere,
2006 3557 2062 3575 non
2080 3543 2255 3581 tranquillitas
2275 3542 2327 3575 cst,
2351 3543 2431 3569 mala.

1370 3560 1423 3577 non
1437 3553 1544 3586 possent.

1706 3586 1754 3612 Per
1768 3585 1902 3611 malaciam
1916 3585 1996 3611 maris
2011 3587 2075 3611 Aur.
2090 3582 2160 3610 νιέὶ.
2172 3578 2204 3605 de
2218 3579 2284 3604 viris
2300 3579 2338 3606 ill.
2353 3589 2373 3605 c.
2382 3587 2430 3605 22:

1369 3587 1408 3613 cia
1421 3587 1456 3613 cst
1470 3589 1528 3615 Sen.
1541 3587 1586 3622 Ep.
1599 3590 1642 3622 67.

1361 3623 1429 3656 firm
1443 3624 1490 3658 leg.
1511 3624 1614 3649 videtur
1629 3630 1676 3658 pro
1692 3622 1809 3655 vulgato,
1836 3621 1998 3651 mollitien1;
2026 3619 2148 3654 similiter
2159 3622 2197 3650 ap.
2213 3614 2308 3650 Sulpic.
2324 3616 2383 3642 Seu.
2397 3614 2431 3641 de

1369 3658 1437 3685 Virt.
1450 3659 1569 3686 monach.
1578 3660 1682 3686 Orient.
1696 3656 1764 3683 Dial.
1779 3665 1788 3682 1
1809 3666 1830 3682 c.
1842 3666 1869 3689 4.
2090 3661 2106 3679 2
2143 3651 2251 3678 Malacia
2260 3671 2269 3684 ,
2289 3651 2324 3687 est
2337 3652 2430 3686 ingra-

245 3701 410 3734 snk'rprffflrs
425 3701 495 3726 Fam.
511 3708 537 3731 3.-
561 3706 581 3723 ¹¹
610 3696 651 3722 Est
664 3695 796 3728 m³iest²¹32
823 3702 850 3724 Vt
867 3695 936 3722 Sulla
950 3694 1055 3726 V⁰l¹¹it2
1081 3694 1105 3719 b·
1123 3703 1142 3719 ‘’-
1169 3692 1304 3727 Sullast’tlto
1322 3701 1352 3726 95
1368 3695 1437 3719 vidis
1463 3695 1501 3721 ille
1525 3697 1641 3727 Lanqtior
1660 3699 1685 3719 et
1704 3692 1815 3718 mollitias
1834 3693 1947 3727 ..fiffsslmi
1967 3700 1990 3719 ct
2014 3689 2098 3717 cunda
2117 3687 2280 3723 fastidientis
2300 3686 2428 3723 siomachi.

244 3737 319 3771 legem
332 3735 472 3769 Maitstmis
485 3736 562 3768 tulit,
580 3739 609 3760 vt
636 3733 690 3766 (sic
705 3732 753 3766 leg.
768 3741 818 3756 cum
837 3731 953 3758 Lambino
963 3750 971 3764 ,
991 3738 1037 3756 non
1052 3731 1106 3762 ne)
1139 3729 1167 3755 in
1183 3729 1305 3763 quemuis

245 3772 352 3806 impune
366 3770 509 3797 declamare
523 3770 623 3796 liceret.
681 3769 773 3801 Nempe
786 3766 813 3791 in
825 3768 870 3791 hac
885 3768 937 3802 lege
956 3767 1032 3792 multo
1049 3765 1130 3791 maior
1145 3766 1264 3790 delatoris
1281 3771 1305 3790 ct

243 3805 389 3842 accusatoris
402 3806 550 3839 impunitas,
576 3814 629 3831 cum
646 3803 784 3829 calumniae
803 3811 855 3827 eum
864 3809 942 3836 poena
954 3803 996 3828 lex
1014 3801 1125 3827 Cornelii
1145 3799 1226 3826 Sullae
1245 3802 1304 3826 libe-

244 3850 319 3869 rat-et.
375 3841 431 3868 Cic.
445 3841 473 3866 in
485 3843 557 3867 Orat.
571 3849 617 3867 102
643 3842 686 3867 Ius
699 3846 780 3865 omne
793 3837 946 3864 retinendae
958 3836 1097 3864 maiestatis
1112 3835 1216 3862 Rabirii
1233 3837 1305 3862 causa

243 3876 436 3904 continebatur.
493 3877 563 3909 Ergo
578 3877 605 3902 in
621 3875 696 3902 omni
710 3883 806 3909 genere
819 3872 1032 3907 amplificationis
1044 3871 1193 3899 exarsimus.

245 3919 292 3951 22,
311 3921 353 3945 42.
367 3918 434 3939 extr.
472 3911 578 3937 Horum
599 3917 764 3946 opportunus
777 3908 905 3936 aduentus
924 3909 1051 3936 Consules
1063 3907 1172 3943 imperii
1185 3913 1305 3942 potentes

244 3946 321 3985 fecit,
341 3958 424 3982 quum
437 3947 550 3974 ambitio
564 3947 670 3972 alterius
687 3947 757 3973 suam
769 3945 886 3981 primum
899 3944 966 3978 apud
980 3954 1025 3971 eos
1041 3952 1122 3979 praua
1140 3943 1303 3978 indulgentia

244 3982 400 4009 maiestatem
420 3982 542 4010 soluisset.
614 3981 744 4014 Qiindtil.
764 3990 793 4014 3,
819 3988 836 4016 7
871 3980 972 4006 Verum
991 3981 1018 4007 in
1038 3980 1111 4013 deis,
1144 3979 1302 4014 generaliter

244 4016 358 4049 primum
372 4019 530 4045 maiestatem
543 4017 620 4053 ipsius
635 4026 728 4043 eorum
747 4024 856 4044 naturae
869 4015 1074 4042 Venerabimur.
1148 4016 1204 4042 Cic.
1224 4014 1301 4041 Acad.

1368 3764 1433 3791 statu
1455 3773 1562 3793 moueat
1580 3765 1718 3792 infantem.

1242 3872 1302 3898 Liu.
1314 3883 1360 3901 100
1369 3872 1545 3899 Malaciffandi
1570 3872 1674 3900 articuli

1368 3908 1449 3936 Plaut.
1471 3917 1495 3942 p.
1510 3917 1563 3941 539.

1372 3730 1437 3756 Plin.
1451 3739 1497 3764 23,
1517 3734 1533 3757 6
1564 3729 1737 3757 Malicorium
1756 3729 1887 3763 expetitur
1899 3728 2067 3764 grauidarutn
2082 3724 2222 3755 malaci-ie,
2241 3723 2369 3757 quoniam
2383 3731 2429 3756 gu-

1786 3767 1827 3791 Sic
1846 3770 1893 3798 28,
1918 3772 1935 3799 7
1965 3759 2073 3790 Malacia
2099 3759 2242 3791 llomachi,
2274 3759 2292 3785 i.
2312 3760 2429 3792 languor.

1405 3807 1649 3833 MALACISSO,
1666 3805 1719 3827 are.
1756 3801 1918 3835 [μοιλικιζω]
1953 3794 2068 3828 Mollire‚
2082 3795 2205 3831 subigere.
2243 3794 2323 3821 Plaut.
2337 3792 2430 3820 Bacch.

1370 3845 1395 3869 1,
1414 3844 1440 3869 1,
1458 3847 1495 3869 40
1523 3837 1581 3870 Ah,
1608 3837 1721 3862 nimium
1743 3837 1815 3863 ferus
1835 3846 1870 3863 es.
1897 3842 1919 3862 p.
1945 3829 2012 3859 mihi
2034 3832 2098 3858 suin.
2126 3837 2152 3858 Β.
2179 3829 2374 3857 malacissaudus
2395 3837 2431 3857 es.

1707 3873 1765 3899 Sen.
1785 3874 1831 3908 Ep,
1850 3874 1891 3898 66.
1927 3870 1961 3894 al.
1981 3867 2145 3895 malaxando.
2192 3867 2244 3891 υΙΛ.
2267 3866 2366 3892 Taubm.
2394 3865 2432 3890 ad

1636 3909 1782 3942 Malacizo,
1806 3905 1936 3935 Malacisso
1963 3903 2075 3930 Cornut.
2096 3904 2127 3929 de
2146 3901 2275 3936 Ortliogr.
2298 3911 2319 3927 c.
2335 3909 2344 3927 1
2363 3907 2427 3926 extr.

1404 3950 1459 3970 ΜΛ
1470 3950 1537 3970 LAs
1547 3950 1559 3970 s
1570 3951 1589 3970 o
1604 3965 1612 3977 ‚
1639 3948 1691 3972 are.
1742 3944 1842 3976 Mollia,
1864 3941 1968 3976 subigo,
1995 3947 2098 3965 matus-o.
2141 3941 2207 3964 vmle
2234 3935 2427 3968 Commalassb,

1366 3982 1431 4015 quod
1449 3980 1515 4006 vide.

1404 4022 1428 4042 M
1436 4022 1458 4042 Α
1467 4023 1484 4042 ι.
1494 4022 1515 4042 Α
1524 4021 1545 4041 G
1555 4013 1567 4042 ἴ
1579 4023 1599 4042 N
1608 4022 1629 4042 v
1637 4022 1661 4043 M
1670 4037 1678 4050 ,
1699 4017 1717 4043 i.
1739 4024 1765 4043 n.
1801 4010 1975 4046 Emplastrum
1990 4010 2062 4045 quod
2075 4010 2127 4038 fine
2141 4011 2202 4045 igne
2210 4007 2349 4037 conficitur
2359 4006 2426 4033 Ptin.

243 4060 276 4083 4,
296 4060 340 4077 122
373 4053 481 4088 Negatis
495 4054 558 4081 haec
570 4059 623 4081 tarn
635 4052 735 4087 polite,
756 4059 863 4088 tamque
881 4050 1013 4081 subtiliter
1031 4050 1101 4081 effici
1119 4051 1231 4087 potuisse
1248 4050 1301 4077 sine
1316 4052 1453 4085 105Valer.
1473 4060 1504 4084 3,
1523 4059 1557 4077 12.

2196 4084 2424 4111 MALAGMA,
