2517 4231
8 2181 11 2186 '
51 2175 167 2204 Instimi
187 2183 251 2201 extr.

0 2700 4 2707 .
47 2673 290 2700 matrimonialibus
303 2673 422 2700 coibunt.

70 177 144 227 225¹
435 150 520 202 'M
577 162 615 202 A
671 160 714 201 T

70 261 105 288 18,
117 254 154 287 6)
185 253 260 287 Quae
273 253 301 281 in
314 252 515 280 matrimonium
528 261 587 278 cum
605 251 665 278 viro
678 248 820 280 conuenit,
845 247 933 282 quoad
948 248 975 274 in
987 256 1020 273 eo
1033 247 1123 273 matri-

69 289 162 317 monio
182 297 284 323 manet,
307 289 385 316 etiam
400 287 417 314 fi
431 288 478 315 sibi
492 287 571 314 liberi
590 287 708 314 nondum
722 284 775 311 nati
789 283 845 323 sint.
909 283 1038 317 Dictaque
1055 283 1089 309 cst
1109 292 1123 309 a

69 325 160 352 matris
174 326 293 359 nomine,
312 333 366 351 non
379 323 474 359 adepto
483 324 546 358 iani,
565 323 607 350 sed
621 332 679 349 curu
693 320 764 356 spect
779 327 870 346 omine
880 327 941 346 mox
949 318 1123 353 adipiscendo.

70 360 146 386 Vnde
159 360 242 395 ipsum
256 369 363 395 quoque
377 360 580 387 Matrimonium
600 357 707 385 dieitur.
763 355 882 390 Disputat
899 364 924 380 eo
946 355 994 380 loco
1008 354 1125 388 aduersas

70 396 139 425 Aelii
155 396 248 423 Melissi
261 397 383 430 ineptias,
403 397 445 431 qui
464 397 612 423 Matronani
632 393 676 428 ⁶ff⁵²
689 392 796 421 docebat,
824 399 890 425 quae
912 390 988 416 semel
1008 390 1124 424 peperit3

69 441 135 466 quac
151 432 264 467 saepius,
282 431 395 458 Matrem
410 432 532 458 familias.
604 429 661 456 Cic.
676 428 709 454 de
723 425 810 454 Finib.
825 434 850 458 2,
864 434 884 452 it
915 426 1058 460 Tanquam
1073 433 1125 451 me·

69 468 192 495 retricein
206 468 233 493 in
248 473 427 494 matronarum
440 473 553 495 coetum.
627 463 708 497 Ouid.
720 462 784 489 Fast.
802 464 829 493 6,
842 471 865 494 33
892 461 917 488 Si
933 469 1006 488 torus
1027 462 1054 488 in
1069 468 1126 495 pre-

70 504 109 530 tio
121 503 172 536 est,
189 502 281 535 dicor,
301 510 421 530 matrona
437 502 559 530 tonantis.
620 501 699 525 Verba
713 498 776 533 sunt
793 498 908 527 lunonis,
935 507 994 531 quae
1013 505 1077 522 vxor
1094 493 1125 533 cst

70 539 143 566 louis.
186 539 255 565 Add.
270 538 307 565 ld.
322 539 432 566 Heroid.
447 547 476 572 5,
495 542 531 570 85.
557 544 581 570 εξ
599 536 662 562 Met.
678 537 711 568 6,
730 540 777 566 581.
853 534 977 559 Honores
997 536 1125 569 matronis

69 573 155 602 habiti
175 574 271 607 Liu..5‚
286 582 325 607 25.
345 583 366 601 et
381 583 420 607 50.
433 581 497 600 extr.
570 572 693 598 Matrona
708 569 832 604 pudicior
859 569 939 595 Ouid.
954 569 981 594 in
1003 565 1063 604 lbln
1078 572 1124 597 35¹-

70 609 138 636 Vera
160 610 322 637 Ornamenta
341 617 521 637 matronarum
533 607 688 642 pudicitiam
698 627 705 638 ,
736 615 789 632 non
809 604 890 631 vestes
912 604 960 630 effe
971 600 1060 641 Ιιιῼιῐι-
1074 608 1108 639 30
1118 622 1126 632 ,

69 654 105 678 4,
120 654 156 672 12.
231 647 321 673 Partus
334 652 514 672 matronarum
540 644 595 670 Cic.
610 642 642 668 de
665 642 726 668 Nat.
742 642 821 668 Dcor.
836 650 863 673 3,
883 646 927 673 47.
965 671 970 676 ι
998 634 1125 662 δῡιιᾶιῑειε

69 690 250 708 matronarum
275 680 311 708 Id.
325 689 374 716 pro
388 680 459 707 Cael.
474 688 504 712 32.
523 687 584 710 c.13.
657 679 795 705 Matronae
810 683 906 703 nomen
919 677 1041 698 amittere
1065 671 1126 712 Vlnp.

70 716 96 743 in
112 718 128 744 l.
144 718 178 745 Si.
194 725 268 744 vxor.
288 716 320 743 D.
333 715 365 742 ad
378 715 394 743 l.
410 716 503 742 Iuliam
517 715 551 741 de
563 714 644 740 adult.
716 712 815 739 Constu
834 717 892 736 rare
905 713 1054 738 matronas,
1070 708 1125 733 vid.

370 774 377 777 ,
393 751 516 778 Matrona
536 750 670 777 meretrici
689 749 775 783 dispar
832 751 874 770 01·-
893 742 972 778 Epist·
994 750 1020 774 1,
1042 747 1126 782 ¹8’.3·

585 786 749 820 Opulentae,
765 779 903 814 optimates
917 784 1054 804 matronae
1068 778 1124 803 Cic.

914 814 1048 840 Primores
1061 813 1126 839 ciui-

71 758 88 779 c
102 757 280 779 ONSTVPR
292 757 320 777 o.

70 787 183 814 Honesta
195 792 315 813 matrona
341 786 461 813 Scribon.
475 789 511 813 16.

69 823 138 850 Fam.
151 830 184 856 7,
198 824 223 848 6.
297 822 400 849 Pollens
413 830 533 849 matrona
562 821 643 848 Ouid.
659 821 722 847 Met.
736 824 764 849 ς,
784 819 840 854 308,-

68 858 126 884 tatis
151 857 210 885 Liu.
224 866 266 891 29,
278 866 316 890 14.
389 858 535 885 Summates
549 863 684 884 matronae
709 852 789 879 Plaut.
802 849 866 876 Cist.
884 859 902 883 i,
915 858 942 881 ι,
954 858 993 882 27.
1091 884 1096 889 ι

104 900 129 920 Μ
142 899 163 919 A
172 900 192 920 Τ
203 900 220 920 R
231 899 251 920 o
262 900 284 918 N
292 895 317 921 Α·
325 900 341 919 ι.
351 902 360 920 ι
370 900 382 920 s
391 915 399 927 ,
420 904 442 920 e.
467 893 527 920 Adi.
559 893 573 927 [
579 888 722 924 γυναικεῖος]
753 887 829 922 Qod
840 894 968 912 man-onae
981 884 1022 925 νβ.
1060 885 1126 911 Plin.

64 928 142 963 Epist.
157 938 186 961 ς,
200 931 228 955 16
256 929 386 956 Nondum
400 939 483 956 annos
495 924 693 964 quatuordecim
707 924 884 958 impleuerat,
904 928 928 948 et
948 922 1001 947 iani
1015 920 1056 947 illi
1071 921 1125 946 ani-

64 964 96 990 lis
109 964 263 999 prudentia,
284 965 437 992 matronalis
451 964 563 1000 grauitas
576 966 640 987 erat.
702 959 744 985 Sic
756 959 824 993 apud
835 958 894 984 Liu.
908 960 949 992 26,
964 966 999 990 49
1026 957 1127 983 Matro-

63 1000 121 1026 nale
134 999 221 1027 decus.
259 1002 291 1027 Et
304 1003 372 1036 apud
386 999 516 1027 Coluniel.
532 1005 558 1023 iz
583 995 734 1030 prooemio,
755 994 913 1021 Matronalis
929 993 1015 1020 labor.
1072 993 1127 1019 Ma-

62 1036 176 1063 tronales
188 1044 269 1071 genae
296 1036 377 1063 Ouid.
392 1035 453 1062 Fast.
466 1041 491 1066 2,
505 1037 560 1063 828-

98 1078 123 1097 M
133 1070 156 1099 A
164 1079 185 1098 T
194 1079 212 1099 R
222 1079 242 1099 O
252 1079 273 1099 N
282 1080 304 1100 Α
314 1079 329 1098 L
339 1078 348 1097 1
357 1077 395 1103 A,
418 1077 472 1096 um.
499 1078 525 1095 n.
564 1066 630 1104 Festa
646 1067 757 1101 ficerunt
776 1066 835 1092 Kal.
856 1064 963 1091 Martiis
983 1064 1010 1088 in
1031 1064 1127 1089 Martis

60 1106 187 1142 honorem,
212 1109 239 1134 ob
252 1108 382 1133 diremtum
396 1114 412 1130 a
430 1104 552 1130 matronis
566 1103 649 1129 bellum
663 1112 715 1128 cum
729 1102 837 1128 Sabinis.
878 1100 935 1127 Via.
951 1100 1082 1124 Plutarch.
1098 1100 1125 1124 in

62 1142 170 1170 Romulo.
243 1141 323 1170 Ouid.
337 1140 400 1167 Fast.
415 1149 427 1173 3
438 1161 446 1173 ,
461 1147 507 1174 170
536 1149 586 1165 rem
601 1139 679 1174 ipsam
691 1139 812 1164 declarat.
849 1135 950 1162 Alladit
970 1136 1050 1162 Plaut.
1065 1135 1125 1161 Mil.

61 1186 74 1211 3
84 1199 92 1211 ,
105 1188 130 1211 1,
144 1181 187 1212 96.
240 1177 401 1204 Matronales
416 1176 498 1202 feriae
511 1176 630 1201 dicuntur
652 1173 773 1202 Tertull.
785 1173 818 1199 de
831 1171 927 1199 Idolol.
946 1180 966 1197 c.
980 1180 1019 1203 14.

98 1221 124 1241 Μ
132 1220 153 1240 Α
161 1220 183 1240 Τ
191 1220 210 1240 R
218 1218 238 1239 0
247 1219 268 1238 N
277 1219 299 1239 A
309 1219 330 1238 Τ
341 1220 362 1239 ν
371 1219 384 1239 s
393 1232 401 1245 ,
422 1210 460 1239 ὓς.
484 1221 521 1238 ιιι.
557 1210 673 1238 Conditio
685 1217 821 1235 matronae.
873 1207 948 1243 Apul.
962 1207 1026 1233 Met.
1039 1216 1063 1241 p.
1078 1213 1127 1239 153,

34 1250 36 1253 ’
61 1257 78 1281 9
104 1250 139 1276 Vt
151 1254 314 1276 matronatus
327 1249 383 1275 eius
397 1247 538 1275 indicabat.
597 1247 647 1272 Vix
664 1245 741 1281 potest
752 1246 825 1271 aliud
837 1254 911 1279 quam
924 1250 1025 1269 ornatus
1039 1250 1062 1268 et
1077 1243 1126 1268 cul-

3 1279 10 1284 *
37 1319 40 1322 ,
59 1280 99 1311 vtus
119 1283 235 1319 intelligi.

95 1326 123 1348 M
133 1326 327 1347 ATRALIA.
365 1319 552 1354 [μιτρωνάλια]
596 1317 666 1353 Festa
687 1323 760 1343 erant
779 1323 950 1342 matronarum
964 1313 989 1349 s.
1008 1314 1127 1341 Matrum

57 1357 156 1419 patius,
183 1366 199 1383 a
219 1357 306 1391 quihus
323 1356 519 1381 excludebantur
532 1355 657 1389 famulae.
700 1354 756 1378 Via'.
776 1351 859 1379 Ouid.
876 1351 939 1378 Fast.
953 1353 985 1383 ὅ,
1004 1357 1055 1384 475
1087 1351 1126 1376 Ite

79 1401 145 1418 onae
157 1398 268 1425 matres,
293 1391 408 1418 vestrum
427 1391 546 1417 matralia
566 1390 677 1421 festum,
706 1388 838 1422 l-'lauaque
858 1386 1006 1413 Thebanae
1022 1385 1126 1412 reddite

58 1427 112 1454 liba
125 1427 194 1454 deae.
233 1428 398 1454 Celebrantur
419 1434 447 1453 ιι
459 1434 467 1452 ι
492 1428 557 1453 Non.
571 1426 648 1453 lanii.
691 1425 761 1451 Adel.
775 1425 852 1450 Varr.
866 1424 895 1449 L.
904 1423 934 1448 L.
947 1432 976 1456 4,
991 1430 1032 1449 22.

95 1469 120 1490 Μ
129 1470 181 1491 ΑΤ
190 1470 209 1490 R
220 1471 229 1490 1
241 1470 266 1491 M
277 1470 296 1490 Ο
305 1471 327 1490 N
336 1471 345 1489 1
355 1470 375 1489 V
385 1470 429 1496 Μ,
451 1463 468 1489 i.
486 1471 512 1488 n.
541 1463 677 1496 [ἔκιγαμία
686 1481 693 1493 ,
706 1460 833 1494 συζυγία]
868 1458 954 1485 Maris
975 1465 998 1483 et
1012 1457 1125 1491 feminae

57 1499 206 1535 coniugatio.
268 1499 326 1527 Cic.
345 1500 422 1525 Verr.
445 1507 473 1532 3,
494 1501 537 1531 164
570 1496 680 1523 Vec‘tius
701 1502 760 1522 tuus
781 1494 882 1528 affinis,
909 1494 983 1521 cuius
1003 1494 1124 1520 sororem

58 1533 138 1562 habes
152 1535 180 1562 in
194 1533 378 1562 matrimonio.
433 1535 524 1561 Tacit.
540 1535 606 1560 Ann.
621 1541 664 1566 12,
684 1539 700 1566 7
727 1532 823 1566 Neque
837 1538 924 1557 tamen
942 1536 1061 1564 repertus
1073 1528 1126 1561 est,

58 1570 107 1597 niti
119 1579 186 1598 vnus
200 1572 259 1598 talis
278 1570 446 1597 matrimonii
466 1571 590 1604 Cupitor.
665 1568 786 1602 Dignitas
819 1567 876 1594 Cic.
891 1575 941 1601 pro
961 1566 1067 1592 Cluent.
1088 1572 1125 1597 35.

59 1606 103 1632 Ius
116 1607 283 1634 matrimonii
294 1607 390 1633 castum
399 1614 424 1633 et
438 1607 588 1641 legitimum
608 1604 702 1639 Id.pro
711 1604 817 1630 Cluent.
833 1611 876 1637 175
895 1605 967 1629 c.62.
1023 1601 1123 1628 Iustum

60 1642 191 1674 Quinctii.
202 1652 232 1677 5,
251 1652 281 1670 ιι.
354 1642 451 1669 Stabile
472 1649 497 1668 et
511 1648 612 1668 certum
646 1641 702 1666 Cic.
717 1639 830 1674 Philipp.
843 1648 875 1671 2,
895 1647 941 1672 44.

59 1677 191 1710 Qiine'lil.
205 1689 235 1712 5,
254 1688 283 1706 ιι.
358 1678 440 1704 Abire
460 1687 491 1704 ex
511 1677 701 1708 matrimonio,
733 1678 788 1701 vid.
809 1680 858 1702 AB
871 1680 925 1700 EO.
996 1673 1122 1706 Accipere

56 1713 174 1748 aliquem
188 1714 216 1740 in
229 1714 431 1741 matrimonium
466 1713 556 1739 Tacit.
574 1712 641 1738 Hist.
656 1719 684 1743 3,
705 1718 747 1742 45.
823 1711 918 1736 Amare
936 1709 964 1735 in
983 1710 1121 1734 matrimo-

56 1749 150 1781 nium,
181 1750 235 1775 vid.
255 1755 349 1776 AMO.
428 1748 568 1774 Collocare
586 1747 704 1782 aliquem
723 1746 752 1771 in
770 1745 975 1772 matrimonium
1014 1744 1071 1770 Cic.
1090 1743 1122 1769 de

42 1783 148 1813 'Diuin-
164 1793 182 1816 i,
199 1792 254 1816 104.
326 1784 436 1810 Curtius
450 1785 475 1815 6,
489 1792 515 1816 9,
527 1792 558 1814 30
595 1782 678 1809 Tunc
692 1782 815 1814 Coenus,
837 1789 989 1815 quanquam
1002 1779 1122 1806 Philotae

55 1820 176 1846 sororem
189 1819 363 1846 matrimonio
373 1820 457 1845 secum
465 1819 647 1850 Coniunxerat
657 1838 665 1850 ,
685 1823 773 1843 tamen
787 1817 873 1843 acrius
882 1826 960 1852 quam
970 1815 1122 1851 quisquam,
1138 1829 1172 1853 45
1186 1819 1259 1846 Idem
1274 1829 1301 1852 4,
1316 1828 1333 1845 ι,

54 1855 83 1881 in
95 1854 226 1881 Philotam
240 1854 361 1881 inueetus
374 1855 418 1882 est.
476 1855 546 1881 Dare
555 1855 583 1881 in
597 1853 800 1880 matrimonium
821 1854 893 1880 Caes.
908 1852 970 1880 Bell.
985 1852 1051 1879 Gall.
1066 1861 1120 1885 ¹³4·

55 1890 157 1917 Ducere
169 1890 198 1917 in
210 1891 414 1917 matrimonium
428 1891 544 1925 aliquam
572 1890 628 1917 Cic.
646 1899 695 1924 pro
702 1890 807 1916 Cluent.
823 1898 861 1920 ¹25
884 1898 960 1922 c.44.
1033 1889 1121 1922 Exigi-

54 1931 99 1952 tur
110 1926 283 1953 matrimonio
295 1936 364 1954 vxor
392 1927 473 1954 Plaut.
489 1927 570 1953 Merc.
584 1933 619 1960 4,
632 1930 664 1958 6,
679 1928 704 1952 6.
778 1926 871 1952 Tacit.
887 1926 955 1951 Arm.
970 1933 1008 1957 11,
1032 1933 1060 1953 12
1091 1925 1121 1950 In

49 1963 85 1989 C.
99 1962 193 1988 Silium
205 1962 351 1989 iuuentutis
365 1963 498 1989 Romanae
516 1962 729 1998 pulcherrimum
750 1962 786 1988 ita
805 1962 951 1994 exarserat,
974 1968 1003 1987 vt
1024 1960 1120 1987 Iuliam

53 1998 181 2031 Syllanam
196 1998 316 2025 nobilem
329 1999 457 2025 feminam
472 1998 649 2025 matrimonio
669 1999 726 2024 eius
741 1996 908 2024 Exturbaret.

52 2034 120 2059 linae
131 2034 256 2060 adulterio
268 2044 320 2060 cum
341 2036 366 2061 C.
380 2035 442 2061 Silio
454 2035 574 2068 loquitur.
648 2033 754 2060 Habere
766 2034 883 2067 aliquam
902 2034 930 2059 in
944 2038 1121 2058 matrimonio

51 2070 108 2096 Cic.
120 2070 199 2096 Verr.
213 2079 240 2104 3,
253 2075 301 2103 .89.
328 2078 352 2096 et
366 2071 398 2096 de
411 2070 505 2104 Legib.
517 2079 547 2102 3,
564 2071 595 2101 36
615 2078 636 2095 c.
656 2071 692 2094 16.
767 2070 879 2100 Iungere
900 2068 986 2091 secum
1003 2067 1120 2098 aliquam

51 2105 228 2131 matrimonio
253 2105 362 2131 Curtius
377 2113 400 2137 5,
414 2113 436 2136 3,
451 2113 486 2130 12.
561 2103 618 2129 Sibi
629 2103 746 2135 aliquam
759 2101 936 2127 matrimonio
950 2100 1026 2124 Curt.
1036 2104 1120 2130 52¹,1,9.

51 2141 154 2166 Locare
175 2139 291 2173 aliquam
311 2140 338 2166 in
355 2139 442 2165 stabili
468 2144 494 2164 et
513 2143 587 2164 certo
606 2136 783 2162 matrimonio
822 2136 879 2161 Cic.
898 2134 993 2168 Philip.
1015 2141 1046 2165 2,
1073 2141 1120 2165 44.

289 2177 319 2201 de
333 2175 429 2207 Diti-io,
450 2174 516 2205 Cyri
535 2173 606 2207 regis
619 2172 702 2198 filiam
716 2172 744 2196 in
757 2170 932 2196 matrimonio
945 2170 1062 2202 Recepit.
1101 2171 1119 2193 ι’.

52 2212 163 2246 Accepit.
238 2211 349 2237 Tenere
362 2211 477 2244 aliquam
491 2207 668 2234 matrimonio
693 2206 782 2233 Tacit.
794 2206 863 2244 Arm.
878 2212 917 2236 15,
937 2211 975 2237 71.
1048 2204 1120 2230 Tra-

52 2248 116 2274 dere
128 2247 211 2274 filiam
226 2246 255 2273 in
273 2245 477 2272 matrimonium
495 2241 627 2269 mediocri
648 2241 709 2266 viro
737 2240 828 2266 lustin.
842 2248 868 2274 1,
887 2248 906 2271 4
945 2240 983 2264 De
1000 2238 1119 2274 Astyage.

52 2283 184 2316 Plurima,
204 2292 266 2318 quae
285 2283 322 2307 ad
331 2282 397 2307 ritui·
416 2287 440 2306 ct
452 2278 630 2315 sollemnitates
645 2276 856 2302 matrimoniorum
871 2276 1017 2310 pertinent,
1042 2275 1121 2299 veiha

52 2317 185 2345 occurrunt
205 2325 246 2353 ap.
261 2317 322 2344 Liu.
336 2317 352 2343 l.
366 2326 385 2349 4
397 2323 439 2352 pr.
459 2323 482 2341 et
495 2313 578 2342 Ouid.
592 2313 623 2339 A.
637 2313 666 2339 A.
681 2320 714 2345 2,
733 2316 788 2345 598.
968 2307 989 2346 ff
1010 2318 1026 2336 2
1064 2310 1120 2335 Ma-

53 2354 230 2386 trimonium,
247 2360 294 2388 pro
306 2354 428 2379 Matrona
434 2350 478 2386 seu
490 2351 598 2385 coniuge.
628 2375 639 2380 ,
896 2381 900 2386 Ι

53 2389 124 2416 eatis.
179 2389 270 2416 lustin.
284 2397 314 2422 3,
335 2397 362 2421 3,
381 2393 395 2418 8
428 2388 465 2413 Vt
483 2387 601 2413 seuerius
622 2383 794 2410 matrimonia
811 2383 856 2409 sua
875 2382 930 2408 Vtri
954 2383 1117 2409 coercerent.

55 2426 125 2453 Adel.
137 2423 175 2451 Id.
188 2433 200 2457 3
210 2445 219 2458 ‚
231 2433 261 2457 5,
274 2427 299 2450 6.
334 2424 402 2450 Suet.
416 2422 499 2456 Calig.
516 2430 536 2447 c.
550 2428 590 2453 25.
602 2432 605 2434 -
649 2422 699 2446 Pro
714 2420 771 2444 viro
784 2418 864 2453 accipi
876 2419 980 2445 videtur
994 2417 1060 2444 Plin.
1077 2424 1118 2449 15,

53 2469 86 2493 30
109 2459 203 2492 Liuia,
223 2468 289 2494 quae
299 2459 356 2493 post
368 2457 481 2492 Augusta
494 2456 663 2484 matrimonii
677 2464 775 2482 nomen
788 2454 897 2489 accepit.

91 2502 117 2521 M
125 2501 148 2521 A
156 2501 178 2521 'r
187 2501 204 2521 Ε
213 2501 233 2520 R
241 2500 263 2521 Τ
273 2492 292 2521 ἕ
300 2501 319 2520 R
328 2500 350 2520 A
359 2514 367 2527 ,
387 2502 425 2521 ae.
451 2493 472 2520 f.
509 2492 754 2527 [μητρσκασιγνήτη]
798 2491 892 2518 Matris
912 2491 989 2516 soror
999 2498 1006 2519 ς
1045 2487 1117 2523 quasi

48 2529 136 2557 Mater
148 2530 246 2562 altera,
264 2530 349 2565 inquit
362 2529 459 2556 Festus.

48 2565 165 2601 gestauit.
186 2572 238 2592 PL.
259 2572 284 2593 at
297 2566 342 2601 pol
356 2574 412 2593 mea
432 2570 581 2592 matertera.
625 2564 680 2591 Cic.
694 2563 726 2590 de
741 2564 815 2590 Orat.
831 2571 863 2597 z,
876 2571 900 2588 2.
929 2569 953 2587 et
972 2560 1003 2587 de
1023 2561 1118 2587 Diuin.

47 2610 69 2635 r,
87 2609 140 2635 104.
177 2602 269 2629 Tacit.
283 2604 350 2629 Ann.
365 2611 394 2635 4,
406 2609 450 2636 71,
462 2611 484 2635 3.
511 2608 534 2627 et
546 2601 613 2629 Pers.
626 2601 676 2626 Sat.
691 2608 716 2632 2,
734 2608 765 2631 3¹-
787 2607 811 2624 et
824 2601 841 2625 6
851 2619 859 2632 ‚
874 2606 914 2631 54.

82 2644 109 2664 M
117 2644 169 2665 AT
178 2644 197 2664 R
206 2644 216 2664 1
225 2645 251 2664 Μ
260 2644 279 2664 Ο
288 2645 311 2664 N
321 2645 330 2663 1
340 2639 387 2665 Ᾰι.
398 2645 405 2663 ι
417 2644 429 2664 8
439 2657 448 2670 ,
471 2646 495 2664 e.
532 2636 592 2663 Adi.
631 2636 761 2662 Firmicus
774 2643 800 2669 7,
820 2643 846 2670 17
879 2636 931 2661 Aut
949 2633 1002 2659 sine
1021 2631 1118 2659 tabulis

546 2710 584 2734 Ex
599 2708 688 2734 matris
700 2707 791 2741 franc
805 2714 886 2732 natur.

85 2715 110 2736 M
120 2715 140 2735 A
154 2715 176 2736 ¹1·
186 2715 204 2735 R
214 2715 235 2734 V
246 2716 263 2736 E
273 2716 288 2735 L
298 2716 308 2735 1
319 2716 340 2735 s·
376 2708 508 2744 [marteine]
632 2745 663 2770 Et
681 2744 772 2770 Aurel.
793 2742 865 2769 Vici.
886 2742 918 2769 de
938 2742 1014 2776 Orig.
1036 2741 1114 2767 Gent.

45 2744 85 2772 Ad
101 2743 353 2780 legem'Pompeiam
368 2745 400 2770 de
414 2744 576 2772 Parricidiis.

45 2781 124 2808 Rom.
138 2789 192 2814 c.13
219 2781 334 2808 Turnus
348 2780 484 2807 matruelis
499 2783 617 2807 Amatae.

19 2818 22 2822 '
54 2829 59 2832 ·
81 2823 106 2844 M
115 2824 169 2845 ΛΤ
180 2824 224 2845 RE
233 2824 245 2844 S
255 2823 271 2844 C
282 2823 301 2843 0
311 2838 318 2849 ‚
346 2819 399 2844 ere.
437 2816 449 2850 [
460 2818 582 2850 μητριάζω
594 2817 608 2850 ,J
645 2815 733 2842 Matri
744 2815 853 2848 similem
861 2814 931 2850 fieri.
984 2813 1114 2840 Pacuuius

45 2851 200 2886 Duloreste,
226 2853 335 2879 Vtinam
348 2861 417 2879 nunc
430 2854 582 2880 matrescam
596 2851 723 2887 ingenio,
749 2856 777 2877 vt
796 2859 886 2877 meum
903 2857 1005 2885 patrem
1024 2849 1114 2876 vlcisci

28 2913 31 2926 ,¹
45 2898 140 2924 queam
179 2889 286 2921 Nonius
301 2897 334 2922 2,
349 2891 403 2921 526.
776 2893 788 2898 ”

81 2932 170 2952 ΜΑΤ
179 2932 197 2952 R
207 2927 253 2952 1'M
263 2932 285 2950 v
295 2931 308 2952 8
317 2945 325 2958 ,
350 2925 368 2951 i.
407 2924 489 2951 Cuius
509 2930 593 2950 mater
605 2923 691 2950 adhuc
704 2923 790 2955 viuit,
818 2929 848 2948 vt
860 2923 898 2948 ait
913 2921 1011 2949 Festus.
1055 2921 1114 2948 Cic.

45 2959 77 2988 de
88 2962 180 2997 Arusp.
196 2961 270 2996 Resp.
285 2969 315 2993 23
331 2970 349 2987 c.
359 2969 380 2987 11
413 2961 453 2986 An
467 2959 484 2986 si
497 2959 574 2986 ludus
587 2959 719 2992 constitit,
738 2966 782 2986 aut
795 2957 895 2985 tibicen
911 2965 1019 2992 repente
1031 2958 1115 2984 conti-

44 2998 113 3032 cuit,
138 3005 182 3024 aut
201 3006 268 3032 puer
286 2997 332 3023 ille
352 2997 481 3031 patrimus
502 3002 528 3022 et
543 2996 698 3028 matrimus,
717 2995 734 3021 fi
747 3003 846 3022 terrain
861 3003 916 3020 non
939 2994 1040 3027 tenuit,
1068 3002 1113 3020 etc.

43 3032 104 3060 Liu.
117 3041 159 3068 37,
171 3042 183 3066 3
210 3033 307 3059 Decem
324 3032 450 3067 ingenui,
472 3031 562 3060 deceni
578 3031 712 3066 virgines,
730 3031 838 3066 patrimi.
850 3039 961 3062 omnes,
982 3029 1113 3056 matrimi-

15 3092 18 3093 .
46 3078 96 3104 que
107 3070 139 3096 ad
155 3070 182 3096 id
196 3068 353 3096 sacrificium
373 3067 498 3094 adhibiti.

47 3103 109 3130 tione
119 3105 235 3133 adhibiti.
298 3104 374 3132 Festo
393 3104 453 3139 sum
467 3103 606 3131 Matrimes
619 3110 645 3130 et
657 3104 793 3130 Patriines.
829 3103 904 3137 Conf.
925 3109 939 3128 ι’
950 3109 1002 3129 AT
1011 3109 1030 3128 R
1040 3109 1048 3127 1
1059 3109 1083 3128 M
1094 3110 1113 3129 1.

83 3145 137 3168 MA
147 3147 168 3168 T
180 3148 200 3168 R
210 3148 219 3167 1
229 3148 265 3174 X,
285 3141 342 3168 icis.
363 3140 382 3166 f.
423 3140 532 3173 Femina,
546 3149 608 3174 quae
615 3141 700 3173 foetus
710 3140 800 3175 gratia
820 3146 929 3165 tenetur.
976 3138 1111 3165 Columel.

48 3180 73 3206 S,
88 3182 113 3207 2,
125 3181 139 3205 8
169 3176 225 3203 Sint
244 3186 310 3211 ergo
329 3177 451 3203 matrices
471 3175 574 3203 robusti
595 3176 734 3210 corporis,
760 3174 918 3210 quadratae,
939 3174 1111 3209 pediorosae,

47 3211 149 3244 magnis
162 3212 288 3245 capitibus
298 3233 307 3246 ,
328 3215 359 3238 cle
368 3212 479 3247 gallinis.
518 3215 558 3239 De
569 3213 642 3237 hulam
659 3213 734 3238 Varr.
744 3210 776 3237 de
789 3212 819 3237 R.
828 3211 860 3236 R.
872 3219 904 3244 2,
918 3219 945 3244 5,
959 3219 986 3236 12
1014 3209 1110 3237 Habeo

48 3251 137 3272 tauros
149 3247 258 3274 totidem
272 3255 339 3284 quot
351 3249 468 3282 Atticus,
487 3247 519 3274 ad
534 3248 656 3274 matrices
670 3248 832 3283 septuaginta
845 3246 923 3280 duas,
943 3256 1025 3273 vnum
1038 3247 1110 3273 anni·
1128 3250 1156 3278 85
1175 3245 1271 3278 habet,
1297 3254 1380 3281 quum
1399 3253 1533 3272 maturum
1552 3246 1638 3271 semen
1659 3243 1753 3275 habet,
1773 3249 1827 3269 tuin
1841 3241 1993 3276 tempestiua
2007 3241 2051 3268 est.

47 3282 137 3308 culum
147 3301 155 3313 ‚
173 3280 284 3321 alterum
296 3284 408 3312 bimum.
875 3283 945 3309 Suet.
960 3283 988 3309 iu
1003 3282 1110 3316 August.

47 3326 68 3344 c.
82 3326 118 3350 94
144 3316 280 3345 Matricem
293 3320 417 3347 arborem
431 3321 511 3355 dicit,
532 3323 570 3346 kx
585 3330 633 3355 qua
647 3318 935 3354 stolum-5fimreueriam.
1053 3317 1073 3354 q
1095 3326 1111 3344 z

46 3352 187 3379 Matricem
226 3352 349 3390 [mi-reni]
385 3357 474 3382 medici
491 3356 616 3392 accipiunt
634 3352 679 3391 pro
706 3356 823 3381 Vtriculi>
842 3355 886 3389 qui
899 3356 926 3380 in
933 3354 1042 3389 feminis
1056 3357 1110 3380 iun-

48 3389 98 3414 Hus
110 3387 142 3423 ³st
156 3387 247 3420 vt’sfcae
256 3407 264 3420 ‚
283 3396 306 3414 et
321 3394 355 3416 ad
369 3395 585 3427 progenerandum
603 3399 676 3425 aptus
689 3391 731 3425 eft.
804 3391 871 3418 Plin.
885 3398 935 3425 27,
953 3399 982 3416 10
1016 3389 1108 3417 Matri-

49 3433 114 3451 cem.
123 3430 211 3450 autem
225 3429 250 3450 et
262 3422 421 3454 stomachum
434 3427 542 3455 decocta
555 3428 583 3454 in
597 3428 664 3454 vino
674 3448 682 3460 ,
696 3423 780 3455 'sanan

37 3461 74 3485 'in
88 3460 182 3486 ceruice
195 3459 355 3485 iumentorum
367 3462 457 3496 Veget,
469 3464 618 3490 Mulomed,
632 3473 659 3496 1,
681 3471 728 3496 25,
748 3473 755 3489 ι
789 3470 813 3488 et
821 3462 935 3498 saepius,
962 3464 1015 3488 viil,
1036 3459 1107 3496 Gesn.

47 3496 105 3538 lae-x·
120 3494 186 3530 Rufi·
256 3530 261 3535 ,
363 3492 385 3533 Ἴ
414 3506 432 3528 4
467 3500 566 3526 Matrix
586 3500 659 3526 etiam
679 3499 728 3535 est,
758 3498 900 3533 Regestum
925 3499 977 3525 siue
1002 3497 1108 3525 Album.

51 3533 107 3558 Vta'.
120 3531 200 3558 Glots.
215 3530 352 3557 Philoxen.
368 3538 392 3556 et
410 3531 518 3562 Tertul.
532 3534 564 3562 de
584 3536 656 3571 Fuga
668 3535 696 3562 in
710 3536 838 3570 persecut.
856 3545 878 3561 c.
900 3543 933 3568 13.
989 3536 1038 3560 Pro
1057 3543 1109 3569 qua

47 3573 129 3593 tamen
143 3567 261 3600 *usitatius
273 3567 374 3601 panitur

483 3285 543 3311 Col.
556 3291 583 3319 7,
596 3293 624 3317 3,
639 3292 666 3310 12
686 3290 715 3309 cte
729 3284 819 3309 ouibus.

1152 398 1166 422 5

1146 749 1171 774 15
1190 743 1382 778 ipscfhrmari,
1397 744 1483 778 fingi,
1498 743 1567 778 fletfli
1579 743 1682 768 Ait-itur.

1160 1170 1165 1174 ’
1192 1168 1347 1200 consumere
1373 1172 1429 1198 Cic.
1446 1181 1496 1206 pro
1511 1172 1608 1198 Roscio
1622 1173 1681 1197 Am.
1695 1180 1717 1197 c.
1727 1179 1764 1203 32.

1144 1289 1175 1313 30
1192 1282 1314 1308 Viribus,

1147 1470 1174 1495 35

1015 1637 1122 1676 Violata
1137 1650 1174 1674 40
1189 1641 1266 1667 latius
1298 1639 1430 1672 Qiinffil.
1454 1639 1482 1665 in
1505 1646 1624 1672 prooem.
1645 1646 1662 1664 1.

967 1999 1006 2023 De
1017 1996 1119 2036 'diest-b-
1140 2008 1171 2032 50
1189 2000 1311 2026 Nancisci
1334 1999 1372 2025 Id.
1386 1999 1457 2024 Fam.
1472 2005 1495 2030 3,
1510 2004 1536 2029 7.

1139 2181 1167 2207 55
1186 2173 1253 2198 riam
1273 2171 1440 2198 retraetatam
1461 2169 1593 2203 Qiinffli.
1608 2178 1639 2202 2,
1653 2179 1680 2202 4.

670 2349 730 2374 Liu.
748 2355 778 2379 23
817 2346 999 2373 Matrimoniis
1019 2353 1118 2372 conuo-
1133 2351 1168 2375 60
1184 2356 1236 2380 24,
1252 2357 1296 2388 49,

532 2528 614 2555 Plaut.
631 2528 708 2554 Cure.
724 2535 753 2560 5,
767 2535 798 2560 2,
811 2535 830 2560 4
859 2528 934 2553 Pater
946 2525 1023 2551 istum
1042 2533 1117 2550 meus
1135 2529 1166 2560 65
1183 2527 1345 2562 indulgentia
1360 2527 1448 2553 nostra
1462 2526 1610 2552 nutriamus
1640 2526 1699 2553 Liu.
1714 2535 1739 2560 ι,
1754 2535 1794 2560 39.
1831 2537 1849 2555 ι.
1869 2528 1984 2555 indolem.

1136 2692 1139 2693 ⁷
1181 2677 1211 2703 8,
1228 2680 1262 2698 12.

925 2707 956 2733 In
976 2705 992 2731 l.
1012 2705 1115 2740 prima,
1130 2714 1166 2741 70
1181 2708 1236 2734 ria'c
1258 2707 1314 2733 Cic.
1329 2716 1379 2741 pro
1391 2706 1450 2733 Mil.
1465 2716 1484 2734 c.
1493 2715 1526 2738 13.

1125 2893 1158 2920 75
1180 2889 1272 2919 Nempe
1433 2885 1454 2924 ff
1476 2894 1491 2912 2

944 3424 999 3467 5ss
1041 3428 1108 3451 Vena
1121 3429 1158 3454 90
1175 3427 1259 3452 Hitur.

1598 156 1840 197 MAT
2174 162 2243 197 226

1185 248 1316 281 Matrique
1336 247 1393 275 <ida
1414 247 1490 275 Nero
1522 246 1628 282 proprii
1652 246 1708 273 vim
1741 245 1850 281 pertulit
1869 246 1932 273 ensis
1952 248 2047 275 Auson.
2067 247 2094 275 in
2113 247 2246 281 Caesarii.

1184 290 1314 319 perperam
1333 291 1413 309 autem
1426 283 1535 318 secunda
1550 282 1649 318 syllaba
1664 283 1811 317 producitur
1839 283 1870 306 ab
1894 286 1973 308 eudem
2000 285 2096 310 Auson.
2120 284 2191 311 Caes.
2213 293 2248 316 235.

1187 320 1290 379 gcmque
1309 318 1399 346 Sidou.
1420 320 1509 347 Carni.
1523 328 1554 353 5,
1569 328 1619 352 290
1652 318 1695 344 vbi
1713 319 1770 344 vid.
1791 319 1902 351 Saum-o,
1928 325 1951 343 ct
1969 322 2029 345 add.
2052 319 2113 355 lsiffl
2137 321 2166 345 de
2182 326 2247 345 Arte

1213 362 1298 378 ΓΛΠΠῙΙ.
1314 363 1341 388 2,
1361 363 1396 381 20.

1225 394 1248 413 M
1260 394 1279 413 Α
1290 394 1338 414 TR
1349 396 1357 414 ι
1367 395 1384 415 c
1394 392 1406 416 ι·
1416 397 1434 416 n
1445 398 1451 416 ι
1463 397 1517 418 VM
1527 411 1535 424 ‚
1556 389 1574 417 i.
1599 399 1627 417 ιι.
1662 389 1853 425 [uni-gomma]
1895 388 1972 414 Amas
1987 387 2044 424 ipse.
2086 390 2142 417 Cic.
2161 389 2192 417 de
2206 391 2247 418 1n-

1187 429 1259 449 vent.
1273 431 1293 455 1,
1308 428 1332 452 ¹8
1353 433 1373 449 c·
1389 433 1412 456 ¹3
1446 426 1549 453 Orestes
1563 425 1579 452 Γι
1593 426 1725 453 accusetur
1739 424 1899 455 matricidii,
1919 431 1964 451 etc.

1224 465 1414 491 MATERA,
1450 462 1504 487 vid.
1527 467 1724 489 MATARA.

1224 500 1434 526 MATERiA,
1465 504 1502 521 ae.
1545 499 1588 522 -ucl
1615 503 1841 530 MATERIES,
1874 496 1909 522 ei·
1943 494 1963 521 f-

2015 496 2027 529 [
2044 493 2101 527 ῧλη,
2123 495 2250 532 ὑπόθεσις]

1189 531 1266 555 Omne
1278 529 1354 560 illud,
1381 539 1392 555 e
1405 539 1450 564 quo
1468 531 1567 565 aliquid
1581 533 1656 566 ficri,
1675 528 1803 567 forniari,
1822 532 1890 569 fingi
1909 530 2067 566 intelligitur.

2127 535 2152 556 A
2172 541 2249 558 matre

1144 572 1172 589 10
1188 566 1290 591 videtui·
1302 574 1385 591 nomen
1404 565 1506 598 habere,
1531 575 1592 599 quae
1609 577 1660 592 cum
1687 569 1786 603 maffinn
1804 576 1828 594 et
1843 568 1983 604 particulas
1994 567 2155 602 suppeditare·
2168 567 2250 600 fhctui

1188 604 1307 626 ‘viaeatur
1317 612 1324 625 .·
1361 600 1559 641 Ηηεβιιὶιίᾳιιίιί
1570 601 1615 636 est,
1636 612 1648 627 e
1661 612 1706 635 quo
1719 600 1820 638 aliquid
1830 604 1910 637 oriri,
1921 604 2003 638 fingi,
2020 604 2144 636 firmari,
2164 603 2252 628 excudi

1187 639 1301 671 ponimus
1310 658 1318 669 ,
1336 642 1475 663 materiam
1489 638 1574 662 vocari
1589 637 1707 662 inualuit.
1763 642 1811 665 Sed
1823 640 1897 665 etiam
1909 641 1937 667 tle
1953 640 1984 664 iis
1996 639 2106 670 dicitur,
2125 647 2188 673 quae
2202 647 2252 663 cor-

1187 680 1250 708 pora
1264 681 1311 697 non
1320 672 1396 707 sunt,
1418 672 1468 707 sed
1483 673 1564 697 animo
1583 679 1680 697 tantum
1695 673 1870 708 obticisantur‚
1895 675 1921 700 in
1938 682 2058 710 quantum
2071 677 2101 699 de
2112 674 2144 699 iis
2163 674 2253 708 cagita-

1190 717 1249 740 την,
1269 707 1544 743 disputaturfiribitm·
1563 714 1611 733 etc.
1649 707 1707 732 item
1720 708 1769 742 ipsc
1791 711 1886 736 animm
1905 711 2025 743 hominis,
2052 709 2079 734 in
2099 716 2216 744 quantum
2231 716 2254 733 et

1758 744 1837 770 Ouid.
1852 746 1913 772 Met.
1928 755 1950 778 2,
1964 753 1978 778 ς
2008 745 2148 772 Materiam
2166 745 2253 779 super-

1189 779 1249 806 abat
1262 788 1338 814 opus.
1414 778 1497 804 Rudis
1510 778 1618 804 materia
1630 798 1638 810 ,
1657 780 1676 803 i.
1696 779 1807 804 Primum
1815 781 1890 805 chaos.
1927 782 2025 808 Lucan.
2037 789 2062 811 2,
2074 786 2096 812 8.
2134 779 2253 807 Scribon.

1189 817 1204 841 6
1233 816 1347 849 Oportet
1359 820 1530 849 permanente
1543 813 1635 849 capitis
1649 813 1743 839 dolore
1757 814 1892 840 materiam
1906 824 2012 850 quoque
2026 817 2164 844 detrahere
2177 824 2208 842 ex
2220 825 2253 843 eo

1189 861 1236 886 per
1249 859 1323 877 nares
1338 851 1380 877 vel
1393 859 1440 883 os,
1460 850 1478 876 i.
1500 850 1638 883 humorem,
1650 851 1780 883 pituitam,
1794 850 1820 873 in
1835 859 1883 883 qua
1899 857 1921 875 et
1934 861 1945 874 e·
1959 862 2006 884 qua
2026 855 2094 878 dolm-
2107 852 2146 878 illc
2157 852 2202 888 effi
2214 854 2255 878 vi—

1190 890 1272 914 detur.
1311 889 1380 913 Amr.
1396 886 1524 920 Comp.9.
1579 885 1664 911 Paullo
1673 884 1751 910 aliter
1765 885 1859 919 Conip.
1873 890 1905 917 §54
1926 886 2147 921 Quandoquidem
2166 888 2254 914 omnis

1144 929 1178 948 20
1190 922 1345 950 constrictio
1358 922 1385 948 in
1399 928 1537 955 Vtramque
1552 927 1652 955 partem
1666 920 1752 955 exiget
1765 928 1848 955 aeque
1869 920 2012 947 subiectam
2026 925 2178 954 materiam,
2190 923 2253 950 sicut

1192 968 1278 985 vti-cm
1293 958 1310 984 si
1323 959 1382 992 quis
1398 957 1516 984 medium
1532 957 1627 991 laqueo
1641 955 1846 989 constrinxerit,
1871 956 2062 983 animaduertet
2076 959 2103 984 in
2117 967 2256 995 vtramque

1192 1002 1292 1029 partein
1307 992 1446 1020 excludere
1462 992 1609 1019 subifflum
1623 993 1765 1027 liquorem.
1838 992 1904 1018 Cels.
1919 1001 1947 1024 3,
1968 1001 1986 1025 4
2014 994 2100 1019 Minui
2120 996 2254 1022 materiam

1191 1032 1356 1064 superantem
1371 1035 1495 1063 oportet,
1514 1037 1581 1062 quae
1594 1028 1750 1054 naturaliter
1764 1027 1910 1062 digeritur,
1932 1028 1978 1053 vbi
1994 1028 2061 1055 nihil
2076 1029 2254 1057 nouiacccdit.

1191 1069 1348 1099 Incorrupta
1363 1065 1392 1091 ir.
1408 1063 1490 1091 Surda
1505 1064 1633 1096 Materia,
1660 1064 1715 1089 vid.
1730 1064 1771 1090 hh.
1787 1073 1832 1090 vv.
1906 1063 1974 1090 Illud
1994 1064 2075 1090 inodo
2095 1064 2237 1093 videndum
2248 1088 2255 1099 ‚

1144 1111 1174 1135 25
1192 1110 1219 1129 vt
1235 1101 1360 1128 Materies
1371 1102 1487 1135 suppetat
1500 1099 1619 1126 scutariis
1639 1099 1720 1126 Plaut.
1735 1098 1810 1133 Epid.
1827 1107 1853 1130 i,
1866 1109 1890 1132 ι,
1905 1108 1940 1132 35.
1977 1100 1995 1125 i.
2015 1107 2044 1125 vt
2057 1102 2175 1134 habeant,
2194 1105 2257 1136 qum!

1336 1138 1365 1163 ln
1379 1135 1485 1171 singulis
1500 1135 1578 1162 rebus
1590 1134 1723 1162 eiusmodi
1737 1135 1861 1162 Materies
1875 1135 1910 1162 est
1920 1156 1927 1168 ,
1948 1142 1975 1162 vt
1990 1136 2044 1162 dics
2057 1136 2170 1172 singulos
2183 1138 2255 1172 pollit

1823 1172 1973 1206 Frequenter
1994 1173 2020 1197 in
2036 1173 2127 1207 primis
2145 1172 2257 1199 Materia

1193 1210 1273 1242 libri,
1292 1209 1348 1242 stuc
1367 1208 1516 1235 Materies:
1559 1207 1703 1241 Hypothests
1729 1206 1800 1241 ipsa,
1827 1214 1852 1232 et
1875 1215 2045 1241 aigumentum
2068 1209 2134 1242 quod
2157 1216 2256 1234 vacant.

1194 1247 1262 1272 Hor.
1276 1244 1307 1271 de
1321 1247 1382 1271 Arte
1397 1245 1470 1270 Poet.
1491 1248 1518 1275 38
1541 1242 1641 1269 Sumite
1655 1243 1793 1268 materiam
1808 1242 1910 1276 vestris,
1932 1243 1978 1278 qui
1998 1244 2112 1270 scribitis
2122 1264 2129 1276 ,
2147 1252 2257 1278 acquam

1374 1280 1430 1306 Cic.
1447 1279 1478 1305 de
1492 1279 1566 1305 Orat.
1580 1289 1602 1312 3,
1619 1286 1641 1310 5ι
1670 1278 1894 1313 Quandoquidem
1918 1279 1945 1305 in
1963 1288 1993 1306 ea
2012 1280 2131 1306 versatur
2149 1286 2257 1313 orator,

1191 1324 1270 1352 atque
1285 1326 1315 1343 ea
1335 1316 1370 1342 est
1390 1315 1416 1342 ei
1437 1314 1554 1342 stibie&a
1573 1315 1710 1347 materies,
1734 1315 1841 1347 omnia,
1868 1323 1912 1341 etc.
1969 1315 2010 1341 Sic
2030 1315 2114 1341 Nitor
2134 1316 2258 1342 materiae

1191 1353 1323 1386 Qiinc'til.
1339 1361 1365 1385 3,
1387 1357 1408 1382 8.
1481 1350 1685 1383 Abundantior,
1705 1357 1783 1386 atque
1795 1351 1862 1377 vltra
1877 1360 1955 1385 quam
1975 1350 2116 1385 oportebat
2129 1351 2185 1377 fusa
2205 1361 2258 1377 ma-

1191 1389 1259 1416 teria
1283 1388 1415 1422 Qiine’til.
1429 1396 1443 1414 2
1453 1408 1460 1416 .
1475 1396 1502 1420 4.
1575 1386 1744 1421 Compolitae
1758 1387 1884 1414 materiae
1896 1386 1927 1413 ad
1949 1386 2152 1413 ostentationem
2184 1386 2258 1414 Idem

1330 1424 1525 1450 Deliberatiuae
1539 1422 1729 1457 iudicialesque
1756 1421 1793 1449 ld.
1806 1431 1822 1448 2
1833 1443 1841 1455 ‚
1857 1431 1874 1450 1.
1945 1422 2018 1449 Felix
2037 1423 2146 1450 materia
2160 1422 2187 1449 in
2203 1431 2257 1450 cat-

1701 1460 1795 1492 Ingens
1815 1457 1847 1485 ad
1865 1457 2006 1485 dicendum
2032 1458 2164 1491 Qiinftil.
2177 1467 2209 1493 z,
2229 1467 2255 1492 4.

1191 1497 1280 1524 lot-osa
1307 1495 1389 1522 Ouid.
1404 1496 1476 1522 Rem.
1491 1496 1582 1521 Amor.
1595 1499 1650 1529 387.
1712 1494 1873 1527 Luculenta,
1903 1495 1958 1522 vid.
1973 1502 1989 1521 L
2000 1501 2019 1520 V
2030 1500 2047 1520 C
2057 1501 2077 1520 v
2088 1501 2105 1520 L
2116 1501 2133 1520 E
2142 1501 2164 1520 N
2174 1501 2195 1520 Τ
2203 1502 2223 1521 v
2233 1501 2255 1521 s.

1190 1533 1318 1561 Mortales
1345 1532 1437 1558 Tacit.
1455 1530 1521 1558 Hist.
1540 1540 1568 1564 5,
1588 1538 1609 1563 5.
1681 1529 1840 1564 Mffltiplcx,
1866 1530 1992 1565 variaque
2025 1530 2157 1562 Quinetil.
2176 1539 2207 1564 2,
2228 1539 2255 1564 4.

1190 1568 1353 1595 Performata
1363 1590 1371 1601 ,
1403 1567 1456 1592 vid.
1477 1574 1491 1593 Ρ
1501 1573 1517 1592 E
1528 1573 1546 1593 R
1556 1572 1628 1592 FOR
1637 1572 1661 1592 M
1671 1572 1699 1592 o.
1773 1565 1888 1592 Plurima
1907 1565 1939 1592 ad
1957 1565 2126 1600 fingendum,
2150 1566 2256 1593 creden-

1190 1604 1306 1638 dumque
1331 1604 1421 1630 Tacit.
1437 1602 1504 1629 Hist.
1521 1611 1539 1634 i,
1554 1611 1586 1635 51.
1660 1601 1780 1628 Vberior
1804 1601 1936 1634 Quinem.
1951 1610 1974 1634 3,
1988 1610 2019 1628 11.
2090 1601 2218 1636 Aperiens
2232 1603 2256 1630 se

1743 1638 1843 1663 Crescit
1864 1637 1933 1663 mihi
1958 1636 2081 1664 materies
2108 1638 2257 1670 scribendi,

1188 1677 1241 1702 vid.
1258 1682 1274 1701 C
1285 1682 1302 1702 R
1315 1683 1330 1701 E
1340 1681 1377 1702 SC
1387 1682 1416 1702 O.
1490 1675 1650 1708 Decoquuut
1663 1673 1726 1699 anni
1741 1673 1879 1698 materiam
1906 1673 2017 1705 Quin&
2033 1681 2045 1698 2
2055 1693 2064 1705 ,
2077 1681 2095 1705 4
2104 1690 2112 1704 ,
2124 1680 2150 1707 7.
2208 1673 2257 1699 De-

1188 1712 1280 1738 stinata
1304 1711 1336 1737 ad
1361 1710 1530 1738 scribendum
1564 1709 1637 1735 Idem
1656 1718 1684 1742 5,
1714 1717 1751 1735 ιε’.
1831 1708 1978 1735 Detrahere
2003 1708 2142 1734 materiem
2166 1709 2258 1735 sceleri

1189 1748 1279 1774 Tacit.
1295 1749 1361 1773 Ann.
1377 1756 1412 1780 iz,
1425 1755 1466 1772 22.
1541 1745 1637 1770 Dicere
1651 1745 1773 1770 materias
1788 1743 1860 1770 stelas
1882 1743 2013 1776 Qiinffil.
2027 1751 2053 1775 2,
2067 1754 2090 1776 4.
2148 1744 2257 1770 Dietare

1188 1784 1321 1816 materias,
1337 1792 1401 1817 quas
1421 1782 1542 1808 imitetur
1556 1789 1622 1814 puer
1647 1780 1721 1807 Idem
1735 1788 1768 1813 2,
1788 1789 1815 1812 4.
1890 1780 1959 1806 Dare
1980 1780 2118 1806 materiam
2144 1780 2257 1806 exordio

1407 1819 1478 1845 Dare
1491 1816 1697 1851 praeformatam
1713 1816 1862 1849 materiam,
1876 1815 2019 1842 secuudum
2040 1816 2167 1851 cuiusque
2186 1816 2257 1842 vires

1384 1855 1454 1881 Dare
1472 1852 1552 1879 alicui
1565 1851 1742 1887 respondendi
1763 1852 1900 1878 materiam
1927 1851 1966 1879 ld.
1987 1855 2018 1885 6,
2039 1860 2060 1884 3.
2134 1852 2257 1886 Duplicat

1628 1890 1667 1914 De
1688 1887 1881 1922 comparationis
1899 1887 2085 1914 exercitatione.
2144 1888 2258 1922 Fingere

1938 1923 2127 1958 Eri-patientur,
2148 1930 2173 1950 et
2194 1932 2256 1958 gau·

1191 1145 1278 1171 agant.

1191 1434 1262 1487 {iiiia
1290 1459 1372 1487 Ouid.
1387 1461 1480 1486 Amor.
1496 1468 1522 1490 1,
1541 1468 1571 1492 3,
1591 1467 1627 1491 ¹9.

1186 1856 1223 1883 Id.
1238 1865 1263 1888 2,
1284 1858 1309 1881 6.

1187 1892 1325 1918 materiam
1358 1889 1490 1924 Quinctil.
1509 1897 1538 1921 2,
1559 1897 1586 1921 4.

1187 1928 1310 1954 materias
1324 1926 1433 1954 veritati
1448 1933 1526 1959 quam
1540 1923 1685 1951 fimillimas
1720 1923 1757 1950 Id.
1773 1932 1805 1956 2,
1827 1931 1865 1949 ιο.

1188 1963 1265 1989 deant
1284 1963 1396 1989 materia
1432 1961 1470 1989 Id.
1492 1970 1522 1993 2,
1545 1969 1579 1987 ιο.
1666 1959 1772 1986 Habere
1798 1959 1935 1985 materiam
1971 1960 2028 1985 Cic.
2049 1960 2076 1985 in
2102 1959 2202 1985 Sallust.
2229 1968 2247 1993 9

1611 1995 1735 2021 Praebuit
1749 1995 1842 2019 iuueni
1858 1994 1994 2020 materiem
2007 1994 2166 2028 adipiscendi
2181 1995 2256 2020 tauo-

1187 2036 1223 2059 ris
1251 2034 1343 2058 Tacit.
1358 2035 1426 2057 Ann.
1441 2041 1462 2061 3,
1476 2039 1506 2060 3¹-
1582 2029 1691 2054 Praebet
1703 2029 1758 2054 vita
1770 2029 1910 2054 materiem
1925 2028 2000 2054 malis
2029 2029 2110 2055 Ouid.
2125 2038 2156 2055 ex
2170 2031 2255 2056 Ponto

1184 2076 1215 2098 4,
1229 2070 1266 2097 16,
1281 2074 1320 2096 50.
1394 2064 1522 2090 Praebere
1536 2063 1673 2088 materiam
1687 2063 1734 2089 suo
1749 2063 1845 2089 damno
1871 2063 1909 2091 td.
1924 2064 1988 2090 Met.
1998 2071 2025 2097 2,
2045 2073 2094 2097 213.
2168 2065 2255 2098 Qiae-

1187 2109 1245 2126 rere
1260 2100 1347 2126 amori
1361 2100 1498 2126 materiam
1530 2098 1568 2124 id.
1583 2097 1614 2124 de
1627 2100 1690 2125 Arte
1704 2101 1764 2125 Am.
1779 2107 1804 2131 1,
1822 2107 1864 2132 49.
1935 2099 2098 2134 Relinquere
2117 2101 2255 2128 materiem

1188 2136 1263 2162 Drufi
1278 2135 1368 2162 fratris
1380 2133 1484 2170 gloriae
1511 2134 1602 2160 Tacit.
1615 2134 1682 2160 Ann.
1697 2143 1729 2168 2,
1743 2136 1783 2160 26.
1858 2134 1979 2161 Scribere
1998 2134 2029 2161 de
2049 2136 2155 2170 integro
2175 2142 2253 2163 mate·

1736 2170 1797 2195 Sere
1809 2170 1948 2196 materiam
1963 2170 2019 2197 Cic.
2034 2180 2083 2205 pro
2098 2171 2197 2199 Domo.
2217 2192 2223 2198 .
2246 2192 2253 2199 .

1185 2208 1329 2241 Suggerere
1356 2206 1487 2239 Quinetil.
1502 2215 1528 2237 5,
1548 2212 1573 2238 7.
1650 2204 1774 2230 Trahere
1786 2206 1924 2231 materiam
1938 2214 1952 2231 a
1964 2214 1993 2232 re
2006 2206 2094 2241 aliqua
2127 2207 2166 2234 Id.
2180 2216 2216 2241 4,
2236 2217 2255 2234 i.

1185 2243 1250 2269 Belli
1267 2242 1393 2276 praebere
1425 2241 1493 2266 Vell.
1508 2247 1538 2271 2,
1557 2242 1608 2271 62,
1627 2247 1648 2270 3.
1722 2240 1789 2266 Plin.
1809 2240 1838 2266 in
1852 2240 1945 2274 Pancg.
1963 2250 1984 2267 c.
1999 2246 2027 2274 38
2044 2248 2086 2276 pr.
2125 2242 2254 2270 Delibass'e

1184 2277 1311 2311 quaedam
1320 2300 1328 2311 ‚
1350 2278 1393 2303 seu
1408 2276 1497 2310 potius
1511 2273 1696 2301 demonstrasse
1709 2281 1863 2308 contentus,
1883 2277 1992 2311 largam,
2001 2285 2029 2303 ac
2037 2286 2119 2312 prope
2127 2278 2253 2306 intaffiain

1183 2311 1367 2340 benefaciendi
1382 2311 1519 2337 materiam
1536 2309 1593 2336 filio
1607 2311 1761 2337 reseruauit.
1835 2312 1900 2338 Mali
1915 2313 2024 2339 materia
2043 2313 2112 2340 Hor.
2126 2314 2215 2343 Carm.
2228 2323 2252 2348 3,

1370 2346 1477 2382 Cupido
1493 2345 1618 2381 pecuniae
1634 2346 1740 2381 primo,
1765 2346 1861 2374 deinde
1875 2348 1983 2383 imperii
1998 2349 2096 2375 creuit:
2133 2359 2162 2376 ea
2182 2350 2253 2383 quali

1184 2385 1310 2411 Materies
1325 2384 1448 2411 omnium
1463 2382 1597 2408 Malorum
1616 2381 1693 2409 fuere
1724 2383 1784 2409 Sall.
1800 2383 1858 2411 Cat.
1879 2393 1901 2411 c.
1914 2393 1952 2411 10.
2030 2386 2066 2412 Ea
2086 2386 2252 2413 vetustiffima

1183 2419 1345 2446 militaribus
1366 2419 1436 2446 odiis
1456 2418 1578 2447 materies
1611 2417 1702 2445 Tacit.
1715 2420 1790 2449 ,Ann.
1811 2428 1837 2452 1,
1854 2428 1893 2452 32.
1966 2420 2120 2455 Augebatur
2139 2422 2251 2455 Tullia,

1183 2456 1251 2482 nihil
1266 2456 1395 2482 Materiae
1414 2456 1442 2482 in
1461 2454 1523 2481 viro
1538 2463 1624 2488 neque
1638 2454 1669 2480 ad
1689 2454 1873 2490 cupiditatem,
1892 2465 1979 2491 neque
1997 2457 2028 2483 ad
2050 2457 2184 2484 audaciam
2204 2459 2253 2485 esse

1184 2492 1244 2519 Liu.
1261 2502 1285 2524 ι,
1305 2495 1349 2525 46.
1424 2491 1564 2517 Materiem
1588 2490 1703 2525 ingentis
1723 2491 1828 2526 publice
1847 2492 2027 2527 priuatimque
2046 2493 2157 2520 Decoris
2176 2494 2252 2521 omni

1836 2527 1842 2533 '
2059 2529 2108 2555 Fac
2127 2529 2203 2556 fuisse
2222 2530 2251 2556 in

1182 2564 1231 2590 illo
1247 2564 1277 2590 C.
1294 2564 1377 2590 Laelii
1390 2569 1435 2589 aut
1449 2563 1486 2589 M.
1495 2562 1605 2590 Catonis
1618 2563 1760 2590 Materiem
1768 2569 1847 2598 atque
1854 2563 1972 2590 indolem
1999 2564 2055 2591 Cic.
2065 2565 2162 2598 Verr.3
2177 2567 2250 2596 c.68.

1182 2600 1238 2626 Cic.
1252 2599 1283 2625 de
1298 2601 1355 2626 Inu.
1372 2608 1381 2626 1
1399 2608 1421 2625 c.
1435 2607 1451 2624 2
1483 2599 1558 2631 Quae
1571 2599 1681 2625 materia
1696 2599 1771 2632 esset,
1795 2605 1821 2626 et
1835 2606 1931 2634 quanta
1950 2599 1982 2626 ad
2002 2601 2129 2627 maximas
2148 2610 2190 2627 res
2203 2611 2250 2636 op-

1181 2635 1330 2670 portunitas
1345 2635 1440 2661 animis
1454 2635 1542 2661 inesset
1557 2634 1699 2661 hominum
1713 2643 1760 2661 etc.
1835 2636 1908 2669 conf.
1924 2636 2024 2671 Gesner.
2039 2638 2075 2662 ad
2085 2637 2250 2672 Qiinc‘iil.2‚

1319 2670 1391 2704 Qud
1405 2671 1477 2697 enim
1492 2670 1584 2697 odiss'et
1597 2670 1742 2704 Clodium,
1770 2671 1882 2705 segetem
1903 2679 1933 2697 ac
1943 2673 2083 2698 materiam
2104 2674 2164 2699 suae
2184 2673 2249 2700 Glo-

1565 2707 1637 2740 Conf.
1651 2706 1782 2743 Qiintffil.
1796 2712 1819 2740 8,
1833 2710 1860 2740 6,
1875 2715 1901 2741 7.
1972 2707 2055 2736 Plaut.
2070 2709 2129 2735 Mil.
2143 2718 2177 2742 4,
2191 2716 2214 2742 5,
2229 2719 2247 2743 4

1180 2745 1215 2769 Vt
1230 2744 1298 2769 lenta
1310 2743 1362 2769 fuit
1376 2742 1516 2775 materies,
1543 2742 1561 2769 i.
1576 2743 1713 2778 negotium,
1733 2745 1799 2777 quod
1815 2745 1889 2770 tarde
1900 2741 2021 2778 proceffit.
2079 2743 2160 2771 Ouid.
2182 2745 2246 2773 Her.

1179 2789 1207 2812 4,
1221 2782 1252 2809 86
1279 2779 1343 2806 Non
1359 2779 1414 2805 sum
1427 2778 1536 2805 materia
1550 2778 1627 2812 digna
1640 2778 1727 2813 perire
1741 2785 1793 2805 tua.
1852 2780 1987 2814 comparat
2000 2790 2106 2806 amorem
2113 2781 2188 2816 suum
2196 2791 2247 2807 cum

1178 2816 1250 2850 igne,
1276 2816 1316 2840 cui
1335 2815 1467 2841 materiam
1485 2821 1508 2840 et
1528 2815 1647 2840 aIImenta
1662 2815 1782 2848 praebeat
1800 2815 1958 2850 Hippolytus.
2020 2817 2078 2842 Non
2098 2817 2191 2850 merui,
2218 2824 2247 2843 vt

1175 2858 1276 2886 peream
1290 2860 1388 2886 amore²
1409 2860 1479 2886 quem
1492 2850 1626 2875 inmnlunt
1644 2857 1669 2875 et
1685 2851 1757 2876 alunt
1778 2858 1833 2876 tuae
1851 2851 1917 2876 dotes
1937 2852 2044 2886 corporis·
2067 2858 2141 2886 atque
2159 2853 2245 2879 animi.

1529 2886 1637 2920 Speciali
1651 2886 1836 2920 fignificatiane
1854 2885 1967 2912 Materia
1987 2888 2082 2920 lignum
2103 2895 2127 2913 et
2147 2889 2245 2913 arbores

1172 2924 1302 2958 fignificat
1317 2933 1323 2948 :
1357 2933 1386 2948 ac
1400 2931 1573 2956 nonnunquam
1587 2920 1629 2946 illa
1643 2919 1805 2956 appellatione
1814 2942 1822 2955 ,
1853 2922 1935 2956 Ligna
1948 2916 2030 2949 omnia
2043 2933 2084 2949 con
2090 2923 2244 2958 prehendun-

1179 2967 1222 2985 η.)-
1232 2972 1239 2984 .·
1277 2960 1342 2993 quod
1356 2959 1447 2984 Graeci
1460 2955 1514 2987 ὕλην
1526 2957 1651 2989 etfiluam
1666 2963 1689 2982 et
1702 2958 1828 2985 materiem
1843 2965 1936 2983 vacent.
1994 2959 2054 2984 Vct.
2069 2959 2147 2985 Glosl‘.
2164 2959 2243 2984 Mate-

1179 2996 1218 3022 ria
1231 2999 1310 3028 ξυλεῖα
1330 2994 1442 3022 Materia
1461 2993 1589 3027 cuiusque
1608 2992 1728 3027 generis,
1754 2999 1782 3020 vt
1802 2994 1829 3019 in
1851 2993 1935 3020 Gallia
1955 2993 2008 3026 est,
2033 3001 2135 3028 praeter
2155 2994 2244 3027 sagum

1178 3038 1257 3065 atque
1269 3031 1384 3057 abietem
1411 3030 1483 3056 Caes.
1498 3029 1562 3055 Bell.
1575 3028 1641 3055 Gall.
1657 3036 1686 3062 5,
1706 3037 1740 3055 ιε.
1813 3029 1932 3064 Propriis
1951 3030 2105 3056 nominibus
2126 3029 2243 3056 incusant

555 3068 624 3095 Tac.
640 3067 707 3094 Hist.
721 3077 756 3100 4,
771 3075 798 3101 53
831 3067 857 3092 in
875 3067 995 3102 Capitolii
1015 3067 1112 3091 deilica—
1129 3070 1161 3095 80
1177 3068 1292 3099 vallum,
1312 3066 1405 3099 foai-is,
1424 3065 1530 3099 pabuli,
1552 3065 1694 3098 materiae,
1715 3065 1851 3100 lignorum
1865 3064 1982 3105 aggestus
2014 3064 2081 3091 Tac.
2095 3064 2162 3090 Ann.
2173 3074 2191 3096 ι,
2203 3073 2241 3098 35,

1176 3111 1201 3129 2.
1260 3103 1372 3128 Materia
1386 3101 1417 3128 ad
1431 3101 1521 3128 onmia
1534 3106 1660 3134 vtumur‚
1680 3100 1811 3134 informi,
1837 3107 1862 3127 et
1875 3108 1941 3127 citra
1954 3100 2064 3134 speciem
2080 3099 2111 3126 ad
2131 3099 2241 3127 dclcc‘la-

1175 3139 1278 3165 tionem
1310 3139 1378 3164 Tac.
1392 3138 1484 3164 Germ.
1502 3146 1523 3162 c.
1536 3139 1565 3163 16
1596 3136 1762 3171 de'aea'ificiis
1782 3144 1892 3163 veterum
1911 3137 2097 3162 Germanorum.
2172 3136 2240 3163 Cato

1177 3173 1208 3200 dc
1223 3175 1253 3200 R.
1270 3175 1300 3200 R.
1315 3183 1336 3200 c.
1353 3181 1380 3208 17
1407 3172 1516 3205 Robur,
1537 3172 1661 3199 materies
1674 3172 1737 3199 item
1751 3182 1801 3207 pro
1814 3171 1914 3203 ridica,
1935 3170 1981 3197 vbi
2002 3170 2144 3198 solstitium
2159 3171 2241 3199 fuerit

1175 3210 1207 3235 ad
1228 3210 1366 3242 brumam,
1397 3210 1499 3243 semper
1518 3208 1671 3243 tempestiua
1690 3208 1734 3235 est.
1797 3208 1905 3233 Caetera
1918 3206 2051 3239 materies,
2068 3215 2135 3242 quae
2154 3208 2241 3234 semen

2114 3243 2171 3270 Cic.
2190 3252 2240 3278 pro

1175 3282 1271 3308 Milon.
1287 3289 1319 3317 75
1354 3283 1473 3316 Repente
1492 3280 1617 3313 lintribus
1631 3280 1659 3306 in
1672 3288 1729 3305 eani
1742 3279 1852 3305 insulam
1873 3277 2028 3311 materiam,
2055 3278 2166 3311 calcem,
2186 3288 2240 3306 cae-

1175 3325 1279 3350 menta,
1305 3324 1383 3353 atque
1396 3326 1468 3344 arma
1482 3316 1620 3343 conuexit:
1657 3315 1702 3340 vbi
1720 3323 1800 3341 tamen
1819 3314 1919 3349 propi-ie
1942 3316 1977 3338 aa'
1994 3313 2052 3339 aedi
2070 3314 2188 3340 tationem
2201 3325 2238 3340 rc-

1168 3354 1242 3388 ferri
1252 3353 1339 3390 potist.
1395 3355 1445 3380 Sed
1457 3353 1563 3380 Colum.
1579 3351 1641 3378 Arb.
1658 3361 1683 3384 ι,
1704 3360 1712 3377 ι
1746 3350 1873 3378 Materiae
1891 3349 1973 3383 magis
1992 3354 2082 3384 aptum
2102 3351 2236 3385 quoddam

1174 3399 1255 3425 genus
1269 3389 1455 3422 surculorum,
1480 3396 1504 3415 et
1523 3388 1590 3422 ienis
1609 3387 1754 3413 alimentum
1772 3394 1794 3412 et
1807 3385 1975 3419 aedificiorum
1987 3386 2119 3410 materiam
2139 3387 2237 3421 comple.

1317 3426 1458 3453 Materiem
1468 3432 1515 3460 pro
1528 3424 1605 3459 Ligno
1619 3425 1685 3458 quod
1695 3422 1728 3458 ⁶st
1739 3423 1804 3448 imm-
1819 3421 1930 3446 emicem
1943 3421 2036 3456 accipit
2049 3421 2156 3448 Colum.
2166 3430 2178 3454 5
2188 3442 2195 3454 ,
2210 3430 2238 3448 ιι.

1174 3464 1272 3495 disens,
1293 3463 1416 3489 Curicum
1430 3461 1548 3488 ferreum
1562 3460 1604 3486 vel
1618 3460 1715 3486 osseum
1731 3458 1801 3483 inter
1821 3456 1946 3482 corticem
1960 3462 1986 3483 et
2000 3457 2138 3490 materiem
2158 3457 2238 3483 conii-

1174 3497 1262 3525 derate
1277 3497 1427 3531 demittite,
1447 3506 1480 3523 ne
1494 3495 1579 3523 laedas
1589 3517 1597 3528 ,
1615 3502 1659 3521 aut
1673 3501 1777 3526 rumpas
1790 3492 1926 3518 corticem.
1981 3492 2093 3519 Materia
2112 3494 2237 3518 interdum

1173 3534 1263 3567 diffi’rt
1278 3544 1293 3558 a
1307 3534 1395 3567 Ligno,
1451 3532 1557 3567 leian.
1570 3531 1597 3557 in
1617 3531 1633 3557 1.
1652 3528 1792 3555 arboribus
1811 3528 1840 3554 in
1859 3527 1972 3562 princip.
2000 3527 2034 3554 D.
2053 3528 2085 3554 de
2107 3528 2235 3555 vsufrucl.

1174 3566 1324 3596 Arboribus
1335 3565 1449 3602 eiterfi5‚
1475 3568 1517 3595 vel
1537 3568 1564 3594 vi
1582 3571 1722 3592 ventorum
1737 3563 1861 3596 deiedtis,
1887 3572 1970 3598 vsque
1987 3562 2020 3590 ad
2033 3565 2108 3590 vsum
2122 3565 2196 3591 suum
2210 3571 2234 3590 et

81 3609 169 3629 M-AT
180 3603 332 3630 RICVLA
343 3623 352 3635 2
372 3611 409 3628 ae·
430 3600 450 3628 f.
485 3602 586 3633 Dimin.
623 3607 756 3641 Catalogus
771 3607 887 3633 militum.
925 3607 1018 3640 Veget.
1031 3613 1050 3637 ι,
1064 3607 1107 3631 26.
1123 3607 1155 3632 95
1173 3605 1253 3632 villae
1266 3607 1335 3640 posse
1348 3604 1575 3632 vsufruo'tuarium
1595 3602 1683 3632 serre,
1710 3599 1798 3626 Labeo
1814 3600 1866 3625 ait:
1903 3607 1950 3625 nec
1969 3600 2079 3626 materia
2101 3609 2160 3626 eum
2186 3607 2234 3633 pro

46 3645 71 3664 et
83 3646 114 3671 2,
129 3647 153 3666 2.
192 3640 253 3665 Inde
265 3640 302 3665 ad
311 3639 377 3664 alias
389 3647 427 3662 res
441 3639 603 3672 transfertur,

86 3680 278 3701 MATRlcv
290 3680 454 3706 LARIVS,
477 3673 495 3699 i.
524 3683 559 3701 m.

51 3709 126 3742 Item,
150 3710 246 3744 Inops,
271 3711 297 3736 in
311 3710 390 3736 Gloss'.
405 3709 494 3737 isidor.

85 3750 110 3770 M
118 3751 138 3771 A
147 3751 168 3772 T
176 3751 196 3772 R
205 3753 215 3771 1
224 3751 241 3772 c
249 3752 270 3772 v
280 3752 298 3773 Ι.
308 3753 329 3772 v
340 3753 352 3772 S
363 3766 371 3778 ,
389 3745 408 3772 i.
428 3755 464 3772 m.
490 3746 572 3771 Genus
582 3745 664 3780 piscis.
694 3750 772 3785 Apul.
787 3749 863 3784 Apol.
880 3759 886 3775 ι
909 3759 933 3784 p.
942 3751 995 3775 162.
1031 3747 1105 3783 Cenf.

49 3786 130 3806 tamen
144 3781 225 3807 coluit·
243 3784 324 3808 Notae
340 3789 365 3817 p.
379 3790 424 3815 253.

83 3822 107 3841 M
116 3822 138 3855 ,ξι
145 3822 295 3856 ‘rRicAL
305 3825 314 3844 ι
324 3825 354 3850 s,
374 3827 397 3844 e.
415 3832 418 3833 ν
435 3817 494 3844 Adi.
533 3816 677 3843 Matricalis
684 3827 749 3847 vena
767 3822 860 3857 Veget.
875 3830 894 3854 1,
907 3830 946 3850 ιο,
960 3828 985 3854 7.
1002 3828 1022 3853 ι,
1033 3827 1067 3853 13,
1081 3828 1105 3847 2.

47 3851 192 3877 Matricalis
205 3851 287 3880 herba
319 3854 396 3889 Apul.
410 3853 442 3880 de
456 3853 541 3880 Herb.
555 3862 575 3879 c.
591 3855 634 3879 66.

84 3893 110 3913 M
123 3893 143 3912 Α
156 3892 287 3922 TRtCi,
319 3891 372 3916 vid.
393 3895 591 3916 MATTICI.

82 3929 107 3948 Μ
117 3929 138 3948 Α
148 3928 168 3948 r
177 3928 195 3948 R
206 3921 219 3948 1⁹
228 3929 244 3950 c
253 3925 264 3950 ῑ
273 3931 290 3950 n
300 3932 334 3957 A,
353 3933 392 3952 ae.
414 3935 449 3952 m.
475 3926 487 3959 [
493 3925 658 3958 ansanum]
679 3924 733 3956 Qui
741 3931 850 3954 matrem
859 3928 964 3956 occidit.
1002 3927 1059 3953 cie.
1067 3926 1103 3958 Q

45 3957 114 3985 Frat.
131 3966 150 3992 1,
167 3966 181 3984 2
214 3959 301 3992 Quem
313 3961 404 3987 scribis
418 3960 587 3990 certiffimum
600 3960 774 3987 matricidam.

203 4000 225 4021 v
235 4001 288 4023 οι..
326 3997 385 4025 111.

644 3643 698 3669 Vid.
720 3642 782 3678 Voſjl
795 3645 824 3667 tle
843 3642 917 3668 Vitiis
932 3643 1008 3668 Scrm.
1021 3651 1048 3673 3,
1067 3649 1106 3673 24.

621 3679 647 3703 ui
661 3679 819 3705 matriculam
832 3678 920 3714 seruat
940 3679 1007 3713 apud
1018 3677 1106 3706 ICtos.

1114 3789 1162 3807 100
1172 3790 1228 3810 tum
1242 3784 1285 3810 cst.

829 3965 860 3989 Er
873 3964 964 3999 Nepos
979 3970 1019 3993 ις,
1035 3964 1066 3994 6,
1080 3964 1153 3989 2.ΙΟΞ
1167 3964 1236 3990 latur
1251 3963 1309 3990 Col.
1323 3970 1348 4025 ἓ,
1357 3967 1398 4023 1¹:7⁹
1413 3968 1439 3995 4.

1173 3641 1248 3676 ligno
1262 3643 1386 3674 vsurum,
1413 3640 1431 3667 ss
1454 3640 1533 3666 habet
1546 3637 1613 3664 vnde
1625 3641 1713 3663 vtatui·
1727 3635 1814 3670 ligno.
1876 3635 1951 3662 idem
1971 3636 2000 3661 in
2021 3635 2037 3662 l.
2058 3635 2123 3669 ligni
2151 3635 2182 3660 D.
2203 3634 2233 3660 de

1172 3677 1248 3711 legat.
1264 3687 1274 3709 3
1310 3677 1390 3711 Ligni
1404 3676 1546 3711 appellatio
1559 3680 1657 3698 nomen
1670 3671 1790 3705 generale
1802 3670 1852 3702 est;
1888 3670 1932 3698 sed
1951 3670 1983 3698 sic
1997 3671 2145 3705 separatur,
2165 3677 2192 3696 vt
2206 3669 2234 3694 lit

1171 3713 1242 3740 aliud
1258 3714 1384 3745 materia,
1405 3712 1478 3738 aliud
1492 3711 1510 3737 li
1529 3717 1600 3734 num.
1655 3707 1767 3734 Materia
1782 3706 1833 3740 est,
1854 3715 1921 3741 quae
1934 3706 1966 3732 ad
1980 3705 2168 3733 aedificandum
2184 3704 2233 3730 ful-

1172 3749 1329 3775 ciendunme
1341 3748 1479 3774 necessaria
1492 3719 1527 3771 esi
1591 3742 1723 3777 Lignum,
1743 3742 1875 3778 quidquid
1890 3741 2063 3768 comburendi
2079 3742 2149 3767 causa
2163 3747 2231 3772 para-

1344 3786 1414 3810 Add.
1429 3783 1445 3809 l·.
1460 3784 1493 3808 62
1506 3787 1529 3805 ct
1542 3781 1577 3814 67
1597 3779 1625 3806 ff.
1645 3779 1677 3805 de
1695 3780 1729 3806 V.
1744 3779 1768 3806 S.
1843 3777 1975 3811 Qiuctil.
1996 3784 2029 3811 7,
2045 3783 2087 3811 pr.
2103 3784 2112 3802 t
2144 3775 2230 3813 Opera

1170 3819 1362 3847 exstruentibus
1376 3828 1429 3845 non
1449 3816 1507 3843 satis
1525 3814 1560 3841 est
1573 3816 1629 3842 saxa
1645 3823 1670 3842 et
1682 3814 1819 3841 materiam
1829 3835 1836 3846 ‚
1857 3821 1882 3840 et
1897 3819 1996 3839 caetera
2010 3811 2153 3839 aedificanti
2169 3817 2229 3834 con-

1169 3864 1261 3890 gerere
1278 3856 1370 3887 vfilia,
1391 3853 1437 3880 nifi
1458 3851 1625 3885 disponendis
1644 3852 1681 3878 eis
1696 3850 1909 3884 collocandisque
1930 3847 2059 3875 artificum
2079 3852 2167 3871 manus
2186 3842 2229 3882 ad-

1168 3891 1300 3918 hibeatur.
1355 3890 1437 3916 Plaut.
1454 3888 1533 3915 Poen.
1547 3896 1565 3920 4
1575 3908 1583 3921 ,
1597 3895 1627 3920 2,
1642 3896 1671 3920 93
1698 3885 1783 3913 Proba
1797 3885 1906 3912 materia
1920 3884 1972 3916 est,
1993 3883 2010 3909 si
2023 3880 2133 3915 probum
2154 3877 2229 3904 adhi-

1169 3927 1228 3954 beas
1243 3927 1358 3954 fabrum.
1554 3932 1567 3956 3
1604 3923 1716 3950 Materia
1730 3923 1757 3947 in
1771 3922 1823 3956 vite
1848 3921 1972 3956 quidquid
1983 3919 2064 3951 li'gncu
2075 3930 2085 3937 ..
2103 3912 2135 3953 ist
2149 3913 2227 3948 ..ppel-

1541 3959 1566 3984 ui
1576 3959 1682 3994 proinde
1693 3957 1822 3993 palmitem
1838 3963 1928 3983 orn-mm
1945 3954 2017 3979 etiam
2029 3954 2167 3988 materiam
2186 3958 2229 4009 nto-

2128 3993 2196 4011 mma
2217 4003 2228 4016 ‚
