2517 4231
275 206 340 244 523
713 187 915 229 OBS
1824 183 2032 224 OBS
2395 194 2468 234 524

279 281 350 307 rium
364 279 488 307 studium.
580 280 676 306 Causae
690 279 717 305 in
730 278 843 305 obscuro
862 276 959 311 positae
987 275 1056 302 Cels.
1076 283 1084 300 1
1105 272 1189 309 praef.
1261 271 1341 298 Fama
1441 281 1460 301 o
1469 282 1486 302 B
1496 281 1510 302 s
1521 273 1563 303 fic
1572 282 1592 302 R
1603 280 1623 302 o
1635 296 1643 308 ,
1664 278 1717 302 fite.
1754 274 1900 308 [λιπαςε’ω,
1920 272 2055 308 ἐπιβαλῶ]
2094 282 2124 299 ex
2138 272 2219 300 Ob‘et
2231 272 2338 298 Sacrum
2352 272 2472 305 componi.

280 316 355 348 Vita.
370 316 433 342 Aen.
449 325 472 348 ς,
486 324 539 347 302.
557 311 561 316 ’
613 316 690 341 Fama
704 314 843 341 obscurior
856 320 922 337 aeuo
953 310 1034 338 Ouid.
1049 309 1114 336 Fast.
1129 311 1155 344 6,
1171 316 1223 340 ¹03-
1296 307 1341 333 Fa.
1404 317 1461 336 tur,-
1475 312 1605 346 fignificat
1622 311 1752 346 Persam-a
1768 319 1871 345 rogare,
1893 309 1952 341 vel,
1969 317 1999 334 vt
2011 309 2048 335 αἱ,
2063 310 2167 341 Festm’
2188 309 2277 342 Opem
2295 316 2309 333 a
2329 307 2405 334 sacris
2427 316 2470 341 pe.

281 360 323 378 ma
333 344 379 377 *est
399 351 538 378 obscurior
558 352 633 377 annis
667 351 741 384 Virg.
755 350 818 375 Aen.
831 357 854 379 7,
868 356 924 377 205.
995 345 1129 372 Homines
1159 344 1215 371 Cic.
1230 344 1301 370 Fam.
1317 354 1341 382 ς,
1405 351 1470 371 tere.
1507 342 1590 373 Nimis
1602 347 1703 382 anguste
1718 347 1846 378 Donatus,
1868 344 2024 378 Obsecrare,
2043 345 2080 371 est
2094 347 2177 372 Iratos
2193 352 2288 374 orare,
2307 345 2342 368 ad
2355 343 2470 369 Terent.

280 397 313 419 13,
327 396 351 419 ε).
371 387 390 414 i.
408 388 535 420 ignobiles.
630 387 667 412 Id.
681 394 729 420 pro
745 384 848 411 Cluent.
869 391 892 408 21
924 381 1034 409 Interim
1055 381 1130 408 venit
1150 380 1229 407 index
1248 380 1280 406 ad
1295 379 1342 405 D1-
1406 381 1473 407 Eun.
1488 391 1513 414 1,
1531 392 1556 415 1,
1569 392 1583 414 4
1614 380 1740 416 Exclusit,
1761 388 1883 411 reuocat3
1905 379 2028 406 redeam?
2049 389 2120 413 non,
2140 381 2157 408 si
2177 389 2220 407 me
2240 379 2366 405 obsecret.
2405 379 2470 404 Nam

281 431 368 456 neam,
389 417 479 457 neque
493 423 618 449 obscurus
633 430 718 454 neque
735 419 862 444 incertus:
883 418 930 453 qui
944 417 1078 444 nuntiaret
1097 417 1121 443 ei
1135 417 1220 443 filium
1236 416 1273 442 M,
1290 416 1342 440 Au-
1367 416 1379 442 5
1406 417 1466 441 licet
1479 417 1518 442 hic
1530 419 1636 443 deiram
1649 419 1789 454 sermofit,
1809 425 1890 443 tamen
1903 420 1932 442 in
1946 417 2019 442 verbo
2033 415 2143 443 obsecro
2158 426 2204 442 non
2218 415 2359 441 continetur
2374 413 2417 439 illa
2430 423 2470 439 re-

281 459 355 486 rium
368 456 476 485 vium-es
541 458 641 484 Odium
669 457 737 481 Hor.
753 453 829 488 Epist.
843 463 862 486 1,
878 462 915 486 14,
929 460 964 486 38.
1045 453 1102 479 Cic.
1117 453 1148 479 de
1164 453 1233 487 Lege
1247 452 1340 486 Agrar.
1406 451 1475 477 latio.
1548 452 1604 479 Cic.
1625 454 1689 488 post.
1703 454 1759 481 red.
1773 454 1804 480 ad
1818 452 1919 486 Quirit.
1942 454 1970 478 16
2004 452 2124 486 Denique
2143 453 2196 488 ipsc
2210 450 2242 477 ad
2256 456 2404 477 extremum
2419 457 2467 482 pro

283 504 305 526 2,
318 503 345 527 55
375 494 452 521 Nolo
466 494 610 528 suspensam
630 497 655 517 et
677 491 803 516 incertam
819 489 924 523 plebem
945 491 1023 516 Rom.
1038 489 1147 515 obscura
1162 490 1210 523 Spe
1228 494 1252 514 et
1268 494 1342 513 caeca
1407 496 1465 513 mea
1479 495 1526 513 vos
1542 487 1624 514 salute
1639 498 1693 516 non
1713 490 1817 525 rogauit
1834 489 1935 521 solum,
1957 496 2052 514 verum
2066 488 2146 514 etiam
2163 486 2321 514 obsecrauit.
2395 485 2469 512 Idem

282 530 478 565 exspectatione
499 529 619 564 pendere.
692 525 836 552 Tabernae
869 526 937 552 Hor.
956 525 988 552 de
1003 527 1066 551 Arte
1079 526 1152 552 Po'e‘t.
1174 533 1228 556 229.
1265 523 1342 549 humi-
1406 531 1456 558 pro
1472 522 1566 556 Quint.
1581 531 1614 556 99
1641 524 1731 559 Itaque
1744 532 1769 552 tc
1784 526 1835 552 h0c
1849 525 1977 557 obsecrat,
1997 529 2026 550 vt
2040 531 2083 550 etr.
2156 523 2194 550 101·
2208 523 2240 549 de
2253 523 2329 549 oms,
2344 529 2370 554 2,5
2382 526 2411 553 ες
2441 520 2470 546 Si

282 567 343 593 lium
356 566 491 596 hominum,
512 563 618 597 metaph.
637 560 783 596 deser-mone
795 561 895 595 plebeio.
968 562 1039 588 Vera
1061 561 1203 587 inuoluere
1224 558 1342 585 obscuris
1406 559 1552 592 intelligam
1568 559 1637 592 poss'e
1650 559 1682 585 ad
1698 562 1811 588 summos
1826 560 1986 596 peruenire,
2006 568 2062 585 non
2082 559 2166 585 solum
2187 558 2318 585 hortabor
2331 562 2361 583 vt
2378 556 2468 583 elabo-

283 603 360 635 virg.
377 603 441 628 Aen.
455 603 480 632 6,
496 607 551 624 100.
625 597 681 623 Cic.
695 597 726 622 de
741 596 847 623 Amicit.
861 603 886 627 18
912 597 1002 630 Qiare
1016 596 1063 623 libi
1076 596 1189 623 habeant
1203 595 1343 629 sapientiae
1361 599 1390 618 10
1406 601 1457 627 ret,
1477 594 1519 620 scd
1534 594 1613 620 ctiam
1627 593 1644 620 si
1658 595 1701 620 vir
1712 606 1819 632 quoque
1832 597 1901 624 mihi
1915 596 2001 623 bonus
2015 594 2168 627 videbitur,
2187 594 2340 621 obsecrabo.
2415 591 2469 618 Ob-

283 638 391 664 Nomcn
405 644 428 662 ct
444 633 607 661 inuidiosum
629 638 655 658 et
674 632 833 665 obscurum,
853 642 901 658 non
917 633 983 668 satis
996 632 1151 659 intellefflum.
1225 631 1343 657 Plerum-
1406 631 1478 657 secro
1492 637 1528 665 te,
1549 636 1577 655 vt
1591 630 1682 656 omnia
1696 637 1764 657 certa
1777 632 1920 666 perscribas
1947 632 1984 659 Id.
2001 632 2054 658 Art.
2068 640 2092 664 3,
2106 640 2137 657 11.
2212 630 2249 657 Id.
2262 630 2328 656 ibid.
2344 639 2374 662 u,
2389 638 2396 654 1
2429 627 2470 653 1d-
2498 647 2505 652 .

284 682 335 708 que
351 671 480 699 modestus
496 669 612 702 occup,lt
625 667 731 695 obscuri
745 669 856 704 speciem
884 668 1065 703 HoratAEpist.
1081 678 1099 701 1,
1114 673 1148 698 18,
1163 675 1208 700 94.
1226 668 1244 694 i.
1258 666 1343 707 astuti,
1407 676 1459 701 que
1471 673 1498 692 vt
1513 666 1602 698 facias,
1623 670 1648 691 te
1662 665 1779 692 obtestor
1789 674 1866 702 atque
1880 668 2000 695 obsecro.
2074 667 2109 693 ld.
2125 667 2197 693 Fam.
2210 676 2234 698 4,
2249 675 2267 692 ιι
2295 667 2387 698 Qunn
2398 663 2470 689 mihi
2500 664 2501 667 ’

283 716 306 734 ct
327 706 450 740 massine
468 705 540 730 larua
553 705 582 739 se
609 704 721 739 tegentis.
795 706 837 731 Sic
875 704 1009 731 Obscurus
1037 704 1095 737 vir,
1121 704 1237 735 astutus,
1263 703 1342 729 tallax
1407 703 1438 729 C.
1452 702 1594 729 Marcellus
1607 701 1885 730 frater'amantiffimus
1900 705 1970 737 mei,
1992 713 2046 730 non
2062 704 2146 729 solum
2159 702 2298 728 consilium
2317 702 2404 733 daret,
2425 698 2469 725 sed

283 744 337 770 Cic.
354 742 405 768 Off.
422 750 443 772 3,
456 749 492 772 57.
523 746 626 774 aperto,
647 739 775 774 simplici,
797 741 914 775 ingenuo
935 740 1075 776 apponitur.
1149 738 1343 766 Obscurissimis
1407 738 1530 773 precibus
1548 746 1655 772 quoque
1667 746 1710 764 me
1724 736 1880 766 obsecraret.
1942 741 2012 766 Cum
2026 739 2115 766 multis
2129 737 2243 765 lacrimis
2258 746 2336 763 orare
2350 736 2470 770 aliquem

282 779 368 805 initiis
382 782 456 802 natus
490 776 587 802 Patere.
602 785 624 808 2,
640 778 678 809 26,
693 786 716 808 4.
789 776 845 803 Cic.
859 777 936 803 Verr.
952 785 975 809 5,
991 782 1015 805 18
1046 775 1188 809 Poste-aque
1204 775 1343 809 Pompeius
1360 779 1386 806 15
1405 782 1483 809 atque
1503 774 1641 801 obsecrare
1675 772 1713 800 Id.
1728 774 1803 800 Verr.
1817 785 1831 806 4
1851 776 1886 807 (2
1919 786 1946 807 42
1964 786 1985 802 c.
2001 784 2037 810 ¹7-
2110 773 2203 802 Multis
2224 773 2363 804 Precibus,
2385 780 2469 806 paene

281 813 378 840 humili
394 818 472 845 atque
486 811 599 838 obscuro
614 812 673 838 loco
688 817 771 838 natus.
808 814 878 838 Add.
900 813 961 839 Liu.
978 814 1019 844 26,
1032 813 1055 837 6.
1129 810 1254 838 Obscuris
1267 818 1343 837 ortus
1405 811 1485 837 ctiam
1501 810 1628 836 Lacrimis
1646 809 1798 836 obsecrabat
1830 809 1896 836 Plin.
1911 811 1989 845 Epist.
2003 821 2030 845 4,
2045 821 2070 846 9,
2085 820 2118 838 12.
2192 810 2274 837 Plaut.
2291 808 2382 835 Bacch.
2397 819 2426 840 4,
2440 816 2468 840 9,

280 847 437 877 maioribus,
458 848 476 873 i.
489 848 637 882 ignobilibus
655 848 711 875 Cic.
721 846 798 874 Offic.
809 858 826 880 1,
838 850 877 874 116
891 857 956 880 c.32.
1027 847 1065 873 Id.
1074 847 1144 873 Fam.
1158 855 1184 879 2,
1199 855 1218 872 ιι
1247 846 1342 872 Omnis
1405 855 1446 873 102
1480 842 1560 873 Nunc
1581 845 1597 871 fi
1613 854 1654 871 me
1668 845 1707 871 fas
1720 845 1757 872 est
1770 845 1908 872 obsecrare
1922 846 1968 872 abs
1981 854 2005 874 te
2018 854 2107 882 pater,
2127 855 2171 873 etc.
2248 845 2366 872 Obsecro
2385 852 2417 870 ue
2431 843 2469 869 fa-

279 883 459 919 pcregrinatio
481 883 574 918 (quod
593 892 643 917 ego
663 884 695 910 ab
716 884 888 910 adolescentia
903 883 1038 912 indicaui)
1056 882 1168 907 obscura
1189 888 1213 908 et
1237 881 1342 907 sordida
1404 882 1456 907 cias
1482 883 1553 908 Ter.
1567 882 1662 907 Heaut.
1675 889 1698 914 ς,
1714 890 1735 914 ς,
1749 891 1772 913 4.
1845 880 1883 909 Id.
1897 880 1962 908 ibid.
1976 892 1999 915 4,
2013 892 2036 916 4,
2052 893 2061 915 3
2091 882 2172 915 Qiod
2188 882 2205 908 si
2219 882 2241 908 is
2255 890 2325 908 nuuc
2339 888 2382 906 me
2395 879 2470 905 dece.
2508 893 2510 895 ·

280 920 315 946 est
330 921 377 950 iis,
397 927 513 953 quorum
532 919 659 945 industria
678 920 778 946 Romae
797 918 879 952 potest
902 918 1009 944 illustris
1028 918 1086 943 effe.
1160 916 1197 943 Id.
1211 916 1277 943 ibid.
1292 926 1315 948 3,
1330 925 1342 946 5
1405 918 1489 951 perit,
1510 918 1583 951 saepe
1602 917 1740 943 obsecrans
1760 926 1802 943 me
1821 922 1850 943 vt
1867 917 1992 949 veniam,
2013 918 2107 945 frustra
2123 920 2221 946 veniet.
2293 917 2331 945 1d.
2348 915 2431 942 Andr.
2444 925 2469 948 2,
2488 947 2493 951 ¹

279 956 376 989 Neque
391 955 464 981 euim
478 954 596 981 obscuris
610 955 738 989 personis,
758 963 805 979 nec
820 954 909 988 paruis
924 954 951 979 in
965 952 1044 979 caulis
1056 961 1098 979 res
1111 959 1211 986 agetur.
1283 952 1341 978 Te·
1355 958 1390 976 20
1405 962 1429 985 1,
1442 959 1473 981 28
1507 953 1586 979 Nunc
1601 960 1625 979 te
1638 962 1684 988 per
1696 953 1841 979 amicitiam
1856 959 1881 980 et
1896 961 1942 987 per
1955 961 2073 980 amorem
2087 954 2212 988 obsecro,
2234 952 2368 989 principio
2388 958 2416 977 vt
2433 960 2468 978 ne

278 991 368 1018 nebris
383 991 496 1018 infernis
515 990 656 1017 obscurior
690 989 783 1016 Claud.
804 990 832 1015 in
851 990 960 1024 Eutrop.
976 998 1004 1022 2,
1019 997 1067 1020 23¹-
1140 988 1342 1014 Adaei-hialiter.
1405 988 1491 1015 ducas.
1581 989 1637 1016 Cic.
1650 998 1699 1023 pro
1713 989 1808 1022 Qiint.
1825 998 1855 1021 97
1889 989 2045 1016 Obsecrauit
2064 998 2112 1023 per
2125 990 2213 1016 fratris
2233 989 2271 1017 sui
2284 988 2385 1016 mortui
2399 987 2472 1014 cine·
2511 994 2516 1000 ·

277 1027 375 1054 Lucan.
389 1037 411 1060 5,
423 1030 463 1058 631
492 1025 639 1053 Obscurum
655 1026 789 1052 nimbosus
803 1027 857 1052 a'e'r.
1404 1033 1472 1057 rem,
1493 1033 1540 1059 per
1553 1033 1650 1051 nomen
1664 1025 1882 1059 propinquitatis,
1895 1032 1941 1051 etr.
1998 1024 2116 1051 Obsecro
2131 1031 2156 1051 et
2168 1025 2286 1052 obtestor
2308 1023 2469 1058 Honsspist.

316 1070 336 1090 0
347 1068 364 1089 B
376 1069 388 1089 s
397 1069 413 1089 c
423 1064 444 1089 V
453 1069 472 1088 R
482 1069 508 1089 Ε.
545 1062 612 1089 Adu.
648 1062 778 1096 [ἅμανςῶς
787 1081 796 1094 ,
824 1062 945 1095 auratac]
983 1061 1039 1087 Cic.
1055 1059 1134 1086 Acad.
1156 1068 1181 1092 1,
1203 1067 1221 1094 7
1253 1060 1341 1092 Quam
1406 1070 1425 1093 ι,
1438 1068 1464 1095 7,
1478 1069 1518 1094 95.
1594 1062 1652 1085 Cum
1665 1060 1819 1086 obsecrandi
1832 1062 1906 1086 verbo
1919 1061 2031 1095 aliquam
2045 1061 2187 1096 religionem
2200 1062 2305 1087 obiicere
2319 1060 2472 1086 viderentur
2514 1072 2515 1077 =

277 1106 378 1134 argute,
400 1107 478 1133 qnam
493 1098 614 1130 obscure,
632 1098 710 1124 etiam
724 1103 814 1135 contra
829 1097 931 1123 Stoicos
945 1096 1140 1124 differendum?
1214 1095 1342 1123 1d.Verr.
1405 1096 1452 1129 his,
1469 1096 1572 1131 quasſsc
1586 1104 1718 1131 rogarent:
1731 1096 1762 1129 st
1770 1095 1838 1121 illam
1858 1097 2002 1131 religionem
2021 1095 2104 1122 tollere
2125 1104 2148 1122 et
2168 1097 2258 1121 irritas
2272 1103 2354 1130 preces
2370 1096 2470 1131 priores
2511 1116 2513 1120 .

278 1144 302 1167 2,
315 1141 349 1168 48
381 1134 477 1168 Neque
491 1134 536 1160 ille
550 1134 656 1168 quidem
671 1133 782 1160 obscure
795 1133 910 1160 Locutus
924 1133 968 1159 est.
1040 1132 1079 1158 Id.
1099 1131 1176 1158 Acatl.
1190 1142 1218 1166 4,
1235 1140 1270 1163 ¹23
1298 1133 1342 1158 At·
1358 1139 1388 1165 25
1399 1132 1488 1166 facti-e
1506 1132 1608 1165 vellent,
1630 1133 1767 1157 vtebsaentur
1787 1132 1861 1157 verbo
1883 1138 1901 1157 R
1911 1138 1927 1158 E
1938 1137 1976 1158 SE
1990 1138 2007 1158 C
2019 1139 2067 1159 Ro
2088 1142 2113 1160 v.
2126 1141 2152 1158 v.
2227 1131 2363 1164 Obsecro,
2380 1132 2408 1157 in
2421 1137 2468 1166 pa-

277 1179 329 1205 qne
348 1171 398 1197 hoc
417 1171 497 1196 ctiam
517 1170 652 1197 Platonem
671 1170 699 1195 in
714 1170 833 1195 Timaeo
858 1169 945 1195 dicere
966 1168 1074 1202 quidam
1094 1168 1276 1201 arbitrantur,
1297 1166 1340 1193 sed
1403 1169 1512 1200 remhefi
1522 1168 1637 1201 afflflum
1650 1168 1778 1202 exprimit,
1799 1175 1823 1193 et
1836 1168 1966 1199 declarat,
1987 1178 2038 1193 rem
2051 1171 2119 1194 nobis
2131 1168 2206 1193 valde
2221 1168 2293 1193 cordi
2306 1167 2366 1201 effe:
2386 1168 2469 1192 Inter-

276 1206 366 1241 paullo
384 1206 530 1232 obscurius.
603 1205 693 1232 Nimis
706 1205 817 1231 obscure
830 1204 933 1239 aliquid
946 1213 1157 1232 commemorare
1185 1204 1222 1231 Id.
1237 1204 1269 1230 de
1281 1204 1339 1230 Fin.
1401 1200 1558 1237 fellionisqlv'e
1573 1206 1632 1229 adeo
1646 1204 1723 1229 vicem
1731 1203 1809 1238 subit.
1858 1204 1929 1230 Ter.
1938 1204 2004 1229 Eun.
2018 1211 2041 1238 ς,
2056 1212 2079 1239 5,
2094 1213 2119 1230 2!
2136 1204 2191 1236 (al.
2206 1213 2229 1235 4,
2244 1204 2287 1237 41)
2313 1203 2382 1228 Hem
2396 1201 2470 1228 obse·

276 1252 305 1276 2,
319 1251 352 1277 ις.
427 1241 545 1268 Obscure
565 1248 656 1274 natus,
675 1242 729 1267 vid.
753 1246 915 1268 NASCOR.
988 1240 1075 1267 Palam
1092 1248 1115 1266 et
1129 1240 1247 1266 Obscure
1257 1261 1265 1272 ,
1286 1249 1340 1265 ron·
1402 1249 1448 1266 cro
1462 1248 1494 1265 an
1509 1240 1531 1266 is
1546 1239 1603 1267 est?
1621 1240 1639 1265 i.
1662 1240 1711 1265 Dic
1725 1239 1821 1274 quaeso.
1895 1239 1951 1265 Cic.
1966 1240 2020 1266 Att.
2035 1250 2073 1272 12,
2096 1250 2117 1272 ¹7
2147 1239 2260 1265 Atticam
2279 1239 2379 1265 saluere
2393 1237 2468 1271 iube,

277 1279 370 1304 traria.
444 1278 500 1304 Cic.
514 1278 590 1303 Acad.
605 1286 633 1310 4,
649 1287 668 1309 ¹3
695 1277 815 1304 Alterum
829 1277 946 1311 quidem,
963 1282 992 1302 vt
1006 1277 1139 1311 videmus,
1157 1277 1258 1302 Palam:
1277 1275 1340 1302 alte·
1401 1282 1427 1302 ot
1440 1284 1497 1301 cam
1510 1285 1582 1311 cura,
1602 1274 1723 1310 obsecro,
1744 1275 1895 1310 diligenter.
1971 1276 2054 1302 Attica
2067 1284 2134 1308 mea,
2156 1275 2266 1301 obsecro
2280 1281 2315 1308 te,
2336 1274 2400 1308 quid
2413 1274 2468 1308 agit

278 1323 356 1344 rum,
377 1319 406 1339 vt
420 1314 594 1348 suspicamur,
616 1312 761 1341 obscurius.
838 1312 877 1338 Id.
891 1321 941 1347 pro
955 1313 1051 1346 Qiint.
1068 1322 1099 1343 50
1134 1313 1173 1338 De
1185 1321 1241 1347 quo
1254 1311 1339 1338 libelli
1355 1319 1387 1343 30
1401 1311 1438 1338 Id.
1453 1311 1520 1338 ibid.
1542 1320 1580 1344 ¹3,
1602 1320 1634 1344 13.
1754 1311 1872 1338 Obsecro
1893 1317 1962 1338 tuam
1984 1311 2064 1338 fldem
2103 1312 2184 1338 Plaut.
2198 1310 2316 1345 Amphit.
2333 1320 2357 1343 ι,
2372 1318 2467 1346 1=.2¹4·

277 1350 305 1376 in
321 1349 501 1376 celeberrimis
515 1348 579 1376 locis
592 1355 789 1384 proponuntur,
810 1347 873 1374 huic
887 1357 919 1373 ne
934 1349 1021 1382 perire
1036 1348 1143 1383 quidem
1158 1355 1228 1374 certe
1242 1348 1340 1374 Tacite
1400 1348 1439 1375 Id.
1455 1346 1549 1382 Amph.
1559 1356 1580 1380 1,
1598 1357 1616 1380 1,
1632 1356 1671 1379 ¹43
1698 1347 1816 1375 Obsecro
1831 1347 1920 1374 hercle
1935 1353 2046 1380 quantus
2059 1353 2084 1374 et
2098 1357 2177 1381 quam
2192 1347 2294 1373 validus
2308 1346 2358 1374 est!

276 1385 439 1419 obscureque
454 1384 618 1411 conceditur.
691 1385 776 1418 Serpit
789 1383 899 1409 obscure
913 1383 963 1408 hoc
982 1384 1081 1410 malum
1118 1384 1154 1411 Id.
1170 1384 1198 1410 in
1213 1384 1292 1411 Catil.
1309 1393 1338 1416 4,
1438 1390 1457 1409 0
1467 1389 1482 1410 Β
1492 1391 1504 1410 s
1516 1390 1532 1409 F.
1543 1389 1559 1409 C
1569 1390 1586 1409 R
1599 1389 1649 1409 AN
1661 1389 1690 1415 S,
1710 1384 1787 1410 antis.
1814 1384 1906 1410 Partic.
1939 1383 2020 1410 Venit
2033 1383 2088 1418 ipse
2103 1384 2185 1416 vitro,
2205 1383 2362 1416 lacrumans,
2377 1389 2467 1415 orans,

277 1424 291 1447 6
306 1431 327 1448 c.
342 1431 359 1452 3,
435 1421 506 1448 Caes.
519 1420 583 1447 Bell.
598 1420 666 1447 Gall.
682 1427 706 1453 8,
721 1429 746 1452 53
778 1420 872 1453 Neque
888 1419 998 1445 obscure
1016 1419 1064 1446 hae
1079 1420 1145 1446 duae
1160 1420 1277 1454 legiones
1293 1420 1340 1446 vni
1401 1419 1538 1446 obsecrans
1562 1419 1676 1445 Terent.
1694 1418 1806 1454 Adelph.
1819 1429 1841 1451 3,
1853 1429 1882 1452 4,
1897 1421 1939 1447 26.

275 1457 380 1484 Caesari
398 1456 581 1483 detrahuntur.
655 1456 712 1482 Cic.
727 1456 753 1482 in
769 1455 858 1481 Parad.
874 1457 890 1481 6
923 1454 999 1481 Istam
1021 1461 1217 1490 paupertatem,
1237 1456 1279 1481 vel
1294 1464 1340 1489 po·
1439 1463 1461 1483 ο
1471 1462 1507 1482 Es
1518 1462 1533 1481 E
1545 1461 1561 1482 C
1574 1461 1621 1482 RA
1634 1462 1655 1481 N
1669 1460 1716 1481 DV
1726 1461 1738 1480 S
1749 1475 1756 1487 ,
1777 1464 1790 1480 a
1801 1476 1808 1488 ‚
1829 1464 1885 1481 um.
1923 1455 2016 1481 Partic.
2057 1455 2123 1482 Plin.
2135 1455 2214 1490 Epist.
2228 1464 2254 1489 9,
2268 1463 2302 1489 29
2336 1453 2405 1481 Laus
2419 1462 2466 1489 po.

275 1493 327 1518 tius
342 1493 481 1525 egestatem
495 1501 522 1518 ac
536 1491 733 1518 mendicitatem
747 1498 819 1517 tuam
834 1500 970 1525 nunquam
983 1490 1093 1517 obscure
1106 1490 1196 1517 tulisti.
1266 1490 1339 1517 Idem
1356 1497 1385 1522 33
1401 1491 1453 1517 tius
1468 1491 1608 1525 speranda,
1627 1499 1706 1525 quam
1717 1491 1794 1517 venia
1808 1491 1967 1517 obsecranda
1980 1491 2024 1517 est.
2497 1495 2509 1519 “,

276 1537 326 1562 pro
342 1528 448 1554 Clueut.
462 1537 492 1560 34
513 1537 534 1555 c.
549 1537 574 1561 ¹9
608 1529 703 1561 Neque
725 1528 751 1553 id
772 1527 882 1553 obscure
896 1526 1013 1560 ferebat,
1035 1536 1082 1553 nec
1103 1526 1262 1553 dissimulare
1283 1527 1340 1552 vllo
1414 1537 1418 1543 ⁴
1439 1532 1554 1553 OBSEC
1565 1533 1580 1552 R
1591 1528 1674 1554 ᾹΤν
1685 1533 1714 1559 S,
1749 1536 1779 1560 a,
1805 1536 1861 1554 um.
1900 1527 1967 1553 Part.
2017 1526 2116 1554 Sallust.
2129 1527 2194 1554 Bell.
2208 1525 2329 1561 Iugurth.
2352 1535 2374 1552 c.
2387 1533 2415 1556 25
2443 1525 2468 1552 A
2497 1550 2501 1554 Α

274 1563 358 1590 modo
372 1569 483 1597 poterat.
574 1565 715 1597 Compar-at.
753 1563 790 1589 ld.
803 1563 875 1589 Fam.
890 1571 909 1595 1,
923 1572 944 1593 5,
965 1572 987 1588 12
1026 1563 1150 1597 Amicum
1165 1571 1197 1588 ex
1212 1563 1340 1589 Consula-
1401 1561 1530 1589 Numidis
1545 1562 1673 1589 obsecrati
1688 1562 1777 1589 triduo
1791 1563 1882 1589 nanim
1895 1561 2041 1589 ascendere.

273 1599 347 1626 ribus
363 1599 498 1625 neminem
517 1598 567 1624 tibi
590 1599 638 1624 esse
653 1598 735 1624 video
756 1606 860 1633 practer
876 1598 1047 1626 Hortensium
1067 1606 1093 1625 et
1109 1598 1264 1625 Lucullum:
1284 1607 1338 1624 cae·
1437 1604 1503 1625 OBS
1514 1604 1557 1625 EC
1569 1605 1588 1625 R
1602 1606 1623 1625 Α
1637 1604 1724 1632 ΤΙΟ,
1742 1599 1812 1625 bnis·
1849 1599 1868 1626 f.
1907 1597 2069 1633 [Αιπσέρησις]
2108 1598 2254 1634 Deprecem'o
2271 1604 2317 1633 per
2330 1597 2412 1624 omnia
2422 1596 2467 1632 sa-

273 1636 324 1661 teri
346 1635 406 1661 sunt
426 1635 523 1669 partim
543 1633 680 1661 obscurius
706 1634 812 1669 iniqui,
846 1635 943 1670 partim
969 1644 1024 1661 non
1051 1634 1240 1661 diffiniulanter
1267 1634 1338 1661 irati.
1399 1635 1535 1668 crafaHa.
1610 1635 1667 1662 Cic.
1682 1644 1732 1669 pro
1746 1635 1823 1661 Font.
1848 1641 1874 1667 38
1913 1635 2012 1661 Cauete
2024 1643 2057 1661 ne
2077 1634 2256 1669 periculosum
2271 1632 2467 1668 superbumque

273 1671 418 1697 Obscurius
451 1671 571 1697 Tertull.
592 1670 623 1696 de
639 1669 726 1697 Pudic.
748 1680 769 1697 c.
785 1680 816 1703 ις.
890 1672 987 1706 Superl.
1023 1671 1068 1698 Ne
1087 1671 1207 1706 pluribus
1229 1671 1337 1704 quidem
1349 1679 1386 1705 40
1400 1670 1445 1703 fit,
1465 1670 1522 1697 eius
1541 1679 1589 1696 vos
1608 1670 1818 1697 obsecrationem
1837 1670 1993 1706 repudiare,
2014 1670 2088 1697 cuius
2104 1679 2191 1705 preces
2211 1669 2229 1696 fi
2244 1670 2284 1696 dii
2298 1670 2467 1704 aspernaren-

273 1706 364 1732 verbis
383 1715 437 1732 non
456 1706 641 1732 Obscuriffime
659 1706 748 1732 dicere
781 1706 849 1732 Gell.
865 1715 884 1732 ιι
894 1727 902 1739 ,
917 1710 952 1733 16.
1035 1709 1165 1733 Auertere
1184 1707 1286 1741 aliquid
1306 1706 1338 1733 de
1400 1712 1459 1738 tur,
1478 1705 1541 1732 haec
1555 1706 1623 1732 salua
1636 1707 1684 1733 else
1697 1716 1751 1733 non
1765 1707 1855 1742 poss'ct.
1927 1708 2006 1734 Prece
2019 1713 2045 1733 et
2061 1706 2243 1733 obsecratione
2257 1706 2354 1732 humili
2367 1714 2396 1731 ac
2408 1706 2467 1740 sup-

274 1741 383 1777 publico
397 1750 475 1775 quam
491 1741 668 1768 obscuriffime
692 1742 747 1768 Cic.
763 1743 840 1767 Verr.
855 1751 873 1774 4
894 1751 915 1769 c.
930 1751 969 1773 24.
1399 1742 1463 1776 plici
1485 1742 1523 1767 vti
1556 1742 1594 1770 ld.
1605 1742 1754 1768 de‘lnuenr.
1768 1753 1793 1775 1,
1811 1751 1841 1769 22
1861 1753 1882 1769 c.
1900 1745 1936 1770 16.
2008 1743 2046 1769 Id.
2060 1742 2091 1769 de
2104 1743 2196 1775 Arusp.
2210 1742 2286 1777 Resp.
2300 1743 2329 1774 63
2360 1743 2391 1769 In
2410 1749 2466 1775 quo

312 1783 330 1803 o
342 1782 357 1802 B
371 1784 383 1802 S
392 1783 409 1802 C
419 1784 438 1803 v
451 1783 467 1802 R
481 1775 524 1803 ῐΤ
535 1783 576 1803 As
587 1796 594 1808 ,
616 1777 674 1802 atis.
712 1777 730 1802 f.
769 1777 891 1810 [ἀσάφεια
902 1797 908 1807 ,
932 1776 1024 1812 despui]
1065 1778 1241 1810 Tenebrzfitas,
1260 1784 1285 1803 et
1300 1777 1337 1812 ⁰f·
1399 1777 1596 1803 constituendae
1609 1776 1688 1803 nobis
1701 1778 1814 1810 quidem
1827 1779 1885 1803 finnt
1897 1778 2098 1812 procurationes
2111 1785 2137 1804 et
2151 1778 2353 1805 obsecrationes.
2410 1776 2466 1804 Ob-

267 1812 369 1848 fufi-ati
385 1812 486 1838 luminis
498 1812 612 1846 penuria.
691 1812 835 1846 Plin.20,1
871 1811 1051 1839 Obscuritates
1072 1820 1097 1839 et
1111 1813 1178 1840 vitia
1193 1814 1335 1840 oculorum
1398 1812 1526 1846 secratio,
1548 1819 1595 1847 pro
1616 1813 1777 1845 Prccacione,
1801 1822 1874 1846 quam
1890 1812 2009 1846 pontiftx
2029 1813 2079 1847 ipse
2096 1814 2213 1846 praeibat
2235 1820 2291 1848 pop.
2305 1813 2466 1848 fiaebsequgnti

272 1849 352 1875 sanat.
424 1850 470 1874 A.l
481 1846 640 1882 intelligendi
656 1848 827 1878 difficultatem
841 1849 953 1880 raffau-tur
991 1849 1047 1875 Cic.
1062 1849 1139 1876 Acad.
1153 1859 1177 1884 4,
1194 1859 1206 1882 7
1236 1850 1275 1875 De
1289 1848 1336 1875 ob.
1349 1857 1384 1883 45
1397 1849 1474 1874 verba
1489 1849 1643 1883 praeeuntis.
1716 1847 1823 1874 Sueton.
1845 1847 1872 1874 in
1888 1846 1982 1873 Claud.
2001 1847 2073 1874 Caes.
2094 1857 2116 1873 c.
2131 1855 2160 1872 22
2197 1849 2285 1882 thue
2305 1848 2363 1874 dira
2376 1849 2420 1875 aui
2433 1849 2465 1875 in

273 1884 395 1910 scuritate
415 1890 539 1914 naturae,
559 1883 644 1917 deque
664 1892 756 1910 errore
775 1890 814 1910 tot
836 1883 1075 1919 philosophorum,
1102 1892 1148 1912 etc.
1220 1886 1335 1918 Lumen,
1398 1884 1536 1918 Capitolio
1551 1883 1605 1910 visa
1619 1882 1767 1909 obsecratio
1780 1882 1941 1915 haberetur,
1958 1891 2069 1917 eamque
2088 1883 2142 1917 ipse
2156 1882 2215 1909 iure
2232 1884 2366 1918 pontificis
2380 1884 2465 1911 maxi-

274 1919 428 1947 Obscuritas
449 1925 475 1945 et
494 1919 634 1951 tenebrae,
655 1920 793 1945 contraria.
831 1920 888 1946 Cic.
908 1919 940 1946 de
960 1921 1034 1947 Orat.
1048 1932 1070 1954 3,
1083 1930 1116 1954 47
1136 1930 1157 1947 c.
1178 1931 1198 1954 13
1238 1921 1335 1948 Oratio
1398 1920 1436 1946 mi
1452 1929 1501 1954 pro
1521 1919 1612 1946 rostris
1633 1929 1694 1954 pop.
1709 1919 1840 1954 praeiret,
1860 1919 2042 1952 summotaque
2061 1918 2249 1953 operariorum
2268 1920 2465 1954 seruorumque

274 1965 342 1990 quae
355 1955 445 1981 lumen
459 1951 586 1981 adhibe're
607 1953 685 1980 rebus
700 1955 793 1988 debet,
813 1965 841 1982 ea
862 1955 1048 1983 obscuritatem
1069 1964 1094 1982 et
1109 1957 1228 1984 tenebras
1243 1957 1335 1983 affere-
1397 1955 1483 1983 turba.
1557 1954 1712 1983 Obsecratio
1725 1964 1753 1982 m
1766 1964 1848 1983 vnum
1863 1954 1934 1981 diem
1948 1955 2049 1990 populo
2061 1954 2163 1981 indicta
2196 1955 2257 1981 Liu.
2269 1957 2311 1988 26,
2322 1964 2357 1988 23.
2374 1962 2398 1981 et
2419 1962 2462 1990 27,

272 1991 332 2023 bat,
350 1997 429 2024 atque
446 1997 474 2016 vt
495 1989 711 2023 quodammodo,
729 1999 773 2016 etc.
847 1991 1026 2018 Obscuritates
1041 1993 1199 2025 Affignemns
1221 1994 1333 2019 inscien-
1372 2017 1374 2020 ,
1395 2001 1427 2024 13.
1447 2000 1471 2017 et
1492 2001 1527 2026 4,
1543 2001 1575 2019 2'.

271 2027 323 2052 tiae
337 2035 391 2052 non
405 2025 595 2058 atlequentium
627 2024 696 2050 Gell.
710 2034 757 2054 20.
772 2033 789 2051 1.
897 2027 1060 2052 Incredibile
1075 2027 1148 2053 dictu
1163 2028 1198 2053 est
1212 2036 1238 2053 et
1251 2029 1334 2053 caecis
1350 2036 1381 2059 50
1434 2035 1452 2052 o
1463 2033 1478 2052 Β
1489 2035 1502 2052 s
1514 2034 1529 2051 r.
1540 2034 1557 2053 c
1568 2035 1619 2053 VN
1630 2033 1649 2052 D
1660 2034 1698 2059 ο,
1724 2032 1778 2053 ire.
1815 2026 1968 2061 [ἐπ-κρώζειν,
1992 2026 2096 2062 dnum]
2135 2028 2271 2053 Secundum
2287 2025 2317 2061 se
2332 2025 2467 2062 praestare.

271 2060 478 2088 obscurim‘ijs
498 2060 654 2086 [mmmmm
682 2059 783 2085 Λγῃοὶ),
798 2068 806 2084 1
827 2068 853 2093 p,
867 2065 904 2090 33-
978 2061 1036 2086 Cic,
1052 2069 1102 2093 pro
1119 2062 1225 2086 Cluent,
1239 2068 1270 2094 73
1305 2063 1335 2086 In
1397 2061 1483 2091 altri-i,
1504 2060 1655 2092 sitbsivmire,
1674 2068 1698 2085 et
1713 2065 1892 2086 accommodare
1899 2063 1956 2095 suos
1969 2064 2037 2089 aHus
2050 2067 2084 2088 ad
2095 2063 2160 2088 illius
2174 2063 2336 2095 voluntatem,
2358 2060 2454 2099 obseqnl'·

271 2106 301 2124 ea
323 2096 483 2123 obscuritate
503 2102 528 2122 et
547 2094 716 2121 dubitatione
741 2094 866 2120 omnium
886 2094 1002 2121 Canutio
1027 2095 1114 2129 perito
1136 2095 1258 2127 homini,
1290 2095 1336 2127 qui
1398 2094 1468 2119 Ter.
1484 2090 1576 2119 Heaut.
1590 2104 1619 2125 4,
1633 2095 1662 2126 6,
1676 2102 1703 2125 23
1741 2095 1801 2125 Qua
1818 2096 1890 2120 causa
1905 2096 1931 2121 id
1947 2097 2007 2128 fiat,
2026 2098 2202 2124 obsecundato
2216 2098 2243 2123 in
2258 2097 2328 2123 loco.
2395 2095 2453 2125 Cic.

271 2133 387 2165 quodam
401 2132 494 2164 odore,
510 2138 556 2158 etr.
628 2131 748 2157 Naturae
761 2129 907 2156 obscuritas
942 2131 981 2157 Id.
996 2130 1028 2157 de
1042 2131 1116 2158 Orat.
1134 2140 1150 2163 1,
1165 2133 1206 2161 68.
1281 2131 1336 2157 Ob·
1398 2137 1448 2163 pro
1464 2129 1533 2163 Lege
1547 2129 1640 2155 Manil.
1658 2134 1687 2160 48
1707 2138 1727 2155 c.
1743 2132 1771 2156 16
1805 2129 1869 2156 Νοιι
1883 2129 1965 2156 modo
1978 2132 2050 2157 ciues
2062 2133 2227 2165 astense-rint,
2248 2133 2313 2159 socii
2326 2132 2456 2167 obtempe-

270 2170 406 2196 scuritates
421 2174 447 2194 et
458 2168 604 2202 aenigmata
620 2166 787 2193 somniorum
813 2166 851 2194 Id.
864 2166 895 2193 de
910 2166 1004 2193 Diuin.
1018 2176 1041 2199 2,
1056 2175 1094 2198 ¹32
1109 2176 1130 2192 c.
1145 2169 1189 2199 64.
1261 2167 1336 2193 Late·
1398 2165 1498 2198 rai-int,
1520 2164 1606 2191 hostes
1619 2163 1788 2198 obedierint,
1808 2165 1852 2191 sed
1866 2166 1945 2192 etiam
1960 2166 2050 2200 venti,
2069 2167 2284 2202 tempestatesque
2304 2167 2459 2195 obsecunda-

269 2205 345 2233 bram
359 2203 526 2231 obscuritatis
539 2202 666 2229 adhibere
700 2202 737 2229 Id.
753 2202 819 2229 ibid.
834 2211 865 2235 2,
880 2212 920 2229 ιιι.
1017 2203 1109 2229 Minus
1130 2202 1298 2229 obscuritatis
1311 2209 1336 2229 et
1352 2210 1380 2235 55
1397 2200 1459 2226 rint.
1534 2200 1744 2227 Obsecnndando
1758 2201 1865 2227 mollire
1879 2202 2009 2236 impetum
2020 2203 2211 2238 aggrediuntur
2236 2204 2295 2231 Liu.
2308 2213 2332 2238 3,
2346 2211 2394 2237 35*

271 2241 373 2268 erroris
388 2239 486 2266 habent
506 2238 569 2265 haec
604 2238 642 2265 Id.
657 2238 728 2264 Fam.
743 2242 769 2271 6,
782 2241 806 2264 6.
902 2239 1026 2265 Inuoluta
1045 2245 1154 2265 naturae
1174 2238 1336 2265 obscuritate
1437 2244 1455 2263 0
1466 2242 1481 2262 Β
1491 2243 1503 2262 S
1514 2243 1555 2263 FC
1566 2244 1586 2262 v
1597 2243 1619 2263 N
1632 2243 1650 2263 D
1661 2238 1714 2263 ᾸΤ
1724 2244 1732 2262 1
1742 2243 1780 2269 ο,
1813 2237 1883 2263 onis.
1920 2238 1940 2263 f.
1978 2238 2131 2273 Obsthuium.
2167 2240 2185 2266 l.
2205 2249 2242 2274 92.
2263 2240 2331 2267 Cod.
2349 2238 2460 2268 Theod.

271 2277 345 2303 causa
361 2276 422 2301 latet
449 2275 486 2302 Id.
502 2275 534 2301 de
548 2274 642 2300 Diuin.
657 2282 678 2304 1,
691 2283 727 2305 35.
800 2273 902 2300 Reiecit
916 2280 941 2299 te
959 2283 973 2300 a
986 2274 1062 2301 libris
1077 2274 1223 2301 obscuritas
1255 2274 1291 2301 Id.
1307 2275 1335 2301 in
1397 2272 1429 2299 dc
1446 2273 1590 2299 Decurion.
1626 2272 1734 2299 Seruilis
1751 2272 1948 2299 obsecundatio.
1985 2274 2044 2299 add.
2066 2275 2194 2301 Sarisber.
2207 2284 2229 2307 3,
2243 2277 2267 2302 6.

271 2313 373 2346 Topic.
389 2320 407 2338 1.
482 2310 574 2337 Vitare
589 2310 776 2336 obscuritatem
802 2309 934 2342 Qiinetil.
949 2318 976 2342 4,
991 2319 1013 2338 2.
1087 2311 1250 2343 Obscurum,
1263 2312 1335 2344 lssno-
1433 2314 1477 2335 ΟΒ
1487 2316 1498 2334 S
1511 2315 1528 2334 Ε
1542 2314 1558 2335 c
1571 2315 1591 2333 v
1604 2315 1624 2333 N
1637 2315 1657 2335 1>
1667 2310 1691 2335 ,Δί
1701 2315 1723 2335 Τ
1737 2315 1757 2335 o
1768 2315 1787 2334 R
1797 2330 1805 2342 ‚
1831 2308 1895 2334 oris.
1934 2317 1969 2335 m.
2006 2309 2059 2343 Qi
2077 2316 2172 2344 operam
2192 2317 2278 2336 nauat.
2316 2310 2334 2336 l.
2347 2320 2366 2342 3.
2387 2309 2457 2338 Cod.

270 2348 364 2375 bilitas.
445 2347 501 2374 Cic.
523 2346 576 2373 Off.
590 2356 618 2378 2,
637 2355 665 2378 4ς
686 2355 708 2372 c.
722 2355 743 2377 13
780 2346 905 2378 Qiorum
923 2352 1011 2373 autem
1031 2346 1117 2381 prima
1135 2353 1203 2373 aetas
1225 2353 1333 2381 propter
1397 2344 1508 2371 Theod.
1523 2344 1554 2371 de
1567 2345 1642 2371 Prox.
1656 2344 1757 2371 Comit.
1772 2344 1874 2378 Dispos.
1899 2343 2126 2371 Obsecnndatores
2140 2346 2273 2370 sacrorum
2287 2344 2457 2372 scriniorum.

270 2383 451 2411 humilitatem
470 2389 495 2410 et
513 2382 700 2409 obscuritatem
727 2381 756 2408 iu
776 2380 920 2408 homiuum
947 2381 1120 2416 ignoratione
1143 2383 1277 2409 versatur:
1304 2382 1333 2408 hi
1347 2384 1382 2409 60
1436 2386 1456 2406 O
1468 2387 1482 2407 Β
1492 2387 1530 2407 SF
1542 2387 1559 2408 C
1571 2387 1592 2406 V
1603 2388 1624 2407 N
1635 2387 1715 2407 DAN
1726 2387 1747 2406 T
1757 2387 1774 2407 E
1786 2387 1814 2406 R.
1840 2380 1908 2406 Adu.
1946 2380 2120 2414 Obsequenter.
2155 2379 2283 2413 Nigidius
2298 2380 2330 2406 de
2346 2380 2404 2406 Diis
2418 2381 2433 2406 l.
2448 2389 2459 2407 1

271 2420 391 2452 simulac,
412 2427 457 2446 etc.
1396 2417 1486 2450 Quun
1499 2423 1586 2443 autem
1606 2416 1635 2443 id
1648 2415 1712 2452 quid
1733 2416 1762 2443 fit
1778 2417 1948 2451 quaerimus,
1970 2414 2178 2443 obsecundanter
2200 2421 2308 2441 naturae
2324 2415 2458 2444 viuerent.

310 2463 329 2482 Ο
343 2461 360 2481 Β
370 2463 382 2481 S
393 2456 438 2491 (JV
448 2462 466 2481 R
479 2461 499 2482 0
511 2475 519 2487 ‚
539 2459 591 2481 Ere.
628 2453 774 2487 [α’μαυρόω,
793 2456 910 2489 σκοτὶζω,
931 2456 1041 2489 vomita]
1071 2455 1206 2491 Obscurum
1220 2455 1332 2480 reddere.
1396 2454 1434 2478 Ex
1449 2452 1543 2479 Nonio
1562 2463 1585 2486 2,
1599 2457 1657 2486 607.

270 2492 353 2520 Plaut.
368 2490 453 2517 Trin.
470 2500 490 2523 3,
505 2499 528 2523 2,
541 2499 567 2523 4¹
600 2490 760 2517 Obscurauit
781 2490 871 2525 pe6hls
892 2496 968 2517 tuum
988 2499 1072 2517 amor.
1146 2490 1229 2518 Aedes
1249 2490 1333 2517 vicini
1434 2494 1503 2515 OBS
1515 2490 1532 2515 E*
1544 2495 1559 2515 P
1572 2495 1626 2523 10,
1653 2488 1738 2524 sepiui
1758 2489 1801 2514 vel
1821 2488 1886 2524 sepii
1905 2495 1928 2515 et
1949 2487 2028 2523 sepfi,
2053 2488 2170 2522 septum,
2195 2488 2244 2513 ire.
2281 2486 2456 2523 [ἐπιφθόνου]

269 2527 411 2553 obscurare
425 2526 544 2553 tollendo
578 2525 683 2560 leian.
698 2526 725 2552 in
740 2526 756 2554 l.
783 2527 853 2553 Cum
867 2535 909 2552 eo.
937 2527 969 2552 D.
983 2526 1014 2552 de
1029 2526 1118 2554 sentit.
1132 2527 1226 2553 vrban.
1242 2526 1331 2560 praed.
1396 2525 1495 2560 Sepilrus
1517 2528 1681 2551 cti-cunm'are.
1757 2526 1898 2560 Metaphor.
1937 2524 1996 2550 Liu.
2011 2535 2041 2557 4,
2055 2532 2086 2558 25
2117 2524 2189 2549 Haec
2208 2521 2278 2556 plebi
2298 2521 2331 2548 ad
2345 2521 2452 2550 Curules

269 2564 375 2590 Famam
390 2562 461 2589 suam
487 2563 582 2588 Lucan.
598 2573 622 2595 4,
636 2568 690 2597 7153.
764 2562 863 2588 Literas
877 2562 1026 2595 obscurare,
1043 2563 1098 2589 vid.
1120 2563 1258 2597 Appellare
1275 2563 1331 2588 lite·
1345 2564 1377 2596 ὅς
1395 2560 1559 2594 magistratus
1580 2561 1633 2586 iter
1651 2559 1772 2595 obsepsit.
1844 2561 1899 2587 Cic.
1919 2569 1968 2594 pro
1986 2560 2108 2586 Muraen.
2122 2563 2155 2590 48
2175 2567 2197 2584 c.
2211 2566 2241 2590 213
2275 2558 2348 2585 Haec
2364 2557 2451 2586 omnia

269 2608 328 2632 ras,
351 2609 376 2623 m
396 2604 570 2625 APPELLO.
645 2598 729 2624 Nitor
751 2598 812 2624 solis
828 2597 984 2625 obscuratur
1009 2598 1095 2625 Catul.
1111 2601 1141 2631 64
1151 2621 1159 2632 ,
1173 2608 1192 2631 3.
1263 2598 1332 2626 Plin.
1395 2596 1447 2623 tibi
1459 2596 1595 2623 accusandi
1610 2597 1683 2623 viam
1696 2595 1864 2628 muniebant,
1882 2595 2044 2629 adipiscendi
2057 2592 2236 2628 obsepiebant.

270 2635 298 2661 in
314 2636 405 2668 l'aueg.
419 2644 440 2661 c.
455 2637 487 2667 69
501 2642 566 2660 extr.
594 2633 721 2660 Tandem
735 2642 798 2667 ergo
813 2633 948 2660 Nobilitas
963 2643 1019 2661 uon
1033 2634 1198 2668 obscuratur,
1214 2634 1256 2660 scd
1273 2634 1332 2661 illu·
1431 2655 1450 2675 O
1460 2654 1475 2674 Β
1485 2654 1497 2674 S
1510 2655 1526 2675 E
1537 2655 1551 2674 p
1561 2654 1581 2674 T
1591 2654 1651 2680 VS,
1672 2642 1702 2680 ‘a'
1723 2657 1778 2674 um·
1815 2645 1909 2673 Panic·
1948 2645 2006 2671 Liu.
2020 2652 2047 2677 2,
2060 2647 2075 2671 6
2087 2673 2092 2675 .
2102 2644 2153 2671 Via
2168 2643 2233 2670 <3010
2246 2643 2362 2678 obsepta·
2416 2642 2455 2671 Id·

269 2671 365 2697 stratur
378 2679 392 2696 a
405 2670 538 2713 principe,
555 2676 602 2695 etc.
677 2669 880 2712 Obsctu·atur.et
894 2670 1044 2697 offunditur
1060 2671 1118 2711 luce
1134 2671 1196 2697 solis
1210 2671 1333 2710 lucernae
1394 2691 1423 2710 2.
1450 2693 1477 2716 39
1505 2684 1627 2718 Obseptis
1639 2683 1782 2710 itineribus
1794 2683 1871 2716 super
1885 2681 1983 2707 vallum
1996 2680 2100 2707 saliunt·
2173 2680 2252 2715 Apul·
2267 2681 2331 2707 Met,
2343 2689 2352 2706 Ι
2372 2688 2396 2716 p·
2409 2679 2472 2708 ¹05·

270 2707 359 2732 lumen
393 2707 449 2732 Cic.
464 2706 497 2733 de
511 2707 569 2732 Iun.
585 2715 606 2737 3,
620 2715 656 2736 45.
729 2705 749 2731 '1
761 2705 865 2731 enebris
882 2705 1004 2732 obscurat
1025 2716 1117 2733 omnia
1130 2716 1182 2733 nox
1215 2706 1289 2733 Idem
1302 2714 1331 2731 m
1395 2701 1513 2753 (jin-epm
1528 2726 1613 2745 vtem.
2430 2712 2431 2717 ¹

270 2743 349 2768 Catil.
365 2750 385 2773 1,
399 2745 415 2767 6
430 2750 479 2774 c.3.
553 2741 682 2768 Volucres
697 2740 836 2767 obscurant
848 2741 952 2768 aethera
966 2743 1059 2776 pennis
1080 2743 1228 2772 viratim.
1241 2750 1272 2776 12,
1282 2750 1329 2772 2ς3.
1342 2747 1378 2775 70
1697 2761 1704 2766 .
1836 2760 1840 2765 .
2138 2759 2143 2764 .

270 2779 315 2804 Ad
327 2778 439 2803 notitiam
453 2784 477 2803 et
491 2778 612 2802 hominum
627 2784 651 2802 et
659 2777 758 2810 frimam
771 2778 884 2811 refertur
920 2778 976 2804 Cic.
991 2787 1041 2811 pro
1057 2772 1177 2804 [u-chszs
1197 2787 1217 2804 c.
1234 2787 1252 2803 11
1279 2777 1331 2802 Ne·
1429 2767 1473 2789 OB
1484 2767 1498 2788 s
1510 2768 1527 2788 E
1539 2768 1554 2787 Ρ
1565 2767 1616 2787 Tv
1628 2767 1670 2794 Μ’
1696 2769 1714 2787 ¹·
1752 2770 1779 2787 ῃ·
1816 2760 1863 2787 8¹¹·
1879 2769 1910 2794 ¹²²
1925 2769 1964 2787 ¹¹⁰
1991 2759 2104 2795 Obsel‘ra
2118 2768 2234 2787 warum·

271 2823 322 2848 que
336 2813 406 2839 cuim
421 2813 455 2839 cst
470 2813 521 2840 hoc
535 2812 762 2845 disshmnlandum,
783 2812 855 2847 quod
869 2813 1003 2840 obscurari
1025 2823 1078 2840 nou
1095 2815 1193 2847 potest,
1213 2812 1254 2840 sed
1268 2820 1330 2846 prae
1430 2819 1450 2839 O
1460 2818 1476 2838 B
1487 2818 1499 2838 S
1509 2809 1586 2850 &QV
1599 2817 1618 2837 Ο
1630 2817 1648 2837 R
1660 2832 1668 2844 ‚
1689 2812 1759 2846 ἕῑὶδ,
1778 2812 1902 2846 sequutus
1922 2812 1994 2844 sum,
2016 2812 2097 2846 sequi·
2136 2812 2300 2846 [xoeeffiolmu
2321 2810 2456 2844 ὖπηςετὲυ,

270 2849 347 2876 nobis
361 2849 510 2877 ferendum.
584 2848 729 2875 Obscurari
743 2856 768 2875 ct
783 2849 861 2875 obrui
893 2849 966 2876 Idem
981 2849 1012 2875 de
1026 2849 1112 2876 Finib.
1127 2862 1150 2884 4,
1164 2859 1203 2881 29.
1276 2847 1331 2874 Ob·
1393 2846 1535 2882 θεραπεύω]
1571 2847 1685 2872 Alterius
1699 2849 1826 2874 voluntati
1839 2858 1926 2873 morem
1937 2857 2035 2882 gerere,
2056 2848 2188 2883 lnfiruire.
2242 2847 2313 2874 Ter.
2326 2847 2419 2873 Heaut.
2432 2847 2456 2879 3,

270 2885 367 2912 scurari
384 2894 429 2910 nec
444 2893 570 2919 apparere
584 2884 725 2918 quaedam,
747 2885 810 2919 qnia
824 2884 899 2911 valde
911 2894 991 2920 parua
1005 2885 1053 2912 sint
1086 2885 1158 2911 Idem
1172 2884 1237 2912 ibid.
1252 2894 1276 2916 4,
1291 2893 1330 2917 29.
1395 2893 1420 2916 1,
1435 2892 1462 2909 10
1499 2883 1558 2910 Nos
1578 2892 1685 2916 quoque
1705 2884 1776 2910 senes
1795 2883 1830 2910 est
1850 2893 1963 2918 aequum
1985 2884 2089 2910 senibus
2107 2882 2227 2917 obsequi.
2300 2882 2418 2917 Obsequi
2430 2888 2456 2908 et

269 2921 379 2948 Minora
393 2921 541 2946 maioribus
561 2920 736 2947 obscurantur
770 2921 806 2948 Id.
823 2920 889 2948 ibid.
907 2931 929 2954 5,
945 2928 979 2951 58.
1054 2920 1182 2948 Obscurat
1200 2919 1331 2954 magnitu-
1344 2923 1377 2951 73
1394 2920 1560 2954 Repugnat-c,
1580 2920 1718 2946 contraria.
1793 2920 1849 2946 Cic.
1865 2920 1947 2946 Tusc.
1961 2928 1984 2952 ς,
1999 2922 2033 2946 60
2060 2920 2100 2946 Sic
2116 2919 2297 2946 distrahuntur
2310 2918 2338 2945 in
2352 2925 2455 2944 contra-

270 2956 361 2982 diucni
385 2956 497 2986 periculi
517 2957 618 2981 lucrum
651 2956 779 2984 1d.Verr.
796 2967 824 2989 3,
847 2967 885 2988 ¹3¹-
959 2956 1139 2990 Obscuratur,
1159 2957 1286 2983 obruitur
1306 2961 1332 2982 et
1394 2956 1445 2982 rias
1458 2962 1542 2989 partes
1557 2955 1745 2989 impotentium
1763 2956 1930 2990 cupiditates:
1950 2965 2033 2991 quum
2054 2955 2117 2982 huic
2131 2954 2268 2982 obsecutus
2289 2954 2334 2987 sis,
2355 2954 2398 2980 illi
2418 2953 2455 2980 cst

271 2992 364 3020 interit
380 2991 519 3025 splendore
535 2991 641 3017 virtutis
655 2999 679 3017 et
692 2993 891 3027 magnitudine,
911 2993 999 3020 omnis
1013 2993 1060 3020 ista
1073 3002 1163 3020 rerum
1177 2994 1203 3019 in
1217 3001 1330 3025 corpore
1393 2990 1601 3026 repugnandum.
1699 2992 1773 3019 Idem
1790 3001 1838 3026 pro
1854 2992 1957 3018 Clueut.
1979 3001 2020 3025 ¹49
2057 2990 2241 3024 Quamobrem
2254 2990 2362 3017 Cluenti
2381 2990 2412 3016 de
2428 2995 2455 3016 te

270 3028 418 3056 aestimatio
445 3027 482 3054 Id.
498 3026 530 3052 de
544 3026 601 3052 ΗΠ·
618 3036 638 3059 3,
654 3036 695 3058 45.
814 3029 870 3055 Cic.
885 3029 912 3055 in
926 3030 1016 3056 Partit.
1033 3039 1073 3061 ¹03
1110 3029 1286 3055 Firmamenta
1300 3026 1332 3054 ad
1393 3026 1442 3054 tibi
1457 3025 1607 3061 obsequor,
1626 3036 1714 3061 neque
1732 3037 1782 3062 ego
1800 3029 1882 3062 legem
1901 3028 2003 3061 recito,
2023 3036 2109 3061 neque
2130 3026 2181 3053 hoc
2201 3027 2261 3054 loco
2281 3033 2369 3061 prote
2383 3026 2455 3058 dico,

270 3064 350 3091 fidem
365 3063 462 3097 polita,
483 3068 527 3089 aut
542 3071 589 3097 per
609 3062 631 3087 sc
652 3062 790 3093 diluenda,
811 3071 854 3090 aut
873 3065 1051 3098 obscuranda,
1071 3071 1115 3091 aut
1131 3064 1332 3098 dign-essiouibus
1395 3063 1436 3090 sed
1451 3071 1489 3092 ea,
1506 3072 1572 3096 quae
1586 3072 1598 3088 a
1613 3072 1655 3089 me
1669 3063 1810 3091 desiderari
1825 3064 1958 3099 arbitror,
1979 3073 2032 3090 nou
2051 3063 2208 3097 relinquam.
2281 3062 2394 3095 Amori,
2413 3061 2455 3088 rei

268 3099 416 3127 obruenda.
491 3098 528 3125 Id.
550 3107 598 3132 pro
611 3097 716 3124 Cluent.
741 3108 748 3124 1
786 3101 820 3126 Vt
841 3110 932 3126 omues
954 3101 1113 3135 intelligant,
1135 3101 1204 3127 nihil
1228 3110 1270 3126 me
1284 3109 1332 3126 nec
1344 3104 1376 3130 80
1394 3099 1562 3126 Plaut.Triu.
1579 3108 1601 3131 2,
1619 3109 1636 3128 1,
1650 3109 1669 3129 ς.
1779 3099 1865 3126 Alicui
1880 3099 1990 3134 obsequi
2003 3100 2031 3126 in
2045 3099 2170 3126 omnibus
2208 3098 2420 3132 Cic.QFrat.1‚
2434 3107 2455 3131 1,

271 3135 454 3169 subterfugere
473 3133 585 3160 voluin‘e
603 3134 756 3164 reticendo,
776 3144 822 3160 nec
835 3135 974 3163 obscurare
991 3137 1114 3163 diceudo.
1189 3136 1333 3170 Allegoriis
1393 3145 1428 3165 25.
1519 3135 1618 3160 Animo
1634 3135 1680 3161 suo
1699 3134 1825 3170 obsequi,
1841 3143 1886 3171 pro
1899 3135 2106 3171 Indulget-estin,
2130 3134 2256 3160 Genialem
2270 3136 2350 3159 vitam
2371 3142 2454 3168 agere.

270 3171 408 3199 obscurare
427 3170 515 3203 aliqua
550 3169 587 3196 Id.
603 3171 656 3196 Λα.
670 3179 694 3202 2,
709 3179 750 3196 20.
863 3173 917 3197 Iam
936 3173 1004 3206 apud
1026 3174 1065 3199 T.
1081 3173 1189 3199 Liuium
1210 3173 1333 3204 inuenio,
1394 3171 1507 3198 Terent.
1524 3170 1634 3204 Adclph.
1650 3181 1666 3203 1,
1681 3179 1700 3203 1,
1714 3177 1727 3200 8
1757 3172 1848 3207 onr,
1870 3171 1885 3198 si
1902 3172 1992 3204 ceffes,
2008 3178 2052 3197 aut
2073 3178 2097 3196 te
2109 3178 2197 3202 amare
2210 3169 2323 3203 cogitat,
2343 3175 2387 3195 aut
2400 3174 2454 3195 tete

270 3208 347 3234 fuisse
361 3213 559 3242 praeceptorem
574 3206 706 3240 aliquem,
726 3205 772 3239 qui
788 3205 930 3240 discipulos
944 3207 1084 3235 obscurare
1094 3229 1102 3241 ,
1123 3218 1190 3243 quac
1205 3208 1334 3241 dicerent,
1394 3207 1485 3238 amari,
1507 3213 1550 3233 aut
1565 3214 1665 3237 potare,
1686 3214 1730 3233 aut
1742 3208 1834 3233 auimo
1847 3207 1966 3242 obsequi.
2039 3204 2232 3232 Consuetudiui
2245 3204 2353 3230 auribus
2367 3204 2454 3231 indul-

270 3244 374 3270 iubcret
404 3243 506 3269 Graeco
526 3241 610 3268 verbo
627 3249 711 3273 vteus,
726 3247 831 3268 σιότισον
857 3242 990 3275 Quinciil.
1005 3251 1028 3277 8,
1043 3253 1063 3277 2,
1078 3250 1111 3271 ιε.
1185 3244 1334 3271 Obscurare
1395 3243 1463 3274 genti
1478 3242 1592 3268 libenter
1606 3242 1740 3276 obsequor
1761 3244 1816 3270 Cic.
1829 3244 1855 3269 iu
1871 3244 1945 3270 Orat.
1960 3249 2010 3276 ¹57-
2089 3241 2208 3276 Imperio
2228 3240 2338 3275 obsequi
2358 3242 2452 3268 quen.

271 3287 295 3304 ‘t
310 3265 461 3311 Celebrate,
481 3278 610 3303 contraria
631 3277 729 3304 Sallust·
742 3277 770 3304 in
784 3277 863 3304 Catil.
878 3284 922 3307 c.8
934 3285 976 3312 pr·
1074 3280 1223 3307 Obscurare
1236 3289 1258 3306 et
1272 3281 1333 3306 Illu-
1350 3285 1378 3313 85
1394 3273 1442 3305 Sat.
1458 3287 1501 3310 10,
1519 3287 1572 3311 343.
1691 3279 1809 3305 Naturae
1827 3278 1993 3312 bonitatique
2012 3277 2122 3303 alicuius
2158 3277 2214 3303 Cic.
2235 3286 2283 3311 pro
2300 3276 2393 3309 Quint.
2414 3285 2452 3310 9¹·

272 3314 368 3346 strare,
391 3314 520 3339 contraria
553 3313 618 3340 Pliu.
632 3313 660 3338 in
675 3315 767 3348 Paneg.
788 3323 809 3340 c.
824 3316 859 3347 69
876 3321 942 3340 extr.
1015 3314 1080 3341 aeta
1098 3324 1170 3342 noua
1192 3315 1333 3343 obscurant
1395 3315 1432 3342 Id.
1442 3314 1512 3341 Fam.
1522 3316 1558 3345 16,
1568 3323 1582 3346 9
1603 3314 1650 3340 Sed
1665 3324 1747 3347 quum
1761 3315 1859 3342 Pudori
1871 3321 1919 3340 tuo
1931 3313 2047 3339 maluisti
2061 3312 2183 3347 obsequi,
2202 3321 2282 3348 quam
2294 3311 2453 3344 valetudini,

272 3355 376 3376 vetereS
391 3349 542 3383 triumphos
569 3350 666 3376 Lucan·
685 3359 701 3379 ¹2
717 3359 761 3376 121.
1394 3351 1495 3385 reliqua
1509 3358 1579 3376 cura.
1654 3351 1690 3376 Id.
1704 3351 1787 3377 Tusc.
1802 3360 1826 3382 2,
1843 3352 1873 3382 36
1902 3349 1942 3375 Sic
1955 3349 2093 3381 faciemus,
2114 3349 2218 3384 tuisque
2231 3348 2340 3383 optimis
2353 3347 2452 3374 Studiis

308 3386 536 3415 onscx‘rRANs,
570 3385 646 3411 antis.
687 3385 779 3411 l'artic.
815 3386 966 3419 [σκατίζων]
1005 3386 1074 3411 Hor.
1100 3387 1183 3413 Serui.
1204 3396 1233 3418 2,
1254 3395 1286 3421 7,
1306 3397 1333 3417 55
1395 3387 1577 3422 obsequemur.
1651 3386 1749 3412 Studiis
1764 3386 1815 3411 suis
1828 3386 1906 3411 ctiam
1921 3386 1949 3410 in
1961 3384 2143 3418 asperitatibus
2156 3394 2243 3411 rerum
2275 3384 2313 3411 Id.
2328 3383 2361 3410 de
2374 3384 2451 3410 Orat.

273 3419 366 3448 Prodis
382 3429 412 3446 ex
426 3420 513 3447 iudice
526 3421 608 3448 Dama
669 3420 788 3455 Turpis,
806 3421 949 3448 odoratum
962 3427 1038 3457 caput
1053 3421 1209 3449 obscurante
1221 3423 1332 3449 lacerna.
1394 3433 1418 3457 i,
1434 3432 1454 3456 3.
1524 3421 1691 3455 Tempestati
1711 3423 1739 3447 in
1755 3420 1903 3455 nauigando
1917 3420 2044 3455 obsequi,
2063 3421 2126 3447 artis
2140 3420 2175 3446 est
2212 3420 2284 3447 Idem
2298 3420 2369 3446 Fam.
2385 3429 2409 3451 ι,
2423 3427 2451 3452 9.

274 3457 298 3483 h.
313 3465 332 3481 f.
371 3457 504 3490 'l‘cgcntq
523 3465 555 3483 ne
571 3457 644 3491 poffis
659 3457 762 3490 agnosci
800 3457 897 3483 Acron.
1344 3467 1378 3491 90
1394 3460 1430 3487 Id.
1447 3458 1478 3485 de
1489 3455 1577 3484 Finib.
1593 3466 1616 3491 2,
1633 3467 1658 3492 ¹7
1679 3467 1699 3484 c.
1715 3460 1729 3483 6
1767 3456 1903 3491 ()bsequar
1924 3457 2006 3491 igitur
2028 3456 2166 3483 Voluntati
2187 3462 2260 3486 tuae,
2279 3455 2416 3489 dicamque
2429 3454 2450 3482 fi

312 3493 555 3518 OBscx'Rii'rvs
567 3513 575 3525 ,
599 3501 628 3523 a,
647 3502 700 3519 um.
737 3493 823 3518 Aliud
840 3492 933 3519 Partic.
963 3493 1158 3527 [ἔσκοτισιιὲνοε]
1196 3493 1330 3520 Vocabula
1393 3501 1504 3531 potero,
1523 3492 1664 3519 rhetorice.
1739 3493 1895 3526 Obsequor,
1915 3502 1966 3517 caru
1978 3493 2136 3527 Accusatiuo.
2210 3491 2237 3518 Id
2253 3500 2302 3525 ego
2322 3491 2449 3525 percupio

273 3527 319 3553 diu
334 3528 468 3553 obscurata
482 3527 581 3561 populo
614 3529 682 3555 Hor.
696 3528 774 3563 Epist.
789 3537 811 3561 2,
825 3537 848 3562 2,
864 3538 908 3559 115.
985 3528 1082 3554 Scusun
1102 3528 1238 3555 obscurata
1259 3529 1331 3556 estet
1393 3530 1501 3565 obsequi
1515 3535 1593 3564 gnato
1606 3538 1681 3559 nico,
1702 3529 1768 3555 volo
1786 3528 1872 3555 amori
1894 3528 2046 3555 obsecutum
2067 3529 2138 3554 illius
2170 3527 2251 3554 Plaut.
2267 3526 2333 3553 Afin.
2349 3537 2366 3561 ι,
2382 3537 2398 3559 1,
2411 3529 2447 3554 61.

273 3563 382 3589 euanuit
395 3571 488 3588 corum
503 3563 632 3590 memoria
656 3564 712 3591 Cic.
725 3564 756 3590 de
773 3564 846 3591 Orat.
860 3573 882 3597 2,
894 3573 925 3597 9ς
944 3573 967 3590 c.
982 3573 1017 3596 23.
1393 3567 1460 3594 Gell.
1474 3575 1498 3599 2,
1512 3575 1524 3597 7
1557 3563 1606 3590 Sed
1621 3574 1649 3590 ca
1665 3571 1767 3598 tamen,
1789 3574 1855 3599 quae
1867 3564 1977 3600 obsequi
1993 3573 2046 3591 non
2063 3570 2177 3599 oportet.
2214 3564 2307 3597 Nempe
2326 3562 2448 3598 intelligi-

311 3605 331 3624 0
343 3603 358 3624 Β
370 3605 381 3623 S
393 3603 410 3624 C
421 3605 440 3623 V
451 3604 469 3623 R
480 3605 499 3623 Α
511 3605 532 3626 Τ
544 3601 563 3626 V
573 3606 590 3625 R
601 3606 620 3625 v
632 3606 644 3625 S
654 3621 661 3632 ,
682 3609 696 3626 a
705 3621 712 3633 ‚
732 3610 786 3628 um,
825 3600 946 3626 SImIIiter
962 3600 1055 3627 Partic.
1081 3601 1229 3634 [σκοτίων]
1254 3601 1330 3627 Tuas
1391 3611 1434 3629 tur
1443 3602 1581 3637 secundum.

274 3633 362 3660 laudes
377 3633 545 3660 obst-uratum
558 3635 629 3661 nulla
644 3645 760 3671 vnquam
775 3636 809 3663 est
822 3635 930 3662 obliuio
954 3635 1009 3661 Cic.
1025 3645 1073 3670 pro
1088 3635 1214 3662 Marcello
1229 3645 1249 3666 31
1264 3646 1329 3663 mo.
1343 3646 1374 3670 95
1429 3646 1448 3665 ο
1458 3644 1473 3664 13
1485 3644 1498 3664 s
1511 3634 1528 3664 13
1538 3642 1590 3675 qv
1604 3642 1618 3660 F
1629 3643 1650 3661 N
1661 3641 1689 3668 S,
1718 3636 1793 3662 eutis.
1832 3636 1924 3663 Partic.
1963 3635 2117 3668 [ὗπηρετῶν]
2153 3633 2282 3660 obediens.
2332 3633 2448 3660 Terent.

314 3677 333 3695 0
344 3675 430 3696 Bscv
442 3676 579 3700 RATto,
598 3672 666 3698 onis.
703 3672 721 3698 f.
758 3672 921 3706 [σκοτισμὸς]
958 3671 1107 3706 Obscuritas.
1154 3671 1210 3698 Cic.
1224 3680 1263 3705 ap.
1278 3674 1328 3698 Λιι.
1392 3675 1488 3700 Heant.
1504 3682 1525 3705 2,
1536 3681 1555 3704 3,
1572 3678 1595 3699 ¹8
1627 3673 1735 3706 l'roptcr
1747 3681 1825 3707 quam
1841 3673 1868 3698 in
1885 3673 1983 3698 ssnnma
1998 3672 2106 3697 iutamia
2120 3670 2185 3699 siun,
2201 3676 2227 3695 ct
2239 3679 2301 3696 meo
2314 3671 2382 3704 patri
2397 3669 2447 3695 mi-
2467 3677 2470 3683 ·

273 3705 368 3740 gustin.
384 3705 413 3731 C.
431 3705 461 3730 D.
478 3715 497 3738 3,
512 3714 535 3735 15
568 3707 643 3733 Tum
666 3707 757 3734 licebit
776 3708 861 3734 otiose
880 3716 1008 3742 quaerere
1021 3707 1053 3734 de
1068 3707 1122 3733 istis
1137 3707 1194 3741 ipsis
1210 3707 1329 3735 obscura·
1391 3720 1439 3736 nus
1454 3711 1508 3736 sum
1521 3708 1674 3740 obsequens.
1792 3709 1875 3735 Cordi
1891 3715 1969 3742 atque
1983 3707 2080 3733 Animo
2096 3707 2141 3731 suo
2154 3704 2326 3738 obsequentes
2365 3706 2445 3732 Plaut.

274 3740 394 3768 tionibus
404 3761 412 3772 ‚
432 3749 498 3773 quae
519 3749 627 3776 propter
647 3744 815 3778 exiguitatem
835 3744 882 3769 vix
894 3749 939 3770 aut
952 3751 984 3769 ne
997 3742 1042 3769 vix
1059 3742 1167 3778 quidem
1181 3751 1329 3777 appareant.
1392 3745 1480 3772 Pseud.
1496 3754 1517 3778 ς,
1532 3754 1549 3776 ι,
1562 3751 1599 3775 27.
1674 3744 1803 3777 Legiones
1817 3745 1902 3770 nostra
1917 3743 2075 3770 liberalitate
2089 3741 2166 3766 nobis
2185 3741 2356 3775 obsequentes
2387 3742 2445 3768 Cic.

274 3778 314 3802 Sic
328 3777 402 3802 ctiam
416 3777 509 3815 quitur
526 3780 593 3811 apud
610 3778 688 3812 ipsum
726 3779 782 3805 Cic.
797 3779 828 3805 de
842 3779 899 3805 Pin.
914 3789 938 3811 4,
950 3787 976 3811 3²
995 3788 1016 3805 c.
1031 3788 1063 3812 ¹3·
1156 3779 1222 3805 Pliu.
1238 3783 1275 3811 3⁶,
1290 3789 1327 3814 27.
1391 3782 1462 3808 Fani.
1477 3789 1513 3813 ιο,
1527 3786 1548 3810 8.
1621 3779 1774 3811 Obsi-quens
1790 3779 1919 3814 voluptati
1934 3779 2017 3805 homo
2043 3777 2110 3803 Ter.
2121 3777 2185 3802 Hec.
2195 3785 2216 3808 τ,
2231 3787 2251 3810 ς,
2267 3787 2292 3810 9.
2366 3777 2446 3803 Obse-

275 3812 331 3838 Cic.
346 3811 377 3838 de
393 3810 478 3838 Funb-
494 3821 517 3846 4,
532 3820 562 3841 30
596 3813 702 3846 Quibus
722 3821 809 3841 autern
824 3814 853 3840 in
865 3813 944 3841 rebus
960 3814 1112 3841 obscuratio
1126 3820 1195 3840 tauta
1215 3824 1269 3840 non
1291 3816 1383 3849 lit,100
1391 3826 1473 3851 quens
1488 3825 1540 3850 quo
1555 3813 1632 3840 libeat
1646 3815 1716 3842 flecti
1744 3816 1808 3842 l’lin.
1827 3818 1860 3848 16,
1875 3820 1913 3848 36.
2018 3814 2130 3846 Compar.
2163 3812 2261 3839 Sallust.
2276 3813 2304 3838 in
2318 3813 2374 3839 Cic.
2394 3822 2414 3838 c.
2428 3820 2444 3838 2

276 3848 332 3874 ficri
347 3854 434 3874 tamen
449 3856 504 3872 uon
518 3847 616 3880 potest,
654 3850 685 3875 Et
701 3849 781 3885 paullo
795 3858 868 3883 ante,
906 3850 1066 3878 Obscuratio
1080 3857 1189 3885 propter
1201 3851 1328 3884 exiguita-
1391 3853 1457 3879 Filia
1471 3851 1560 3879 matris
1573 3851 1663 3884 pclltx,
1673 3851 1722 3877 tibi
1737 3851 1880 3877 iucundior
1892 3858 1969 3885 atque
1982 3847 2178 3881 obsequentior,
2192 3857 2270 3882 quam
2284 3848 2384 3883 parenti
2400 3856 2445 3882 par

275 3890 325 3910 tvm
341 3892 430 3910 rerum
450 3883 629 3915 consequitur.
1391 3888 1435 3915 cst.
1506 3888 1613 3920 Quanto
1628 3888 1731 3913 facilius
1747 3887 1849 3913 animus
1862 3886 1957 3921 accipit
1971 3885 2094 3911 formam.
2115 3884 2249 3917 flexibilis,
2269 3891 2293 3910 et
2307 3884 2382 3910 omni
2397 3884 2444 3910 hu-

312 3928 331 3945 o
343 3926 358 3946 Β
370 3926 382 3945 S
394 3925 411 3945 c
421 3924 468 3944 VR
478 3925 493 3944 Ε
505 3924 521 3944 F
532 3917 578 3945 tic
592 3924 631 3945 10
642 3940 649 3951 ,
667 3919 735 3950 feci,
755 3921 872 3955 noum,
891 3923 943 3948 erc.
1017 3923 1126 3950 Nonius
1144 3931 1167 3956 2,
1181 3923 1225 3949 601
1253 3922 1327 3949 Obli-
1391 3933 1468 3951 more
1481 3922 1671 3957 obsequentior
1703 3924 1760 3949 Seu.
1776 3924 1819 3955 Ep.
1835 3932 1874 3951 50.
1947 3920 2032 3947 Persas
2047 3917 2264 3953 obsequentiores
2277 3920 2336 3946 fore
2368 3920 2442 3946 Curt·

275 3962 358 3980 terat-e
370 3956 404 3981 est
417 3953 614 3981 obscurcfacere
630 3962 654 3981 ct
669 3956 696 3981 in
711 3956 880 3985 obliuionem
892 3957 997 3985 ducere.
1392 3961 1416 3993 6,
1432 3969 1441 3991 3
1454 3967 1517 3985 extr.
1624 3960 1720 3994 Super-l.
1735 3959 1761 3983 in
1778 3958 1875 3984 Vetust.
1891 3955 1979 3990 [apid.
1993 3954 2059 3988 apud
2076 3956 2152 3982 Grut.
2168 3965 2191 3990 p.
2207 3964 2250 3987 955
2272 3965 2298 3981 n.
2314 3965 2343 3987 ¹3·
2381 3954 2444 3981 LIB.

312 3996 331 4016 0
343 3997 358 4017 Β
368 3997 379 4017 S
391 3996 408 4018 C
420 3997 437 4018 V
452 3996 482 4021 S»
501 3989 555 4018 *Uid-
576 3995 596 4016 ⁰
606 3996 619 4017 S
630 3996 647 4018 C
660 3996 679 4017 V
690 3996 702 4017 S
1340 4003 1382 4027 105
1391 3993 1625 4023 GRATISSIMAE
1658 3995 1710 4023 ΕΤ
1739 3991 2102 4026 OBSEQVENTISSIMAE.
2174 3991 2307 4025 Quintiiil.
2327 3991 2442 4017 Declam.

2324 4035 2365 4060 29¹
2386 4025 2443 4053 Nu-
