2517 4231
4 164 137 247 *633
507 190 544 230 o
656 190 760 230 s·
1625 192 1660 232 ο
1769 194 1798 235 s
2171 214 2245 261 634

70 292 136 321 puer
147 279 202 310 or'is
215 288 242 310 et
252 281 336 309 audax
367 280 450 308 Ouid.
463 280 530 307 Met.
546 288 568 315 5,
581 288 630 313 451.
702 280 800 306 Contra
819 277 879 304 Sen.
896 277 973 312 Epist.
990 286 1008 304 ιι
1042 278 1126 305 Molle
1185 281 1284 306 Dimin.
1295 279 1327 314 est
1339 290 1354 306 a
1368 281 1464 309 Dimin.
1489 282 1625 316 Osculum,
1640 283 1708 316 sicut
1719 293 1735 310 a
1751 284 1874 320 Tantulo,
1898 288 2038 319 Tantillum.
2109 297 2242 327 coflumcl·

71 329 112 352 os,
131 319 150 346 i.
165 320 338 345 verecundum.
443 316 554 349 Qunet.
567 318 594 351 6,
608 326 632 349 4,
649 325 667 342 ιι
692 316 757 342 Sunt
769 312 878 348 quidam
894 313 1016 348 praeduri
1032 313 1059 340 in
1075 314 1125 341 hoc
1185 325 1212 347 2,,
1235 324 1278 346 ιο,
1296 324 1307 347 3
1340 317 1476 349 Qioniam
1496 318 1512 344 si
1528 318 1626 346 humor
1639 319 1749 355 inuasit,
1768 330 1872 348 vermes
1884 323 1985 358 gignit,
2005 329 2052 361 qui
2071 330 2144 359 fimufl
2164 341 2189 360 at
2210 345 2243 362 „e

69 355 125 383 oris
156 359 185 381 vt
197 353 346 388 obstrepant
359 352 462 387 ingemi
474 352 606 385 clamore,
625 359 669 378 etc.
867 346 889 386 ff
916 359 927 382 7
970 350 1125 384 (jons-spallam
1184 351 1274 378 oscilla
1286 351 1441 385 lupinorum
1458 354 1578 390 ederunt,
1598 355 1703 391 reliqua
1717 365 1776 391 pars
1790 358 1874 385 enasci
1887 367 1943 386 non
1956 363 2047 395 potest.
2230 380 2243 398 ¹

69 398 93 418 ee
103 375 266 426 pisaesemiam
277 397 307 415 os
313 388 452 423 fignificat.
544 387 642 415 Sallust.
657 387 684 413 in
698 383 819 420 Iugurth.
834 393 865 418 31,
879 394 906 411 ιο
938 385 1063 412 Incedunt
1078 394 1125 420 per
1186 386 1300 419 Ost-illa,
1321 387 1394 412 etiam
1408 389 1496 423 Simila
1504 390 1581 424 sunt,
1601 400 1624 417 a
1637 399 1730 426 paruae
1745 395 1796 419 ,ma
1804 403 1876 421 'unm
1878 395 1931 429 lue,
1952 405 2020 432 quae
2038 406 2093 425 arte
2106 401 2182 431 fiffili
2196 406 2244 432 fin-

69 434 117 454 ora
129 425 211 452 vestra
224 424 374 458 magnifice.
408 424 475 458 confi
496 424 568 452 Idem
582 425 685 463 Fragm.
705 431 726 447 c.
740 430 760 451 3¹
782 428 806 446 et
819 429 854 453 32.
927 422 982 448 Cic.
998 422 1024 448 in
1038 422 1124 449 Pison.
1142 423 1156 451 ς
1184 422 1329 456 gebantur,
1349 429 1375 448 et
1389 426 1491 451 venales
1506 428 1732 462 proponebantur,
1752 430 1798 463 qui
1820 439 1849 456 us
1862 429 1987 459 homines
2001 442 2050 468 pro
2064 435 2088 461 se
2102 444 2178 472 atquc
2193 442 2245 468 sui,

69 469 93 497 ςι
119 460 166 488 Sed
188 460 315 495 qnoniam
333 459 502 487 fortunarum
522 466 718 487 contentionem
733 456 820 483 facere
834 457 968 491 cepimus,
991 457 1023 484 de
1037 457 1123 484 reditu
1185 459 1297 497 Saturno
1310 457 1412 498 piacula
1426 461 1570 498 faciebant,
1590 471 1620 489 vt
1633 465 1671 490 ait
1685 465 1805 495 Macrob.
1819 466 1921 495 Saturn.
1937 477 1955 501 ι,
1972 478 1991 495 ιι
2011 478 2079 497 extr.
2116 474 2167 500 coll.
2188 486 2208 502 c.
2222 486 2244 508 7.

71 496 181 524 Gabinii
194 496 361 524 omittamus:
382 505 461 530 quem
481 496 525 524 etfi
545 495 593 522 sibi
611 494 665 528 ipse
683 492 825 527 praecidit,
845 501 896 527 ego
910 500 1013 526 tamen,
1032 502 1076 527 os,
1086 498 1125 533 *vt
1184 493 1281 520 Osctlla
1293 494 1374 528 igctm·
1387 496 1427 534 ‘³33'
1441 500 1560 524 vocabant
1573 499 1672 526 formas
1686 501 1727 527 vel
1741 503 1864 536 personas
1878 502 1910 530 ad
1922 504 1978 532 oris
1992 505 2031 531 sui
2044 505 2246 539 similitudinem

70 533 175 560 videam
187 531 316 562 hominis,
333 531 464 567 exspecto.
536 533 567 559 In
579 538 626 557 ore
638 529 759 561 alicuius,
772 530 802 554 1η
815 530 935 564 conspet‘lu
957 528 1125 561 Tacit-Hlst·
1184 528 1275 568 fssflfsss
1295 536 1324 554 ’Ν
1337 530 1448 563 loquum·
1474 533 1546 559 Seru-
1562 537 1596 560 ad
1609 535 1685 571 Virg-
1702 537 1801 573 Georg·
1814 546 1838 569 2,
1852 545 1907 573 389.
1949 539 2075 576 Tibique
2095 546 2123 575 (o
2137 546 2245 579 Bacche)

72 578 85 602 3
109 578 136 601 77
159 578 182 600 4·
218 567 284 597 ‘'0⁹¹st'-
300 567 365 602 Lips.
381 570 417 593 ad
426 577 448 601 3,
463 569 505 601 36,
517 575 534 595 ι,
610 566 641 592 In
661 573 709 591 ore
729 572 808 599 atque
821 565 904 591 oculis
919 566 1040 592 omnium
1062 564 1126 590 haec
1184 564 1282 590 Osczlla
1296 573 1327 590 ex
1342 565 1563 605 alta—suspendunt
1578 571 1669 598 mollia
1683 573 1756 607 pinu.
1830 577 1985 610 Congruunt‚
2004 586 2066 612 quae
2078 588 2103 606 v.
2113 586 2159 614 337
2176 582 2246 608 dixe-

70 589 208 640 g’essa’sunt
239 597 295 631 εἷς.
309 605 386 630 νει-Γ.
406 613 418 630 2
442 610 475 633 8,,
583 601 717 634 Frequens
737 606 792 627 em,
806 601 853 627 jue
868 601 984 634 Romae,
1003 608 1081 635 atque
1096 599 1125 626 in
1141 603 1171 622 ιο
1184 606 1227 626 rat
1242 601 1296 626 Ora
1310 602 1454 628 corticibus
1467 602 1600 631 horrenda
1614 609 1721 634 cauatis.
1781 610 1959 645 Seclflm‘luat,
1979 613 2080 648 vtsolet
2090 616 2204 641 Seruius:
2221 625 2247 643 et

70 639 133 666 foro
164 646 190 666 et
202 640 229 666 in
243 648 292 666 ore
306 626 429 666 omniuni
440 636 561 674 qnotidie
574 636 725 663 versabatur
751 637 805 663 Cic.
820 646 869 671 pro
882 637 955 664 Rosc.
967 638 1055 676 Amer.
1069 645 1090 662 c.
1099 637 1124 662 6.
1182 642 1286 671 praeter
1294 636 1413 676 fabulam
1421 639 1547 678 Iim‘gon-es,
1555 650 1626 675 quam
1639 652 1694 669 mox
1705 644 1732 669 J„
1748 651 1943 675 OSCILLA‘rio
1956 649 2044 675 damus
2056 659 2087 676 ex
2100 652 2210 687 Hygino,
2223 660 2248 679 n

68 677 101 703 In
121 663 173 702 titis
192 675 293 706 oculis,
313 676 342 702 in
363 682 409 702 tuo
427 683 491 704 ore,
510 673 639 706 vultuque
658 673 793 706 acquiesco
830 672 904 700 Idem
924 681 973 706 pro
994 673 1083 699 Deiot.
1103 681 1125 702 5.
1185 672 1353 711 etymologiam
1372 683 1387 697 a
1405 674 1478 699 verbo
1493 675 1601 709 cillere,
1623 687 1695 711 quum
1712 680 1830 714 pofiaimus
1843 683 1870 707 in
1891 688 1983 711 C1L1.
1995 690 2013 712 Β
2025 691 2064 720 0,
2082 688 2171 713 addit:
2191 688 2248 716 Alii

69 712 137 738 Ante
150 720 206 744 ora,
225 713 279 739 vid.
300 717 382 738 ANT
392 716 417 736 Ε.
490 710 557 735 Ante
572 717 618 735 ora
633 715 735 743 patrum
750 714 876 744 oppetere
896 708 971 742 Virg.
981 709 1045 734 Aen.
1055 716 1125 739 1‚99.
1185 706 1275 733 dicunt
1290 707 1379 734 oscilla
1393 709 1513 736 membra
1526 711 1575 738 esse
1590 712 1682 739 virilia
1696 714 1728 740 cle
1743 715 1854 743 floribus
1873 719 1958 753 facta,
1977 729 2044 755 quae
2059 722 2249 758 suspendeban-

70 746 111 774 Ab
125 756 219 775 eorum
231 756 279 774 ore
292 745 417 779 concedes
430 745 572 779 paullisper
596 745 711 771 Terent.
722 745 817 771 Heaut.
830 754 852 778 3,
864 752 886 777 3,
898 752 927 769 ιι.
993 743 1053 784 §ub
1068 743 1125 777 ipso
1184 748 1228 769 tur
1242 752 1288 784 per
1302 743 1520 785 intercolumna:
1541 746 1576 787 ita
1586 769 1593 780 ,
1615 755 1653 788 vt¹
1663 749 1691 775 in
1710 759 1740 776 ea
1762 750 1884 779 homines
1899 757 2010 790 acceptis
2024 757 2114 785 clausis
2129 760 2249 794 personis

70 791 118 809 ore
132 782 205 810 vrbis
219 783 319 810 clafl'em
334 780 449 808 incendit
475 781 548 807 Flor.
562 789 585 811 2,
600 790 631 813 ις,
646 790 667 813 7.
704 781 771 815 conf.
784 782 819 806 N.
833 779 917 813 Heius:
939 780 976 804 ael
986 779 1031 804 bil.
1045 788 1066 810 3,
1080 780 1124 805 66.
1144 784 1170 810 15
1185 780 1274 812 (atqm
1295 780 1353 804 haec
1366 780 1419 814 tpsa
1426 781 1489 821 sunt
1504 783 1627 814 oscilla3)
1646 785 1838 820 uupingerent‚
1858 795 1883 815 et
1902 799 1932 816 ea
1950 800 1997 818 ore
2010 793 2150 828 cillerent,
2171 795 2198 823 id
2211 796 2248 824 cst

117 825 131 849 8
174 819 211 845 Os
245 818 353 850 dicitur,
373 817 498 850 quidquid
515 819 542 841 in
562 818 649 851 aliqua
667 826 694 842 re
708 823 786 851 patet.
828 815 883 841 Vid.
899 814 987 840 Barth.
1003 815 1038 839 ad
1050 814 1124 853 Gpat.
1184 820 1340 855 mouerent,
1358 815 1390 842 ad
1411 817 1493 844 risum
1515 819 1615 853 populo
1639 823 1881 858 commonendum,
1899 833 1944 855 etc.
2023 830 2130 857 Maneat
2149 832 2249 860 Oscilla

91 863 166 888 yneg.
181 863 208 880 v.
220 838 258 882 ³28.
354 852 420 878 Lato
433 852 506 879 dedit
519 861 568 879 orc
587 852 743 885 fenestram,
758 857 832 886 porta
842 851 926 876 domus
938 848 1020 877 excisa
1047 851 1124 884 Vng.
1184 850 1231 891 ςθε
1244 850 1364 885 imagines
1375 852 1477 878 humani
1488 854 1539 880 oris
1550 862 1574 880 et
1589 857 1698 890 corporis
1711 859 1779 884 adeo.
2016 862 2037 902 q
2057 875 2068 897 3
2112 868 2162 892 Sed
2171 868 2249 894 “iam

66 890 131 917 Aen.
146 898 169 921 c,
183 894 234 920 48²·
326 889 357 913 Et
375 890 402 921 6,
416 896 441 921 53
466 889 602 915 Attonitae
617 896 708 923 magna
721 895 768 914 ora
780 885 883 912 domus.
976 885 1079 912 Vlceris
1092 894 1122 912 os
1184 885 1247 926 Aluti
1259 892 1379 926 apparet,
1405 889 1535 916 Oscillum
1548 890 1594 926 ff
1608 892 1712 926 anim,
1732 900 1755 918 et
1775 891 1843 919 Illam
1854 894 2011 924 iaffasionem
2025 907 2049 925 et
2061 909 2148 927 motum
2157 923 2166 935 ‚
2185 912 2249 939 quae

69 924 145 959 Virg.
159 924 258 959 Georg.
273 933 294 956 3,
306 931 368 956 454.
441 924 569 951 Vulneris
596 925 670 951 Grat.
684 924 784 955 cyneg.
807 929 854 952 355·
925 920 1030 948 Vuluae
1056 921 1125 948 Cels.
1184 921 1324 962 Ost-illane
1338 931 1442 949 vocatur
1455 926 1530 952 alias.
1624 927 1746 955 Tertull.
1761 928 1793 956 de
1807 930 1869 957 Pall.
1883 940 1892 957 1
1907 940 1974 959 extr.
2000 935 2119 963 Arietem
2139 954 2185 959 —
2204 948 2249 966 ne-

69 971 94 994 7,
105 966 139 991 28,
210 960 309 987 sacculi
322 969 352 985 ος
383 961 476 987 quen,
490 961 540 987 Sat,
555 969 587 992 ¹4,
601 965 646 990 ¹38.
720 956 827 983 Vascula
840 955 896 983 oris
907 957 1009 991 angusti
1040 957 1125 990 Qun·
1137 962 1173 981 20
1186 958 1252 984 nuni
1266 957 1350 984 adhuc
1365 959 1502 993 libratum,
1524 961 1570 988 illa
1585 961 1683 990 dicitur
1697 964 1832 999 Carthago
1845 980 1891 987 ——
1906 967 1992 1001 prima
2005 972 2128 999 omnium
2140 975 2250 1002 armasse

70 996 124 1024 Eril.
137 1003 161 1028 1,
174 1004 196 1025 2.
307 996 363 1022 Ora
383 996 492 1022 nauium
509 995 583 1030 graui
597 995 705 1021 rostrata
719 991 836 1027 pondere
866 992 935 1019 Hor.
951 993 1033 1027 Epocl.
1047 1003 1077 1026 4,
1091 1002 1123 1027 17.
1184 994 1214 1020 in
1229 993 1351 1020 oscillum
1364 995 1473 1029 penduli
1487 998 1610 1032 impetus.
1684 1000 1790 1035 Salmas.
1802 1003 1838 1027 ad
1848 1003 1872 1028 h.
1887 1004 1905 1030 l.
1920 1012 1944 1038 p.
1959 1014 2001 1036 130
2014 1007 2249 1042 hacfignifimtione

69 1031 130 1065 Nisi
137 1031 305 1066 praeferenda
320 1033 421 1058 vicli-tur
433 1031 542 1058 Bentleii
554 1030 692 1056 comeam-a
707 1037 777 1055 aera.
853 1030 902 1055 Sed
918 1038 972 1054 cum
985 1030 1071 1055 auium
1086 1038 1125 1054 ro-
1185 1039 1237 1056 cum
1247 1030 1350 1069 ponitur·
1367 1031 1505 1063 oscillum,
1524 1034 1641 1070 derium,
1660 1045 1676 1061 a
1689 1035 1781 1071 cinus,
1803 1035 1832 1063 rel
1848 1039 1937 1072 νεῦμα,
1956 1048 1987 1066 ve
1998 1041 2030 1077 est
2047 1043 2075 1068 in
2087 1039 2153 1072 *Vc-t.
2167 1046 2248 1074 Gloffi

135 1075 183 1094 ora
201 1068 266 1100 dici,
287 1076 313 1093 n.
327 1076 335 1093 ι
357 1065 566 1099 ⁰1¹²}2·⁷·uatumfit‚
586 1065 676 1100 quidni
694 1065 769 1090 etiam
784 1064 902 1090 nauium?
975 1065 1032 1091 Cic.
1046 1065 1125 1091 Verr.
1185 1067 1252 1090 vnde
1257 1065 1295 1098 fit
1309 1065 1402 1100 cillus,
1422 1075 1445 1093 et
1460 1078 1490 1094 ex
1510 1078 1536 1094 eo
1549 1071 1649 1096 verbum
1661 1071 1741 1098 cilleo
1756 1072 1800 1098 vel
1817 1073 1897 1107 cillo,
1917 1075 2022 1111 hincque
2040 1079 2132 1107 oscillo
2143 1088 2189 1116 pro
2200 1082 2249 1109 ob-

66 1110 92 1137 5,
105 1111 134 1135 30
167 1103 236 1130 Nam
252 1103 279 1129 in
294 1103 350 1138 ipso
363 1099 434 1130 aditu
450 1107 529 1136 atque
543 1110 590 1128 ore
605 1101 714 1134 Portus,
733 1099 782 1126 vbi
801 1100 920 1135 primum
936 1109 968 1127 ex
988 1100 1043 1127 alto
1056 1100 1124 1127 finus
1185 1100 1274 1134 scillo,
1292 1108 1337 1127 etc.
1409 1106 1489 1139 Apud
1502 1105 1650 1140 Virgilium
1669 1116 1762 1142 quoque
1782 1107 1881 1144 Georg.
1902 1119 1932 1143 2,
1946 1117 1991 1146 389
2010 1114 2099 1142 oscilla
2120 1119 2205 1150 ὰιώρκς
2224 1124 2250 1144 er

67 1138 100 1166 ad
114 1139 208 1166 vrbem
222 1139 255 1165 ab
269 1139 348 1165 litore
363 1137 515 1171 inficetitur,
533 1145 578 1165 etc.
672 1137 736 1170 Ora,
756 1138 786 1162 de
799 1145 914 1171 aequore.
971 1137 1046 1171 Virg.
1061 1138 1124 1163 Aen.
1142 1137 1331 1173 25iaclat1'ones
1348 1138 1541 1174 imm-pretatur,
1620 1143 1680 1169 Vide
1701 1142 1778 1178 ‚psum
1798 1153 1823 1170 a
1848 1145 1912 1181 Voff]
1931 1149 2024 1180 etymol.
2052 1152 2074 1178 h·
2094 1161 2120 1178 ,U-
2147 1160 2171 1178 e,
2192 1162 2249 1179 mox

68 1182 78 1202 1
108 1181 160 1208 '249
198 1175 274 1202 Vnde
293 1184 338 1209 per
357 1183 404 1201 ora
422 1182 520 1199 nouem
541 1173 614 1200 vasto
634 1181 694 1199 eum
709 1180 848 1199 murmure
861 1172 961 1199 montis
1015 1174 1038 1199 It
1053 1181 1125 1199 mare
1188 1178 1357 1200 osclLLO.
1492 1189 1496 1198 ι,
1557 1174 1579 1215 q
1600 1188 1615 1210 4
1653 1179 1773 1205 Ausonio
1787 1189 1879 1215 quoque
1893 1182 2023 1211 Oscfflum
2041 1187 2158 1214 vindicat
2171 1190 2249 1214 Scali-

85 1198 249 1245 i'aerttpttlttt,
269 1219 295 1237 et
310 1210 401 1245 pelago
414 1209 511 1244 premit
523 1217 586 1235 arua
599 1208 712 1236 sonanti.
783 1208 887 1242 Septem
902 1208 1026 1235 discurrit
1037 1208 1064 1234 in
1078 1217 1126 1235 ora
1181 1217 1241 1243 ger,
1260 1216 1284 1235 ee
1297 1208 1420 1250 qtuijllum
1426 1210 1575 1251 sequuntur.
1648 1215 1690 1240 Im
1702 1215 1767 1240 enim
1780 1217 1843 1249 legit
1856 1217 1940 1245 Praef.
1954 1220 2049 1248 Cento.
2065 1222 2150 1259 Nupt.
2165 1233 2189 1258 p.
2205 1232 2251 1257 503

99 1247 149 1273 ilus
174 1246 247 1276 Vita.
262 1247 358 1280 Georg.
373 1257 396 1276 a,
410 1253 463 1278 192.
535 1246 567 1272 In
581 1254 628 1272 ore
641 1243 756 1271 Tiberis
769 1243 842 1270 Ostia
857 1243 919 1270 vrbs
933 1244 1039 1271 condita
1064 1245 1125 1272 Liu.
1189 1244 1249 1270 Tell.
1287 1245 1378 1272 Snmle
1393 1253 1421 1272 vt
1434 1246 1504 1274 dicas
1517 1248 1632 1281 ludicro,
1645 1249 1719 1283 quod
1732 1250 1826 1277 Graeci
1841 1258 1955 1284 ςοματίων
1969 1264 2108 1285 vocauere.
2150 1260 2251 1287 oscilla

70 1292 88 1315 ι,
102 1293 134 1314 33.
205 1278 242 1309 Os
254 1281 337 1308 amnis
370 1283 446 1309 Curt.
460 1291 486 1316 9,
497 1289 523 1317 9,
537 1290 572 1313 23.
646 1280 743 1306 Vietor
762 1279 793 1306 ad
813 1279 898 1307 Gades
918 1287 943 1307 et
958 1280 1058 1307 Oceani
1077 1289 1126 1307 ora
1185 1288 1215 1306 ea
1227 1281 1294 1308 sunt.
1357 1282 1397 1308 Ad
1412 1282 1544 1310 summum
1559 1283 1762 1319 quatuordecim
1778 1286 1874 1321 figuras
1888 1289 2068 1320 Geometricas
2079 1294 2188 1329 habent,
2206 1303 2252 1324 etc.

67 1317 191 1353 peruenit
221 1318 293 1345 Elor.
307 1327 330 1353 2,
343 1325 380 1353 17,
393 1325 419 1352 7.
529 1318 616 1343 Verum
630 1317 686 1343 Ora
705 1316 782 1342 etiam
794 1317 826 1342 de
843 1316 980 1351 originibus
998 1317 1126 1349 fluminum
1141 1327 1174 1351 30
1186 1317 1272 1342 Locum
1283 1319 1359 1343 totuni
1373 1320 1461 1344 damus
1475 1322 1503 1344 in
1519 1326 1690 1356 0881CVLA,
1709 1331 1772 1356 quae
1784 1325 1869 1349 verior
1883 1325 1987 1352 videtur
1999 1330 2078 1356 lemo-
2197 1329 2218 1368 Ἴ
2237 1339 2252 1362 5

67 1353 188 1387 vsu‚-s,a1·i
205 1353 352 1389 demonstrat
371 1354 455 1380 Bm-m.
477 1354 513 1379 ad
530 1352 612 1380 Ouid.
626 1353 689 1380 Met.
705 1361 740 1385 ις,
753 1360 805 1385 274.
841 1359 866 1378 et
885 1353 921 1379 ad
939 1352 1009 1380 Vell.
1027 1361 1056 1386 2,
1078 1361 1126 1379 10¹.
1187 1352 1283 1379 Oscilla
1296 1353 1401 1380 Paullus
1416 1354 1482 1384 Festi
1497 1356 1682 1418 intergremtur
1698 1357 1762 1384 festa
1777 1358 1806 1384 in
1825 1358 1958 1388 honorem
1973 1363 2084 1398 Bacchi,
2104 1365 2132 1392 in
2153 1367 2251 1401 quibus

68 1388 106 1416 Os
119 1390 208 1424 specus
237 1389 324 1416 Tacit.
339 1389 407 1416 Ann.
421 1399 450 1422 4,
467 1398 505 1423 59.
542 1397 567 1415 et
591 1390 665 1415 Curt.
680 1398 704 1423 7,
719 1397 749 1418 ιι,
762 1397 782 1420 3.
982 1386 1003 1427 ff
1023 1397 1040 1422 9
1078 1389 1126 1414 Ob·
1187 1387 1309 1430 homines
1328 1391 1353 1416 se
1372 1399 1419 1424 per
1436 1391 1513 1417 funes
1528 1391 1551 1417 ia
1583 1397 1636 1418 ant.
1709 1393 1764 1420 Alii
1785 1401 1877 1429 putant
1897 1397 2028 1433 Erigones
2047 1409 2072 1428 et
2092 1402 2159 1429 [cari
2178 1403 2252 1430 festa,

60 1424 169 1461 servem.
183 1426 219 1451 Os
233 1434 324 1460 quoque
337 1432 566 1460 nonnunquamva
578 1423 654 1459 ost-illo
668 1423 749 1458 accipi
761 1423 856 1456 debere,
871 1430 949 1460 putat
962 1424 1126 1460 Scalig.Aufi
1193 1425 1263 1450 Vidn
1277 1425 1378 1459 aliquid
1387 1435 1483 1459 eorum,
1503 1436 1564 1461 quae
1578 1437 1634 1452 mox
1647 1428 1759 1455 dabimus
1773 1439 1805 1455 ex
1816 1433 1915 1467 Hygino
1927 1434 1954 1459 in
1968 1442 2080 1465 OSCILL
2084 1445 2132 1466 AT
2137 1445 2178 1467 10⁴

66 1460 129 1487 Lea.
142 1468 174 1494 2,
191 1463 222 1486 26
244 1469 268 1495 p.
284 1463 336 1487 160.
441 1462 492 1487 Nos
505 1462 603 1487 laruam
615 1461 679 1486 reHe
693 1468 735 1485 nos
747 1459 923 1494 interpretatos
931 1466 1046 1496 putamus
1068 1470 1094 1487 n.
1106 1468 1128 1493 5.
1225 1466 1244 1486 O
1253 1466 1265 1486 S
1275 1465 1292 1486 C
1301 1467 1310 1486 Ι
1319 1467 1335 1486 ι.
1347 1467 1363 1486 L
1375 1467 1394 1487 0
1405 1481 1414 1494 ,
1439 1465 1494 1489 Ere.
1549 1463 1624 1489 Funis
1645 1474 1675 1490 ex
1694 1466 1751 1503 alto>
1760 1465 1876 1501 suspensi
1890 1475 1932 1502 ope
1948 1473 2088 1508 anti-orsum
2107 1475 2250 1510 ,arms-um,

67 1497 108 1524 De
115 1495 166 1532 solo
180 1497 244 1522 enim
263 1497 367 1532 Virgilii
384 1497 434 1523 loco
444 1497 527 1532 sermo
539 1496 579 1532 est.
713 1495 784 1528 Ora,
804 1501 849 1530 pro
868 1498 943 1522 Orus.
999 1497 1083 1523 Flacc.
1096 1496 1128 1522 de
1143 1504 1173 1531 35
1183 1494 1284 1536 fif'fum
1296 1497 1443 1536 ‘(⁸²{'fi{”¹s⁶
1458 1498 1571 1539 inflare..
1634 1499 1736 1527 Festus:
1758 1502 1886 1532 oscillum
1893 1505 1996 1540 Santra,
2017 1511 2104 1539 (vetus
2119 1511 2251 1537 Gramma-

66 1532 174 1558 Condit.
189 1534 252 1566 Agr.
267 1542 291 1567 p.
305 1541 319 1559 2
345 1534 376 1560 In
389 1531 431 1559 his
451 1531 579 1559 litoribus
592 1531 707 1559 Romani
727 1531 836 1558 colonos
854 1531 997 1566 miserunt,
1017 1532 1065 1568 qui
1080 1540 1129 1559 ora
1189 1535 1269 1564 treus)
1290 1531 1344 1558 dici
1362 1538 1414 1566 ait,
1433 1533 1506 1567 quod
1519 1534 1656 1566 oscillent,
1674 1537 1702 1562 id
1716 1537 1768 1570 est,
1786 1537 1931 1574 inclinent,
1950 1545 2160 1581 praecipitesque
2175 1547 2204 1573 in
2220 1556 2250 1573 os

66 1568 158 1596 Italiae
172 1564 317 1595 tuerentur.
1187 1567 1318 1595 ferantur.
1355 1570 1424 1600 (Hoc
1430 1570 1514 1603 [κενή
1525 1572 1603 1605 patius
1613 1573 1730 1606 ⁹²¹¹ss¹552⁹2
1755 1576 1895 1603 [emulare.
1953 1579 2003 1604 Sed
2014 1587 2147 1615 pmgamm
2161 1584 2251 1609 audire

106 1610 126 1630 0
138 1611 156 1630 R
165 1611 188 1630 A
197 1611 216 1630 R
226 1611 263 1631 1V
271 1610 296 1631 M
310 1625 320 1639 ,
355 1610 376 1631 0
384 1611 404 1631 R
413 1610 451 1632 1D
460 1610 482 1630 V
492 1611 512 1630 R
520 1611 530 1630 1
539 1610 561 1631 v
569 1608 583 1630 S
596 1623 606 1637 ,
645 1608 666 1630 Ο
676 1610 695 1630 R
705 1610 716 1629 1
725 1609 740 1630 Ρ
749 1609 770 1629 V
778 1610 800 1631 Τ
811 1610 822 1630 1
833 1609 852 1630 D
863 1610 884 1630 v
895 1609 926 1635 s,
955 1603 1009 1630 vid.
1029 1603 1058 1629 in
1071 1602 1128 1639 suis
1189 1602 1296 1643 Fessfcm)
1334 1604 1488 1632 Oscillantes
1502 1607 1539 1632 ait
1553 1606 1715 1633 Cornificius
1725 1628 1732 1638 ‚
1753 1609 1785 1635 ab
1804 1619 1837 1636 eo
1846 1631 1855 1643 ,
1876 1613 1949 1645 quod
1963 1623 1993 1641 os
2008 1616 2093 1643 celare
2105 1617 2176 1644 soliti
2193 1628 2252 1653 per.

65 1640 200 1669 esemmffs.
1187 1638 1258 1664 sotus
1267 1659 1275 1671 ‚
1299 1640 1375 1670 (haec
1387 1650 1479 1675 quaque
1491 1642 1598 1673 oscilla)
1618 1650 1726 1677 propter
1745 1646 1947 1681 verecundiam,
1965 1651 2012 1684 qui
2024 1660 2058 1678 eo
2069 1661 2166 1686 genere
2179 1654 2250 1680 lusus

105 1681 125 1702 o
134 1682 152 1701 R
162 1682 178 1702 E
187 1681 234 1702 TE
244 1683 266 1702 N
276 1682 297 1701 v
306 1682 328 1702 s.
348 1675 415 1702 Adu.
436 1675 498 1708 Nisi
505 1675 606 1708 dimstm
617 1675 698 1709 legere
709 1674 798 1707 malis,
818 1675 903 1702 Modo
915 1674 1033 1710 petStore,
1045 1674 1128 1701 modo
1144 1674 1337 1714 40vtebanntur.
1409 1677 1492 1717 Causa
1506 1684 1593 1703 autem
1607 1679 1663 1704 eius
1677 1679 1829 1707 iactationis
1844 1683 1968 1715 proditur
1984 1686 2093 1714 Latinus
2107 1697 2164 1722 rex,
2177 1689 2252 1723 quod

66 1720 115 1738 ore
135 1718 210 1738 tenus
228 1711 354 1738 exuam&
377 1712 467 1738 Tacit,
481 1712 548 1737 Αῃη,
569 1720 596 1741 1,
608 1719 650 1742 70,
662 1718 684 1741 3.
721 1710 739 1736 i.
758 1719 834 1743 vsque
848 1712 886 1735 ad
897 1720 929 1736 os.
966 1712 1038 1736 Add.
1059 1710 1126 1736 Gell.
1187 1710 1308 1744 praelio,
1329 1711 1400 1744 quod
1413 1720 1438 1737 el
1454 1714 1506 1738 tuit
1520 1713 1644 1739 aduersus
1659 1715 1820 1742 Mezentium
1835 1717 1974 1746 Caeritum
1993 1730 2100 1756 regem,
2120 1733 2252 1759 nusquam

69 1750 106 1782 17',
121 1752 144 1776 8.
216 1747 269 1773 Hic
281 1747 381 1773 Graeca
394 1747 515 1774 doetrina
530 1751 654 1772 oretenus
669 1744 816 1777 exercitus,
834 1745 954 1772 animum
973 1745 1051 1772 bonis
1063 1745 1126 1772 arti·
1187 1746 1555 1785 apparuerit..iudicatusque
1577 1749 1605 1774 fit
1617 1749 1719 1783 Iupiter
1738 1750 1823 1777 faetus
1836 1753 1959 1781 Latiaris,
2029 1758 2120 1793 Itaque
2139 1769 2187 1794 per
2208 1761 2252 1787 sex

66 1782 115 1810 bus
130 1791 184 1809 non
199 1782 320 1809 induerat
346 1783 414 1809 Tac.
428 1785 495 1808 Ann.
513 1790 545 1812 ις,
558 1787 597 1815 45,
610 1790 631 1812 3.
666 1780 685 1807 i.
705 1780 798 1812 verbis,
809 1780 867 1813 fine
881 1790 916 1807 re.
1185 1790 1231 1808 eos
1245 1781 1301 1808 dies
1316 1782 1425 1808 feriatos
1441 1782 1542 1810 liberos
1563 1785 1706 1818 seruosque
1726 1787 1866 1820 requirere
1885 1798 1964 1824 eum,
1984 1801 2039 1819 non
2056 1794 2142 1821 solum
2157 1796 2185 1822 in
2199 1803 2251 1824 ter-

103 1825 124 1845 ο
133 1817 225 1846 εεῢῐ,
235 1824 256 1843 ν
266 1825 312 1850 Μ,
327 1817 346 1844 i.
383 1827 409 1843 n.
445 1815 546 1843 Dimin.
583 1816 728 1850 [ςομάτιον]
764 1817 875 1842 Paruum
888 1825 919 1842 os.
963 1815 1045 1842 Ouid.
1060 1817 1125 1843 Met.
1187 1817 1241 1850 ris,
1260 1817 1303 1844 sed
1316 1818 1396 1844 etiam
1412 1819 1474 1853 quia
1487 1819 1626 1847 videretur
1638 1822 1738 1848 caelum
1752 1823 1823 1857 poss'e
1835 1823 1905 1852 adiri
1919 1835 1967 1861 per
1978 1829 2190 1866 oscillationem,
2207 1841 2252 1858 ve.

58 1862 87 1886 ,1,
101 1861 151 1885 499
172 1853 251 1879 Videt
263 1853 359 1885 oscula,
375 1861 441 1886 quae
453 1860 509 1878 non
546 1851 589 1878 Est
603 1850 694 1877 vidisse
706 1850 777 1878 satis.
834 1853 873 1877 De
885 1852 999 1887 Daphne.
1057 1852 1126 1880 Hor.
1139 1859 1174 1886 45
1187 1853 1226 1880 lut
1241 1853 1386 1888 imaginem
1406 1855 1537 1889 quandam
1558 1856 1630 1883 vitae
1652 1855 1799 1891 humanae,
1819 1859 1848 1887 in
1867 1871 1919 1896 qua
1939 1863 2055 1892 altissima
2074 1866 2106 1892 ad
2125 1867 2251 1895 infimum

63 1889 154 1916 earm.
169 1898 188 1921 ι,
203 1898 234 1920 13,
251 1897 275 1920 ¹4
313 1888 408 1914 Dulcia
427 1886 538 1914 barbare
581 1886 740 1914 Laedentem
760 1887 856 1914 oscula.
931 1888 1029 1914 Auson.
1045 1888 1125 1922 Epist.
1186 1889 1338 1925 interdum,
1359 1890 1450 1917 infima
1468 1891 1500 1918 ad
1521 1893 1652 1919 summum
1673 1894 1828 1922 efferuntur.
1901 1900 1990 1933 Atque
2010 1900 2072 1928 ideo
2092 1904 2252 1931 memoriam

63 1933 102 1957 25,
115 1932 144 1955 27
171 1925 223 1950 Aut
234 1929 278 1950 tua
292 1923 409 1958 Sigalion
422 1924 564 1959 Aegyptius
577 1923 663 1950 oscula
679 1922 771 1957 signet.
844 1924 948 1952 Petron.
964 1933 985 1951 c.
1001 1926 1042 1951 126
1072 1925 1127 1952 Na·
1186 1935 1294 1960 quoque
1307 1926 1483 1962 redintegrari
1498 1928 1579 1955 initio
1592 1936 1712 1964 acceptae
1725 1930 1811 1964 vitae,
1830 1941 1878 1967 per
1894 1941 1982 1961 motus
1996 1946 2123 1965 cunarum
2133 1959 2143 1974 ,
2163 1940 2251 1967 laetis-

63 1969 104 1987 res
117 1960 233 1995 paullum
248 1959 368 1993 inflexae,
385 1966 411 1986 et
422 1961 541 1987 osculum
555 1959 633 1995 quale
648 1958 789 1986 Praxiteles
801 1958 900 1986 habere
913 1960 1025 1986 Dianam
1039 1960 1124 1987 credi·
1186 1971 1237 1995 que
1257 1962 1412 1990 alimentum
1424 1984 1431 1995 ‚
1452 1964 1515 1998 quia
1534 1973 1582 1999 per
1602 1974 1647 1992 eos
1661 1965 1716 1992 dies
1735 1966 1864 1994 feriarum
1878 1976 1904 1995 et
1917 1971 2015 1998 oscillis
2031 1981 2206 2008 moueantur,
2223 1982 2250 2002 et

63 1995 112 2023 dit.
148 1995 214 2029 confi
229 1996 278 2022 h.l.
292 1999 403 2023 Wower.
441 1999 471 2023 it.
491 1996 591 2032 Gonsal.
605 1996 641 2021 ad
653 1995 758 2022 Petron.
778 2004 799 2024 c,
815 2005 863 2028 ιι4.
938 1996 1075 2027 Osculum,
1091 1996 1124 2022 ab
1185 1997 1277 2024 laetata
1292 1998 1402 2033 potione
1415 2005 1532 2026 vtantur.
1590 2002 1659 2025 Haec
1673 2001 1760 2035 Ftstus.
1834 2005 1940 2030 Latinas
1947 2007 2035 2037 ferias
2049 2009 2169 2043 inti-lligit
2185 2012 2249 2037 Tur-

63 2041 112 2059 ore
123 2031 227 2058 dictum
250 2033 327 2058 Varr.
340 2032 372 2059 de
386 2032 416 2059 L.
429 2033 458 2060 L.
472 2041 496 2062 ς,
509 2039 526 2066 7
540 2039 607 2057 extr·
807 2028 828 2068 q
850 2039 867 2057 2
903 2031 1046 2063 Osculum,
1066 2032 1124 2064 [φῖ.
1139 2040 1172 2064 50
1188 2033 1260 2058 nebus
1277 2043 1300 2064 7,
1316 2042 1357 2060 20.
1387 2041 1410 2059 et
1423 2035 1468 2059 huc
1480 2035 1561 2060 trahit
1574 2034 1637 2060 illud
1660 2036 1717 2063 Cic.
1731 2036 1763 2062 de
1775 2037 1919 2066 Consulatu
1937 2041 1999 2075 suo,
2018 2046 2084 2076 quod
2094 2039 2143 2080 ipfi
2158 2047 2250 2073 laudat

62 2068 146 2102 mm]
181 2074 224 2102 pro
238 2067 308 2101 Bas„
325 2069 399 2093 “iam
413 2068 553 2101 accipitm·-·
571 2065 686 2099 quoniam
703 2065 819 2098 bastando
840 2075 866 2091 as
886 2067 1036 2093 coarfflamus
1051 2073 1125 2100 atque
1187 2067 1217 2093 dc
1233 2068 1325 2094 Diuin.
1342 2078 1365 2101 ι,
1384 2075 1408 2097 18
1428 2078 1450 2095 c.
1465 2078 1482 2094 ιι
1517 2070 1587 2096 Cum
1600 2071 1716 2098 tumulos
1730 2071 1835 2099 Albano
1850 2075 1878 2100 in
1892 2082 1984 2103 monte
1996 2078 2098 2107 niuales
2112 2082 2249 2115 Lustrasti,

62 2104 206 2134 minuimus,
223 2110 247 2128 et
260 2103 333 2136 quast
342 2113 373 2128 ex
386 2112 425 2127 ore
436 2102 540 2137 osculum
548 2102 666 2135 facimus.
737 2102 795 2127 Iam
809 2100 875 2127 illud
888 2109 943 2127 non
958 2101 1042 2136 placet
1054 2102 1126 2135 prin.
1185 2108 1211 2128 et
1225 2103 1293 2129 laeto
1307 2103 1424 2130 mactasti
1439 2104 1506 2131 lacte
1519 2106 1633 2132 Latinas.
1707 2108 1837 2135 Laudatur
1850 2112 1924 2137 etiam
1940 2112 2021 2141 Plaut.
2037 2116 2133 2151 Amph.
2151 2127 2169 2152 1,
2186 2128 2204 2150 ι,
2216 2127 2247 2152 29

63 2139 166 2174 cipiunt
178 2137 210 2164 de
224 2138 315 2164 osculo
345 2137 425 2164 Plaut.
439 2136 534 2171 Amph.
548 2146 570 2170 2,
582 2145 604 2169 2,
620 2138 670 2168 ¹69.
743 2136 801 2163 Cic.
813 2138 865 2163 Att.
882 2145 915 2169 12,
931 2146 938 2162 ι
973 2138 1058 2171 Atque
1071 2137 1124 2164 vti·
1185 2136 1219 2164 Di
1241 2139 1357 2173 aliquem
1376 2139 1514 2167 hominem
1534 2141 1673 2177 allegent„
1684 2144 1730 2177 qui
1752 2144 1789 2170 mi
1809 2145 1961 2175 aduenienti
1983 2158 2013 2176 os
2033 2152 2134 2179 oscillet
2154 2154 2249 2188 probe,

63 2183 126 2202 nam
138 2172 267 2201 continuo
278 2173 311 2200 ad
324 2173 492 2208 complexum
505 2181 579 2199 meae
594 2172 717 2205 Tulliae,
737 2177 763 2198 et
774 2171 806 2198 ad
819 2172 940 2199 osculum
953 2173 1053 2199 Atticae
1066 2182 1124 2207 pos·
1184 2174 1204 2200 i.
1223 2175 1304 2208 alapis
1316 2176 1362 2201 huc
1375 2175 1432 2202 illuc
1444 2176 1561 2212 impellat.
1636 2179 1685 2204 Sed
1696 2181 1827 2212 migratum
1839 2181 1871 2216 est
1885 2183 2006 2218 occillet,
2025 2189 2091 2220 quod
2100 2189 2178 2224 ipsum
2190 2199 2248 2225 quo-

64 2211 112 2238 fim
124 2217 239 2237 currere.
311 2209 393 2235 Ouid.
406 2209 485 2244 Epist.
498 2215 532 2241 ις,
547 2216 583 2240 131
609 2208 707 2235 Oscula
720 2209 861 2242 cognosco,
883 2216 950 2243 quae
963 2215 991 2235 tu
1005 2208 1126 2234 commit·
1142 2215 1170 2242 55
1186 2218 1231 2245 que
1245 2211 1277 2245 est
1290 2210 1417 2245 impellere.
1492 2215 1583 2239 Douza
1593 2214 1695 2240 coniicit
1708 2214 1810 2248 offillet‚
1825 2218 1920 2250 qffatim
1933 2221 2089 2250 comminuat.
2191 2247 2194 2256 .

64 2253 120 2274 tere
133 2246 253 2280 linguae,
273 2244 391 2279 Aptaque
405 2244 543 2271 consueras
558 2244 692 2278 accipere,
713 2248 771 2278 apta
790 2243 862 2270 dare.
971 2244 1035 2271 Fida
1062 2245 1124 2271 Stat.
1223 2252 1243 2272 o
1254 2253 1267 2272 s
1277 2253 1311 2273 Ct
1322 2253 1338 2272 1.
1348 2254 1364 2272 L
1374 2253 1430 2287 AT
1442 2254 1497 2281 10,
1520 2249 1589 2275 onis.
1628 2249 1648 2276 f.
1691 2250 1797 2278 Petron.
1816 2260 1837 2278 c.
1852 2261 1897 2285 ιω
1927 2255 2016 2283 Veluti
2030 2258 2196 2287 oscillatione
2210 2262 2248 2288 lu.

2 2280 7 2290 ·’
38 2297 40 2299 -
65 2283 131 2310 Silu.
147 2292 166 2315 3,
181 2289 204 2311 2,
218 2288 258 2315 57.
330 2280 448 2306 Furialia
473 2279 562 2305 Valer.
575 2280 673 2314 Argon.
688 2290 711 2313 7,
726 2288 776 2310 255·
848 2280 963 2307 Martial.
978 2289 1010 2313 12,
1025 2288 1057 2313 59
1077 2280 1124 2307 Te
1185 2280 1256 2308 dere.
1328 2283 1497 2316 Hygxnffiab.
1507 2292 1549 2316 ¹30
1571 2284 1688 2311 Pastores
1697 2287 1724 2311 in
1733 2288 1822 2313 Attica
1830 2297 1890 2315 cum
1904 2289 2109 2321 immoderatius
2123 2295 2248 2324 biberent

64 2317 163 2345 vicinia
175 2321 246 2348 tota,
264 2320 290 2342 te
304 2315 400 2350 pilosus
437 2315 554 2342 Hircoso
572 2316 671 2349 premit
683 2315 774 2342 osculo
787 2315 907 2342 colonus.
980 2315 1123 2342 Labraum-1
1183 2317 1269 2342 vinum
1281 2318 1311 2342 ab
1323 2319 1461 2350 Icariofibi
1473 2318 1647 2354 monstratum,
1669 2321 1739 2348 ebrii
1757 2322 1822 2349 faeti
1845 2326 2034 2359 conciderunt,
2055 2331 2101 2364 qui
2116 2332 2249 2359 arbitran-

66 2352 198 2384 osculum,
217 2360 262 2386 quo
277 2351 329 2386 fiali
345 2353 509 2386 Imperatores
521 2350 720 2384 salutabantur,
739 2351 802 2386 quid
810 2351 865 2384 fit,
882 2353 951 2377 docet
970 2351 1074 2387 Salmas.
1095 2351 1122 2376 in
1184 2358 1237 2386 (ες,
1261 2353 1375 2379 Icarium
1390 2354 1436 2380 fibi
1450 2354 1549 2381 malum
1561 2355 1785 2385 medicamentum
1800 2358 1911 2394 dedffl‘e,
1931 2363 2043 2391 fustibus
2062 2375 2122 2393 eum
2138 2367 2247 2395 interfe.

68 2387 177 2424 Vopisci
190 2385 302 2414 Probum
316 2397 338 2415 e.
352 2387 399 2414 vlt.
442 2388 501 2413 Vet.
516 2387 593 2413 Gloss.
607 2386 760 2419 Labratum,
779 2390 871 2418 φίλημα
882 2388 1011 2419 βασιλικόν.
1064 2388 1124 2413 Bre-
1138 2387 1174 2413 60
1184 2395 1278 2415 cerunt
1297 2405 1343 2409 —
1363 2389 1480 2424 Erigone
1496 2406 1541 2411 —-
1554 2391 1633 2426 super
1645 2402 1741 2428 corpus
1755 2395 1836 2429 patris
1850 2397 1991 2432 suspendio
2004 2401 2029 2427 se
2043 2403 2155 2430 neeauit.
2202 2403 2247 2431 Ob

71 2423 138 2450 viter
153 2421 291 2450 Labratum
312 2423 366 2456 (stc
385 2423 461 2449 etiam
479 2423 591 2455 dicitur,
612 2422 693 2457 omiffi
711 2422 854 2457 osculum)
874 2423 908 2459 est
931 2422 1063 2450 Adoratio
1081 2422 1125 2449 illa
1184 2424 1258 2458 quod
1271 2425 1371 2452 fastum
1384 2425 1466 2452 Liber
1479 2433 1554 2462 pater
1568 2428 1668 2460 iratus,
1687 2428 1887 2459 Atheniensium
1910 2433 1977 2461 filias
1991 2436 2070 2463 simili
2086 2447 2170 2472 poena
2181 2440 2246 2467 affli-

72 2459 241 2494 antiquiorum‚
256 2459 300 2484 vbi
312 2469 409 2492 manus,
429 2459 509 2485 labris
520 2457 635 2494 imprffa
646 2458 728 2494 prius,
747 2459 907 2493 protenditur
919 2461 954 2485 ad
965 2469 1034 2493 eum,
1053 2467 1124 2494 quem
1183 2461 1231 2488 xit.
1306 2462 1343 2487 Hi
1355 2463 1451 2488 oraculi
1462 2463 1570 2500 responfh
1583 2464 1714 2499 Erigonae
1729 2465 1800 2493 diem
1814 2467 1910 2496 festum
1930 2471 2103 2500 oscillationis
2125 2475 2248 2510 pestilen-

72 2495 216 2521 honoramus.
257 2495 313 2522 Vid.
328 2504 384 2521 mox
397 2502 483 2522 tacere
497 2494 594 2521 oscula.
650 2525 652 2527 ¹
667 2494 782 2528 Niuale,
801 2494 858 2522 vid.
883 2501 905 2521 N
919 2502 929 2522 1
939 2502 968 2522 x.
1041 2495 1123 2522 Pressa
1183 2497 1236 2524 tiae
1250 2498 1322 2533 causa
1336 2497 1517 2525 instituerunt.
1589 2501 1691 2527 Similia
1702 2502 1740 2527 ibi
1751 2503 1903 2531 Munckerus
1915 2516 1946 2532 ex
1965 2507 2023 2535 Vet.
2038 2509 2122 2537 Schol.
2137 2511 2248 2538 Germa-

72 2528 148 2556 Ouid·
161 2529 237 2564 Epist.
251 2539 281 2564 2,
293 2539 310 2565 9
311 2540 338 2565 4·
411 2530 522 2557 sororia
553 2530 626 2557 Idem
641 2531 705 2557 Met.
720 2541 748 2563 4,
762 2538 811 2562 335.
891 2531 1018 2566 Suprema
1049 2530 1124 2558 Idem
1182 2534 1246 2560 nici.
1302 2534 1379 2570 Qod
1390 2535 1426 2559 acl
1434 2544 1486 2559 rem
1500 2534 1606 2570 ‚instram
1616 2538 1734 2570 pertinet,
1754 2538 1803 2573 ipse
1818 2539 1918 2575 Hygin.
1931 2543 2004 2570 Po'et.
2019 2544 2084 2571 Astr.
2101 2556 2123 2578 2,
2139 2556 2157 2579 4
2170 2548 2247 2575 multo

67 2563 131 2592 ibid·
143 2567 168 2600 6,
181 2573 241 2601 277.
439 2565 461 2606 q
482 2575 495 2599 3
536 2567 628 2592 Verba:
665 2566 792 2601 Accipere
809 2571 836 2592 et
849 2565 912 2593 dare
924 2567 1012 2594 oscula
1039 2566 1121 2594 Ouid.
1137 2566 1169 2598 65
1183 2568 1302 2603 disertius
1315 2569 1440 2604 explicat:
1501 2571 1569 2598 cum
1585 2572 1784 2600 Atheniensium
1803 2575 1921 2610 virgines
1938 2578 1991 2605 fine
2011 2582 2085 2607 causa
2106 2583 2246 2617 suspendio

68 2601 144 2636 Epist.
163 2609 202 2635 ις,
219 2611 265 2634 132.
355 2602 510 2630 Admonere
524 2603 628 2633 oscula,
646 2604 700 2629 vid.
724 2608 918 2629 ADMOVEO.
1008 2602 1123 2637 Affigere
1183 2604 1231 2631 sibi
1247 2611 1360 2631 mortem
1375 2606 1565 2634 consciscerent
1584 2623 1630 2628 --
1649 2608 1835 2641 instituerunt,
1854 2613 1895 2639 vti
1909 2613 1998 2642 tabula
2013 2616 2168 2652 interposita
2181 2628 2245 2655 pen-

66 2636 170 2665 Lucret.
184 2648 213 2673 4,
230 2637 294 2671 1675.
366 2640 483 2674 Carpere
495 2638 624 2665 luetantia
654 2637 736 2665 Ouid.
748 2639 812 2665 Met.
827 2648 851 2671 4,
866 2644 919 2671 358.
992 2638 1123 2666 Commit-
1183 2640 1260 2668 dente
1273 2640 1382 2681 funibus
1397 2642 1422 2668 se
1435 2642 1572 2676 iau-trent,
1593 2650 1622 2671 vt
1634 2645 1680 2678 qui
1693 2646 1836 2680 pendentes
1851 2655 1931 2677 vento
1944 2660 2127 2681 mouerentur.

65 2679 120 2700 tere
142 2673 179 2700 lin
198 2681 246 2700 uae
277 2673 350 2701 Idem
370 2675 449 2710 Epist.
464 2679 508 2709 ῑς,
528 2683 571 2707 ¹3¹·
680 2673 859 2709 congerimus
879 2681 1017 2709 properata
1037 2674 1124 2701 oscula
1220 2682 1240 2703 ο
1251 2683 1318 2704 sev
1329 2684 1373 2704 LO
1384 2683 1420 2710 R,
1442 2678 1489 2706 iri.
1513 2678 1578 2714 Dep.
1597 2681 1697 2712 [mnata-1,
1713 2687 1858 2716 καταφιλεω,
1874 2688 1960 2722 nuptu]
1997 2688 2034 2715 Os
2049 2698 2109 2715 cum
2120 2698 2168 2716 ore
2183 2699 2244 2717 con.

66 2709 161 2744 raptim
176 2683 228 2735 sine
240 2709 336 2737 ordine
369 2711 450 2738 Ouid.
465 2710 543 2746 Epist.
559 2716 593 2743 ¹8,
609 2719 656 2743 ¹¹3·
753 2710 921 2746 Detorquere
935 2712 1066 2738 ceruicem
1081 2710 1122 2736 fla-
1182 2712 1254 2739 ferre
1275 2713 1336 2739 Fest.
1350 2712 1378 2739 in
1393 2713 1529 2741 Ausculor.
1567 2717 1638 2741 Dare
1650 2716 1764 2752 osculum.
1838 2720 1894 2747 Cic.
1909 2722 1981 2750 Fam.
1996 2734 2016 2756 3,
2034 2733 2052 2750 ιι
2082 2725 2244 2761 Complexus

65 2745 167 2779 grantia
178 2744 209 2771 ad
222 2744 307 2772 oscula
327 2747 396 2774 Hor.
405 2747 494 2773 Carm.
503 2756 525 2779 2,
541 2755 574 2779 12,
588 2755 623 2779 37.
695 2746 852 2781 Dispensare
866 2746 954 2774 oscula
967 2756 1014 2782 per
1028 2755 1122 2774 omnes
1134 2754 1170 2782 70
1182 2749 1265 2784 igitur
1275 2749 1330 2775 sum
1343 2749 1505 2784 cogitatione
1519 2757 1543 2777 te
1557 2750 1701 2786 absentem,
1716 2753 1853 2787 epistolam
1868 2766 1934 2784 vero
1947 2759 2085 2788 osculatus.
2159 2762 2197 2788 Id.
2213 2762 2244 2788 in

66 2780 146 2808 Ouid.
158 2781 223 2808 Met.
238 2783 262 2815 6,
275 2788 328 2814 278.
401 2782 531 2809 Diuidere
545 2782 677 2809 sodalibus
698 2783 765 2809 Hor.
774 2783 864 2809 Carm.
872 2791 891 2819 1,
904 2785 942 2816 36,
954 2786 977 2812 6.
1051 2783 1121 2809 Dare
1183 2785 1272 2812 Somn.
1287 2785 1354 2820 Scip.
1370 2795 1384 2816 ς
1401 2795 1423 2812 c.
1439 2795 1449 2818 3
1481 2786 1530 2813 Ille
1548 2794 1636 2814 autem
1652 2798 1694 2815 me
1708 2790 1869 2824 Complexus
1883 2800 1962 2827 atque
1975 2796 2093 2823 osculans
2105 2797 2168 2824 ssere
2184 2807 2245 2833 pro-

64 2817 181 2844 osculum
208 2817 274 2844 Plin.
289 2827 328 2850 14,
342 2827 373 2849 ¹3·
461 2818 530 2844 Dare
544 2818 626 2845 obuia
657 2818 739 2845 Ouid.
754 2817 833 2853 Epist.
848 2828 884 2853 19,
899 2821 948 2849 168.
1041 2818 1122 2846 Dedit
1182 2820 1300 2848 bibebat.
1388 2821 1487 2850 Filium
1501 2824 1634 2850 consulem
1649 2830 1732 2851 mater
1745 2826 1858 2854 osculata
1873 2829 1909 2855 est
1942 2830 1997 2858 Cic.
2014 2841 2063 2866 pro
2077 2833 2198 2861 Muraen.
2213 2839 2243 2864 88

65 2852 151 2879 oscula
165 2852 251 2879 rostro
263 2853 362 2889 frigida
376 2854 557 2889 nequidquam
569 2854 638 2881 duro
671 2853 746 2881 Idem
759 2855 824 2880 Met.
837 2863 874 2885 11,
890 2860 940 2887 738.
1050 2855 1121 2882 Dare
1181 2867 1202 2884 c.
1216 2857 1264 2884 vlt.
1338 2858 1370 2883 Et
1389 2866 1415 2890 23
1431 2868 1452 2884 c.
1467 2868 1493 2885 ιο
1518 2860 1656 2893 Qtoniam
1671 2861 1739 2887 mihi
1755 2861 1854 2889 videris
1867 2864 1943 2891 istam
1957 2867 2094 2895 scientiam
2108 2869 2175 2896 iuris
2188 2877 2242 2896 tan-

65 2888 150 2915 oscula
162 2889 283 2915 manibus
312 2889 385 2916 Idem
399 2889 466 2916 ibid.
481 2898 502 2923 2,
517 2892 570 2922 863.
642 2890 752 2924 Eripere
764 2890 852 2917 oscula
883 2890 993 2918 Tibull.
1009 2899 1034 2923 2,
1047 2900 1070 2924 ς,
1084 2899 1120 2924 9ι.
1181 2902 1260 2926 quam
1274 2892 1385 2920 filiolam
1400 2894 1511 2922 osculari
1525 2903 1607 2922 tuam.
1680 2896 1866 2925 Dormientem
1892 2901 1949 2929 Cic.
1965 2902 2048 2931 Tusc.
2065 2914 2083 2935 ι,
2097 2915 2137 2939 92.
2202 2904 2241 2932 Id.

64 2923 201 2959 Natusque
216 2925 318 2959 parenti
331 2925 426 2952 Oscula
439 2925 587 2961 compressis
607 2925 716 2952 auribus
737 2925 842 2959 eripiet.
898 2928 932 2952 Id
949 2926 1024 2962 osculi
1040 2936 1120 2961 genus
1133 2935 1166 2963 75
1182 2930 1252 2956 Fam.
1268 2938 1285 2961 ι,
1299 2938 1313 2961 9
1347 2930 1408 2956 Erat
1419 2930 1470 2956 hoc
1486 2931 1553 2957 mihi
1568 2931 1728 2965 dolendum,
1748 2933 1790 2959 sed
1804 2935 1890 2962 multo
1903 2938 1986 2973 magis
2000 2940 2066 2966 illud
2076 2962 2084 2974 ‚
2105 2941 2176 2974 quod
2190 2941 2240 2966 ini.

64 2959 171 2993 χύτραν,
187 2960 257 2986 ollam
269 2960 383 2995 anJ'amm
396 2961 449 2987 dici
459 2961 564 2997 ostendit
577 2961 696 2988 Brouckh.
767 2962 895 2997 Excipere
910 2962 1013 2997 aliquid
1026 2963 1120 2990 risuet
1181 2965 1281 2992 micum
1294 2974 1399 2996 meum,
1418 2974 1462 2992 etc.
1493 2967 1524 2994 fic
1540 2967 1778 3002 Amplexabantur‚
1800 2969 1833 2997 fic
1853 2971 1882 2998 in
1901 2974 2024 3002 manibus
2041 2975 2186 3009 habebant,
2206 2976 2240 3003 fic

64 2996 153 3023 osculo
176 2996 309 3030 Qniuffll.
324 3006 342 3030 ι,
357 3005 381 3024 2.
453 3013 500 3017 —
518 2997 636 3032 aliquem
649 2997 739 3024 osculo
765 2998 833 3025 Suet.
842 2997 906 3026 Oth.
920 3009 942 3026 c.
956 3001 980 3025 6.
1052 2999 1120 3025 Fati·
1181 3000 1325 3033 fouebant‚
1346 3001 1378 3028 fic
1391 3011 1435 3028 me
1449 3004 1583 3036 praesente
1598 3002 1798 3040 osculabantur,
1811 3013 1855 3034 etc.
1928 3010 1984 3037 Cic.
1999 3012 2075 3038 Verr.
2090 3022 2112 3044 Δ,
2127 3022 2156 3043 94
2173 3022 2194 3038 c.
2211 3021 2240 3045 43

65 3040 126 3064 gare
144 3031 260 3059 dextram
280 3032 375 3059 osculis
409 3032 501 3060 Tacit.
521 3034 591 3061 Ann.
614 3043 653 3066 ις,
672 3041 710 3068 71.
747 3034 771 3061 h.
783 3044 804 3062 e.
833 3037 956 3061 Dextram
975 3034 1120 3070 exqsculm-i.
1180 3036 1260 3071 Q1od
1276 3036 1304 3062 in
1317 3037 1438 3070 precibus
1453 3044 1479 3064 et
1490 3038 1711 3073 gratulationibus
1727 3049 1781 3067 non
1794 3041 1878 3070 solum
1892 3043 1920 3072 id
1936 3047 2076 3078 Venerari,
2097 3056 2189 3073 verum
2203 3053 2240 3074 et-

65 3067 143 3094 Ferre
168 3068 248 3095 Ouid.
264 3068 297 3095 de
310 3071 374 3095 Arte
386 3069 445 3095 Am.
458 3078 480 3100 2,
494 3076 548 3103 325.
619 3069 713 3104 Figere
739 3070 814 3105 Virg.
829 3072 893 3097 Aen.
909 3080 931 3105 2,
946 3079 1003 3102 090·
1076 3071 1118 3096 Fi-
1180 3073 1233 3099 iam
1248 3072 1274 3098 id
1287 3073 1400 3099 osculari
1420 3074 1511 3100 solent.
1565 3077 1595 3100 de
1610 3075 1744 3107 simulacra
1758 3079 1884 3106 Herculis.
1957 3081 2075 3108 Osculari
2094 3089 2171 3117 atque
2186 3093 2240 3110 am-

65 3111 126 3135 gere
137 3103 224 3130 dulcia
248 3104 322 3131 Idem
335 3104 400 3131 ibid.
418 3114 442 3140 1,
455 3107 508 3139 69ι.
600 3105 694 3140 Figens
709 3106 803 3140 pauida
818 3106 930 3142 pedibus
959 3106 1003 3133 Sil.
1018 3115 1055 3139 ιι,
1069 3115 1118 3139 333·
1132 3111 1165 3137 80
1180 3108 1282 3144 plexari
1297 3108 1368 3134 inter
1381 3110 1404 3134 se
1437 3110 1518 3136 Plaut.
1530 3110 1589 3137 Mil.
1604 3120 1626 3145 5,
1642 3120 1661 3143 ι,
1675 3120 1717 3143 4ο.
1790 3113 1894 3142 Ibidem
1908 3125 1936 3147 2,
1950 3127 1979 3150 4,
1995 3122 2032 3147 38.
2069 3125 2093 3143 et
2113 3119 2169 3145 Cic.
2184 3120 2238 3146 Att.

66 3137 159 3171 Figere
169 3141 309 3167 trementia
334 3141 433 3168 Lucan.
446 3150 475 3174 2,
489 3149 538 3174 ιι4.
610 3142 772 3170 Ηιιιιιεόὶπε
785 3143 866 3170 labris
897 3143 1002 3170 Lucrct.
1015 3154 1044 3175 a,
1060 3148 1119 3172 ¹¹85·-
1181 3147 1217 3177 16,
1232 3154 1252 3175 5.
1333 3146 1362 3169 In
1375 3145 1562 3178 At‘liuaflmua
1575 3147 1670 3182 reperit
1682 3147 1789 3175 Nonius
1804 3159 1826 3182 7,
1841 3160 1868 3182 77
1891 3155 1958 3185 apud
1972 3153 2131 3180 Titinnium
2141 3174 2150 3188 ,
2169 3156 2238 3182 Lau-

68 3173 154 3199 1acefe
165 3175 250 3202 osana
267 3183 291 3202 e,
303 3176 415 3204 adorare
428 3177 523 3212 magus
537 3178 676 3212 ,juguntur
707 3178 776 3204 Tac.
789 3179 855 3206 Hjst,
869 3187 895 3210 ι,
909 3182 946 3211 36.
1020 3179 1120 3213 Imper-
1179 3180 1239 3215 dor,
1261 3179 1332 3213 quod
1347 3180 1464 3207 osculaui
1479 3182 1618 3217 priuignae
1632 3190 1716 3217 caput.
1793 3185 1913 3212 Priscian.
1928 3192 1942 3216 8
1959 3197 1982 3221 p.
1999 3191 2048 3220 796
2064 3190 2141 3223 dicit,
2159 3200 2238 3225 quae-

67 3208 118 3234 tire
131 3207 243 3243 aliquem
257 3212 356 3246 osculo,
375 3213 431 3240 vid.
452 3220 462 3239 1
472 3220 523 3240 MP
534 3219 550 3239 Ε
560 3220 579 3239 R
590 3220 630 3241 Tl
641 3220 671 3241 0.
742 3214 856 3249 Infigere
870 3215 950 3241 alicui
970 3214 1015 3240 Sil.
1026 3220 1118 3248 ¹²‚738-
1179 3216 1238 3242 dam
1253 3215 1397 3249 siguificare
1411 3224 1435 3242 et
1447 3217 1579 3244 actionem
1594 3225 1619 3245 et
1633 3219 1782 3254 passionem,
1802 3227 1830 3246 vt
1844 3221 1956 3249 Osculor
1968 3229 1993 3250 te
2007 3231 2033 3250 et
2047 3225 2161 3253 Osculor
2175 3236 2189 3254 a
2203 3235 2239 3256 te.

66 3244 232 3278 Ingeminare
253 3247 341 3275 Valer.
355 3250 453 3283 Argon.
465 3258 491 3280 2,
499 3252 556 3279 '168.
629 3251 761 3285 Ingerere,
781 3251 837 3278 vid.
857 3256 1001 3278 INGERO.
1077 3252 1117 3276 In·
1219 3259 1238 3279 ο
1250 3258 1263 3278 s
1274 3257 1291 3278 C
1304 3258 1322 3278 V
1334 3258 1348 3277 1.
1358 3259 1379 3279 A
1389 3260 1412 3279 N
1422 3259 1451 3285 S,
1469 3253 1544 3280 antis.
1582 3255 1676 3282 Partic.
1714 3257 1768 3282 Cic.
1783 3256 1871 3283 Somn.
1887 3258 1953 3293 Scip.
1969 3268 1982 3289 5
1997 3268 2018 3285 c.
2029 3269 2049 3292 3.
2088 3257 2236 3290 Plaut.Mi1.‘

66 3279 171 3307 terserit
183 3279 270 3307 oscula
280 3283 375 3310 mediis
391 3285 480 3312 verbis
507 3284 589 3313 Ouid.
602 3287 666 3313 Met.
682 3295 720 3320 ιο,
738 3295 790 3319 ςς9.
903 3288 1016 3321 Iungere
1044 3285 1117 3313 Idem
1135 3291 1164 3320 85
1181 3297 1202 3321 2,
1217 3297 1239 3320 3,
1253 3295 1280 3322 17
1292 3295 1316 3313 et
1330 3291 1363 3323 67
1390 3288 1489 3315 Videre
1502 3290 1660 3317 osculantem
1675 3300 1734 3317 cum
1748 3291 1835 3318 alieno
1850 3293 1921 3320 viro.
1957 3295 2022 3328 conf,
2042 3296 2113 3332 Nep.
2127 3306 2165 3332 ες,
2174 3308 2238 3333 22‚1,

66 3315 133 3343 ibid.
148 3325 169 3348 2,
185 3324 233 3348 357.
320 3320 431 3354 Iungere
445 3330 491 3356 per
503 3322 595 3357 longas
608 3331 696 3349 moras
722 3321 796 3349 Idem
812 3321 890 3357 Epist.
905 3331 927 3356 2,
940 3333 978 3355 44.
1057 3323 1118 3349 Iun·
1216 3330 1236 3351 0
1246 3330 1314 3351 sev
1325 3330 1342 3350 L
1352 3326 1370 3352 Ᾰ
1382 3331 1430 3351 TV
1440 3331 1453 3351 s
1464 3345 1473 3358 ,
1499 3335 1530 3359 a,
1556 3335 1609 3353 um.
1647 3325 1750 3360 Paffiue.
1806 3329 1881 3362 Apul.
1898 3331 1960 3357 Met.
1975 3339 1991 3356 2
2009 3339 2034 3365 p.
2049 3341 2085 3365 ¹¹7
2112 3334 2237 3363 Osculato

67 3361 129 3387 gere
145 3350 267 3386 improba
291 3352 371 3381 Ouid.
379 3355 468 3390 Amor.
484 3366 506 3390 2,
520 3366 543 3390 5,
555 3367 589 3390 23.
659 3359 771 3393 Iungere
784 3358 871 3385 oscula
884 3359 1019 3385 moderata
1045 3357 1119 3384 Idem
1179 3366 1227 3387 tuo
1240 3360 1331 3394 capite.
1404 3361 1494 3388 Sidon.
1510 3369 1533 3395 8,
1549 3372 1567 3388 ιι
1596 3363 1686 3389 Sancta
1701 3368 1726 3389 et
1740 3363 1866 3390 Gallicini
1881 3374 1959 3391 mauu
1972 3367 2095 3395 osculata.

66 3389 131 3415 Met.
149 3398 172 3420 2,
186 3396 240 3419 430·
310 3388 439 3416 Lambere
451 3391 549 3426 frigida
574 3394 636 3421 Stat.
650 3394 714 3421 Silu.
730 3404 751 3427 2,
768 3404 786 3427 ι,
803 3404 846 3426 ι73.
918 3393 1015 3421 Libare
1042 3393 1118 3428 Virg.
1219 3402 1238 3423 o
1250 3402 1263 3422 s
1273 3401 1320 3422 CV
1334 3403 1350 3422 L
1361 3403 1407 3424 AB
1417 3404 1437 3422 V
1450 3403 1471 3423 N
1483 3404 1502 3424 D
1512 3405 1530 3424 v
1543 3405 1555 3424 S
1565 3416 1573 3428 ,
1599 3407 1611 3424 a
1621 3418 1629 3430 ‚
1653 3407 1706 3426 um.
1745 3398 1802 3426 Adi.
1841 3401 1909 3427 Suet.
1924 3401 2015 3429 Vitell.
2033 3413 2055 3431 c.
2070 3413 2092 3432 2.
2156 3406 2236 3442 Apul.

66 3425 132 3451 Aen.
147 3432 154 3449 1
166 3444 174 3457 ,
186 3426 242 3451 260.
316 3424 383 3457 Qlis
397 3425 495 3458 sapiens
508 3427 609 3455 blandis
624 3439 678 3456 non
692 3431 800 3457 Misceat
812 3430 899 3457 oscula
913 3430 1002 3457 verbis
1036 3429 1118 3456 Ouid.
1179 3433 1245 3459 Met,
1262 3441 1279 3458 ιι
1298 3441 1322 3467 p,
1339 3441 1382 3466 259
1418 3433 1497 3460 Velut
1510 3443 1617 3460 manum
1633 3434 1771 3461 sacerdotis
1785 3435 1984 3464 osculabundus,

67 3461 97 3486 A.
113 3461 144 3487 A.
158 3469 176 3490 ι,
190 3462 246 3491 663.
319 3459 394 3486 Nexa
408 3461 493 3488 oscula
505 3461 592 3498 lingua
624 3466 698 3493 Idem
710 3468 803 3493 Amor.
815 3475 837 3499 2,
854 3476 876 3499 ς,
889 3475 931 3500 24.
1005 3467 1120 3499 Pangere
1132 3473 1168 3498 90
1216 3474 1235 3494 o
1244 3474 1256 3494 s
1266 3474 1283 3494 C
1294 3475 1313 3493 v
1323 3475 1340 3495 ι.
1349 3470 1365 3496 Ᾰ
1375 3475 1397 3494 N
1407 3475 1427 3494 v
1436 3476 1449 3495 s
1459 3490 1467 3503 ,
1495 3479 1524 3500 a,
1549 3479 1603 3496 um.
1640 3469 1700 3497 Adi.
1739 3473 1813 3497 Idem.
1870 3473 1999 3501 Osculana
2011 3484 2098 3511 pugna
2111 3480 2179 3514 apud
2188 3479 2235 3506 Fe.

42 3509 43 3513 =
67 3495 199 3528 osculum,
226 3495 280 3521 vid.
304 3502 453 3537 ξΛΝβΟ.
513 3509 520 3513 ·
566 3500 705 3537 Porrigere
724 3502 805 3529 alicui
838 3502 920 3529 Ouid.
936 3503 998 3529 Met.
1019 3511 1045 3534 3,
1066 3509 1119 3534 43¹·
1178 3503 1255 3530 stum.
1298 3505 1346 3530 Vid
1358 3505 1440 3538 infra.

67 3531 219 3566 Praeripere
236 3531 317 3557 aliem
349 3532 453 3558 Lucref·
468 3541 494 3565 3,
509 3540 568 3566 908.
664 3539 786 3565 Premere
805 3538 920 3572 aliquem
940 3538 1045 3568 osculo,
1066 3537 1118 3562 vid.
1217 3546 1237 3566 Ο
1247 3547 1339 3567 SCVL
1349 3547 1420 3567 ATI
1432 3548 1466 3573 o,
1487 3541 1554 3568 bnis.
1591 3541 1610 3567 f.
1647 3541 1776 3576 [φίλκσις]
1814 3542 1871 3570 Cic.
1885 3553 1934 3579 pro
1947 3546 2020 3573 Cael.
2034 3556 2066 3580 49
2079 3557 2101 3575 c.
2116 3557 2148 3575 20
2169 3549 2235 3576 Non

64 3566 142 3602 ΝΜΟ
151 3574 228 3599 ante,
252 3567 394 3593 Hifwsssffl
408 3567 535 3595 Osffllum·
639 3572 769 3610 Refugere
789 3574 875 3601 oscula
890 3574 1002 3601 alicuius
1036 3571 1118 3599 Ouid-
1179 3576 1311 3609 flagrantia
1327 3577 1478 3609 oculorum,
1499 3586 1552 3603 non
1566 3576 1687 3603 libertate
1700 3577 1839 3612 sermonis,
1851 3580 1892 3606 sed
1906 3581 1985 3608 etiam
1999 3584 2150 3618 complexu,
2163 3586 2234 3612 oscu-

68 3602 131 3629 Met.
144 3610 164 3636 Ι,
176 3605 230 3634 556.
323 3603 462 3631 Reuellere
493 3604 554 3631 Stat.
568 3605 631 3632 Siln.
644 3615 666 3640 3,
679 3619 700 3642 2,
716 3618 755 3645 57.
846 3611 955 3638 Sumere
989 3608 1070 3636 Ouid.
1086 3607 1118 3634 dc
1179 3612 1293 3644 latione,
1311 3613 1404 3646 aquis,
1424 3612 1610 3647 nauigatione,
1628 3619 1673 3638 etc.
1745 3613 1822 3648 Seges
1839 3617 2007 3644 osculationis
2035 3620 2130 3647 Catull.
2146 3621 2177 3647 ad
2192 3623 2235 3648 Iu.

69 3635 130 3663 Arte
144 3639 202 3666 Am.
217 3649 235 3674 ι,
244 3640 301 3671 669.
364 3639 465 3666 Venire
477 3639 508 3665 ad
522 3640 608 3667 oscula
622 3642 730 3671 alicuius
750 3645 823 3673 Idem
837 3647 899 3674 Met.
916 3648 1005 3681 2386.
1079 3646 1117 3670 De
1131 3651 1162 3678 95
1178 3648 1302 3674 vencium
1323 3649 1341 3675 s.
1355 3650 1389 3681 46
1409 3652 1478 3682 (49)
1495 3652 1520 3675 6.
1629 3682 1635 3687 ·
1740 3645 1761 3690 ᾖ
1783 3659 1795 3675 2
1845 3652 1917 3678 Cael.
1937 3655 2025 3681 Aurel.
2041 3654 2142 3683 Chron.
2158 3666 2185 3690 2,
2205 3665 2234 3683 ιο

20 3693 22 3708 3
69 3672 213 3707 differentia
225 3677 291 3701 inter
308 3674 445 3708 Osculum,
466 3675 567 3701 Rasium
581 3683 605 3701 et
617 3677 757 3712 Suauium,
777 3682 831 3708 vid.
853 3683 949 3709 Donat.
962 3682 989 3707 in
1006 3680 1119 3706 Terent·
1179 3693 1205 3710 n.
1220 3693 1253 3710 121
1288 3684 1355 3709 inter
1374 3683 1535 3710 differentias
1556 3683 1649 3709 fluoris
1669 3683 1801 3718 sanguinis
1826 3688 1895 3721 ponit
1916 3689 2129 3725 osculationem,
2154 3701 2235 3727 quam

20 3731 22 3738 v
70 3708 135 3735 Eun·
149 3717 170 3742 3,
183 3718 206 3740 2-
219 3719 238 3740 3-
320 3711 413 3746 Oscula
433 3711 585 3738 officiorum
605 3712 677 3749 snm,
699 3717 769 3749 Basta
788 3718 946 3752 pudicorum
964 3715 1118 3748 affefluum,
1180 3719 1274 3746 Graeci
1291 3719 1469 3746 Anastomosin
1488 3725 1591 3745 vocant.
1633 3719 1687 3747 Vid.
1709 3727 1729 3746 Α
1743 3727 1764 3746 Ν
1775 3729 1797 3748 A
1809 3729 1822 3748 s
1834 3730 1855 3749 T
1865 3729 1968 3751 OMOS
1981 3732 1990 3751 1
2003 3732 2025 3752 S.

20 3753 22 3770 ι,
70 3743 161 3769 Suauia
176 3744 317 3773 libidinum
336 3746 378 3773 vel
398 3756 535 3774 amorum:
563 3749 628 3782 quod
644 3749 682 3774 ita
697 3751 767 3782 forte
783 3762 871 3779 verum
882 3753 983 3788 fuerit,
1004 3751 1033 3783 st
1051 3752 1119 3778 dica.
1216 3762 1275 3788 OS,
1301 3755 1366 3781 offis.
1403 3764 1428 3780 n.
1467 3755 1564 3788 [ds-ew,
1585 3753 1658 3787 izit]
1696 3756 1793 3783 Durum
1807 3758 1868 3784 illud
1880 3761 1907 3785 in
1919 3768 2019 3796 corpore
2034 3763 2150 3794 animali,
2170 3762 2235 3796 quod

69 3787 136 3810 mut,
154 3779 277 3808 Osculum
296 3791 417 3809 commune
430 3784 553 3816 omnibus,
573 3782 673 3810 Basium
685 3785 805 3820 secundae
818 3797 842 3815 et
855 3790 945 3816 tertiae
958 3786 1040 3821 chiffl,
1060 3788 1120 3814 Sua-
1180 3801 1236 3816 caro
1253 3791 1335 3824 vestit.
1407 3790 1463 3816 Cic.
1477 3790 1507 3814 de
1522 3790 1581 3815 Nat.
1598 3789 1679 3816 DeOI'·
1694 3800 1723 3824 2,
1739 3801 1777 3824 ¹39
1788 3803 1817 3820 vc·
1832 3804 1859 3824 55
1890 3796 1963 3829 Quid
1983 3797 2069 3823 dicam
2084 3797 2116 3824 de
2129 3798 2231 3828 ombus,

21 3820 23 3826 ⁴
69 3813 146 3840 vium
165 3816 254 3842 tertiae
271 3819 398 3844 admodum
404 3819 558 3853 familiare,
568 3818 618 3853 sed
628 3819 750 3854 secundae
767 3831 814 3848 non
830 3826 946 3851 alienum.
1020 3824 1120 3849 Similia
1128 3833 1174 3852 100
1181 3835 1248 3861 quae
1262 3822 1375 3852 subiecta
1390 3826 1497 3859 corpori
1511 3824 1645 3851 mirabiles
1659 3828 1837 3855 commissuras
1850 3830 1963 3866 habent,
1981 3838 2008 3859 et
2021 3833 2051 3859 ad
2066 3833 2232 3859 stabilitatem

22 3865 23 3874 ι
64 3848 143 3885 sunt,
163 3859 224 3883 quae
233 3859 311 3878 monet
330 3853 402 3882 Seru.
417 3856 453 3881 ad
463 3856 529 3881 Aen.
544 3865 562 3887 1,
577 3857 637 3881 260.
709 3856 846 3885 Sciendum
862 3860 965 3896 ofiulum
981 3859 1120 3894 religionis
1181 3869 1261 3896 aptas,
1282 3868 1307 3888 et
1321 3862 1353 3888 ad
1369 3868 1439 3887 artus
1453 3859 1584 3886 finiendos
1598 3864 1817 3898 accommodum,
1837 3872 1863 3893 et
1878 3867 1908 3893 ad
1923 3875 2025 3895 motum
2040 3875 2065 3894 et
2079 3868 2109 3894 ad
2125 3874 2231 3893 omnem

22 3915 23 3923 ἵ
69 3885 133 3918 effe,
146 3885 261 3920 sunuium
280 3888 433 3924 voluptatis.
504 3890 622 3923 Quidam
637 3890 738 3926 osculum
756 3891 818 3919 filiis
836 3894 908 3926 dari,
928 3896 1006 3922 vxori
1021 3895 1120 3928 assum,
1182 3898 1304 3932 corporis
1317 3897 1467 3923 actionem?
1559 3896 1617 3923 Ossa
1631 3904 1709 3932 atque
1722 3900 1795 3933 pellis
1810 3908 1881 3928 totus
1894 3904 1930 3929 est
1955 3905 2035 3930 Plaut.
2049 3902 2108 3929 Aul.
2121 3911 2141 3935 3,
2154 3903 2178 3933 6,
2193 3907 2231 3929 ²8·

68 3920 156 3947 scorto
170 3920 298 3957 suauium,
323 3923 422 3953 dicunt.
496 3929 536 3954 De
555 3927 629 3953 varia
647 3926 799 3954 osculorum
817 3931 913 3957 ratione
930 3933 1000 3967 apud
1017 3939 1120 3964 veteres,
1182 3934 1242 3960 Albi
1256 3934 1348 3960 ombus
1363 3931 1462 3966 scopuli
1495 3931 1571 3967 Virg.
1586 3934 1650 3959 Aen.
1666 3943 1686 3968 5,
1700 3939 1753 3967 865.
1838 3938 1912 3964 Albis
1926 3939 2020 3966 offibus
2033 3937 2155 3964 informis
2169 3944 2231 3970 ager

23 3994 24 3997 Ἴ
69 3957 122 3982 vitl-
136 3956 202 3991 Lips-
217 3958 289 3986 ΕΙεὲἵ.
302 3967 330 3993 2,
344 3963 369 3988 6.
1182 3970 1249 3996 Hor.
1268 3970 1349 3995 Serm.
1367 3977 1391 4002 ι,
1404 3974 1432 3998 8,
1449 3969 1484 3994 16.
1577 3967 1683 3995 Asinina
1703 3971 1770 4003 osta,
1796 3975 1850 3999 vid.
1871 3980 1962 4002 ΑειΝ
1972 3980 2023 4000 vs.
2114 3971 2231 3997 Grandia

106 3997 126 4019 ο
136 3998 191 4020 sci
201 3998 219 4019 L
227 3999 248 4055 ὅ
256 3999 311 4057 glai
321 4015 330 4029 ‚
349 3996 378 4060 h
387 4005 422 4060 1n.
445 3998 573 4032 [ςομίιτιον
589 3997 725 4025 Onomast.
734 3998 793 4025 Vet.
814 3998 844 4027 it.
857 4003 990 4034 προσωπεῖον
1005 4001 1120 4037 oscilla]
1130 4008 1175 4035 105
1182 4005 1262 4032 Ouid.
1276 4005 1381 4065 Meti?i
1398 4006 1449 4065 ιῖῐιῖ.
1522 4004 1622 4031 Grauia
1647 4005 1709 4033 Stat.
1721 4006 1811 4033 Theb.
1824 4010 1850 4042 6,
1863 4016 1912 4043 84¹·
1982 4007 2110 4035 Immania
2136 4005 2230 4067 Clauid.

305 4049 312 4057 .
400 4052 407 4060 .
2213 4051 2230 4067 u
