2517 4231
80 197 150 260 *641
468 200 506 242 Ο
588 199 615 240 S
696 198 741 240 T
1602 187 1639 230 O
1719 186 1765 229 T
1846 187 1863 227 l
2188 198 2265 248 642

79 297 156 331 dem,
174 294 218 322 sed
234 292 374 326 inuberes,
391 299 547 326 macraeque
561 290 656 325 client,
676 289 767 321 Luna,
787 284 877 320 inquit
895 283 1051 314 Annianus,
1071 291 1140 309 nune
1203 282 1310 308 thurum.
1367 280 1466 308 Lucan.
1482 281 1509 314 6,
1522 285 1562 312 338
1583 278 1724 306 Solstitiale
1738 284 1815 314 caput
1827 279 1980 305 nemorosus
1995 282 2141 311 summouet
2156 285 2268 319 Othrys.

79 331 204 360 videlicet
217 329 336 358 senescit:
357 336 388 355 ea
409 336 438 354 re
458 327 544 354 ostrea
557 335 666 362 quoque
678 323 751 351 sicuti
769 322 821 349 alia
833 321 961 356 quaedam
975 320 1077 352 tei-iun,
1098 328 1142 359 cr.
1204 317 1312 346 Niualis
1327 317 1426 357 Othrys
1460 317 1522 344 Stat.
1535 315 1628 356 Theb.
1642 323 1672 349 3,
1686 324 1733 356 319ἶ
1790 315 1865 356 Virg.
1882 314 1946 341 Aen.
1960 324 1983 348 7,
1998 319 2050 348 (175.
2148 321 2268 349 Nubihffl

79 367 203 402 siie'laque
221 365 263 400 (f.
283 365 463 399 exsuccaque)
483 362 528 390 est.
638 362 736 388 Laudat
749 357 846 385 Lucilii
866 356 982 392 ‘in-usum,
1001 357 1075 383 Luna
1095 356 1142 382 alit
1205 355 1268 382 Stat.
1282 352 1367 379 Achil.
1383 363 1401 386 i,
1415 360 1466 386 233.
1539 352 1644 380 Pinifer
1677 352 1774 379 Alciin.
1787 353 1860 378 Auit.
1873 362 1904 384 4,
1920 354 1971 384 516.
2045 354 2150 390 Piniger
2180 358 2270 385 Vales-

79 403 165 431 ostrea
177 407 203 429 et
215 401 308 436 implet
321 400 447 433 echinos,
466 407 512 426 etc.
585 395 758 426 Peculiariter
775 402 843 421 vero
862 398 955 419 contra
973 392 1071 427 leporis
1088 400 1141 418 ina-
1207 391 1308 424 Argon.
1324 390 1351 421 6,
1367 397 1416 430 3⁰93-
1730 423 1735 428 1
1875 421 1882 431 θ

79 438 135 467 tini
147 446 248 465 venena
261 442 287 463 et
300 436 385 463 ostrea
398 435 570 463 aduersantur
595 434 662 461 Plin.
673 439 710 465 32,
724 432 748 458 6.
819 427 946 460 Grandia,
966 437 1031 463 quae
1048 427 1143 454 inediis
1168 429 1181 455 5
1242 431 1320 452 OTH
1330 430 1374 450 ΧΥ
1394 432 1406 449 s
1417 431 1455 450 iv
1466 431 1495 458 ς,
1527 433 1556 458 a,
1588 433 1643 451 um.
1687 423 1746 450 Adi.
1791 423 1979 489 [Όθςυωςέὴ
1999 421 2107 450 Hebrug
2133 427 2271 460 0¹1n.yffi¹3

50 496 53 500 ,
79 475 131 503 iam
145 473 270 502 noctibus
283 472 368 499 ostrea
381 471 487 498 mordet
514 472 608 498 quen.
623 469 674 496 Sat.
687 468 714 499 6,
727 475 783 493 202.
880 465 957 491 Callis
972 464 1056 491 ostrea
1072 463 1143 490 testis
1206 460 1300 501 Claud.
1315 460 1395 486 Cons.
1409 460 1481 486 Hon.
1497 469 1520 493 ς,
1534 469 1581 493 147.
1655 460 1728 487 Orae
1760 459 1834 487 Idem
1848 467 1876 486 in
1890 459 1930 487 Ru
1981 479 1988 486 .
2003 468 2022 491 1,
2036 462 2085 492 176.
2158 463 2271 493 prumae

81 508 144 538 Vsta
157 508 230 537 dabit
243 509 361 535 cinerem
383 509 519 535 Sammon,
534 514 615 538 vau.
687 502 780 529 Ostrea
793 501 921 534 Circaeis,
935 500 1039 527 Miseno
1052 499 1145 527 oriun-
1206 497 1323 525 Martial.
1341 505 1379 527 io,
1393 505 1414 528 7.
1460 495 1532 536 Idem
1548 506 1571 529 7,
1584 506 1606 529 7.
1898 530 1903 536 .

80 544 125 574 tur
137 545 226 572 echini
256 545 324 572 Hor.
337 545 421 572 Serm.
435 553 458 579 2,
473 553 497 578 4,
510 551 543 576 33.
621 537 760 566 Abstinere
773 537 866 565 ossi-cis
881 544 906 564 ct
919 537 1053 564 muraenis
1062 556 1070 569 ,
1090 534 1145 560 vid.
1245 539 1264 560 o
1278 538 1300 560 Τ
1315 537 1336 559 H
1348 538 1368 558 v
1381 538 1394 559 s
1405 554 1414 567 ,
1435 532 1522 566 Gigas.
1554 532 1579 568 J.
1600 538 1620 559 0
1632 537 1655 560 'r
1665 539 1686 559 v
1695 538 1725 568 s,
1740 531 1831 567 potius.
1873 532 1929 559 Vni.
1946 536 1968 558 Λ
1977 536 1993 558 1.
2006 535 2026 558 ο
2037 536 2053 558 Ε
2062 537 2083 558 V
2092 534 2115 558 i.

145 588 158 608 s
170 587 193 607 T
204 587 213 607 1
225 587 248 607 N
260 587 277 607 E
309 600 316 606 .

81 589 106 612 A
117 587 137 645 g
148 623 162 644 s
171 624 193 644 Τ
203 623 222 644 R
232 623 248 644 E
257 587 311 644 KPF
320 623 342 642 ν
352 622 366 642 s
374 636 382 649 ‚
403 624 416 641 a
424 634 432 648 ,
452 622 506 641 uni.
533 609 594 638 Adi.
626 608 798 645 [ἆςρακῶδης]
831 616 878 645 pro
892 611 962 635 Doro
975 615 1048 643 atque
1060 605 1146 642 aspero
1163 610 1193 629 10
1628 606 1657 637 Ο
1733 605 1767 637 Τ
1842 606 1855 637 1

80 653 194 690 ponitur.
267 653 349 680 Plaut.
365 652 443 678 Poen.
465 659 490 681 i,
506 656 534 680 2,
549 648 590 676 186
624 648 717 679 Itaque
731 647 783 673 iani
796 645 867 681 quasi
883 645 1026 672 ostreatum
1041 649 1146 677 tergum

80 687 216 716 vlceribus
229 688 324 724 gestito
338 692 446 723 propter
457 691 577 711 amorem
595 681 720 708 vestrum.
1245 682 1265 703 0
1278 681 1300 702 T
1312 682 1369 716 ¹.A⁹
1389 684 1427 702 ae.
1464 675 1484 702 s.
1521 675 1601 702 Piscis
1616 675 1652 702 est
1666 675 1802 709 marinus,
1825 685 1856 704 ex
1870 684 1968 712 genere
1987 675 2135 704 ostrearum
2167 676 2235 705 Plin.
2249 686 2276 711 3²

120 731 140 752 ο
151 731 164 751 S
174 731 196 752 ‘r
206 732 225 752 R
238 731 255 751 Ε
265 731 286 750 Α
295 730 313 751 R
324 732 333 750 i
343 729 363 749 v
373 729 386 748 s
395 741 403 755 ,
424 729 454 751 a,
469 728 525 746 uni.
562 719 648 744 Aliud
659 717 718 744 Adi.
757 716 908 745 Ostrearius
919 715 1004 750 panis,
1025 722 1070 748 quo
1083 720 1148 738 vete·
1209 720 1264 746 cap.
1285 712 1373 738 vltini.

81 770 122 787 rer
136 769 189 787 cum
202 760 286 797 ostreis
298 756 492 794 vescisolebant.
564 754 630 781 Ptin.
644 760 677 787 18,
692 764 712 781 ii
730 754 749 781 s.
764 762 794 787 27
826 752 902 780 Panis
921 765 966 771 —-
985 757 1081 785 genera
1101 763 1147 769 —
1247 754 1267 774 O
1280 753 1301 774 Τ
1312 754 1320 773 1
1331 754 1360 780 S,
1380 747 1440 774 i'dis.
1477 747 1497 774 f.
1535 746 1629 781 [ὦτίς]
1667 747 1787 780 Animo«,
1806 747 2001 780 afimilitudn'ne
2014 749 2186 775 auricularum
2197 749 2277 783 dina,

81 796 146 824 ,ΗΜ
158 795 192 823 ab
205 794 324 831 opsoniis
337 791 479 828 appellati,
500 796 529 817 vt
544 790 677 817 ostrearii.
1165 787 1190 814 ις
1210 793 1271 818 quae
1285 783 1413 819 &vinosum
1428 783 1540 809 Graecis.
1614 782 1682 809 Plin.
1698 790 1737 815 ιο,
1751 790 1778 815 23
1804 783 1863 810 Otis
1876 782 1984 810 bubone
1998 785 2092 812 minor
2104 784 2150 816 est,
2170 784 2278 812 noe'tnis

120 838 140 859 ο
152 838 165 858 S
178 838 200 858 T
213 837 233 858 R
244 836 319 857 ΕΛΚ
330 836 339 855 1
350 834 387 861 Α,
418 830 508 854 orum.
546 836 572 853 n.
611 827 653 852 Pl.
692 823 895 860 [ὄτριστμφεῒοι]
936 821 983 847 Vbi
998 819 1087 853 ostreae
1105 818 1146 859 th'ss
1208 819 1306 852 maior,
1327 820 1436 846 auribus
1453 819 1565 858 plumeis
1580 817 1771 858 eminentibus,
1790 818 1859 845 vnde
1873 824 1899 844 et
1912 828 2010 846 nomen
2026 820 2081 846 illi:
2107 820 2216 854 quidam
2229 822 2279 848 La.

81 867 145 894 vm„
157 874 181 892 et
193 866 361 902 repert-amm..
411 863 479 891 plin,
494 872 520 896 9,
535 871 557 892 51
577 862 593 888 s.
609 869 649 896 74-
672 863 766 896 Nuper
779 864 945 893 compertum
959 856 987 882 in
1001 855 1147 887 ostreariis,
1206 856 1263 882 tine
1277 854 1399 895 Asionem
1412 862 1525 895 vocant:
1545 859 1677 881 imitatrix
1689 854 1752 880 alias
1765 854 1822 880 auis
1835 862 1863 880 ac
1878 854 1995 889 paralita,
2013 862 2039 882 et
2051 857 2167 891 quodam
2180 866 2278 893 genere

80 901 222 930 humorem
232 901 276 931 his
291 899 440 927 foetificum
456 899 532 925 laetis
547 898 630 924 inodo
643 898 759 924 effluere.
831 892 952 922 Macrob.
967 893 1071 919 saturn.
1086 899 1112 925 2,
1127 899 1148 918 ιι
1210 891 1336 918 saltatrix.
1408 891 1513 919 Ibidem
1535 900 1556 917 c.
1571 899 1608 917 22.

82 938 187 973 Sergius
200 938 282 964 Orata
296 936 398 972 primus
412 935 540 962 ostrearia
554 935 582 961 in
597 934 695 960 Baiano
709 931 816 959 locauit.
1247 933 1267 954 0
1277 934 1298 954 T
1308 934 1318 954 ι
1329 934 1350 952 ν
1360 934 1384 953 M
1395 948 1403 961 ,
1429 937 1475 953 non
1497 934 1516 954 ο
1525 934 1542 954 (ἵ
1553 933 1592 953 iv
1603 932 1628 952 Μ
1637 947 1647 960 ,
1675 924 1695 952 1.
1733 934 1758 951 n.
1796 925 1872 951 Prior
1889 926 1960 952 lellio
1978 927 2042 952 enim
2063 929 2232 962 praesto-enda
2239 928 2279 966 se.

119 976 193 1001 oS'r
204 979 223 1000 R
233 980 249 1000 E
259 974 302 1002 o‘s
314 979 333 998 v
343 979 356 998 s
400 981 430 1003 a,
456 981 511 999 uni.
549 969 609 996 Adi.
653 968 763 1000 Cyzicus
776 965 891 992 ostrcosa
921 965 1001 991 Po'c'ta
1016 962 1147 990 Pliallicus
1163 970 1197 989 20
1211 965 1315 990 cundum
1330 964 1442 989 Pica-ium
1456 964 1483 988 in
1496 964 1573 997 Virg.
1586 961 1640 989 Ecl.
1654 970 1673 995 i,
1687 962 1712 987 6.
1749 962 1846 987 Mur-et.
1859 963 1896 988 ad
1909 961 1978 988 Ter.
1994 963 2089 990 Heaut.
2103 973 2122 997 3,
2135 972 2143 991 i
2163 972 2228 992 extr.
2254 972 2280 991 et

84 1010 170 1037 Carni.
183 1016 228 1044 77.
319 995 414 1035 Cat'uu.
431 1008 516 1042 Priap.
533 1011 557 1036 18
594 1006 650 1030 Ora
687 1001 869 1038 Hellespontia
883 1001 992 1029 caeteris
1005 999 1149 1027 ostreofior
1216 999 1280 1034 l'qffi
1292 999 1353 1036 Jnst.
1369 1001 1443 1025 Orat.
1467 1007 1491 1026 2.
1509 1007 1534 1034 p.
1548 1007 1600 1031 232.
1637 995 1738 1030 [ιχοΛ-ὶ,
1759 995 1861 1030 §aq-adm,
1879 997 2065 1033 ἀπραγμοσύνη,
2082 999 2189 1035 n‘ffvxloe]
2231 1003 2281 1028 Va-

82 1045 147 1073 0113,
182 1045 248 1078 conf:
268 1044 347 1072 Vina,
361 1046 397 1070 ad
409 1044 506 1070 Auson,
521 1039 598 1075 Epist.
612 1049 636 1072 9,
650 1045 687 1069 ²8-
783 1068 787 1069 .
1212 1036 1311 1061 catiova
1325 1036 1416 1063 labore.
1510 1035 1567 1062 Cic.
1590 1042 1639 1069 pro
1659 1034 1710 1060 Cn.
1725 1032 1811 1060 Plane.
1832 1034 1865 1058 66
1897 1033 2001 1061 Etenim
2021 1035 2058 1062 M.
2071 1036 2180 1063 Catonis
2202 1036 2282 1071 illud,

120 1087 140 1108 0
153 1087 258 1109 STRv
268 1088 310 1113 M,
335 1080 354 1107 i,
391 1089 418 1106 ῃ,
456 1076 558 1112 [ὅς-ρον]
595 1074 770 1108 llluricisfiue
789 1073 914 1107 conchylii
932 1082 961 1098 ac
975 1079 1102 1108 purpurae
1118 1071 1150 1096 li.
1213 1071 1286 1104 quod
1307 1071 1336 1097 in
1355 1071 1489 1106 principio
1506 1070 1606 1105 scripsit
1628 1069 1774 1104 Originum
1793 1069 1917 1102 suarum,
1943 1069 2046 1105 semper
2065 1071 2234 1106 magnificum
2256 1079 2282 1101 et

80 1125 158 1153 quor,
173 1116 260 1152 succus
272 1124 296 1142 ct
309 1116 388 1148 color,
408 1116 474 1141 vnde
490 1120 536 1149 pro
552 1111 602 1147 ipso
618 1113 746 1147 Purpureo
765 1110 843 1135 colore
854 1109 967 1145 ponitus.
1040 1106 1150 1135 Ostrum
1213 1107 1380 1148 praeclarum
1398 1107 1506 1141 putaui,
1525 1107 1661 1135 clarorum
1680 1105 1806 1131 virorum
1825 1110 1904 1139 atque
1922 1114 2097 1139 magnorum,
2119 1117 2173 1135 non
2193 1109 2282 1136 minus

81 1153 185 1183 diae‘lum,
204 1154 271 1187 quod
282 1161 313 1178 ex
327 1152 472 1177 concharum
485 1157 641 1174 marinarum
655 1146 722 1183 testis
735 1146 871 1172 eximatur.
915 1143 965 1171 Hi‘c
977 1144 1070 1179 liquor,
1091 1150 1150 1169 tem·
1167 1153 1198 1180 25
1213 1143 1263 1169 otii
1281 1152 1360 1178 quam
1374 1143 1476 1177 negotii
1492 1144 1626 1170 rationein
1640 1141 1741 1168 exstare
1757 1147 1892 1176 oportere.
1910 1177 1915 1181 ι
1965 1142 2000 1168 Vt
2016 1148 2041 1168 et
2056 1144 2105 1170 otii
2122 1144 2187 1178 inei,
2207 1145 2284 1171 euius

78 1195 204 1225 perotura
219 1188 325 1223 artificis
336 1186 460 1219 adbibita,
473 1184 533 1219 sire
543 1189 682 1219 purpureus
687 1183 732 1222 fit,
748 1183 791 1207 hoc
802 1181 834 1217 est
847 1181 874 1206 in
887 1180 1024 1221 violaceurn
1037 1180 1150 1206 tendens.
1213 1185 1239 1206 ct
1252 1180 1319 1207 Cato
1332 1179 1493 1206 reddendam
1507 1181 1624 1214 Operam
1639 1183 1722 1213 putat,
1735 1177 1804 1211 apud
1818 1181 1843 1203 te
1857 1177 1936 1217 Ratio
1949 1177 2079 1219 constaret
2098 1179 2190 1220 lustin.
2199 1181 2284 1214 praef.

88 1225 145 1251 Vid.
165 1224 237 1252 Vitr.
250 1230 275 1258 7,
291 1232 311 1255 ¹3
345 1221 473 1256 Incipiam
493 1228 562 1246 nunc
575 1218 607 1245 de
619 1218 693 1245 ostro
705 1217 809 1250 dicere,
827 1216 901 1251 quod
919 1222 945 1243 et
958 1215 1111 1242 cariffiniain
1126 1220 1152 1241 et
1213 1217 1237 1250 §.
1254 1223 1275 1248 ς.
1312 1217 1383 1242 Add.
1403 1216 1510 1242 Colum.
1530 1223 1562 1248 2,
1582 1222 1623 1241 22.
1670 1213 1680 1222 “
1705 1215 1755 1238 ὁέιί
1774 1212 1865 1240 Nemo
1878 1213 2021 1240 Rationem
2042 1215 2081 1241 sui
2101 1222 2152 1244 otii
2172 1216 2285 1244 reddere

82 1259 322 1287 excellentiffirnani
336 1257 415 1284 habet
435 1272 481 1277 -—
501 1254 618 1290 aspeEhis
631 1254 795 1280 suauitatem.
870 1252 900 1280 Id
916 1258 1004 1279 autem
1018 1251 1151 1286 excipitur
1213 1252 1321 1286 cogitur
1353 1251 1437 1278 Galba
1458 1258 1501 1287 up.
1515 1251 1585 1278 Suet.
1600 1249 1629 1275 in
1644 1248 1706 1275 Vita
1724 1257 1748 1275 c.
1761 1257 1786 1282 9.
1875 1249 1945 1276 Ter.
1958 1249 2069 1284 Adelph.
2083 1261 2103 1285 3,
2119 1261 2140 1284 3,
2156 1254 2186 1283 65
2218 1252 2286 1278 Non

82 1305 116 1324 ex
129 1295 271 1328 conchylio
283 1294 404 1326 marino,
424 1301 439 1320 e
452 1300 507 1325 quo
521 1298 638 1327 purpura
652 1289 782 1322 inficitur,
802 1304 849 1310 ——-
869 1288 942 1323 quod
956 1287 1035 1315 habet
1052 1296 1107 1314 non
1122 1286 1151 1313 in
1214 1287 1303 1315 hercle
1317 1287 1405 1315 otium
1418 1287 1454 1314 est
1464 1292 1538 1313 'nunc
1556 1285 1626 1313 mihi
1638 1284 1811 1311 auscultandi.
1884 1285 1967 1312 Plaut.
1983 1286 2042 1312 Mil.
2059 1296 2079 1321 ς,
2096 1296 2113 1320 1,
2130 1289 2172 1314 166
2199 1290 2287 1322 Atque

82 1331 211 1359 omnibus
224 1331 298 1361 locis,
317 1330 413 1363 quibus
427 1328 553 1360 nascitur,
573 1327 652 1353 vnius
665 1326 769 1360 generis
783 1325 905 1352 colorem
923 1340 970 1345 —
990 1325 1025 1350 Ea
1039 1323 1152 1355 conchy—
1169 1333 1200 1358 30
1216 1324 1303 1351 otium
1317 1324 1357 1351 rei
1372 1323 1390 1350 si
1402 1323 1442 1357 lit,
1463 1324 1565 1358 possum
1580 1329 1751 1361 expromere3
1812 1320 1882 1347 vOtii
1896 1321 2008 1356 plurimi
2023 1331 2064 1348 res
2087 1323 2143 1351 Cie.
2154 1324 2241 1360 Atha,
2252 1326 2287 1350 16.

84 1367 122 1394 lia
133 1377 193 1394 cuni
210 1368 268 1394 sunt
281 1366 365 1400 ledia,
383 1364 553 1391 ferramentis
571 1363 640 1390 circa
659 1362 830 1394 scinduntur,
851 1370 866 1387 e
886 1361 983 1396 quibus
994 1360 1077 1395 plagis
1092 1367 1153 1394 pur·
1216 1361 1310 1387 Otium
1325 1367 1347 1386 et
1361 1359 1461 1393 Labor,
1482 1359 1610 1385 contraria
1639 1356 1772 1390 Qiinelil.
1787 1363 1815 1391 7,
1829 1365 1853 1388 3.
1926 1357 1982 1385 Cic.
1997 1358 2029 1384 de
2044 1359 2119 1386 Orat.
2136 1369 2153 1392 i,
2168 1366 2200 1392 93
2221 1360 2287 1386 Non

81 1411 165 1439 putea
178 1403 263 1430 sanies
276 1402 314 1428 vti
328 1400 437 1428 lacrima
452 1400 596 1436 profluen5‚
616 1399 715 1427 excussa
729 1399 757 1424 in
770 1397 908 1424 mortariis
922 1395 1033 1423 terendo
1047 1404 1152 1430 compa·
1215 1396 1327 1430 despero
1341 1396 1401 1423 fore
1415 1395 1533 1429 aliquem
1554 1392 1715 1427 aliquando,
1736 1392 1783 1426 qui
1798 1399 1823 1418 et
1836 1391 1924 1419 studio
1937 1394 2058 1426 acriore,
2079 1403 2158 1429 quani
2180 1403 2228 1422 nos
2249 1396 2290 1422 sii-

82 1445 174 1472 ratur,
194 1444 221 1466 et
234 1437 306 1474 quod
324 1446 356 1464 ex
369 1436 530 1464 concharum
543 1435 708 1462 marinarum
720 1433 791 1462 testis
812 1433 940 1459 eximitur
949 1453 957 1466 ,
976 1432 1038 1459 ideo
1051 1432 1152 1459 ostrum
1215 1441 1274 1458 nius
1288 1438 1367 1466 atque
1381 1432 1492 1464 fuimus,
1513 1436 1538 1457 et
1552 1430 1610 1456 otio
1623 1438 1651 1456 ae
1664 1428 1789 1455 facultate
1801 1428 1918 1455 discendi
1932 1430 2035 1457 maiore
2048 1439 2076 1457 ac
2092 1431 2249 1465 maturiore,
2262 1437 2288 1458 et

81 1475 119 1502 est
132 1475 288 1501 vocitatum.
397 1473 475 1507 Virg.
489 1472 588 1506 Georg.
604 1480 632 1504 2,
646 1471 697 1504 506
729 1471 767 1496 Vt
780 1478 884 1504 gemma
897 1469 983 1501 bibat,
1004 1475 1029 1494 et
1044 1468 1153 1494 sarrano
1215 1468 1308 1495 labore
1321 1474 1399 1503 atque
1414 1467 1545 1494 industria
1558 1465 1696 1500 superiore
1706 1485 1714 1497 ‚
1735 1472 1818 1498 quum
1839 1465 1864 1490 se
1884 1464 1915 1491 ad
1935 1464 2115 1501 audiendum,
2135 1467 2288 1503 legendum,

83 1510 201 1538 dormiat
214 1509 297 1537 ostro.
369 1508 443 1536 Idem
457 1510 522 1535 Aen.
533 1517 551 1541 1,
559 1515 610 1542 704
631 1507 773 1540 stratoque
787 1506 865 1540 super
880 1504 1058 1532 discumbitur
1072 1504 1153 1530 ostro.
1171 1510 1199 1537 ὃς
1216 1503 1441 1538 scribendumque
1461 1503 1565 1529 maiore
1586 1510 1667 1536 opera
1686 1500 1836 1533 dediderit,
1856 1501 1950 1528 existat
1967 1503 2027 1529 talis
2052 1510 2160 1536 orator,
2181 1504 2289 1537 qualem

81 1547 102 1574 ἰ.
123 1548 254 1582 Purpura:
280 1552 310 1571 vt
328 1545 366 1571 ait
381 1545 456 1572 Seru.
549 1542 660 1577 Insignis
673 1541 746 1579 ostro
759 1542 864 1577 sonipes
894 1541 971 1576 Virg.
985 1542 1052 1567 Aen.
1066 1550 1091 1572 4,
1107 1549 1154 1571 134.
1217 1540 1386 1574 quaerimus,
1401 1547 1447 1565 etc.
1544 1538 1601 1565 Cic.
1617 1537 1649 1564 de
1665 1537 1739 1577 Orat.
1754 1546 1772 1570 1,
1787 1546 1831 1568 224
1859 1536 2084 1573 Philosophorum
2099 1545 2187 1567 autc-ni
2202 1539 2289 1566 libros

82 1583 231 1611 Coruscum
258 1580 351 1609 Claud.
368 1581 447 1608 Cons-
462 1579 541 1607 Prob.
556 1586 582 1606 et
596 1578 675 1610 Olyb.
689 1579 744 1610 264.
842 1577 948 1604 Puerile
978 1577 1040 1604 Stat.
1052 1576 1117 1603 Silii.
1132 1585 1154 1608 ς,
1217 1577 1334 1602 reseruet
1348 1575 1395 1602 fibi
1410 1574 1567 1601 huiusmodi
1581 1574 1731 1601 Tusculani
1746 1572 1878 1606 Requiem
1895 1580 1973 1608 atque
1992 1575 2089 1601 otium.
2174 1575 2290 1603 Frutflus

67 1616 108 1655 ⁷2,
122 1620 164 1646 66.
236 1617 383 1644 Puniceum
401 1617 489 1643 Senec.
498 1615 593 1644 Medea
607 1624 628 1641 2.
702 1612 811 1641 Rubens
831 1614 938 1641 Luci-ct.
954 1622 976 1646 2,
992 1622 1029 1645 35.
1092 1612 1154 1638 San·
1218 1612 1270 1638 otii
1283 1612 1330 1644 est,
1347 1621 1402 1638 non
1416 1611 1553 1637 contentio
1566 1610 1661 1642 animi,
1679 1608 1723 1636 sed
1738 1608 1868 1635 relaxatio
1889 1609 1944 1635 Cic.
1955 1610 1987 1637 de
2001 1611 2158 1642 Orat.:›,20.
2232 1612 2289 1638 Ma-

83 1654 214 1690 guineum
233 1653 309 1687 Virg.
323 1654 388 1679 Aen.
401 1661 436 1685 12,
449 1654 488 1685 67.
560 1650 702 1678 Sidonium
724 1650 793 1676 Hor.
804 1649 884 1684 Epist.
898 1660 917 1685 i,
933 1658 971 1682 10,
986 1650 1026 1675 26.
1097 1647 1155 1680 Ty-
1219 1648 1262 1674 ior
1277 1648 1334 1682 post
1346 1648 1401 1674 otia
1414 1647 1501 1673 virius
1531 1647 1594 1673 Stat.
1610 1646 1675 1672 Silii.
1689 1656 1713 1679 4,
1726 1654 1751 1676 a,
1766 1654 1802 1676 34.
1898 1645 1956 1672 Cic.
1970 1647 2024 1673 Att.
2039 1656 2075 1679 12,
2088 1657 2102 1679 7
2130 1648 2289 1674 Tantumne

83 1691 158 1718 rium
183 1690 259 1724 Virg.
275 1690 374 1723 Georg.
390 1697 411 1720 3,
427 1698 458 1721 ¹7·
530 1687 644 1721 Fulgent
656 1685 781 1711 duetores
796 1685 887 1711 decori
901 1685 975 1712 ostro
1001 1683 1076 1711 Idem
1088 1683 1154 1709 Aen.
1167 1692 1205 1718 40
1218 1683 1251 1710 ab
1265 1692 1294 1709 re
1307 1690 1351 1710 tua
1365 1683 1401 1709 est
1414 1683 1466 1709 otii
1481 1682 1542 1712 tibi,
1559 1688 1587 1707 vt
1600 1681 1679 1707 etiam
1693 1687 1830 1706 oratorem
1844 1680 1932 1714 legas?
2024 1692 2055 1708 ex
2072 1683 2142 1709 Ter.
2158 1684 2255 1711 Heaut.
2271 1691 2291 1715 ι,

83 1730 109 1760 5,
123 1735 164 1753 iii.
255 1725 349 1760 Fulget
361 1724 456 1751 Poenis
467 1723 546 1750 ostris
560 1729 676 1758 purpura
710 1721 833 1754 Propert.
847 1730 871 1752 4,
884 1729 907 1754 3,
921 1728 957 1752 ςι.
1049 1718 1155 1745 lustrati
1219 1729 1244 1750 i,
1262 1728 1287 1750 23
1322 1719 1453 1751 Chreme,
1473 1724 1614 1744 tantumne
1632 1717 1665 1743 ab
1685 1724 1714 1742 re
1736 1722 1780 1742 tua
1799 1716 1835 1742 est
1853 1717 1941 1742 otium
1956 1715 2024 1750 tibi,
2043 1718 2136 1744 Aliena
2151 1725 2181 1745 vt
2195 1721 2292 1746 cures?

84 1758 158 1790 ostro
171 1760 287 1797 alipedes
314 1760 389 1795 Virg.
403 1762 467 1786 Aen.
482 1768 505 1792 7,
518 1768 560 1792 277
632 1755 782 1784 Laboratae
795 1755 879 1782 vestes
892 1754 1006 1790 superbo
1034 1754 1072 1780 Id.
1088 1753 1156 1780 ibid.
1217 1754 1314 1788 Operis
1327 1755 1415 1781 otium
1436 1754 1504 1780 Plin.
1521 1762 1550 1785 ii,
1564 1762 1601 1780 10.
1675 1752 1770 1778 Otium
1782 1759 1796 1776 a
1811 1751 1917 1778 senibus
1930 1751 1963 1778 ad
1976 1752 2122 1786 potandum
2137 1761 2165 1780 vt
2178 1754 2291 1781 habeam

83 1806 107 1833 ι,
121 1800 177 1831 643.
257 1796 334 1823 Nitet
347 1795 432 1822 ledius
444 1794 527 1822 Iliaco
539 1791 612 1819 ostro
638 1792 727 1817 Senec.
737 1790 812 1817 Med.
827 1798 864 1817 ιο.
937 1789 1059 1817 Pei-fusae
1072 1789 1155 1816 vestes
1219 1791 1290 1817 Ter.
1300 1789 1408 1817 Phorin.
1422 1799 1445 1822 5,
1453 1797 1476 1822 ς,
1491 1799 1514 1822 4.
1552 1790 1577 1815 h.
1590 1798 1610 1815 e.
1635 1789 1667 1814 Vt
1678 1793 1723 1822 per
1732 1787 1804 1822 senes
1813 1794 1900 1822 potare
1913 1787 1975 1813 mihi
1989 1789 2074 1816 liceat.
2279 1798 2292 1816 2

83 1833 157 1861 ostro
184 1832 261 1866 Virg.
274 1832 340 1858 Aen.
353 1840 377 1862 5,
392 1839 433 1856 iii.
506 1827 623 1862 Reponit
636 1826 714 1853 illum
727 1826 797 1853 celso
811 1826 840 1853 in
854 1825 927 1853 ostro
954 1825 1044 1852 Valer.
1052 1825 1155 1860 Argon.
1221 1827 1351 1862 Epitheta:
1389 1826 1492 1859 Altum,
1514 1825 1569 1851 vid.
1590 1831 1611 1851 A
1622 1830 1638 1849 1.
1650 1830 1673 1850 T
1684 1830 1705 1849 V
1716 1829 1738 1849 S.
1858 1823 1959 1850 Blanda
1988 1824 2082 1851 Claud.
2099 1824 2127 1851 111
2142 1825 2222 1853 cons.
2253 1826 2293 1852 til.

82 1877 106 1902 3,
119 1877 172 1901 339.
245 1867 369 1901 Rigentes
383 1864 466 1892 vestes
479 1864 606 1897 ostroque
619 1871 740 1898 auroque
767 1862 846 1898 Virg.
860 1864 974 1895 Aen.‘ii,
988 1870 1028 1897 7²-
1102 1862 1154 1889 Ve-
1170 1870 1204 1897 45
1221 1872 1239 1896 i,
1253 1869 1293 1896 93.
1367 1862 1575 1893 calamitosum,
1595 1860 1651 1885 vid.
1674 1865 1748 1886 CAL
1756 1864 1778 1884 A
1787 1865 1811 1885 M
1823 1865 1831 1884 1
1842 1865 1891 1885 TA
1902 1865 1925 1886 s.
1997 1861 2066 1887 Plin.
2082 1869 2106 1894 z,
2121 1870 2149 1893 23
2175 1861 2206 1889 Id
2218 1863 2293 1889 enim

83 1903 139 1932 lare
152 1903 280 1930 humeros
294 1901 367 1928 ostro
394 1900 469 1928 Idem
482 1899 548 1927 ibid.
561 1906 589 1934 7,
601 1905 651 1929 8¹4·
1220 1899 1300 1932 velle,
1320 1907 1403 1934 paene
1417 1897 1556 1925 Dementis
1569 1896 1621 1923 otii
1633 1895 1679 1922 est.
1752 1895 1983 1924 Desidioffl‘linium
2004 1897 2062 1924 Cic.
2072 1897 2103 1923 de
2112 1898 2184 1932 Lege
2197 1900 2292 1934 Agrar.

121 1945 143 1966 0
153 1945 226 1966 STR
236 1939 313 1965 l'Nv
325 1944 354 1970 s,
380 1946 411 1970 a,
437 1946 493 1963 um.
530 1935 593 1963 Adi.
629 1932 755 1970 [ὄρειος]
793 1933 918 1961 Ostrinae
932 1933 1015 1961 vestes
1029 1933 1156 1961 dicuntur
1221 1944 1249 1967 2,
1269 1945 1314 1968 90.
1386 1934 1439 1961 Dia
1464 1934 1570 1961 Lucret.
1584 1943 1608 1968 ς,
1623 1933 1687 1964 1386.
1760 1930 1866 1958 Dilecta
1897 1932 1960 1958 Stat.
1968 1931 2062 1960 Theb.
2078 1936 2102 1967 6,
2120 1943 2159 1961 111,
2233 1935 2293 1961 Dis.

82 1983 232 2013 purpureae
245 1979 271 2000 et
283 1972 438 2006 subrubeae,
458 1972 557 1998 audere
574 1971 671 1998 Nonio
687 1972 722 2004 16,
736 1977 760 2001 8.
847 1983 849 1985 ·
871 1969 1031 2005 Turpilius,
1051 1971 1157 1998 Interea
1221 1971 1309 1998 cinGta
1337 1970 1418 1997 Ouid.
1434 1972 1526 1997 Amor.
1543 1979 1561 2003 i,
1575 1978 1601 2003 9,
1614 1977 1651 2000 41.
1733 1967 1818 1993 Dulce
1845 1968 1913 1993 Hor.
1929 1968 2012 2002 Epod.
2027 1979 2045 2002 1,
2065 1978 2087 2002 7.
2161 1969 2293 2003 Facunda,

82 2011 183 2047 aspexit
195 2009 331 2044 virginem
345 2009 488 2044 gestantem
502 2008 530 2034 in
544 2007 630 2043 eapite
642 2006 756 2032 riculain
770 2005 892 2033 indutam
905 2005 1043 2033 ostrinam.
1105 2007 1157 2032 Co·
1221 2008 1276 2033 vid.
1296 2013 1314 2034 F
1324 2013 1346 2033 Α
1357 2012 1376 2032 C
1386 2014 1408 2032 v
1419 2013 1441 2032 N
1451 2012 1470 2032 D
1480 2012 1501 2031 v
1511 2012 1534 2031 s.
1642 2002 1744 2029 Grauia
1772 2003 1833 2028 Stat.
1847 2002 1940 2029 Theb.
1954 2013 1976 2035 5,
1990 2012 2042 2038 199.
2141 2005 2293 2033 Honestum

83 2048 157 2075 iores
171 2046 266 2074 ostrini
292 2046 413 2080 Propert.
428 2053 452 2079 3,
465 2054 495 2075 ii,
509 2051 535 2079 7.
607 2043 703 2069 Torus
723 2042 799 2069 Idem
814 2052 833 2076 i,
849 2052 869 2074 ¹3
888 2043 955 2076 (M)
976 2050 1021 2068 20.
1096 2042 1157 2068 Tu·
1173 2050 1205 2077 50
1221 2043 1307 2068 otium
1321 2048 1347 2068 et
1359 2040 1527 2067 moderatum
1538 2060 1546 2072 ,
1565 2039 1695 2074 opponitur
1712 2038 1827 2063 Inertiae
1840 2043 1867 2063 et
1880 2037 2001 2065 desidiae.
2099 2040 2156 2067 Cic.
2172 2041 2204 2067 de
2220 2042 2293 2069 Clar.

83 2084 145 2112 nica
167 2083 241 2110 Idem
256 2089 281 2114 2,
296 2090 338 2116 29,
353 2083 393 2107 26.
1223 2080 1298 2103 Orat.
1317 2082 1331 2105 8
1364 2077 1439 2102 Aetas
1454 2075 1542 2101 nostra
1557 2072 1697 2109 perfuneta
1713 2072 1792 2099 rebus
1809 2073 1971 2107 ampliffimis
1994 2081 2117 2109 tanquam
2137 2076 2165 2102 in
2182 2086 2293 2111 portum

125 2125 168 2146 os
179 2124 201 2145 T
212 2118 358 2150 ΕιᾸβο,
377 2115 439 2141 i‘nis.
477 2113 497 2139 f.
534 2113 634 2145 Herba,
654 2113 685 2137 cle
699 2120 747 2145 qua
766 2111 846 2147 Apul.
867 2121 890 2138 c.
903 2117 939 2142 28.
1222 2112 1367 2147 confugere
1382 2111 1499 2145 deberet,
1521 2120 1576 2137 non
1590 2108 1716 2141 inertiae,
1735 2117 1822 2144 neque
1839 2108 1962 2142 desidiae,
1982 2110 2025 2137 sed
2042 2111 2093 2138 otii
2110 2113 2242 2140 moderati
2256 2119 2294 2140 at-

125 2159 228 2182 OSTR
239 2159 249 2179 1
259 2158 277 2179 c
288 2149 308 2178 ὁ
320 2158 366 2179 Lo
377 2157 414 2184 R,
446 2150 513 2176 oris.
588 2148 679 2175 Sidon.
694 2148 784 2174 Carin.
804 2157 835 2181 5,
855 2154 879 2178 18
918 2147 1069 2175 Ostrieolor
1088 2146 1161 2183 pepli
1222 2158 1274 2181 que
1288 2148 1400 2175 honesti.
1473 2149 1572 2182 Ignaua
1604 2144 1686 2173 Ouid.
1701 2145 1789 2172 Trist.
1805 2155 1822 2177 i,
1835 2154 1859 2178 7,
1871 2148 1911 2172 26.
1985 2147 2061 2181 Virg.
2077 2148 2175 2183 Georg.
2190 2160 2203 2182 4
2222 2157 2291 2176 extr.

0 2192 3 2216 i
85 2197 182 2220 textus.
612 2186 614 2190 '
1223 2184 1274 2212 Illo
1285 2184 1434 2219 Virgilium
1447 2192 1490 2210 ine
1502 2188 1623 2217 tempore
1639 2181 1724 2208 dulcis
1738 2180 1823 2207 alebat
1879 2181 2044 2218 Parthenope
2054 2204 2062 2215 ,
2080 2183 2174 2211 studiis
2193 2186 2293 2213 floren-

0 2222 8 2228 ’
126 2231 204 2254 osT
215 2232 235 2252 R
246 2221 259 2251 f
267 2229 284 2250 F
295 2229 312 2250 E
323 2229 360 2256 R,
383 2223 445 2255 era,
461 2221 549 2247 grum.
581 2219 641 2246 Adi.
679 2218 843 2254 [δςςοφᾶροξ]
879 2220 956 2256 Qod
966 2218 1055 2255 ostrum
1066 2219 1159 2253 produ·
1177 2228 1206 2255 55
1223 2226 1277 2247 tem
1291 2220 1422 2254 Ignobilis
1436 2217 1485 2246 oti.
1503 2226 1550 2254 pro
1564 2218 1632 2245 Otii.
1670 2217 1688 2243 i.
1709 2217 1784 2243 ‚2121th
1799 2217 1925 2251 Poeticae,
1946 2227 2021 2253 quam
2035 2220 2110 2245 otium
2126 2222 2235 2255 ignobile
2248 2229 2293 2257 ap-

0 2264 11 2289 i'
88 2264 134 2290 cit.
185 2261 262 2295 Virg.
279 2260 378 2293 Georg.
397 2267 405 2283 1
414 2278 422 2290 ,
443 2265 492 2288 207
526 2257 625 2283 Pontus
639 2260 665 2282 et
679 2255 798 2283 ostriferi
810 2255 898 2282 fauces
913 2261 1050 2282 tentantur
1063 2253 1160 2287 Abydi.
1220 2256 1333 2292 pellauit,
1347 2266 1376 2282 ne
1389 2255 1452 2290 quid
1464 2254 1531 2290 dese
1541 2255 1676 2280 videretur
1687 2260 1840 2287 arrogamer
1853 2255 1944 2280 dicere.
1982 2256 2048 2280 Haec
2061 2255 2178 2283 Seruius.
2215 2259 2293 2286 igno-

8 2303 10 2305 '
88 2297 212 2327 Gerastus
227 2294 336 2322 ostrifer
363 2293 453 2319 Valer.
468 2293 570 2327 Argon.
587 2301 606 2325 i,
619 2294 675 2324 456.
1225 2292 1280 2319 bile
1298 2299 1381 2327 nempe
1395 2291 1450 2324 hic,
1471 2298 1501 2316 vt
1520 2291 1588 2316 alias
1608 2295 1692 2316 mutas
1711 2295 1794 2321 artes,
1814 2288 1878 2314 dicit
1896 2299 1950 2315 cum
1969 2290 2092 2317 relatione
2111 2295 2146 2319 ad
2164 2286 2294 2325 Romhms,

125 2341 146 2362 0
155 2339 168 2360 s
178 2337 201 2359 Τ
210 2337 229 2358 R
239 2336 258 2357 o
267 2329 316 2359 G&
327 2336 349 2356 T
360 2335 381 2355 H
393 2335 420 2362 1,
442 2331 531 2355 orum.
565 2337 600 2355 m.
634 2327 681 2356 Pl.
720 2325 895 2363 [bepoyfflm]
933 2327 1061 2353 Dicuntur
1075 2326 1159 2360 Gothi,
1224 2329 1293 2363 apud
1309 2337 1367 2362 quos
1381 2327 1499 2353 nobilitas
1513 2332 1612 2352 tantum
1626 2335 1642 2350 a
1657 2334 1684 2350 re
1697 2325 1810 2350 militari
1824 2331 1850 2349 et
1864 2324 1895 2350 ab
1908 2327 2055 2360 eloquentia.
2130 2329 2200 2354 Hinc
2213 2329 2295 2356 Possti.

58 2374 66 2381 2
89 2370 134 2406 μὶ
147 2368 272 2395 Orientem
284 2365 373 2401 „yssym
388 2365 512 2405 habitam.
587 2363 679 2391 Claud.
694 2363 724 2390 111
737 2364 848 2399 Eutrop.
863 2372 898 2404 -2,
917 2372 955 2396 ¹53
986 2362 1159 2403 Ostrogothis
1223 2373 1262 2390 ees
1276 2365 1326 2389 tale
1341 2363 1375 2399 ‘st
1388 2363 1493 2397 elogium
1507 2364 1576 2397 apud
1594 2360 1675 2388 Ouid.
1689 2360 1776 2400 Tri—st.
1791 2369 1819 2394 4,
1835 2370 1872 2392 ιο,
1888 2370 1919 2401 21Δ
1950 2362 2030 2396 Saepe
2051 2368 2124 2397 pater
2139 2364 2222 2399 dixit,
2242 2365 2295 2391 stu-

93 2405 210 2437 eolitur,
227 2401 363 2437 mistisque
376 2401 514 2428 Britannis
549 2399 636 2432 Phryx
649 2408 721 2434 ager.
757 2400 824 2434 conf.
845 2399 936 2426 Sidon.
950 2398 1030 2435 Epist.
1045 2405 1070 2432 8,
1083 2407 1107 2433 9.
1137 2405 1160 2425 et
1174 2402 1210 2428 60
1224 2399 1300 2426 dium
1314 2399 1380 2433 quid
1395 2399 1490 2426 inutile
1504 2398 1606 2425 tentas?
1642 2396 1799 2424 Maeonides
1812 2396 1897 2423 nullas
1912 2398 1967 2432 ipse
1981 2398 2094 2434 reliquit
2106 2409 2178 2434 opes.
2253 2402 2296 2428 Ιη.

97 2441 184 2468 Carm.
195 2447 218 2474 2,
230 2447 280 2471 377.
1223 2445 1276 2470 ers,
1297 2436 1353 2464 vid.
1367 2436 1392 2462 h.
1405 2444 1431 2461 v.
1506 2432 1693 2462 Inertiffimum
1709 2438 1734 2459 et
1748 2431 1974 2468 defidiofissimum
2001 2434 2058 2462 Cic.
2073 2435 2104 2461 de
2116 2436 2188 2471 Lege
2202 2437 2297 2467 Aerar.

134 2480 241 2508 o.sTR
251 2481 270 2501 Y
281 2480 302 2502 A
312 2494 320 2507 ‚
340 2483 379 2501 ae.
415 2472 460 2498 vel
480 2478 500 2498 o
511 2477 584 2498 STR
596 2478 616 2498 Y
627 2478 657 2503 s,
680 2480 736 2504 yos.
773 2471 794 2498 f.
833 2470 938 2504 Arbor,
959 2479 1027 2505 quae
1042 2470 1160 2498 solitaria
1224 2482 1247 2504 2,
1261 2481 1306 2505 90.
1379 2470 1516 2506 Languida
1546 2469 1638 2496 Claud.
1651 2468 1684 2495 de
1696 2469 1771 2503 Rapt.
1786 2469 1904 2503 Proserp.
1920 2478 1974 2504 235.
2048 2471 2200 2499 Liberriina
2225 2465 2296 2499 Hor.

95 2511 203 2543 nascitur
214 2510 282 2537 circa
295 2511 352 2537 saxa
366 2509 474 2544 aquosa,
495 2507 585 2534 finiilis
600 2508 720 2543 fraxino,
739 2507 838 2534 cortice
852 2513 878 2534 et
892 2507 982 2540 ramis,
1004 2507 1075 2534 folio
1090 2507 1160 2542 pyri,
1223 2508 1302 2542 Epist.
1316 2517 1341 2540 i,
1355 2517 1378 2541 7,
1396 2510 1433 2540 36.
1544 2507 1664 2532 Literato
1686 2505 1744 2532 otio
1765 2505 1830 2540 quid
1851 2505 1971 2533 dulcius3
2001 2506 2181 2537 Ciefruscui.
2201 2518 2223 2542 5,
2244 2517 2296 2539 105.

92 2547 180 2584 paullo
192 2552 280 2574 tamen
295 2544 461 2572 craffioribus
476 2544 701 2578 longioribusque
722 2553 751 2570 ae
768 2543 868 2578 rugosis
882 2543 1026 2579 incisuris,
1048 2543 1160 2570 materia
1223 2543 1343 2571 Marcida
1359 2544 1424 2570 luxu
1456 2542 1549 2570 Claud.
1563 2542 1642 2568 Cons.
1657 2542 1730 2568 Hoii.
1744 2551 1766 2574 3,
1780 2550 1814 2573 4¹-
1913 2539 2086 2577 Peregrinum
2119 2544 2210 2572 Tacit.
2225 2545 2296 2572 Ann.

93 2583 158 2611 dui-a
171 2589 248 2618 atque
262 2582 353 2609 firma:
373 2590 425 2616 qua
440 2581 470 2607 in
484 2580 595 2607 domum
613 2580 686 2607 illata
705 2579 826 2607 difficiles
845 2579 1030 2615 partusffieri,
1049 2583 1160 2607 mortes·
1174 2584 1206 2616 63
1225 2589 1263 2614 14,
1278 2590 1313 2613 53.
1386 2580 1521 2607 Set-retum
1546 2578 1619 2606 Idem
1633 2577 1700 2605 ibid.
1717 2580 1754 2611 16,
1767 2586 1801 2608 25.
1876 2578 1974 2605 Secura
2005 2579 2082 2614 Virg.
2095 2580 2193 2614 Georg.
2209 2591 2228 2616 ς,
2242 2583 2297 2614 376.

91 2629 142 2656 que
154 2619 260 2647 miseras
273 2624 395 2645 veterum
410 2616 562 2652 superstitio
575 2616 736 2644 existimauit
761 2616 829 2644 Plin.
843 2625 876 2651 13,
890 2625 925 2643 21.
1223 2617 1309 2651 Segne
1335 2616 1417 2643 Ouid.
1432 2624 1463 2642 ex
1480 2617 1565 2642 Ponto
1582 2625 1600 2650 i,
1615 2621 1639 2649 ς,
1654 2624 1692 2647 44.
1785 2613 1897 2641 Sordida
1910 2615 1982 2649 otia,
2019 2618 2038 2641 i.
2061 2617 2183 2641 Carentia
2195 2618 2257 2643 luxu
2270 2623 2296 2643 et

128 2663 148 2684 O
157 2662 170 2682 S
181 2662 204 2683 Τ
215 2661 271 2681 VM
281 2672 290 2686 ,
310 2655 364 2681 vid.
383 2660 404 2680 H
415 2660 435 2680 O
444 2660 457 2680 s
466 2660 487 2680 T
496 2658 516 2678 V
526 2659 561 2680 Μ.
1217 2652 1362 2689 splendore.
1418 2652 1535 2679 Martial.
1552 2661 1570 2683 1,
1583 2653 1611 2680 ς6
1629 2652 1659 2676 de
1669 2657 1725 2676 voto
1739 2650 1893 2685 vitae-suae.-
1914 2650 2080 2685 Sordidaque
2095 2651 2122 2677 in
2136 2653 2225 2686 paruis
2239 2653 2296 2680 otia

128 2698 151 2719 0
162 2697 206 2718 sv
218 2697 249 2724 s,
268 2690 326 2717 vid.·
344 2697 364 2718 0
374 2697 392 2716 D
404 2697 432 2725 ι,
452 2689 542 2716 odisti.
749 2722 750 2725 Ἴ
1225 2687 1304 2716 rebus
1317 2694 1395 2716 amat.
1467 2688 1535 2715 Plin.
1551 2686 1630 2722 Epist.
1644 2695 1668 2720 1,
1686 2695 1714 2712 22
1729 2686 1874 2721 subfinem,
1906 2687 2101 2714 Laurentinum
2117 2697 2223 2722 meum,
2242 2688 2298 2716 hoe

88 2745 93 2750 .
127 2733 173 2755 os
188 2733 208 2753 v
218 2733 236 2753 vs
248 2744 257 2757 ‚
280 2733 326 2762 pro
343 2726 411 2761 Vsus.
448 2726 528 2752 Mart.
543 2724 644 2760 Capell.
658 2733 671 2751 2
691 2734 715 2760 p.
730 2729 770 2755 28.
812 2725 869 2751 Vid.
884 2725 942 2752 Not.
957 2723 1050 2752 Grotii.
1224 2725 1270 2756 est,
1292 2724 1398 2752 libellos
1413 2729 1439 2751 et
1452 2724 1605 2759 pugillares,
1626 2721 1833 2757 studiosumque
1849 2723 1936 2750 otium
1950 2729 2079 2758 repetam.
2171 2724 2296 2752 Subiturn

76 2777 84 2784 ι
130 2769 152 2791 0
164 2769 178 2791 s
190 2769 210 2790 Y
222 2769 249 2789 M
259 2769 282 2790 A
293 2768 316 2789 N
326 2768 404 2789 DVA
416 2767 430 2788 s
441 2782 450 2794 ,
476 2770 515 2789 ae.
551 2771 588 2788 m.
625 2763 678 2787 Rex
696 2760 810 2796 Aegypti
829 2758 1019 2796 antiqm'ffimus.
1056 2760 1160 2788 Diodor.
1173 2770 1209 2799 70
1224 2770 1257 2788 ex
1271 2761 1358 2789 nimio
1371 2761 1463 2788 labore
1491 2760 1559 2787 Cels.
1575 2770 1592 2793 i,
1607 2767 1628 2792 3.
1701 2757 1868 2792 Tranquilla
1892 2760 1987 2786 Lucan.
2000 2768 2025 2792 2,
2039 2761 2095 2786 266.
2238 2758 2259 2797 q
2281 2771 2294 2794 3

92 2799 169 2828 Sicut.
184 2809 204 2833 1,
217 2807 259 2832 49.
1230 2798 1326 2824 Verba:
1363 2797 1531 2831 Abrumpere
1550 2797 1637 2823 otium
1670 2793 1736 2821 Plin.
1749 2793 1826 2829 Epist.
1840 2802 1866 2829 7,
1885 2804 1904 2826 3.
1977 2794 2122 2823 Abundans
2135 2797 2194 2824 otio
2206 2805 2232 2824 et
2246 2798 2295 2824 stu.

130 2841 151 2863 o
165 2841 179 2863 s
192 2843 211 2862 Υ
221 2841 240 2862 R
250 2842 260 2861 1
271 2841 301 2867 S,
320 2833 353 2861 is.
380 2833 400 2860 f.
428 2830 545 2867 [ἔσυρες]
584 2832 680 2860 Herba.
717 2831 785 2859 Plin.
798 2841 838 2866 27,
851 2840 874 2859 12
888 2832 943 2864 ίῖ33
969 2831 1061 2865 Osyris
1074 2840 1162 2862 rainu·
1226 2833 1282 2867 din,
1300 2835 1355 2861 vid.
1377 2840 1400 2861 Λ
1411 2840 1487 2861 BVN
1497 2839 1514 2859 D
1526 2839 1557 2860 o.
1630 2829 1774 2858 Abundare
1790 2830 1849 2857 otio
1874 2831 1930 2857 Cic.
1945 2830 1976 2857 de
1990 2832 2066 2859 Orat.
2080 2842 2086 2858 i
2104 2842 2125 2860 c.
2143 2835 2166 2861 6.
2242 2833 2294 2860 Ab.

79 2871 133 2900 ‘los
148 2871 201 2899 fert
217 2870 317 2905 nigros,
338 2876 440 2902 tenues,
459 2869 555 2902 lentos,
576 2875 621 2894 etc.
1227 2870 1278 2903 vti,
1299 2870 1354 2896 vid.
1373 2877 1393 2896 Α
1403 2876 1419 2896 Β
1429 2876 1450 2895 v
1460 2876 1545 2896 TOR.
1618 2867 1721 2894 Afferre
1734 2866 1832 2898 otium,
1852 2867 1906 2892 vid.
1926 2873 1948 2892 A
1961 2873 1978 2893 F
1989 2874 2096 2896 FERo.
2170 2869 2295 2896 Afferunt

133 2913 153 2936 Ο
164 2914 177 2935 S
187 2914 206 2935 Υ
219 2914 238 2934 R
249 2913 260 2933 1
271 2913 293 2933 Τ
303 2913 320 2934 Ε
332 2912 344 2932 S
353 2926 362 2939 ,
386 2905 479 2932 Herba.
522 2905 578 2934 Vid.
600 2910 621 2931 Ο
633 2909 647 2931 s
658 2911 669 2930 1
679 2909 700 2930 R
709 2911 720 2931 1
730 2909 753 2931 T
764 2909 781 2930 E
793 2908 819 2931 S.
1226 2906 1312 2932 otium
1327 2912 1352 2933 et
1366 2906 1483 2933 solitudo
1504 2906 1660 2939 languorem
1674 2902 1832 2929 hominibus
1864 2902 1920 2929 Cic.
1936 2901 2014 2931 Offic.
2030 2913 2058 2936 3,
2079 2914 2096 2930 i.
2167 2905 2240 2932 Idem
2261 2905 2295 2931 de·

359 2977 362 2978 .
1168 2942 1208 2978 ¹75
1226 2943 1302 2968 Orat.
1323 2952 1350 2975 3,
1369 2950 1398 2975 54
1436 2942 1567 2969 Homines
1590 2940 1649 2966 otio
1675 2938 1763 2964 nimio
1786 2944 1812 2964 et
1830 2937 1946 2973 ingeniis
1972 2940 2118 2967 vberriniis
2140 2941 2292 2967 Affluentes.

345 2980 375 3012 Ο
425 2980 460 3012 T
510 2979 539 3011 A
613 2987 642 3010 et
714 2978 745 3010 O
793 2978 829 3010 Τ
878 2978 913 3011 H
1223 2980 1310 3013 Agere
1328 2978 1426 3011 otium,
1446 2978 1500 3006 vid,
1523 2982 1606 3004 AGO.
1680 2974 1744 3001 Otia
1757 2982 1852 3009 corpus
1862 2975 1944 3002 Alunt
1965 2975 2090 3003 Ouid.ex
2103 2977 2175 3003 Pont.
2190 2985 2239 3010 i‚5‚
2254 2984 2293 3003 21.

108 3038 110 3040 ,
1225 3015 1322 3042 Amare
1342 3014 1397 3041 otia
1429 3014 1505 3047 Virg.
1520 3013 1571 3039 Ecl.
1590 3021 1616 3044 ς,
1637 3012 1673 3037 61.
1783 3010 1953 3045 Aniplexari,
1974 3015 2030 3039 vid.
2054 3019 2075 3039 Α
2087 3019 2110 3037 Μ
2123 3018 2138 3038 Ρ
2150 3018 2166 3038 i.
2178 3019 2193 3038 ιε
2205 3019 2292 3040 xoR.

5 3071 7 3077 .
132 3057 152 3080 ο
162 3057 212 3078 ΤΑ
225 3057 243 3079 C
255 3057 298 3078 vs
307 3057 330 3078 T
343 3056 364 3077 A
373 3071 381 3085 ‚
409 3059 450 3077 ae.
486 3059 523 3077 xri.
567 3048 729 3085 Ενηξθὲινίω,
749 3047 915 3086 auscultator,
934 3050 1035 3077 auribus
1053 3050 1163 3076 aliorum
1226 3051 1367 3077 Collocare
1381 3050 1406 3076 se
1421 3049 1449 3076 in
1465 3050 1562 3081 otium,
1584 3048 1638 3073 vid.
1660 3052 1677 3073 C
1688 3053 1708 3074 O
1717 3053 1733 3073 L
1743 3052 1759 3072 L
1768 3053 1788 3074 O
1797 3051 1814 3073 C
1823 3053 1853 3073 O.
1951 3048 2105 3075 Concedere
2121 3047 2178 3074 otio
2192 3048 2291 3082 sapien-

3 3084 13 3139 }
86 3087 210 3124 {uniones
227 3094 337 3122 captans.
411 3086 489 3122 Apul.
509 3085 540 3112 de
560 3085 666 3112 Mundo
686 3095 711 3120 p.
728 3088 778 3119 69,
798 3094 823 3118 23
857 3087 931 3113 Inter
949 3086 1075 3122 ‚ministros
1095 3086 1162 3121 regis
1225 3086 1290 3113 tiam
1304 3085 1445 3112 beatorum
1473 3085 1530 3113 Cic.
1544 3085 1576 3111 de
1589 3083 1664 3111 Orat.
1678 3091 1701 3115 2,
1717 3090 1773 3115 144.
1847 3083 2043 3111 Concelebrare
2056 3092 2103 3117 per
2117 3083 2202 3109 otium
2219 3083 2292 3110 recia

4 3144 9 3157 ,
96 3123 226 3158 Persarum
241 3124 326 3150 Aures
344 3122 433 3157 regiae
453 3128 479 3149 et
497 3122 669 3157 imperatoris
687 3122 760 3148 oculi
773 3120 882 3156 quidam
897 3121 1020 3149 homines
1033 3122 1162 3149 vocaban-
1175 3128 1207 3154 80
1225 3128 1303 3155 atque
1317 3122 1424 3148 honesta
1438 3120 1523 3148 studia
1548 3121 1620 3147 Idem
1636 3118 1667 3145 de
1682 3120 1788 3146 Inuent.
1801 3127 1821 3152 1,
1834 3129 1856 3151 4.
1953 3118 2088 3145 Conferre
2103 3120 2126 3144 se
2139 3127 2152 3144 a
2171 3119 2248 3145 turba
2261 3120 2292 3147 in

3 3159 17 3183 l<
97 3163 141 3197 1111·
160 3164 205 3179 ·—‘-
224 3168 284 3186 eum
305 3159 396 3186 omnia
408 3158 562 3194 vbiquaque
576 3163 750 3193 gererentur,
769 3158 815 3185 ille
829 3158 1016 3187 Otacustarum
1032 3158 1162 3185 relatione
1225 3158 1312 3186 otium
1326 3163 1352 3184 et
1363 3157 1535 3184 solitudinem
1563 3157 1618 3183 Cic.
1633 3154 1665 3181 de
1679 3155 1755 3182 Orat.
1770 3164 1793 3187 9,
1811 3163 1859 3187 ¹43·
1932 3153 2005 3180 Idem
2020 3153 2087 3182 ibid.
2101 3165 2125 3185 14
2151 3154 2295 3182 Diuturni-

0 3185 10 3213 *l
100 3191 220 3220 discebat.
1225 3201 1262 3220 tas
1278 3194 1346 3228 pacis
1360 3193 1447 3220 otium
1462 3191 1653 3220 confirmauit.
1759 3190 1907 3225 Congelare
1921 3190 1989 3222 oti0,
2009 3191 2064 3217 vid.
2086 3197 2103 3217 C
2114 3197 2134 3217 ο
2145 3198 2167 3217 N
2176 3197 2196 3216 (ἲ
2208 3198 2223 3217 Γ,
2233 3198 2250 3218 1.
2261 3199 2292 3219 0.

6 3240 9 3246 ·
141 3234 268 3263 OTHO,
287 3230 355 3259 buis.
390 3240 427 3258 m.
464 3233 601 3262 Coenomen
615 3231 758 3257 Romanum.
796 3229 826 3256 L.
840 3229 948 3256 Roscius
963 3229 1037 3257 Otho
1052 3230 1167 3256 tribunus
1226 3229 1378 3264 Compleffl
1390 3230 1478 3256 otium
1500 3229 1557 3256 Cic.
1572 3229 1602 3256 ad
1619 3227 1698 3255 Attic.
1720 3248 1726 3254 .
1745 3247 1751 3254 .
1788 3226 1931 3253 Confidcre
1948 3225 1976 3251 in
1990 3226 2057 3259 otio,
2078 3227 2132 3254 vid.
2154 3233 2199 3254 CO
2211 3234 2233 3254 N
2246 3234 2293 3255 81.

4 3258 8 3283 l
94 3264 187 3305 plebis,
207 3264 270 3304 Iegis
284 3267 418 3293 theatralis
429 3261 523 3294 ιιιιὸἶᾰν.
580 3267 650 3293 Hor.
664 3265 748 3301 Epod.
762 3275 790 3299 4,
805 3273 829 3298 15
856 3265 1041 3301 Sedilibusque
1054 3275 1163 3300 magnus
1228 3273 1246 3292 Ι)
1258 3273 1274 3292 Ε
1285 3273 1315 3293 0.
1387 3266 1527 3293 Consolari
1551 3264 1685 3299 Qiinffil.
1701 3273 1722 3296 2,
1736 3272 1766 3289 i2.
1838 3261 1988 3288 consumsit
2001 3262 2087 3289 otium
2101 3263 2176 3290 suum
2189 3263 2217 3290 in
2232 3265 2294 3291 seri.

63 3332 66 3333 V
98 3310 129 3327 111
144 3307 331 3339 primiseques
342 3302 451 3329 Othone
464 3309 599 3330 contemto
612 3302 692 3329 sedes.
766 3301 884 3329 quenal.
899 3311 920 3336 3,
934 3311 974 3332 ¹59
1002 3303 1041 3329 Sic
1054 3301 1161 3328 libitum
1181 3307 1209 3336 85
1226 3301 1311 3328 bcnda
1327 3301 1437 3329 historia
1452 3301 1579 3334 Phylislus
1592 3299 1737 3334 Syracusius
1768 3297 1824 3324 Cic.
1840 3297 1872 3323 de
1888 3298 1963 3324 Orat.
1978 3306 2003 3331 2,
2016 3306 2054 3331 57.
2144 3300 2175 3326 In
2189 3300 2292 3334 angulis

97 3344 180 3367 vano,
201 3342 248 3375 qui
261 3344 309 3361 nos
323 3336 457 3373 distinxit,
472 3339 587 3366 Othoni.
641 3339 700 3365 Liu.
716 3338 784 3373 Epir.
798 3346 847 3371 119.
891 3338 983 3365 Tacit.
999 3340 1065 3365 Anu.
1080 3347 1112 3369 ις,
1127 3346 1162 3370 32.
1224 3338 1405 3366 Consumendi
1421 3338 1471 3366 otii
1487 3339 1561 3365 causa
1577 3338 1702 3364 differunt
1729 3334 1801 3362 Idem
1817 3333 1880 3360 ibid.
1896 3342 1903 3359 1
1924 3342 1944 3359 c.
1959 3341 1990 3365 13.
2089 3335 2121 3360 Et
2139 3335 2171 3362 de
2184 3336 2293 3364 Amicit.
2315 3350 2321 3354 -

98 3372 137 3400 M.
146 3371 249 3398 Saluius
264 3369 348 3403 Otho,
362 3371 491 3407 interfello
506 3375 586 3402 Galba
597 3374 691 3408 inuasit
702 3375 841 3410 impu-iiim.
883 3374 968 3401 Vitam
981 3373 1162 3410 eiurscripsere
1226 3383 1273 3408 ¹04
1305 3374 1380 3408 Qiid
1397 3384 1446 3410 ego
1468 3373 1500 3401 de
1519 3374 1610 3400 studiis
1630 3372 1714 3399 dicam
1735 3369 1909 3405 cognoscendi
1929 3368 2031 3404 semper
2051 3370 2168 3406 aliquid,
2189 3377 2233 3398 aut
2252 3372 2292 3399 di-

97 3408 168 3436 Suet-
184 3415 207 3433 εἰ
221 3407 353 3433 Plutarch.
1225 3411 1330 3443 scendi,
1351 3411 1381 3437 111
1401 3411 1498 3445 quibus
1515 3411 1613 3437 remoti
1635 3407 1668 3434 ab
1687 3406 1772 3433 oculis
1793 3405 1885 3440 populi
1908 3413 1988 3431 omne
2008 3405 2111 3439 otium,
2132 3414 2291 3443 tempusque

136 3449 157 3471 Ο
167 3450 189 3470 Τ
199 3449 220 3470 Η
230 3449 249 3469 O
259 3449 281 3468 N
293 3449 302 3468 ¹
313 3443 331 3469 Ᾰ
341 3449 364 3482 N
374 3448 434 3475 VS,
460 3451 493 3475 a,
517 3453 571 3471 um.
608 3447 667 3474 Adi.
712 3445 862 3474 Othoniani
883 3445 961 3473 duces
986 3445 1077 3473 Tacit.
1092 3445 1160 3471 Hist.
1225 3446 1431 3474 Contriuimusz
1472 3449 1545 3473 Vetus
1557 3447 1632 3472 codex
1645 3443 1717 3478 legit,
1738 3443 1825 3469 Omne
1838 3441 1955 3467 otiosum
1968 3447 2070 3475 tempus
2085 3442 2291 3472 Contriuimus?

97 3488 123 3515 2¹
135 3489 172 3512 24.
247 3477 417 3517 Othonianae
431 3485 516 3512 partes
544 3480 646 3509 Ibidem
670 3492 692 3509 c.
706 3492 738 3515 33.
1176 3491 1210 3516 90
1225 3484 1392 3510 Conuertere
1407 3483 1431 3510 se
1445 3482 1476 3509 ad
1491 3483 1588 3515 otium,
1608 3481 1662 3506 vid.
1685 3485 1702 3505 C
1715 3485 1733 3505 o
1746 3485 1769 3504 Ν
1782 3484 1802 3504 ν
1814 3483 1829 3502 F
1840 3483 1856 3502 R
1868 3481 1927 3503 ΤΟ.
2019 3477 2156 3506 Deducere
2172 3488 2228 3506 reni
2242 3477 2290 3506 ali-

44 3523 52 3528 *
137 3521 157 3542 ο
170 3521 192 3556 ’.Γ
203 3520 224 3541 H
236 3520 255 3541 ο
267 3521 332 3547 NE,
357 3523 393 3554 es.
430 3512 450 3540 f.
487 3514 579 3542 Herba
591 3517 618 3543 in
634 3519 706 3550 Syria
723 3518 854 3551 nascitur,
874 3518 965 3545 similis
979 3526 1082 3550 erucae,
1103 3526 1160 3551 per·
1225 3528 1304 3554 quam
1317 3519 1348 3546 ad
1364 3519 1449 3546 otium
1460 3541 1468 3553 ‚
1488 3520 1542 3545 vid.
1567 3524 1609 3544 [11-
1621 3523 1640 3543 D
1650 3522 1697 3542 vc
1707 3522 1736 3541 O.
1798 3513 1923 3553 ‘Demere
1938 3513 1994 3540 otia
2006 3514 2086 3540 alicui
2113 3516 2175 3542 Stat.
2189 3516 2253 3544 S'slu.
2270 3524 2289 3547 i,

51 3559 71 3587 ᾗ
99 3551 194 3592 foratis
209 3549 306 3577 crebro
319 3550 406 3582 foliis,
427 3549 493 3577 flore
506 3551 588 3588 croci,
607 3561 688 3588 quare
702 3554 810 3590 quidam
825 3555 983 3582 Anemonen
998 3560 1162 3581 vocauerunt
1224 3564 1256 3586 2,
1271 3562 1321 3584 15³2.
1403 3555 1558 3581 Diffluentes
1572 3553 1631 3580 otio
1647 3550 1742 3578 Graeci
1772 3549 1828 3575 Cic.
1844 3548 1875 3575 de
1888 3550 1964 3577 Orat.
1978 3559 2000 3583 3,
2016 3559 2056 3583 ¹29
2075 3560 2097 3579 c.
2112 3559 2145 3583 32.
2218 3552 2288 3578 Dare

98 3587 166 3615 Plin.
181 3595 218 3619 27,
233 3595 268 3613 12.
287 3587 341 3628 ual.
365 3584 502 3626 Othonne.
1224 3592 1311 3618 otium
1327 3591 1407 3617 alicui
1425 3591 1464 3617 rei
1497 3591 1587 3617 Tacit.
1603 3591 1670 3614 Ann.
1687 3590 1721 3618 16,
1736 3594 1773 3615 25.
1890 3585 1991 3612 Dabam
2004 3586 2037 3612 iis
2053 3587 2156 3618 otium,
2174 3593 2219 3622 vt,
2239 3594 2286 3614 etc.

105 3650 117 3664 ⁶,
136 3629 156 3650 0
166 3629 187 3649 T
197 3629 246 3649 HR
257 3629 304 3649 YA
316 3628 335 3649 D
349 3629 364 3649 Ε
375 3629 404 3655 s,
430 3630 462 3648 is.
499 3630 536 3648 m.
572 3622 744 3660 [ἠθρυάδης]
783 3627 916 3662 Spartiata
926 3627 995 3660 fieit,
1014 3626 1067 3660 qm‘,
1088 3634 1161 3660 quum
1224 3627 1358 3661 Quinetil.
1372 3627 1480 3661 Tryph.
1590 3625 1659 3651 Dare
1672 3622 1800 3656 insperata
1814 3620 1870 3647 otia
1902 3622 1995 3649 Claud.
2010 3621 2042 3648 dc
2055 3622 2120 3650 Bell.
2136 3622 2222 3649 (ἵε-111.
2236 3625 2286 3649 261.

100 3665 170 3684 mter
187 3659 298 3694 Argiuos
318 3666 341 3683 et
360 3658 503 3694 Spartiatas
523 3659 684 3694 conuenssbt,
708 3668 738 3687 vt
759 3663 868 3688 tresenti
885 3662 1006 3697 vtrinqus
1024 3661 1113 3687 ilelefli
1131 3663 1162 3687 de
1176 3671 1207 3697 95
1225 3664 1328 3690 Dantur
1342 3663 1424 3690 libera
1438 3663 1493 3689 otia
1526 3660 1608 3687 Ouid.
1621 3660 1652 3685 de
1667 3659 1729 3684 Arte
1744 3658 1802 3683 Am.
1816 3665 1837 3689 2,
1852 3666 1906 3691 729·
1999 3659 2101 3685 Ducere
2118 3659 2173 3685 otia
2188 3658 2286 3693 segnia,

101 3702 163 3734 agro
179 3694 286 3727 Tyreate
299 3695 367 3721 inter
375 3694 404 3730 se
419 3695 595 3734 decernerent,
614 3700 639 3720 et
657 3699 713 3721 vti-i
729 3697 869 3734 superiores
891 3698 1054 3734 exstinffinr,
1079 3706 1161 3722 eorum
1224 3702 1308 3735 Agere
1320 3699 1400 3725 vitam
1414 3698 1508 3731 segnem
1523 3705 1545 3722 et
1559 3695 1657 3731 otiosam
1684 3693 1756 3720 Idem
1771 3702 1802 3719 ex
1818 3693 1892 3720 Pont.
1908 3702 1927 3725 ι,
1943 3701 1965 3727 5¹,
1979 3704 2016 3726 44.
2089 3695 2217 3721 Exercere
2230 3694 2285 3721 otia

102 3737 169 3769 regio
177 3730 262 3764 foret:
278 3739 344 3771 funus
365 3731 405 3756 hic
425 3736 523 3755 tantum
538 3730 641 3770 vn‘lorf
654 3731 788 3764 Spartiatis
796 3734 934 3770 fizpmfuit.
1009 3735 1092 3768 {Qum
1104 3735 1160 3765 duo,
1223 3736 1300 3762 molli
1316 3743 1378 3761 cura
1406 3728 1450 3761 Sil.
1467 3743 1500 3763 N,
1510 3740 1571 3767 707.
1647 3729 1769 3756 Eximere
1783 3729 1869 3756 otium
1884 3729 1964 3756 alicui
1989 3730 2057 3756 Hor.
2073 3730 2161 3756 Cum.
2177 3734 2284 3764 .y‚i5,18.

101 3771 145 3798 qut
166 3773 196 3789 ex
214 3766 321 3800 Argiuis
339 3767 433 3800 reliqui
453 3772 542 3798 erant,
563 3764 704 3800 fiaggffent‚
729 3769 815 3803 castris
826 3769 928 3805 suorum
948 3770 1059 3803 rdh‘lis,
1086 3769 1160 3795 aiunt
1224 3772 1326 3798 quere
1346 3771 1434 3797 otium
1465 3768 1555 3796 Tacit.
1570 3768 1635 3793 Ann.
1651 3774 1687 3798 ii,
1708 3774 1748 3792 2ο.
1847 3765 1970 3792 Exultare
1990 3767 2048 3792 otio
2081 3765 2177 3793 (Tatull.
2193 3774 2231 3795 41),
2247 3772 2285 3796 ¹4·

103 3799 269 3840 Othryadem,
283 3801 399 3836 [Ρθῖῐαῑῐῑ
408 3802 481 3836 prius
495 3800 595 3836 hostium
614 3802 760 3835 carporibus,
779 3811 802 3830 et
813 3807 849 3831 ad
858 3805 907 3842 sua
920 3806 1001 3841 castra
1017 3805 1105 3830 relatis
1117 3815 1161 3830 ar.
1223 3808 1300 3837 Virz.
1315 3807 1402 3836 Eclosz.
1418 3814 1436 3837 i,
1451 3815 1463 3835 ς
1491 3805 1515 3829 O
1530 3802 1681 3834 Meliboee,
1700 3800 1763 3828 deus
1777 3800 1856 3827 n‘obis
1870 3801 1933 3828 bace
1949 3803 2004 3829 otia
2018 3802 2098 3828 Fecit.
2190 3801 2283 3825 Facere

101 3843 163 3860 11ης.-
185 3836 274 3876 demde
292 3837 320 3862 in
334 3837 459 3873 sanguine
467 3837 528 3872 suo,
552 3841 648 3869 v1C1,
667 3837 817 3872 conscripto,
836 3850 910 3875 quum
924 3843 1026 3877 puderet
1042 3842 1159 3874 Spartam
1168 3851 1215 3869 100
1224 3837 1440 3869 consuetudinem
1455 3839 1505 3866 otii
1525 3838 1656 3871 Qvinffll.
1672 3848 1691 3871 1,
1705 3847 1724 3870 3.
1798 3837 1863 3863 Frui
1878 3839 1934 3863 otio
1956 3838 2011 3865 Cic.
2021 3837 2088 3864 Fani.
2103 3846 2124 3871 ς,
2140 3844 2184 3873 τι..
2244 3832 2283 3859 Id.

101 3877 195 3896 ’ται-νη
208 3871 234 3896 ob
241 3870 318 3905 [πίω
331 3872 544 3912 ἱηιεζῇέῖπ,]ῐ4ι”
557 3878 658 3898 mortem
672 3872 816 3908 consciussi.
852 3878 986 3908 Anam-es,
1008 3876 1095 3905 Valer.
1105 3886 1125 3908 3,
1140 3886 1161 3903 2.
1223 3878 1289 3905 ibid.
1306 3888 1342 3910 io,
1356 3883 1386 3906 28
1399 3884 1463 3902 extr.
1493 3875 1568 3901 Plura
1582 3873 1707 3907 scribam,
1725 3873 1741 3899 si
1755 3873 1812 3907 plus
1827 3874 1877 3900 otii
1892 3873 2027 3900 Habucro.
2100 3871 2138 3898 Ab
2152 3871 2239 3907 Mutua
2252 3877 2283 3895 re

100 3905 271 3946 Plutarchus,
296 3914 320 3948 ef
340 3908 422 3936 Ouid.
442 3908 471 3934 in
489 3908 554 3936 Fast.
575 3916 605 3941 2,
625 3908 673 3937 665
706 3907 764 3935 Nec
783 3909 852 3937 soret
867 3912 1016 3945 Othryades
1032 3912 1160 3947 congestis
1224 3914 1347 3945 Habere,
1365 3912 1420 3939 vise.
1447 3917 1467 3937 Α
1488 3911 1530 3935 vel
1552 3917 1570 3936 Λ
1583 3916 1599 3937 Β
1622 3910 1823 3944 Praepofiiirnec.
1915 3910 1971 3936 Cic.
1986 3909 2064 3935 Acad.
2080 3920 2102 3937 ,1.
2116 3908 2132 3931 6
2158 3906 2226 3935 qus
2241 3913 2281 3930 ΓΕ·

101 3940 187 3967 tectus
201 3950 229 3967 ln
244 3950 335 3976 armis,
353 3944 463 3984 etffqur.
484 3945 550 3979 conf.
567 3943 657 3971 Barth.
668 3945 704 3969 ad
715 3944 913 3984 Stai.Theb.4‚
924 3955 966 3983 48,
1101 3945 1121 3986 Ἴ
1144 3958 1160 3975 2
1224 3949 1368 3986 prehendet
1382 3948 1468 3974 otium
1483 3945 1618 3977 nostrum,
1638 3946 1685 3980 qni
1699 3946 1725 3971 in
1738 3954 1770 3971 (⁸0
1784 3953 1838 3971 non
1852 3945 1934 3971 modo
1946 3943 2118 3979 nosmetipsi-is
2133 3939 2282 3966 Hebestcl'e

100 3976 214 4004 Pfflshsss
228 3976 375 4020 Othryades
401 3981 478 4015 virg·
491 3982 556 4007 Aen·
572 3989 595 4011 ²,
610 3989 659 4012 3¹9-
1224 3992 1250 4012 er
1264 3985 1387 4020 languere
1398 3983 1532 4015 nolumus,
1546 3981 1588 4008 sed
1602 3982 1691 4017 etiarn,
1706 3987 1735 4007 vt
1749 3981 1872 4015 plurimis
1886 3981 2025 4016 protimus,
2039 3976 2184 4014 eniti-mur?
2236 3976 2282 4015 *ln-

138 4019 158 4040 0
170 4019 193 4041 Τ
204 4019 225 4040 H
236 4019 254 4039 R
268 4018 287 4039 Y
298 4020 327 4047 S,
350 4025 363 4048 y
374 4024 414 4042 0⁵-
451 4025 489 4044 m·
524 4015 645 4051 [ὀθενς]
683 4016 756 4042 Mons
772 4015 917 4052 Uistiliae,
929 4018 1000 4055 sedes
1012 4021 1071 4047 olim
1086 4019 1158 4056 Lupi.
1173 4029 1216 4054 105
1225 4021 1304 4049 ficere
1317 4020 1435 4047 animum
1449 4018 1524 4050 otio,
1544 4019 1597 4046 vid.
1619 4025 1629 4045 1
1641 4024 1663 4045 N
1675 4023 1691 4044 F
1702 4025 1710 4043 ι
1721 4023 1737 4043 c
1747 4024 1756 4043 ι
1766 4024 1796 4043 0.
1880 4016 2059 4044 intermittere
2072 4017 2174 4044 otium,
2196 4012 2282 4036 onum

260 4049 346 4077 VOL.
383 4052 444 4079 ΠΙ.
1024 4081 1034 4092 s
1381 4054 1409 4081 M
1423 4064 1449 4082 m
1473 4063 1500 4081 m
1515 4063 1542 4081 m
2185 4047 2281 4071 abrum-
