2517 4231
229 114 280 156 9¹
653 94 879 138 LIM

227 190 352 225 Lignaria
370 188 433 215 lima
455 187 576 214 Sci-ibon.
596 194 644 220 141.
686 186 837 221 Metaphora
853 182 964 219 conjucta
996 178 1196 220 Qiinffil5f10,
1213 183 1248 210 4,
1267 183 1286 210 4

229 227 303 260 Opus
324 224 405 259 poliat
426 223 489 249 lima
509 232 565 250 non
583 227 698 255 exterat,
723 222 766 246 vbi
781 220 882 245 nimium
902 217 1046 245 emendandi
1053 215 1164 251 studium
1175 215 1286 239 damnat.

229 262 310 287 Plane
316 259 436 291 stbniliter
448 258 582 293 discipulus
597 257 668 283 Fabii
674 276 682 290 ,
704 255 854 283 Persectum
866 262 932 289 opus
946 252 1147 291 absolutumque
1159 249 1211 282 est,
1231 256 1286 288 non

228 293 380 330 splendescit
394 294 472 326 lima,
497 294 539 320 sed
558 293 682 319 atteritur
702 292 767 317 Pliu.
785 291 830 325 Ep.
852 298 881 322 ς,
899 296 931 328 ιι..
1002 288 1102 313 Vltima
1120 286 1182 312 lima
1202 284 1286 323 defuit

226 330 292 357 meis
306 329 408 364 scriptis
435 329 517 356 Ouid.
533 327 645 360 Tritis,
659 327 683 359 6,
699 335 738 358 30.
813 323 965 357 Plin.Ep1st.
974 330 994 356 1,
1008 331 1024 349 2
1045 324 1131 349 Immo
1142 329 1196 356 quo
1204 327 1287 359 magis

227 364 362 391 intendam
376 364 467 391 limam
481 370 568 397 tuam,
588 361 719 389 confiteor
730 367 755 387 et
769 361 853 395 ipsum
865 368 924 392 me,
942 365 969 385 et
981 357 1180 385 contubernales
1193 355 1225 380 ab
1235 354 1288 381 edi-

228 400 302 427 tione
313 409 368 427 non
381 400 534 426 abhorrere.
572 400 596 425 h.
610 408 630 423 e.
656 399 686 423 Vt
698 406 783 422 acuam
795 402 819 420 et
831 394 933 420 excitem
946 401 1015 420 tuum
1029 395 1145 420 iudicium
1165 401 1193 416 ac
1212 399 1288 415 emen.

226 436 350 462 dationem
363 436 390 461 in
403 437 466 461 hunc
479 435 570 460 librum
584 442 652 467 quem
664 433 699 458 ad
711 439 733 457 te
747 430 808 462 mist.
847 430 937 456 Limae
951 431 1008 465 plus
1020 430 1048 456 in
1063 429 1115 455 illis
1129 425 1243 467 estVell.
1256 433 1288 458 2,

226 480 254 505 9,
268 480 289 505 3.
346 470 461 498 Martial.
475 478 499 504 ς,
511 476 537 500 81
563 471 649 501 Qiem
663 466 780 493 censoria
795 475 853 492 cum
865 474 927 491 meo
941 466 1038 492 Seuero
1060 463 1143 502 Dofu
1154 463 1217 488 lima
1231 469 1288 487 mo-

227 507 360 534 morderit
372 505 492 532 Secundi.
565 505 629 531 Plin.
646 501 725 536 Epist.
738 510 763 535 1,
778 507 792 531 8
828 501 942 528 Memini
962 501 1071 535 quidem
1092 506 1116 524 te
1138 506 1189 523 lam
1211 505 1288 536 quae-

227 542 287 570 dam
300 542 413 574 notasse,
433 541 476 567 sed
496 539 660 576 generaliter.
704 537 768 564 Ideo
786 546 854 563 nunc
878 546 962 570 rogo,
989 541 1017 560 vt
1038 543 1091 560 non
1108 539 1209 559 tantum
1229 540 1287 572 vnl-

226 578 342 605 vei-litati
361 577 494 609 attendas,
518 578 611 601 verum
624 573 703 599 etiam
716 573 866 608 particulas,
885 581 935 606 qua
955 571 1020 610 soles
1034 571 1096 596 lima
1116 570 1288 611 pet-sequana.

227 613 308 641 Rasus
328 613 396 639 liber
409 613 472 638 lima
493 609 574 637 Ouid.
588 617 620 636 ex
632 610 707 637 Pont.
719 618 747 642 2,
767 618 801 642 4,
821 615 858 642 17.
934 607 980 633 Vti
997 606 1061 632 lima
1079 612 1230 632 mordacius
1248 603 1287 630 Id.

227 658 260 677 ex
274 650 347 676 Pont.
361 656 388 680 1,
403 655 430 680 ς,
449 655 482 679 ¹9·
807 678 813 684 .
854 678 860 683 .
969 678 977 685 .
1011 678 1017 682 Ι
1252 675 1257 680 .

264 689 363 711 LIMO
376 703 385 716 ,
408 687 461 708 are.
500 681 591 716 [ῥινέω]
628 681 705 708 Lima
719 680 830 714 lignaria
843 678 936 705 limare
963 677 1083 705 bcr1bon.
1097 685 1148 710 14¹·
1220 676 1288 715 Plin.

226 726 267 754 18,
280 729 290 746 1
316 722 402 752 Atque
419 726 501 752 quum
520 718 549 744 in
567 717 676 744 arbores
695 721 836 747 exacuant,
860 714 1007 749 limentque
1028 722 1127 740 cornua
1146 712 1287 752 elephanti.

226 757 343 790 Scalpere
355 759 433 788 atque
446 753 538 780 limare
551 762 665 788 gennnas
687 752 813 791 Plin336,
827 759 852 785 7.
928 751 1051 783 Limare,
1074 756 1121 785 per
1141 752 1286 787 transJatio-

226 801 292 822 nem,
311 797 354 824 pro
367 789 501 824 Expoliiv,
517 796 542 814 et
555 787 721 814 redundantia
740 787 927 819 circumcidere,
946 793 976 812 vt
986 786 1024 811 ait
1038 787 1157 811 Budaeut.
1230 783 1287 810 Cic.

227 826 258 853 de
272 827 347 851 Orat.
361 833 386 858 ι,
400 832 436 857 ιῐς
455 834 475 851 c.
489 833 519 857 25
551 824 645 858 Neque
659 822 721 849 haec
735 822 772 848 ita
792 821 868 854 dico,
894 828 922 848 vt
940 830 981 848 ars
1000 821 1101 856 aliquid
1120 820 1213 846 limare
1233 829 1288 846 non

225 861 313 896 poffit:
347 869 433 895 neque
445 861 515 887 enim
531 860 628 894 ignoro
641 865 666 885 et
685 867 751 893 quae
767 857 836 884 bona
851 857 915 890 sint,
941 857 1001 884 fleri
1020 857 1133 883 meliora
1152 856 1221 890 poli'e
1242 855 1288 881 do-

225 897 319 925 ctrina.
377 897 481 923 Ornare
494 904 522 921 ac
537 896 628 922 limare
655 895 711 920 Cic.
726 893 758 920 de
772 894 847 920 Orat.
861 903 883 927 3,
901 899 939 924 88.
1013 893 1084 920 Cura
1103 892 1176 918 tenui
1197 891 1287 918 limari

226 932 309 960 Ouid.
322 940 354 959 ex
369 933 442 959 Pont.
457 941 485 965 4,
499 933 526 963 6,
541 932 580 963 36.
654 930 765 956 Politius
779 929 872 956 limare
883 928 992 964 aliquod
1008 938 1074 963 opus
1089 929 1144 956 Cic.
1158 927 1288 960 Acad.1‚2

224 978 245 995 c.
260 977 279 995 1.
316 968 334 995 i.
354 969 474 994 ornatius
483 967 579 999 facere.
653 966 731 992 Ratio
746 965 819 991 limat
833 965 934 1000 aliquid
956 965 1086 998 Qiinffil.
1102 973 1132 997 2,
1146 973 1172 997 4.
1230 964 1286 990 Cic.

226 1004 281 1032 Off.
289 1013 312 1038 2,
326 1011 353 1037 35
391 1003 448 1029 Alia
461 1002 496 1029 est
510 1001 566 1035 illa,
580 1010 662 1037 quum
677 1001 775 1028 veritas
790 1001 842 1036 ipsa
855 1002 964 1028 limatur
977 1002 1005 1027 in
1021 1001 1212 1035 disputatione,
1231 999 1289 1026 sub-

224 1040 328 1068 tilitas:
366 1038 426 1071 alia,
446 1047 529 1073 quum
543 1038 574 1064 ad
594 1038 751 1073 opinionem
777 1046 945 1064 communem
966 1037 1054 1063 omnis
1072 1035 1289 1063 accommodatur

225 1076 323 1104 oratio.
396 1075 503 1101 Limare
516 1079 593 1109 caput
615 1083 675 1100 cum
692 1074 786 1100 altero.
823 1073 842 1099 ι’.
863 1073 1056 1108 Coniungere,
1081 1072 1165 1107 inquit
1180 1072 1288 1098 Nonius

225 1121 254 1146 4,
268 1120 327 1147 274.
341 1121 370 1137 ex
384 1110 524 1143 mter-ibus,
545 1117 574 1136 vt
588 1110 669 1137 Plaut.
684 1110 764 1137 Poen.
776 1117 797 1143 1,
812 1118 834 1142 2,
848 1114 882 1140 8¹·
920 1110 993 1143 Confi
1013 1109 1119 1135 Tarmia.
1134 1111 1201 1134 Asu.
1211 1116 1252 1140 ις,
1263 1110 1287 1134 6.

225 1149 289 1175 Alia
303 1148 444 1182 metaphora
450 1146 581 1181 stssfmsfissff
596 1146 741 1171 imminuere
751 1152 775 1171 et
788 1152 933 1177 attenuare,
954 1152 982 1171 vt
997 1144 1028 1171 de
1042 1151 1084 1171 tua
1094 1144 1197 1179 prolixa
1211 1143 1287 1170 bene-

225 1183 324 1217 ficaque
337 1188 429 1209 natura
442 1182 546 1209 limauit
558 1180 659 1217 aliquid
675 1181 806 1216 posterior
826 1189 909 1207 annus
923 1181 978 1208 Cic.
992 1181 1063 1207 Fam.
1078 1189 1104 1213 3,
1124 1185 1145 1210 8.
1219 1181 1288 1206 Hor.

227 1219 319 1255 Epista
330 1239 338 1252 ,
351 1226 389 1252 14,
402 1225 433 1252 37
453 1218 517 1244 Non
532 1217 588 1244 istic
601 1217 715 1249 obliquo
726 1217 805 1243 oculo
820 1226 877 1243 mea
890 1216 1030 1244 commoda
1043 1217 1181 1252 quisquam
1192 1216 1288 1243 Limat.

226 1255 245 1283 ἰ.
266 1255 378 1287 Atterit,
399 1260 424 1280 et
438 1252 533 1281 inuido
545 1254 625 1281 oculo
637 1252 745 1279 fascinat
762 1252 892 1287 Porphyr.

262 1298 279 1318 L
290 1297 333 1317 IM
344 1291 422 1317 ᾸΤΨ
431 1296 444 1315 S
458 1310 466 1323 ‚
491 1298 505 1315 a
519 1310 527 1322 ‚
554 1298 608 1316 um.
652 1289 745 1316 Partic.
782 1288 793 1322 [
806 1290 951 1321 ἒρρινησμένας
964 1288 979 1322 ]
1015 1289 1158 1324 metaphora
1168 1288 1288 1324 sollemni,

227 1326 282 1353 Cic.
296 1326 327 1352 de
340 1326 401 1352 Nat.
416 1325 498 1352 Deor.
511 1335 540 1358 2,
558 1333 594 1360 74
628 1325 685 1352 Nec
705 1333 770 1351 vero
788 1323 840 1350 hoc
859 1324 888 1351 in
907 1330 933 1350 te
951 1333 1005 1350 vno
1018 1325 1144 1351 conuenit
1166 1324 1288 1351 moribus

227 1362 393 1395 domesticis,
413 1370 442 1388 ac
454 1361 605 1388 nostrorum
620 1360 761 1388 hominum
780 1360 930 1387 vrbanitate
947 1359 1057 1393 limato,
1082 1360 1125 1386 sed
1145 1368 1188 1387 etc.
1247 1360 1290 1387 Li.

228 1404 314 1426 matus
329 1404 355 1424 et
373 1397 511 1424 emuneius
530 1396 662 1429 Qiinetil.
682 1405 726 1429 12,
744 1404 781 1423 10.
853 1396 956 1423 Tersus
976 1404 1005 1422 ac
1026 1395 1132 1422 limatus
1152 1395 1224 1422 Idem
1245 1404 1290 1429 12,

226 1442 265 1461 lo.
320 1434 377 1460 Cic.
392 1433 424 1459 de
438 1433 512 1460 Orat.
525 1441 545 1464 ι,
560 1437 602 1462 180
624 1441 684 1465 039
711 1433 762 1465 Qu.
776 1432 899 1459 Scaeuola
913 1431 1029 1466 aequalis
1043 1438 1069 1459 et
1082 1431 1191 1465 Collega
1205 1440 1290 1464 meus,

226 1469 310 1496 homo
326 1469 447 1495 omnium
461 1474 486 1494 et
499 1468 634 1502 disciplina
647 1468 714 1494 iuris
726 1468 814 1494 ciuilis
828 1467 1029 1501 eruditissimus,
1050 1474 1075 1494 et
1083 1468 1209 1502 ingenio,
1230 1476 1292 1502 pru-

225 1505 365 1539 dentiaque
390 1503 547 1529 acutissimus
562 1523 571 1536 ‚
601 1509 627 1530 ct
653 1503 777 1529 oratione
803 1504 917 1530 maxime
941 1503 1047 1530 limatus
1072 1509 1150 1538 atque
1178 1503 1291 1530 subtilis.

225 1541 299 1577 Qid
311 1538 368 1574 <fit
383 1539 505 1565 limatum
524 1539 551 1563 in
571 1539 695 1573 oratione,
721 1539 800 1574 magis
815 1539 925 1575 sentias,
941 1538 971 1572 fi
986 1539 1118 1572 confideres
1136 1540 1211 1565 eriam
1228 1541 1293 1565 hunc

225 1577 301 1602 locum
317 1576 372 1602 Cic.
386 1575 470 1602 Bruto
483 1583 511 1608 91
537 1574 667 1600 Videmus
679 1574 745 1601 alios
759 1575 888 1601 Oratores
901 1575 997 1602 inertia
1017 1575 1085 1602 nihil
1099 1575 1236 1609 scripsisse,
1256 1584 1291 1602 ne
1305 1583 1343 1609 40
1357 1578 1478 1605 tempora
1491 1572 1565 1607 longi
1584 1573 1702 1600 Seruitii.
1739 1575 1757 1601 i.
1777 1572 1886 1609 Repellvr
1899 1574 1930 1599 ab
1941 1573 2062 1599 amicitia.

226 1610 384 1638 domesticus
404 1610 483 1636 etiam
502 1610 579 1636 labor
598 1610 731 1637 accederet
753 1610 784 1636 ad
803 1610 956 1637 forensem:
994 1611 1076 1643 alios,
1104 1610 1176 1646 quod
1195 1611 1290 1638 melius

226 1652 318 1682 putent
331 1646 418 1672 dicere
430 1647 454 1672 se
468 1646 553 1679 posl'e,
574 1655 652 1680 quam
668 1646 798 1679 scribere,
819 1646 890 1681 quod
911 1647 1100 1681 peringeniosis
1118 1647 1291 1681 hominibus,

228 1691 313 1717 neque
321 1682 379 1708 satis
392 1681 489 1713 doctis,
508 1682 664 1716 plerumque
677 1682 806 1717 contigit,
825 1688 853 1709 vt
871 1682 917 1718 ipsi
933 1682 1047 1709 Galbae:
1086 1693 1165 1720 quem
1184 1683 1291 1710 fortasse

227 1719 268 1745 vis
283 1727 337 1745 non
352 1717 454 1752 ingenii
474 1718 575 1751 solum,
602 1717 645 1744 sed
666 1718 746 1744 etiam
765 1718 864 1752 animi,
889 1724 915 1745 et
934 1719 1060 1747 naturalis
1081 1719 1190 1754 quidam
1211 1719 1292 1746 dolor

227 1754 357 1781 dicentem
373 1752 543 1787 incendebat,
564 1752 755 1788 efficiebatque,
773 1760 802 1780 vt
816 1760 841 1781 et
854 1754 978 1788 incitata,
1003 1762 1027 1781 et
1040 1756 1144 1790 grauis,
1166 1762 1194 1782 et
1212 1756 1292 1783 vehe-

228 1799 302 1817 mens
315 1790 375 1817 esset
389 1790 494 1816 oratio:
531 1789 609 1822 dein,
622 1799 704 1824 quum
717 1791 818 1816 otiosus
833 1790 922 1816 stilum
936 1790 1128 1825 prehenderat,
1151 1792 1293 1826 motusque

228 1826 317 1853 omnis
329 1825 414 1852 animi
427 1831 552 1860 tanquam
565 1834 658 1852 ventus
673 1825 811 1852 hominem
833 1825 980 1860 defecerat,
1001 1826 1164 1853 flaccescebat
1185 1828 1292 1857 oratio;

228 1862 300 1897 quod
313 1862 357 1892 iis,
370 1861 417 1896 qui
430 1861 546 1887 limatius
562 1861 666 1887 dicendi
680 1861 863 1888 conseftantur
881 1871 980 1896 genus,
999 1861 1118 1889 accidere
1137 1871 1191 1888 non
1211 1863 1293 1896 solet,

228 1904 367 1932 propterea
380 1897 452 1930 quod
467 1897 605 1930 prudentia
623 1905 758 1931 nunquam
778 1897 866 1923 deficit
880 1898 1039 1931 Oratorem,
1066 1906 1116 1932 qua
1136 1898 1182 1925 ille
1201 1906 1293 1931 vtens,

227 1933 322 1959 eodem
344 1932 426 1958 modo
446 1931 520 1964 poffit
538 1937 563 1957 et
583 1931 686 1963 dicere,
712 1938 738 1957 et
757 1932 888 1963 scribere,
914 1933 996 1959 ardor
1015 1934 1099 1959 animi
1117 1943 1172 1960 non
1192 1934 1293 1968 semper
1311 1939 1343 1965 50

226 1968 309 1995 adest:
348 1967 423 2002 isque
438 1975 519 2001 quum
533 1965 666 1998 consedit,
693 1965 781 1991 omnis
800 1966 845 1990 illa
861 1966 902 1990 vis
920 1972 946 1991 et
965 1968 1033 1999 quasi
1051 1969 1156 1999 flamma
1169 1969 1294 1994 Oratoris

226 2003 400 2038 extinguitur.
457 2001 531 2028 Idem
551 2002 578 2027 in
599 2001 674 2028 Orat.
694 2009 725 2026 20
757 2000 830 2027 Tria
850 2001 908 2027 sunt
928 2000 1042 2026 omnino
1055 2009 1151 2034 genera
1173 2001 1294 2032 dicendi,

222 2040 325 2074 ,quibus
345 2039 372 2065 in
392 2037 498 2073 singulis
518 2036 625 2072 quidam
644 2037 802 2063 floruerunt.
861 2036 932 2062 Nam
953 2042 978 2062 et
997 2035 1169 2071 grandiloqui
1191 2039 1238 2067 (vt
1257 2035 1295 2062 ita

228 2076 335 2110 dicam)
368 2074 478 2100 fuerunt
496 2082 556 2099 cum
574 2073 658 2107 ampla
678 2079 703 2099 et
723 2072 912 2099 sententiarum
932 2073 1077 2107 grauitate,
1110 2077 1136 2098 ct
1160 2071 1294 2098 maiestate

227 2111 392 2141 verborum,
418 2108 604 2140 vehementes,
623 2108 710 2140 varii,
736 2108 852 2141 copiosi,
873 2117 982 2141 graues,
1008 2107 1040 2134 ad
1059 2107 1255 2143 permouendos
1269 2112 1294 2133 et
1312 2115 1325 2141 ς

229 2145 424 2174 conuertendos
442 2143 546 2170 animos
565 2142 687 2169 instructi
707 2148 732 2168 et
753 2143 846 2176 parati.
907 2143 939 2169 Et
957 2150 1066 2176 contra,
1091 2150 1197 2177 tenues,
1223 2143 1294 2169 acuti

230 2183 321 2210 omnia
336 2181 475 2213 docentes,
494 2185 520 2205 et
533 2177 693 2205 dilucidiora
705 2186 760 2204 non
774 2178 904 2213 ampliora
918 2177 1057 2211 facientes,
1077 2179 1168 2206 subtili
1182 2178 1296 2214 quadam

230 2224 256 2245 et
269 2218 348 2253 pressa
362 2216 485 2243 oratione
499 2214 593 2241 limati.
645 2213 718 2241 Idem
740 2213 772 2240 de
790 2214 865 2240 Orat.
879 2223 906 2246 3,
927 2220 958 2243 28
986 2214 1050 2240 Ecce
1075 2216 1220 2248 praesentes
1241 2214 1295 2240 duo

230 2263 315 2289 prope
330 2251 449 2287 aequales
464 2250 593 2285 Sulpicius
611 2256 637 2277 et
652 2250 739 2277 Cotta.
776 2249 840 2285 quid
854 2255 906 2276 tam
921 2249 990 2276 inter
1010 2250 1035 2276 se
1055 2249 1192 2276 dissimiIe?
1229 2248 1294 2285 quid

231 2297 283 2317 tam
298 2298 326 2316 in
338 2289 384 2315 suo
397 2296 493 2323 genere
506 2286 653 2321 praestans?
689 2286 808 2312 Limatus
826 2285 892 2312 alter
910 2291 935 2311 et
949 2285 1067 2319 subtilis,
1093 2295 1149 2312 rem
1164 2286 1295 2320 explicans
1309 2285 1345 2311 60
1358 2282 1484 2316 cinerum,
1509 2282 1568 2307 hinc
1589 2283 1677 2309 Limes
1695 2286 1769 2310 etiam
1788 2286 1920 2311 terminum
1936 2285 2074 2321 fignificat.

230 2325 349 2360 propriis
363 2323 482 2359 aptisque
495 2322 602 2354 verbis,
623 2321 713 2348 haeret
725 2322 753 2347 in
767 2322 839 2347 causa
853 2322 969 2356 semper:
1006 2327 1031 2348 et
1050 2321 1115 2356 quid
1136 2321 1221 2348 ludici
1236 2330 1296 2356 pro-

231 2360 347 2389 bandum
360 2359 407 2393 sit,
427 2367 510 2393 quum
524 2358 665 2384 acutissime
677 2357 763 2390 vidit,
782 2357 878 2384 omiffis
892 2357 1000 2384 caeteris
1013 2358 1175 2391 argumentis
1185 2378 1193 2390 ,
1218 2358 1246 2383 in
1263 2365 1295 2383 co

232 2402 348 2424 mentem
371 2395 574 2428 orationemque
599 2392 698 2428 defigit.
762 2393 887 2428 Sulpitius
906 2399 993 2420 autem
1014 2391 1156 2419 fortiffimo
1179 2392 1296 2427 quodam

232 2433 316 2459 animi
330 2432 446 2466 impetu,
473 2430 613 2466 plcniffima
631 2435 656 2456 et
668 2429 782 2456 maxima
795 2438 877 2462 voce,
897 2430 996 2456 summa
1015 2429 1186 2455 contentione
1202 2437 1297 2463 corpo-

232 2469 286 2501 ris,
306 2474 333 2494 et
345 2467 472 2501 dignitate
486 2473 589 2499 motus,
609 2465 754 2492 verborum
768 2474 875 2500 quoque
888 2474 917 2491 ea
929 2465 1058 2500 grauitate
1071 2471 1096 2491 et
1111 2465 1187 2498 copia
1199 2464 1250 2497 cst,
1267 2470 1296 2490 vt
1313 2463 1345 2495 65
1362 2459 1443 2487 Ouid.
1458 2460 1537 2496 Epist.
1553 2468 1594 2495 ιε,
1607 2469 1655 2494 133.

233 2513 299 2531 vnus
313 2503 344 2532 ad
359 2501 499 2529 dicendum
512 2501 722 2528 instrufflffimus
734 2509 748 2528 a
761 2508 853 2528 natura
872 2502 921 2527 else
939 2500 1070 2528 videatur.
1126 2500 1243 2527 Martial.
1262 2507 1296 2534 7,

234 2548 266 2573 50
289 2541 349 2567 Iure
362 2538 485 2571 madens,
506 2537 636 2573 varioque
650 2544 727 2572 togae
741 2537 846 2564 limatus
860 2537 889 2563 in
904 2537 966 2570 vsu,
983 2538 1001 2564 i.
1012 2537 1122 2572 politus,
1137 2544 1161 2562 et
1169 2535 1295 2572 subm‘lus,

234 2583 264 2601 vt
283 2576 378 2610 Optime
396 2573 482 2600 calleat
501 2574 596 2606 omnia,
617 2583 680 2608 quae
699 2580 781 2608 togato
798 2573 856 2599 viro
874 2573 1030 2599 conueniunt.
1103 2573 1252 2605 Limatior,
1279 2572 1298 2598 i.

234 2611 349 2638 Politior
361 2616 386 2637 et
399 2609 564 2637 emendatior
585 2611 680 2636 Acron.
693 2610 727 2635 ad
739 2609 807 2636 Hor.
820 2609 901 2635 Serm.
916 2617 942 2642 1,
955 2618 999 2642 10,
1017 2611 1049 2641 65
1074 2624 1120 2629 —-
1145 2608 1228 2634 fuerit
1247 2608 1307 2634 Lu-¹

1306 502 1335 521 10
1353 497 1447 523 Limen
1461 497 1600 530 superum,
1625 498 1795 535 inferumque
1816 500 1902 532 salue,
1922 499 2096 526 simulantem
2113 499 2178 525 vale.

1308 680 1333 705 13
1353 674 1509 708 Prosperum
1529 676 1591 702 Stat.
1605 676 1668 703 Silu.
1683 685 1710 709 4,
1725 685 1747 709 3,
1761 684 1802 710 97.

1306 859 1605 881 zoCVMVOLITO.

1306 1041 1337 1067 25
1354 1032 1448 1059 Theb.
1469 1041 1512 1066 12,
1532 1041 1566 1066 ις.

1306 1222 1337 1246 30
1355 1219 1445 1239 tenere
1469 1213 1562 1240 limina
1595 1215 1673 1249 Virg.
1694 1215 1759 1241 Aen.
1777 1224 1808 1247 3,
1833 1220 1888 1247 803.

1313 1403 1339 1429 35·
1356 1402 1483 1425 carceres,
1504 1395 1572 1418 vnde
1585 1393 1666 1428 cursus
1680 1394 1789 1421 inituim.

1309 1760 1387 1788 453²
1402 1760 1419 1779 ¹·

1769 86 1981 131 LIM

1347 178 1394 212 lit,
1419 186 1449 206 vt
1467 177 1498 215 ‘st
1516 179 1583 214 apud
1601 177 1736 206 Donatum
1755 181 1780 206 et
1797 179 1911 206 Festum.

1348 213 1430 246 limen
1449 215 1566 247 exirem,
1594 214 1627 240 ad
1647 223 1732 249 genua
1750 214 1854 241 accidit.
1911 214 2020 248 Limen,
2047 217 2124 241 etiam
2143 216 2294 250 Superiorem
2310 223 2410 250 partem

1350 248 1547 285 qfliifigrnificat.
1622 251 1714 277 quen.
1728 251 1817 284 Sat.6,
1837 258 1888 284 227
1915 250 2055 277 Pendentia
2076 252 2155 286 liquit
2171 251 2235 277 Vela
2255 251 2365 283 domus,
2383 258 2411 277 ct

1350 282 1434 309 adhuc
1446 282 1545 312 virides
1560 286 1587 312 in
1602 286 1695 312 limine
1708 292 1805 320 ramos,
1825 283 1844 312 i.
1852 285 1924 320 serta
1939 293 1962 311 ct
1972 295 2073 320 ,coronas
2088 287 2147 313 inde
2154 286 2292 322 ſsispensas.
2343 286 2411 312 Cato

2358 99 2409 140 92

1983 180 2052 207 Ter.
2071 179 2136 207 Hac.
2155 189 2181 213 3,
2203 188 2231 212 3,
2249 185 2275 211 18
2306 180 2362 208 Iam
2381 183 2410 206 vt
2430 178 2435 179 ⁷

1314 325 1328 350 5
1350 325 1484 352 virumque
1508 322 1689 357 complefflitm·‚
1720 331 1792 356 quum
1813 330 1896 355 inquit
1917 331 1938 347 c.
1957 329 1986 354 14
2012 320 2102 356 Tigna
2121 331 2229 354 omma,
2254 330 2320 355 quae
2345 330 2411 356 opus

1351 352 1426 385 sunt,
1448 353 1555 390 limina,
1577 357 1677 392 postes,
1702 364 1746 383 etc.
1821 358 1916 384 Limen
1934 358 2057 391 superum
2078 363 2103 383 ct
2115 359 2232 384 inferum
2256 358 2324 384 dixit
2343 357 2412 384 Nae-

1351 389 1409 415 vius
1424 395 1463 423 ap.
1477 389 1550 418 Non.
1562 402 1596 426 4,
1616 399 1664 427 278
1695 392 1787 419 Exime
1800 392 1881 419 limen
1895 393 2028 427 superum,
2052 392 2124 426 quod
2142 394 2210 420 mihi
2224 394 2321 420 misero
2339 394 2412 427 saepe

1351 424 1484 459 confregit
1502 433 1593 459 caput:
1632 429 1750 455 inferum
1771 437 1895 463 quoque,
1926 429 1973 455 vbi
1990 437 2041 462 ego
2060 429 2163 455 omneis
2183 430 2285 463 dest-egi
2304 429 2411 463 digitos.

1352 461 1436 487 Limen
1444 460 1560 495 superum
1575 463 1730 499 inferumque
1744 465 1894 499 difie.‹'e11tes
1902 464 2058 499 salutabunt.
2114 464 2195 490 Plaut.
2209 466 2291 491 Merc.
2313 472 2341 497 ς,
2356 473 2381 495 1,
2403 472 2412 489 1

2251 500 2413 527 Adstrictum

1352 532 1443 564 limen,
1466 532 1579 566 Clausum
1597 532 1679 560 Ouid.
1693 537 1783 562 Amor.
1798 545 1820 568 3,
1836 545 1856 569 1,
1870 543 1910 568 50.
1985 536 2113 561 Auratum
2128 536 2302 562 Senec.l-lerc.
2312 537 2372 563 Oet.
2387 543 2409 568 ³¹·

1352 567 1477 594 Crudelia
1490 568 1565 602 Virg.
1579 568 1643 594 Aen.
1657 577 1686 601 3,
1706 572 1759 597 616.
1834 572 1927 598 Dulcia
1948 570 1987 597 Id.
2008 571 2106 605 Georg.
2128 579 2159 604 2,
2184 579 2225 604 54.
2299 571 2414 598 Incusto-

1353 601 1407 628 dita
1421 610 1446 629 et
1459 612 1548 638 aperta
1557 625 1564 636 ,
1587 605 1640 630 vid.
1663 611 1703 630 ΙΝ
1714 610 1731 630 c
1742 606 1782 631 vs
1791 614 1813 633 ‘r
1823 614 1841 634 o
1852 614 1870 633 D
1881 613 1919 633 ιτ
1928 613 1948 632 v
1958 613 1980 633 S.
2055 607 2132 632 Laeta
2152 607 2228 641 Virg.
2242 607 2306 633 Aen.
2325 616 2346 640 1,
2363 615 2413 641 7¹1·

1353 638 1535 666 Marmoreum
1550 640 1631 667 limen
1652 640 1808 675 HorAEpist.
1822 649 1884 676 1,18‚
1898 651 1938 677 73.
1995 641 2158 668 Perfraeium
2177 643 2264 669 Senec.
2273 643 2378 669 Troad.
2386 650 2413 677 7.

1875 678 2007 713 Religiosa
2020 677 2132 704 deorum
2152 678 2229 713 Virg.
2243 679 2343 711 Aen'2,
2357 679 2414 710 366.

1353 710 1496 736 Reuulsum
1513 712 1608 738 tellure
1635 712 1715 738 Ouid.
1731 712 1795 738 Met.
1810 720 1852 745 12,
1871 719 1919 742 281.
1991 713 2089 748 Rigido
2109 714 2226 740 crudeles
2245 723 2304 740 cum
2321 714 2415 740 limine

1352 745 1437 781 postes
1463 746 1545 773 Ouid.
1561 748 1652 775 Amor.
1667 757 1692 781 1,
1712 750 1744 780 6,
1763 755 1802 782 73.
1877 748 1990 782 Superba
2004 750 2103 776 ciuium
2118 751 2301 784 potentiorum
2321 750 2415 776 limina

1353 782 1421 821 Hor.
1438 780 1520 815 Epod.
1533 791 1564 815 2,
1579 789 1601 812 8.
1677 784 1791 811 Tritum
1813 783 1899 810 Catul.
1915 785 1964 816 66,
1981 793 2018 818 71.
2093 785 2175 812 Adire
2194 785 2286 811 limina
2305 786 2416 812 alicuius

1353 818 1429 852 Virg.
1446 820 1511 844 Aen.
1525 820 1558 850 6,
1578 826 1623 852 113.
1698 820 1925 846 Circumuolitare
1937 821 2117 853 potentiorum
2131 821 2239 854 limina,
2265 821 2320 848 vid.
2337 827 2416 847 CIR-

1677 855 1851 889 Compcscere
1871 855 1957 882 ferrea
1977 854 2070 881 limina
2088 857 2191 885 Lucan.
2205 865 2232 890 1,
2253 858 2295 884 62.
2368 858 2429 884 lix-⁴

1353 888 1473 915 turbatus
1494 889 1588 915 limine
1607 892 1700 926 templi
1728 892 1773 918 Sil.
1793 900 1829 925 11,
1850 900 1902 924 103.
1939 913 1941 917 ,
1977 890 2092 917 insistere
2109 892 2189 919 limen
2215 893 2291 927 Virg.
2305 892 2369 919 Aen.
2384 895 2418 925 6,

1351 927 1407 958 563.
1450 925 1503 951 vid.
1530 931 1713 954 1N818'1·0.
1799 927 1929 962 irrumpit
1954 926 2084 953 interiora
2103 926 2195 954 domus
2215 929 2309 955 limina
2340 929 2417 963 Virg-

1353 961 1419 988 Aen.
1432 969 1467 994 4,
1488 963 1547 994 643.
1569 982 1573 986 .
1623 963 1774 998 Perrumpit
1788 963 1853 990 dura
1872 963 1966 990 limina
1988 962 2098 996 bipenni
2125 963 2201 997 Vix-g.
2219 966 2283 991 Aen.
2305 973 2336 1000 2,
2360 970 2418 996 480.

1356 997 1458 1024 Pulsare
1473 997 1567 1023 limina
1593 997 1675 1024 Ouid.
1689 998 1783 1025 Amor.
1796 1006 1827 1030 2,
1840 1007 1879 1031 19,
1892 1007 1932 1032 39.
2008 997 2137 1025 scandere
2151 997 2243 1025 limina
2255 1001 2335 1027 turris
2356 1000 2419 1026 Stat.

1641 1033 1736 1061 Sedere
1754 1034 1783 1060 in
1806 1034 1900 1061 limine
1924 1035 2001 1069 Virg.
2021 1034 2085 1060 Aen.
2106 1043 2142 1068 4,
2161 1043 2216 1067 4723.
2289 1035 2420 1063 Transire

1354 1068 1435 1095 limen
1448 1069 1548 1095 cautius
1557 1069 1813 1104 Ouid.Amor.1,12,
1823 1077 1844 1103 ς.
1884 1070 2158 1105 Limen,prolngreffis
2165 1069 2421 1106 aliquandoponitur,

1353 1106 1408 1131 vid.
1425 1105 1604 1140 Nou.4,278.
1620 1106 1695 1141 Virg.
1710 1107 1774 1132 Aen.
1786 1115 1811 1140 2,
1824 1114 1871 1140 453
1888 1106 1982 1132 Limen
1991 1111 2057 1137 erat,
2074 1114 2215 1141 caecaeque
2222 1106 2306 1140 sores,
2327 1112 2352 1133 et
2364 1115 2421 1140 per-

1354 1141 1413 1168 vius
1426 1142 1494 1167 vsus.
1532 1144 1602 1168 Add.
1616 1142 1684 1168 Plin.
1699 1142 1782 1169 Praef.
1797 1151 1819 1175 3.
1875 1141 1994 1168 Carceris
2009 1140 2106 1168 ostium
2119 1141 2254 1177 limenque
2272 1143 2328 1169 Cic.
2337 1143 2421 1170 Ture.

1354 1185 1384 1210 ς,
1406 1185 1439 1210 13.
1514 1177 1639 1204 Cubiculi
1660 1178 1743 1205 limen
1775 1179 1832 1205 Cic.
1852 1187 1901 1213 pro
1921 1178 2026 1204 Cluent.
2046 1184 2078 1209 ις.
2160 1177 2300 1205 Portarum
2323 1178 2422 1205 obseffa

1971 1213 2084 1245 Limen,
2115 1214 2224 1240 Interior
2242 1220 2304 1249 pars
2328 1215 2420 1242 domus.

1354 1249 1431 1284 Virg.
1445 1249 1542 1283 Georg.
1561 1257 1595 1282 2,
1615 1258 1667 1283 504
1692 1265 1738 1271 ——
1762 1256 1900 1286 penetrant
1917 1251 1988 1277 aulas
2007 1255 2033 1276 et
2051 1249 2144 1275 limina
2161 1258 2264 1284 regum.
2306 1250 2351 1276 Vbi
2365 1250 2422 1277 Ser-

1354 1285 1429 1318 vius,
1451 1284 1613 1311 Profitentur
1625 1286 1787 1313 satellitium.
1846 1287 1952 1314 Limina
1971 1292 2059 1312 autem
2079 1285 2116 1311 ait
2137 1285 2295 1312 interiorem
2308 1285 2422 1312 familia·

1354 1322 1469 1348 ritatem..
1543 1321 1638 1347 Limen
1648 1342 1657 1355 ,
1676 1322 1751 1348 Locus
1766 1323 1792 1347 in
1805 1322 1956 1358 quostatur,
1981 1323 2042 1348 vid..
2057 1321 2129 1347 Non.
2144 1330 2165 1347 c.
2179 1321 2196 1347 l.
2219 1321 2293 1356 Virg.
2312 1321 2377 1348 Aen.
2392 1328 2422 1355 5,

1355 1360 1396 1389 316
1420 1358 1555 1391 signoque
1568 1364 1677 1392 repente
1689 1358 1849 1392 Corripiunt
1860 1359 1940 1392 spatia
1954 1358 2060 1384 audito:
2097 1357 2233 1392 limenque
2250 1358 2423 1392 relinquunt,

1863 1394 1903 1420 Ad
1917 1394 2009 1420 limina
2022 1394 2128 1425 seruus,
2145 1400 2190 1428 pro
2203 1393 2335 1426 Aniensi,
2355 1394 2424 1428 apud

1355 1428 1498 1462 Apuleium
1518 1427 1550 1454 de
1568 1428 1648 1455 Asino
1667 1437 1692 1456 2.
1747 1431 1779 1455 Iit
1791 1431 1860 1465 apud
1871 1429 1968 1464 Virgil.
1987 1432 2051 1456 Aen.
2065 1438 2100 1462 9,
2118 1432 2168 1460 648
2188 1443 2235 1448 ——
2260 1428 2378 1463 fidusque
2390 1426 2424 1454 ad

1356 1463 1449 1489 limina
1465 1464 1558 1490 custos.
1594 1465 1613 1491 i.
1632 1465 1776 1499 Aedituus,
1804 1466 1842 1492 ait
1856 1465 1979 1499 Seruius,
2009 1475 2034 1491 v.
2055 1471 2114 1492 AD.
2132 1464 2260 1491 Budaeus.
2310 1464 2424 1498 Limen,

1357 1508 1413 1534 pro.
1428 1499 1570 1533 Amicitia,
1596 1500 1659 1527 teste
1677 1501 1789 1535 Seruio,
1815 1509 1950 1535 enarrante
1970 1501 2032 1527 illud
2042 1503 2072 1526 de
2096 1502 2196 1534 Turno,
2235 1502 2298 1528 Aen.
2317 1507 2352 1535 7,
2371 1507 2424 1534 579

1358 1536 1398 1562 De
1411 1535 1505 1562 limine
1518 1536 1587 1570 pelli.
1664 1538 1756 1564 quen.
1774 1538 1824 1565 Sat.
1839 1546 1869 1571 3,
1889 1545 1936 1571 124
1963 1537 2068 1563 Limine
2086 1536 2265 1569 submoneor,
2286 1535 2425 1571 perierunt

2116 1574 2211 1607 Nempe
2222 1582 2291 1607 quem
2308 1582 2324 1598 a
2336 1571 2425 1597 limina

1356 1607 1476 1643 repellunt
1496 1609 1619 1643 homines,
1651 1609 1717 1635 illum
1736 1611 1840 1636 amicum
1862 1610 1958 1636 nolunt.
2156 1606 2177 1646 q
2199 1616 2214 1634 2
2250 1608 2423 1642 Metaphorice

1357 1643 1458 1669 initium
1478 1651 1501 1670 ct
1518 1645 1669 1680 principiam
1681 1645 1819 1682 fignificat.
1877 1644 1989 1672 Secundi
2008 1645 2081 1670 Anni
2099 1643 2238 1671 liminibus
2265 1643 2353 1678 rapuit
2381 1651 2424 1669 me

1355 1678 1404 1706 fibi
1420 1679 1585 1714 Persephone
1598 1682 1678 1709 Inscr.
1692 1683 1767 1709 Grut.
1781 1691 1806 1717 p.
1815 1684 1874 1716 659,
1886 1689 1912 1717 7.
1985 1682 2016 1708 In
2028 1680 2122 1707 limine
2137 1679 2201 1706 belli
2222 1680 2292 1705 Tac.
2311 1681 2378 1705 Ano.
2393 1687 2424 1712 3,

1357 1722 1401 1749 74.
1459 1716 1519 1742 Leti
1531 1715 1624 1743 limina
1645 1718 1750 1744 Lucret.
1764 1721 1791 1751 6,
1805 1726 1864 1751 1155.
1921 1716 2066 1744 Senediutis
2082 1716 2163 1743 limen
2177 1715 2302 1749 ingressus
2316 1714 2426 1742 Firmic.

1492 1752 1569 1779 Vitae
1589 1753 1672 1780 limen
1699 1754 1718 1780 i.
1740 1754 1877 1780 natiuitas:
1913 1755 1969 1781 vid.
1988 1754 2075 1779 Bmm.
2089 1754 2123 1778 ad
2143 1751 2201 1778 Val.
2224 1751 2306 1777 Flacc.
2325 1761 2345 1784 1,
2368 1756 2423 1782 823.

1358 1786 1459 1814 Markl.
1472 1790 1507 1814 aa*
1519 1788 1581 1815 Stat.
1596 1789 1660 1817 Silu.
1675 1797 1701 1823 2,
1716 1792 1742 1824 6,
1755 1797 1801 1825 70.
1875 1791 2031 1823 Oudendmp.
2045 1789 2080 1814 ad
2093 1786 2190 1814 Lucan.
2202 1795 2228 1819 2,
2246 1788 2302 1813 106.
2359 1787 2380 1812 A
2395 1786 2426 1812 li-

1358 1823 1431 1849 mine
1452 1823 1600 1858 disciplinas
1620 1826 1748 1860 salutare,
1772 1827 1826 1853 vid.
1847 1833 1886 1860 A,
1904 1826 2014 1851 velAB.
2090 1823 2196 1850 Limina
2211 1830 2234 1848 et
2248 1821 2362 1849 Lumina
2381 1821 2426 1862 mg.

1351 1858 1456 1892 scentur
1467 1869 1483 1883 a
1497 1860 1628 1893 librariis,
1653 1863 1709 1888 vid.
1725 1861 1852 1890 Drakenb.
1867 1863 1904 1887 ad
1915 1861 1960 1887 Sil.
1974 1870 2002 1894 1,
2016 1862 2059 1887 66.
2132 1861 2192 1886 Item
2210 1858 2318 1886 Limina
2340 1865 2364 1885 et
2383 1858 2426 1885 Li-

1359 1899 1434 1926 tora,
1454 1893 1550 1920 Limen
1562 1902 1586 1920 et
1599 1896 1705 1930 Limes,
1723 1897 1778 1922 vid.
1791 1898 1859 1922 Idem
1870 1898 1907 1922 ael
1916 1897 1962 1923 Sil.
1975 1906 2003 1929 3,
2017 1904 2044 1928 4.
2057 1903 2081 1922 et
2092 1905 2121 1929 4,
2137 1902 2189 1928 105.

1396 1935 1414 1956 1.
1424 1936 1542 1964 ΙΜΕΝ,
1562 1931 1628 1959 ἕηίς.
1664 1930 1770 1967 [nimiu]
1807 1932 1899 1958 Latine
1907 1931 2155 1966 Portumſsgnificat.
2210 1933 2239 1957 A
2253 1940 2299 1966 quo

1396 1972 1414 1991 L
1426 1972 1436 1990 1
1444 1972 1468 1991 M
1476 1972 1494 1992 E
1503 1972 1525 1991 N
1534 1972 1555 1992 Α
1566 1973 1584 1992 R
1596 1972 1612 1993 c
1621 1973 1642 1993 H
1651 1975 1674 1995 A
1682 1988 1691 2000 ,
1711 1976 1750 1994 ae.
1777 1977 1813 1994 m.
1849 1968 2028 2002 [λιμενάρχης]
2063 1967 2117 2002 ‚Qi
2130 1966 2188 1993 locis
2207 1966 2345 1992 maritimis
2355 1972 2426 1999 prae-

1358 1999 1415 2036 (θ’,
1432 2002 1499 2037 :mdc
1517 2002 1646 2027 ProieHus
1665 2002 1697 2037 est
1716 2005 1752 2029 ad
1768 2011 1868 2029 exteras
1889 2003 2009 2029 nationes.
2090 2002 2209 2035 PaulluS,
2240 2002 2274 2028 D.
2293 2001 2325 2028 de
2343 2001 2428 2028 serui·

1360 2031 1501 2071 sugltssm,
1524 2034 1542 2058 l·
1560 2041 1579 2066 4
1599 2035 1790 2062 Limenarchae
1804 2043 1830 2064 et
1842 2038 1991 2064 stationarii
2009 2037 2140 2071 fugitiuos
2160 2036 2336 2071 deprehensos
2354 2036 2431 2062 reete

1361 2075 1390 2093 in
1402 2066 1546 2094 custodiam
1560 2069 1685 2097 retinent.
1729 2071 1903 2098 Nominantur
1916 2073 1989 2098 etiam
2002 2072 2019 2097 l.
2032 2077 2058 2101 18
2078 2070 2101 2107 §.
2114 2080 2143 2097 10
2164 2072 2192 2097 ff.
2213 2071 2245 2096 de
2260 2070 2428 2098 Muneribus.

1398 2109 1415 2128 L
1427 2110 1468 2129 IM
1480 2110 1489 2128 1
1500 2109 1522 2128 N
1534 2105 1580 2130 Ᾱκ
1591 2111 1639 2137 ts,
1659 2114 1682 2132 e.
1702 2106 1830 2132 Adlimen
1842 2107 1979 2142 pertinens.
1999 2106 2147 2133 Liminares
2157 2105 2243 2133 trabes
2251 2105 2426 2139 Vitruu.6,4.

1395 2145 1413 2164 L
1423 2145 1432 2164 1
1442 2145 1465 2165 M
1475 2144 1492 2164 E
1501 2145 1523 2164 N
1533 2145 1554 2165 T
1563 2147 1571 2168 1
1581 2146 1602 2165 N
1612 2146 1632 2165 v
1643 2146 1673 2172 S,
1693 2140 1712 2166 i.
1732 2150 1768 2167 m.
1806 2144 1883 2175 Deus,
1896 2142 1940 2176 qui
1951 2142 2048 2178 praeest
2060 2142 2196 2168 liminibus.
2237 2142 2294 2168 Vid.
2306 2141 2426 2169 Tertull-

1360 2172 1392 2200 de
1405 2173 1473 2202 Idol.
1487 2183 1509 2200 c.
1524 2181 1555 2207 ις.
1568 2182 1592 2200 et
1604 2174 1637 2202 de
1649 2177 1752 2203 Coron.
1766 2176 1823 2203 mil.
1843 2186 1905 2210 c.13.
1963 2176 2122 2213 Elmenhmst.
2137 2179 2172 2202 ad
2185 2176 2286 2204 Arnob.
2299 2186 2323 2212 p.
2332 2185 2370 2210 23.

1397 2216 1532 2243 LJMES,
1548 2210 1601 2238 uis.
1618 2221 1654 2241 m.
1693 2214 1775 2246 Neve,
1793 2213 1918 2247 ἀτραπὸς]
1958 2213 2113 2248 Transuetsa
2126 2213 2171 2238 via
2191 2213 2302 2246 dicitur,
2321 2223 2337 2239 a
2350 2213 2427 2239 nomi-

1360 2254 1390 2271 ne
1403 2245 1512 2279 Limus,
1526 2255 1539 2272 a
1548 2266 1556 2279 ‚
1570 2255 1625 2274 um.
1663 2249 1769 2282 Cumque
1782 2250 1878 2275 eaedem
1889 2251 1950 2275 viae
1963 2249 2040 2276 etiam
2052 2249 2163 2275 diuidere
2170 2247 2282 2282 solerent
2299 2258 2373 2284 agros
2386 2249 2427 2274 vi.

2146 2285 2222 2318 Virg.
2241 2284 2306 2311 Aen.
2323 2293 2358 2318 9,
2377 2293 2428 2317 324

1361 2317 1392 2344 Et
1404 2318 1458 2344 lato
1471 2325 1496 2343 te
1512 2317 1599 2345 limite
1620 2318 1722 2346 ducam.
1796 2319 1929 2347 Columel.
1942 2329 1969 2352 1,
1988 2325 2001 2350 8
2027 2320 2153 2352 Semitas,
2174 2320 2311 2354 nouosque
2329 2321 2428 2346 limites

1361 2353 1390 2380 in
1403 2362 1468 2387 agro
1483 2352 1542 2380 fieri
1557 2362 1611 2380 non
1625 2355 1749 2389 patiatur.
1807 2355 1911 2389 Festus,
1931 2355 2042 2382 Limites
2061 2356 2089 2381 in
2104 2356 2174 2389 agris
2192 2364 2262 2381 nunc
2280 2355 2429 2388 Termini,

1360 2398 1429 2415 nunc
1444 2389 1510 2415 Viae
1524 2390 1686 2416 transuersae
1699 2392 1766 2418 sunt.
1839 2392 1962 2418 Accliuus
1976 2391 2051 2418 limes
2072 2390 2152 2417 Ouid.
2166 2391 2232 2416 Met.
2245 2399 2278 2423 2,
2299 2400 2336 2425 ¹9-
2372 2391 2428 2418 vid.

1362 2431 1382 2451 Α
1393 2430 1409 2451 c
1419 2430 1436 2451 C
1446 2431 1511 2450 Ην
1522 2432 1531 2450 1
1542 2431 1565 2451 s.
1641 2426 1752 2453 ArEtior
1781 2427 1842 2454 Stat.
1871 2426 1964 2454 Theb.
1990 2435 2016 2460 1,
2036 2435 2080 2460 24.
2160 2426 2273 2452 Attritus
2297 2431 2428 2461 aquarum

1729 2463 1835 2490 Curuus
1857 2463 1945 2490 Senec.
1965 2462 2078 2494 Thyest.
2091 2467 2144 2495 841.
2218 2461 2342 2488 Direous
2364 2463 2426 2489 Stat.

1362 2497 1426 2523 Silu.
1440 2505 1466 2530 2,
1481 2505 1506 2530 2,
1520 2502 1562 2531 84.
1606 2513 1608 2515 -
1637 2499 1732 2534 Longo
1745 2499 1831 2525 limite
1844 2499 1929 2526 sulcus
1949 2499 2024 2533 Virg.
2037 2499 2101 2525 Aen.
2115 2506 2142 2531 2,
2159 2501 2220 2532 697.
2294 2498 2429 2533 Obliquus

1361 2532 1449 2559 senec.
1466 2533 1562 2568 Oedip.
1576 2536 1632 2567 365.
1705 2535 1861 2570 Scopulosus
1881 2535 1942 2562 Stat.
1957 2534 2051 2561 Theb.
2065 2544 2086 2567 ι,
2100 2543 2151 2567 332.
2215 2533 2305 2560 SeEtus
2318 2534 2346 2560 in
2360 2534 2429 2561 obii-

1362 2577 1445 2603 quum
1466 2568 1547 2595 Ouid.
1564 2570 1629 2597 Met.
1642 2579 1665 2604 2,
1679 2579 1729 2603 130.
1804 2571 1935 2607 Spatiosus
1955 2571 2037 2597 Ouid.
2051 2571 2115 2597 Met.
2131 2578 2172 2604 13,
2191 2575 2247 2604 849.
2319 2570 2428 2597 Tenuis

1363 2605 1439 2631 limes
1452 2604 1530 2639 longa
1546 2605 1702 2633 subnubilus
1715 2607 1810 2634 vmbra
1837 2607 1917 2634 Ouid.
1931 2607 2007 2634 Rern.
2027 2608 2119 2633 Amor.
2134 2615 2193 2639 599.

2371 2604 2428 2644 Ἴπ-

234 2647 311 2674 cilius
331 2646 480 2680 (inquam)
502 2645 594 2672 Comis
611 2651 636 2672 et
649 2644 781 2678 vrbanus,
800 2644 883 2672 fuerit
895 2645 1014 2672 limatior
1026 2644 1098 2671 idem
1111 2645 1199 2678 Qiam
1214 2644 1297 2671 rudis.
1312 2648 1348 2676 7ο
1368 2641 1499 2666 Verborum
1506 2641 1653 2674 fhrmulae:
1684 2642 1838 2678 Larumque
1851 2652 1898 2678 per
1910 2652 2004 2678 agmen
2019 2642 2112 2670 ardens
2125 2642 2253 2668 Limitem
2271 2641 2333 2676 Agit
2352 2641 2429 2669 ferro

235 2683 375 2718 Ingenium
390 2681 506 2708 limatius
521 2681 587 2708 Plin.
607 2681 686 2716 Epist.
702 2690 728 2715 1,
747 2689 790 2708 20.

274 2724 291 2744 L
302 2726 310 2744 1
321 2724 376 2744 MA
389 2724 410 2744 T
422 2725 447 2744 E.
485 2716 550 2744 Adu.
580 2718 692 2752 Compar.
728 2717 860 2744 Ammian.
876 2724 902 2752 13
919 2726 940 2744 c.
953 2716 1000 2744 vlt.
1026 2716 1214 2744 Constantinus
1238 2724 1299 2742 cum

235 2754 352 2781 limatius
368 2753 582 2789 ssiperstitionum
595 2759 733 2788 quaereret
748 2753 845 2786 scens,
865 2755 884 2780 i.
902 2753 1061 2780 Accuratius.

272 2797 290 2816 ι
300 2797 308 2815 1
318 2796 342 2816 M
352 2796 373 2816 Α
384 2788 529 2821 Tv‘Lvs‚
549 2797 562 2814 a
572 2809 579 2821 ‚
600 2798 655 2815 um.
692 2789 752 2816 Adi.
773 2789 874 2816 Dimin.
918 2789 973 2815 Cic.
988 2789 1059 2815 Fam.
1072 2796 1102 2822 5,
1120 2796 1145 2821 33
1173 2789 1247 2823 Opus
1262 2786 1297 2813 est

236 2826 286 2853 huc
300 2825 422 2852 limatulo
435 2830 460 2851 et
472 2824 588 2858 politulo
600 2830 651 2851 tuov
660 2825 771 2853 iudicio.
806 2825 824 2852 i.
847 2824 920 2860 Terso
934 2824 1062 2860 etsubtili.

236 2898 261 2923 O
275 2868 291 2888 L
302 2869 312 2887 1
321 2867 375 2922 MstA
387 2867 410 2923 ξ]
418 2863 439 2888 V
449 2866 498 2887 ΒΛ
511 2880 520 2894 ,
546 2868 583 2888 ae.
617 2860 637 2887 f.
673 2861 776 2895 [ῥινημιι
789 2862 801 2896 ]
837 2861 1000 2890 Puluisculus
1018 2859 1137 2888 limando
1157 2859 1297 2887 detractus.

263 2906 341 2924 noma
367 2919 370 2923 .
413 2903 445 2924 Εἰ.

272 2940 281 2959 1
297 2939 340 2959 1M
351 2939 373 2961 Α
384 2939 406 2959 T
419 2939 458 2959 10
468 2952 477 2965 ,
497 2931 566 2958 anis.
593 2931 613 2958 f.
650 2934 717 2967 apud
729 2932 910 2967 Augustiutun.

272 2975 341 2996 Lim
353 2969 459 2995 Zx'roR
474 2988 482 3001 ,
502 2968 567 2994 oris.
599 2977 634 2994 m.
671 2968 751 3000 ῥινιῇἢς
771 2968 849 2997 Gloss‘.
868 2970 962 3000 Cyrill.

274 3011 342 3032 ΗΜ
354 3011 374 3031 Α
387 3012 404 3030 x
420 3025 429 3038 ,
456 3003 516 3030 acis.
547 3011 582 3030 m.
622 3004 772 3043 [instabe]
793 3005 864 3044 'Qi
882 3006 1008 3040 exquirit,
1029 3010 1057 3032 vt
1076 3003 1177 3046 aliquid
1196 3004 1299 3031 auferat
1316 3005 1348 3031 80

237 3041 319 3068 Plaut.
338 3041 440 3075 Fragm.
459 3049 488 3072 3,
511 3047 556 3072 42.

239 3077 345 3103 Nonius
359 3085 387 3110 4,
408 3083 468 3111 274.

278 3118 294 3137 1.
307 3118 423 3144 Lunx,
451 3111 512 3138 acis.
538 3121 575 3138 m.
595 3119 619 3138 et
637 3111 656 3138 f.
1180 3112 1300 3139 Limaces

239 3147 353 3179 liuidae,
369 3147 500 3183 getnfem.
556 3147 638 3175 Plaut.
653 3153 691 3182 ap.
708 3148 784 3174 Varr.
796 3147 825 3174 L.
841 3148 870 3174 L.
885 3150 917 3181 6,
933 3158 942 3179 3
964 3157 988 3182 p.
1003 3150 1048 3183 76,
1063 3156 1075 3180 ς
1101 3150 1205 3174 videtur
1219 3148 1299 3174 canui.

239 3183 302 3208 cium
315 3184 359 3216 cffi-
376 3184 403 3208 in
416 3184 546 3217 ›nulio-er,
567 3184 704 3209 meretrices
715 3183 871 3218 praesertim.

240 3217 307 3243 citus
321 3218 431 3245 conchae
445 3219 541 3252 limax,
559 3219 713 3254 hirsutaque
726 3227 824 3254 campe.
896 3219 999 3252 Festus,
1020 3220 1137 3246 Limaces
1151 3219 1272 3246 cochleae
1285 3228 1299 3246 a

242 3253 308 3279 limo
321 3253 468 3287 appellatae.
510 3255 578 3281 Add.
595 3255 671 3281 Varr.
686 3255 753 3282 L.L.
768 3258 794 3288 6,
808 3265 818 3287 3
846 3255 939 3282 Limax
952 3264 965 3281 a
980 3256 1062 3288 limo,
1083 3255 1155 3290 quod
1169 3255 1207 3281 ibi
1220 3256 1298 3282 viuit.

242 3289 308 3315 Plin.
319 3296 363 3321 29,
376 3291 392 3314 6
421 3289 531 3316 Limacis
546 3290 615 3318 inter
630 3289 691 3316 duas
704 3289 805 3317 orbitas
819 3290 942 3317 inuentae
958 3291 1108 3324 officulum,
1128 3297 1174 3317 etc.

282 3330 431 3350 1.1Msvs
447 3345 454 3356 ,
476 3325 493 3350 i.
520 3335 554 3352 m.
593 3327 765 3360 [κράσπεδον]
802 3327 865 3352 Pars
886 3326 958 3360 usti.
979 3334 1103 3356 extrema,
1129 3336 1191 3360 quae
1213 3326 1301 3362 lnstim

242 3361 344 3386 dicitur.

242 3395 274 3422 dc
293 3395 400 3422 limitib.
419 3404 443 3430 p.
458 3397 504 3422 161.
578 3398 651 3431 virg.
665 3397 728 3424 Aen.
741 3407 769 3431 2,
787 3399 834 3424 616
852 3413 897 3418 -—
925 3397 1009 3425 limbo
1027 3398 1171 3432 effulgens,
1187 3404 1212 3424 et
1233 3398 1302 3423 Gor-

243 3440 311 3465 gone
325 3432 407 3457 saeua.
451 3432 510 3457 Alii
523 3432 608 3466 legunt
627 3433 739 3460 Nimbo.
794 3433 866 3460 Idem
884 3435 991 3467 Aen.4‚
1010 3442 1050 3468 137
1076 3434 1211 3460 Sidoniam
1227 3432 1301 3467 pit-“10

243 3466 406 3498 chlamydem
420 3466 579 3493 circumdata
592 3467 684 3495 limbo.
745 3469 791 3495 Vbi
803 3469 926 3500 Seruius;
951 3469 1071 3502 Limbus,
1087 3470 1123 3496 est
1137 3469 1222 3496 Fascia
1237 3477 1304 3503 quae

243 3502 326 3529 ambit
338 3503 530 3529 extremitatem
541 3502 651 3529 vestium
668 3504 806 3532 secundum
825 3505 963 3540 antiquum
977 3505 1068 3531 ritum.
1107 3505 1179 3537 Conf.
1198 3504 1301 3531 L118tat.

242 3540 278 3564 ad
289 3538 349 3564 Stat.
364 3537 456 3565 Theb.
470 3540 502 3570 6,
523 3541 580 3572 367-
612 3547 614 3549 ’

243 3574 345 3600 Aureus
358 3572 456 3599 limbus
474 3573 565 3600 obibat
586 3573 749 3606 chlamydem
778 3576 860 3603 Ouid.
878 3577 942 3603 Met.
963 3585 993 3609 ς,
1017 3585 1051 3609 51.

244 3610 308 3635 telae
328 3610 401 3635 tenui
427 3608 586 3635 circumdata
605 3609 690 3636 limbo
724 3611 804 3639 Ouid.
824 3613 888 3639 Met.
908 3615 941 3648 6,
966 3619 1020 3647 127.

245 3644 379 3680 signorum
394 3645 505 3678 appellat
520 3646 605 3672 Varro
620 3645 780 3678 Zodiacum,
806 3648 861 3682 vste
874 3650 977 3675 Budaeo.

630 3040 746 3066 Limaccs
771 3040 826 3066 vari
853 3042 925 3075 quod
950 3048 1062 3068 atterant
1088 3049 1114 3068 ct
1145 3041 1299 3068 consumant

693 3112 840 3146 [κοχλίας]
879 3112 981 3139 Cochlea
1004 3113 1138 3149 terrestris.

1125 3577 1225 3603 Vltima
1244 3584 1302 3610 pars

1093 3612 1219 3639 Limbum
1244 3618 1281 3638 xl
1292 3617 1303 3637 1

279 3687 296 3706 L
306 3687 314 3707 1
325 3687 350 3706 M
362 3686 376 3706 13
387 3681 408 3707 111
417 3687 438 3707 T
447 3686 468 3706 v
478 3687 491 3706 s
499 3701 506 3713 ,
520 3689 532 3706 a
541 3701 549 3713 ‚
561 3690 616 3708 um.
638 3681 794 3714 Chlamydes
803 3682 925 3711 limbatae
932 3683 1020 3710 Treb.
1029 3683 1094 3710 Poll.
1103 3683 1130 3709 in
1139 3683 1230 3710 Claud.
1239 3693 1259 3710 c.
1268 3691 1305 3717 17.
1339 3682 1341 3685 “

283 3722 352 3742 Lim
365 3721 381 3742 Β
392 3722 436 3742 01.
447 3722 469 3742 Α
480 3723 569 3742 Rlvs
586 3737 594 3749 ,
622 3716 642 3743 i.
673 3726 708 3743 m.
744 3717 800 3753 ‚Qi
811 3718 911 3746 limbum
924 3719 1025 3755 tristibus
1041 3720 1178 3755 praetexit.

245 3752 303 3778 Aul.
318 3762 345 3784 3,
360 3758 433 3785 3,45
461 3751 611 3785 Textorcs,
638 3751 803 3786 limbolarii,
828 3755 952 3782 arcularii
971 3755 1119 3787 ducuntur,
1149 3754 1226 3781 datur
1253 3764 1303 3782 aes.

246 3789 339 3813 Parcus
350 3788 412 3823 legit
425 3786 619 3815 Limborarius.
656 3788 779 3815 Similiter
790 3796 830 3824 ap.
851 3789 922 3818 Non,
938 3800 983 3825 14,
1000 3800 1040 3824 30.
1060 3791 1095 3816 al.
1109 3791 1195 3825 legunt
1207 3790 1303 3817 limbo-

244 3823 344 3856 rarios,
365 3823 414 3849 alii
437 3822 611 3849 limbolarios.

279 3864 314 3883 1.1
325 3865 350 3885 Μ
361 3865 378 3884 E
387 3865 426 3891 N,
446 3859 507 3884 i'nis.
527 3867 552 3884 n.
588 3855 676 3894 [ἕδος]
716 3860 829 3892 Dicitur,
843 3862 909 3895 quod
917 3871 948 3886 ex
966 3862 1106 3897 transuerso
1119 3862 1147 3887 in
1161 3861 1239 3887 ianua
1256 3861 1302 3894 est.-

1314 2827 1348 2855 75
1363 2827 1383 2852 1,
1397 2820 1450 2846 126.

926 3184 1057 3210 Columel.
1072 3194 1117 3216 10,
1136 3193 1184 3218 324
1210 3184 1300 3219 Impli-
1318 3185 1346 3213 85

382 3360 512 3393 ostiginem
524 3370 539 3386 a
553 3363 618 3387 limis
630 3365 721 3388 ducunt
735 3361 829 3388 Donat.
842 3364 877 3388 ad
889 3363 959 3389 Ter.
975 3363 1038 3388 Eun.
1049 3371 1069 3393 3,
1085 3371 1107 3394 ς,
1123 3370 1158 3395 53.
1173 3369 1195 3387 et
1203 3362 1301 3395 Hygin.
1315 3365 1350 3389 90

651 3539 731 3565 Orbis
745 3541 838 3568 oceani
851 3540 935 3568 limbo
949 3541 1135 3576 circumseptus
1148 3541 1226 3567 Oros.
1242 3550 1263 3573 1,
1277 3548 1302 3566 2.
1317 3541 1350 3567 95

1363 2676 1440 2710 Virg.
1457 2677 1522 2702 Aen.
1541 2684 1587 2711 10,
1607 2685 1661 2710 514.
1719 2679 1794 2706 Idem
1814 2680 1889 2706 limes
1910 2678 2033 2714 Agendus
2051 2678 2102 2706 crit
2124 2678 2206 2705 Ouid.
2227 2681 2257 2704 A.
2277 2679 2308 2704 A.
2327 2686 2356 2711 3,
2375 2683 2428 2711 558.

1362 2711 1437 2745 Conf.
1452 2710 1578 2739 Drakenb.
1593 2716 1627 2739 all
1639 2714 1685 2740 Sil.
1700 2716 1738 2747 16,
1753 2721 1802 2748 338.
1877 2715 2040 2742 Descendcre
2053 2723 2138 2741 curuo
2154 2714 2240 2741 limite
2265 2713 2347 2739 Ouid.
2364 2715 2429 2740 Met.

1363 2755 1410 2780 14,
1433 2753 1488 2780 830.
1563 2749 1677 2776 Graffari
1695 2751 1770 2778 recto
1793 2752 1879 2779 limite
1911 2751 1992 2778 Ouid.
2013 2750 2099 2777 Trist.
2119 2758 2150 2783 2,
2171 2757 2234 2785 477.
2308 2749 2430 2776 incidere

1363 2783 1467 2810 rufium
1481 2784 1597 2811 limitem
1618 2786 1750 2819 Qinffil.
1764 2796 1789 2821 2,
1803 2797 1834 2820 ¹3·
1891 2787 1987 2814 Partiri
2003 2787 2089 2814 limite
2097 2794 2217 2820 campum
2245 2784 2430 2820 Virg.Georg.

1524 2820 1622 2848 Positus
1637 2823 1712 2849 limes
1725 2832 1791 2858 agro
1816 2824 1892 2859 Virg.
1905 2824 1970 2850 Aen.
1984 2831 2021 2856 12,
2034 2828 2086 2855 898.
2160 2821 2317 2848 Reti-indere
2330 2821 2429 2848 limites

1364 2856 1424 2883 Stat.
1439 2855 1501 2884 Silu.
1514 2865 1543 2890 4,
1558 2866 1586 2890 3,
1602 2867 1640 2892 4¹·
1716 2859 1844 2894 Limites,
1865 2861 1903 2886 ait
1924 2860 2025 2886 Siculus
2044 2859 2148 2886 Flaccus
2166 2857 2198 2885 de
2218 2857 2429 2884 Conditionibus

1363 2900 1509 2927 agrorum,
1537 2902 1561 2928 p.
1576 2901 1609 2926 ις.
1630 2895 1697 2929 Goes.
1720 2895 1752 2922 ab
1773 2896 1923 2923 Liminibus
1945 2895 2075 2922 vocabula
2096 2899 2266 2929 acceperunt:
2300 2893 2430 2928 quoniam

1364 2937 1418 2962 quo
1430 2927 1512 2955 modo
1527 2929 1618 2955 limina
1632 2931 1758 2958 introitus
1771 2932 1907 2967 exitusque
1922 2932 1987 2959 locis
2001 2931 2143 2966 praestant,
2164 2931 2262 2957 limites
2274 2929 2343 2963 agris
2359 2928 2428 2955 fimi.

1363 2963 1426 2990 liter
1440 2964 1566 2991 introitus
1578 2966 1729 3001 exitusque:
1768 2968 1815 3003 qui
1827 2968 1855 2994 in
1868 2968 1937 3002 agris
1951 2967 2040 2994 diuisis
2053 2974 2078 2993 et
2090 2966 2217 3001 assignatis
2233 2964 2429 2999 semperperuii

1364 3000 1412 3026 else
1427 2999 1576 3035 debebunt,
1604 3008 1657 3028 tam
1670 3003 1831 3037 itineribus,
1857 3013 1935 3038 quam
1955 3010 1981 3030 ct
2001 3003 2130 3030 mensuris
2148 3001 2263 3037 agendis.
2336 3001 2430 3033 Quini

1363 3044 1429 3070 ergo
1442 3045 1534 3062 omncs
1549 3038 1648 3064 limites
1666 3047 1679 3064 a
1692 3040 1813 3066 mensura
1827 3037 1924 3066 densim
1938 3039 2045 3066 acquum
2067 3039 2196 3064 Dei-insani
2214 3036 2281 3063 dieti
2298 3035 2362 3069 sint,
2382 3036 2430 3070 hi,

1364 3072 1412 3106 qui
1432 3072 1570 3099 Orientem
1590 3074 1814 3110 Occidentemque
1834 3076 1988 3108 intuentur,
2012 3074 2059 3109 qui
2079 3073 2260 3101 Mendianum
2276 3078 2302 3098 et
2324 3072 2429 3107 Septen-

1363 3108 1480 3134 trionem
1494 3114 1601 3142 tenent,
1620 3119 1701 3136 vnum
1716 3111 1875 3138 vocabulum
1888 3111 1941 3138 illis
1954 3116 2022 3136 erat:
2061 3112 2229 3136 Dea-umanum
2242 3108 2429 3143 nuncupabant

1363 3143 1522 3178 spei-lauteni
1541 3146 1665 3172 matutini
1685 3153 1711 3173 et
1732 3148 1874 3182 vespertini
1891 3152 1916 3173 et
1936 3145 2079 3172 meridiani
2098 3150 2124 3172 et
2137 3144 2322 3179 septentrionis
2345 3143 2429 3172 cardi-

1365 3189 1432 3207 nem.
1490 3180 1543 3206 Alii
1556 3190 1622 3209 vcro
1636 3181 1668 3209 ab
1683 3183 1824 3218 regionum
1839 3182 1968 3217 positione
1980 3187 2005 3207 et
2019 3187 2111 3208 natura
2126 3180 2324 3215 appellauerunt
2344 3180 2427 3216 Mari-

1364 3216 1435 3242 timos
1448 3221 1474 3242 et
1488 3218 1630 3244 A'lontanos.
1688 3219 1777 3246 Postea
1796 3227 1877 3250 vero,
1902 3226 1984 3253 quum
2002 3217 2058 3251 agri
2078 3216 2262 3243 diuiderentur
2281 3222 2307 3242 et
2325 3215 2428 3249 affigna-

1364 3256 1473 3285 rentur,
1499 3253 1632 3279 Decimani
1644 3254 1751 3289 quidem
1766 3254 1925 3281 vocabulum
1938 3252 2094 3288 permansit,
2114 3259 2142 3279 vt
2163 3252 2207 3285 hi,
2229 3252 2275 3287 qui
2288 3252 2427 3278 Orientem

1367 3287 1590 3323 Occidentemque
1604 3289 1757 3322 intuentur,
1785 3290 1917 3315 Decimani
1935 3289 2105 3315 dicerentur:
2142 3289 2162 3315 ii
2180 3297 2262 3321 vero,
2281 3286 2327 3321 qui
2346 3286 2428 3314 Meri-

1366 3323 1474 3350 diauum
1487 3330 1512 3351 et
1525 3324 1753 3358 Septentrionem,
1772 3325 1900 3360 quoniam
1915 3325 2048 3352 cardinem
2069 3325 2161 3352 mundi
2177 3327 2311 3354 tenerent,
2338 3323 2427 3349 Cardi-

1366 3369 1407 3385 nes
1422 3361 1479 3387 sunt
1490 3361 1621 3395 appellati.
1676 3361 1707 3388 Et
1721 3370 1814 3387 omnes
1829 3361 1859 3387 hi
1871 3361 1970 3388 limites
1984 3360 2115 3387 dirimunt
2129 3370 2225 3395 agros,
2244 3358 2426 3397 centuriasque

1367 3394 1499 3431 designant
1514 3406 1520 3422 ε
1557 3397 1602 3430 qui
1616 3403 1644 3423 vt
1657 3397 1732 3431 supra
1747 3396 1861 3423 diximus
1872 3418 1880 3429 ,
1901 3397 1928 3423 in
1941 3397 2009 3432 agris
2030 3397 2119 3423 diuitis
2138 3403 2163 3423 et
2182 3395 2304 3433 affignans
2324 3395 2426 3430 semper

1367 3433 1456 3465 peruii
1477 3432 1525 3459 else
1543 3431 1692 3465 debebunt,
1714 3439 1740 3458 et
1762 3432 1919 3466 itineribus,
1952 3440 1977 3459 et
1992 3433 2120 3459 mensuris
2140 3429 2254 3465 agendls.
2309 3430 2427 3457 Limimm

1367 3474 1448 3494 autem
1466 3468 1562 3494 nomina
1583 3468 1640 3493 haec
1658 3469 1798 3494 inueninms
1817 3470 1843 3494 in
1868 3468 1945 3495 libello
1976 3476 2086 3495 extremo
2109 3467 2208 3494 eiusdem
2230 3465 2314 3492 Flacci
2348 3475 2372 3500 p.
2392 3468 2426 3494 26

1369 3502 1535 3536 orientales,
1559 3503 1798 3538 septentrionales,
1819 3505 1947 3538 Maximi,
1970 3504 2104 3535 Aetuarii,
2129 3501 2292 3534 Intercifiui,
2316 3502 2427 3535 Quinta-

1369 3539 1413 3571 ni,
1440 3539 1590 3573 Cultellati,
1614 3539 1738 3573 Nonani,
1766 3541 1913 3573 Mai-nimi,
1942 3541 2054 3573 Gallici,
2081 3537 2274 3576 Temporales,
2300 3538 2426 3572 RegaleS,

1369 3575 1544 3609 Subrunciui,
1572 3574 1707 3608 Linearii,
1742 3575 1877 3610 Sextanei‚
1905 3575 2055 3605 Tesseuati,
2086 3571 2262 3607 magonales,
2287 3574 2427 3607 Montani,

1370 3611 1544 3647 Auflrinales,
1571 3611 1793 3645 Praefeeturalcs,
1824 3608 2178 3648 Vndecimani‚HColouicu
2205 3609 2310 3643 Paffiui,
2336 3610 2427 3644 Hypo-

1370 3648 1515 3681 tenuffales,
1537 3645 1744 3680 Duodecimani,
1770 3648 1893 3683 Egregii,
1919 3648 2051 3675 Solitarn.
2078 3644 2215 3679 Perpetui,
2248 3645 2357 3671 Limites
2379 3645 2428 3680 qui

1370 3683 1454 3709 antica
1475 3691 1501 3710 et
1519 3682 1615 3718 postica
1635 3682 1766 3710 diuidunt.
1834 3687 1953 3719 Aggenus
1973 3679 2005 3705 de
2024 3679 2168 3706 Limitibus
2187 3682 2320 3715 Agrorum
2348 3690 2373 3715 p.
2393 3683 2427 3713 46

1221 3720 1304 3746 Plaut.
1313 3722 1360 3741 100
1370 3719 1457 3745 Limes
1465 3719 1509 3753 est,
1522 3718 1697 3753 quodcunque
1710 3720 1736 3744 in
1751 3728 1816 3751 agro
1828 3720 1859 3746 ad
1873 3715 2085 3745 obseruationem
2099 3715 2192 3742 finium
2207 3725 2286 3751 opera
2301 3724 2428 3743 manuum

1369 3754 1470 3781 saelum
1491 3755 1534 3781 est.
1591 3754 1675 3788 Rigor
1698 3749 1847 3781 verissuae
1869 3751 2036 3780 reffitudinis
2056 3752 2182 3778 naturalis
2201 3761 2299 3779 nomen
2320 3752 2428 3786 accepit.

1368 3789 1490 3824 Hyginus
1505 3790 1537 3816 de
1552 3790 1695 3817 Limitibus
1708 3788 1893 3817 constituendis
1911 3794 1948 3821 pr.
1964 3796 1988 3821 p.
2003 3795 2045 3819 130
2074 3788 2186 3822 Antiqui
2207 3789 2339 3813 menssiras
2351 3796 2427 3821 agro.

1369 3835 1427 3853 rum
1448 3825 1612 3853 normalibus
1632 3826 1841 3858 longitudinibus
1860 3822 2031 3849 incluserunt.
2099 3824 2216 3849 Primum
2243 3823 2309 3849 duos
2329 3823 2426 3849 limites

1368 3861 1576 3889 constituerunt:
1614 3856 1712 3896 vnum,
1734 3863 1780 3897 qui
1792 3860 1823 3887 ab
1837 3859 1948 3885 Oriente
1965 3859 1992 3884 in
2006 3858 2175 3885 Occidentem
2189 3857 2330 3893 dirigeret:
2357 3858 2426 3885 hunc

245 3901 260 3916 a
274 3892 367 3927 Limo,
385 3895 416 3920 id
426 3893 459 3931 est
470 3894 574 3929 obliquo,
593 3894 665 3929 quod
678 3895 888 3931 ingredientibus
901 3898 1110 3933 exeuntibusque
1123 3892 1300 3925 transuersum
1309 3899 1352 3924 ¹05
1366 3898 1565 3933 appellauerunt
1577 3899 1771 3929 Duaeimanmn,
1796 3894 1868 3927 ideo>
1889 3894 1962 3929 qUOd
1975 3902 2072 3922 terram
2085 3895 2113 3921 in
2126 3894 2188 3921 duas
2210 3893 2311 3922 diuidat
2323 3900 2428 3928 Psssses»

2347 3936 2373 3956 et
2392 3929 2425 3957 ab
