2517 4231
101 84 149 123 97
523 68 732 110 LIN

50 182 54 191 ,
100 154 164 188 Μο1.
179 169 202 193 9,
216 161 270 190 ς66.
308 161 404 195 Aspera
417 159 507 195 lingua
521 159 618 195 premit
630 159 719 186 fauces
739 158 814 194 Virg.
825 158 922 194 Georg.
935 169 954 193 3,
970 165 1025 190 508.
1058 159 1153 195 Aspera

100 197 189 231 lingua
203 197 286 223 nimia
301 196 421 230 siccitate,
439 197 492 222 vid.
507 202 545 222 As
555 202 628 223 PER.
701 195 802 222 Bisulca
817 195 970 222 Ouid.Mct.
984 204 1010 230 9,
1018 197 1055 227 65.
1077 198 1153 222 Ache-

100 233 134 258 loi
150 233 177 257 in
188 233 324 268 serpentem
337 232 410 265 veifi.
450 233 491 257 Sic
511 232 576 259 Fisl'a
588 231 616 258 in
629 231 691 258 duas
705 237 789 265 partes
810 230 848 257 Id.
862 230 927 257 ibid.
947 240 970 264 4,
984 237 1034 261 585.
1071 231 1153 266 Frigi-

100 268 132 294 da
149 268 224 302 Virg.
238 268 336 302 Georg.
349 277 374 300 4,
389 277 438 298 525.
462 269 598 294 morientis.
672 265 819 293 Multifidas
834 265 934 301 linguas
953 267 1062 293 vibrans
1077 267 1154 294 draco

100 303 189 330 Valcr.
205 306 302 338 Argon.
319 313 338 336 i,
352 305 388 330 61.
445 304 530 338 Nigra
543 303 632 337 lingua
647 301 731 328 subest
753 302 828 336 Virg.
849 302 946 337 Georg.
969 313 989 335 3,
1007 309 1055 335 3853.
1092 304 1156 338 Sup-
1176 309 1190 332 5

100 339 180 374 press'a
193 339 279 373 palato
287 339 494 372 Ouid.'1'rist.3,
503 349 522 372 3,
535 348 580 365 21.v
595 336 806 372 Tribuslinguis
815 337 953 372 praesignis
961 338 1037 365 draco
1045 338 1080 365 Id.
1091 341 1155 366 Met.

101 385 125 408 7,
135 384 185 406 ¹50·
205 374 340 401 Trisulcis
350 375 447 410 linguis
455 376 533 402 micat
540 382 587 400 ore
596 373 778 413 Virg.(‘1eorg.
788 383 813 406 3,
822 382 873 407 ⁴39·
898 374 1036 401 Vibi-autes
1045 374 1082 402 1d.
1090 375 1154 400 Aen.

101 420 123 444 2,
138 418 190 442 47ς.
228 409 562 446 Abstiilitcompreliensani
569 409 672 443 forcipe
689 409 806 444 linguam
814 409 1001 442 Ouid.Met.(1‚
1015 412 1066 439 556.
1103 409 1155 434 Co-

99 446 202 473 ruscare
215 445 313 480 linguis
328 447 443 474 dii-mitur
455 447 584 480 serpentes
605 444 643 470 id.
670 444 706 471 ib.
722 453 805 477 43493.
833 445 955 480 Deterget
969 446 1092 478 sclingua
1106 442 1153 468 bos

99 481 295 517 C01u1n.6‚6,1.
318 482 373 509 Cic.
386 482 500 508 deOrat.
515 490 537 516 3,
551 490 564 512 4
586 480 659 506 Haec
667 479 717 506 tibi
731 480 768 507 est
780 481 921 507 excidenda
935 481 1036 514 lingua:
1051 487 1100 512 qua
1110 478 1153 504 vel
1165 484 1192 501 ¹0

99 517 189 543 euulsa
197 518 289 551 spii-im
304 518 360 552 ipso
369 516 509 544 libidinem
524 522 593 542 tuam
607 515 714 542 libertas
723 525 781 543 mea
794 516 929 543 refutabit.
967 513 1075 540 Reseflss
1093 515 1154 540 ense

100 553 183 580 Ouid.
199 553 227 579 in
237 553 297 580 ibin
312 561 356 586 439
514 549 536 590 ff
557 561 569 578 2
590 552 726 588 hinnulae,
752 553 777 577 in
791 553 879 586 quihus
890 552 925 578 ad
941 550 1058 583 loquendi
1065 549 1152 583 facul-

99 596 173 615 tatem
186 589 326 623 respicitur.
374 587 443 614 Situs
458 587 594 614 thesaurus
609 587 637 613 in
651 587 740 622 lingua
753 587 837 614 stultis
858 588 939 613 Plaut.
953 585 1032 611 Poen.
1048 594 1069 617 3,
1085 594 1105 618 ς,
1121 595 1154 618 12,

99 623 291 658 Lingualoqui,
309 624 363 649 vid.
385 629 529 660 LOQ'OR.
583 623 872 658 Commcrcialinguae,
892 620 911 646 '‘-
926 619 1049 654 Colloquia
1069 621 1151 648 Ouid.

99 660 185 688 Trut.
201 669 222 692 3,
237 668 266 691 11,
282 668 306 691 9.

99 697 172 723 Curt.
187 701 210 727 3,
223 703 241 725 1,
256 702 292 726 4ς.
344 693 492 720 Petulantia
506 695 574 722 Suet.
590 694 657 721 Tib.
677 705 699 721 c.
712 697 746 721 61.

99 732 173 758 Orat.
194 739 216 762 1,
238 739 273 763 ¹¹4
294 739 316 756 c.
335 737 370 760 25.
393 730 510 763 facultas
523 731 656 765 explanate
673 727 795 763 loquendi.
868 725 1031 753 Titubantia
1045 727 1153 754 Sueton.

97 765 191 792 Claud.
211 774 231 791 c.
251 774 292 797 30·
365 765 436 792 Tela
453 766 559 800 linguae
581 765 661 793 Ouid.
684 771 716 790 ex
736 763 812 789 Pont.
831 771 861 795 4,
882 765 912 795 6,
934 766 971 795 36.
1022 763 1153 790 Adai-ieta

96 800 187 835 lingua
201 800 332 833 mercede,
348 801 402 827 vid.
421 806 646 830 ADSTRmGo.
683 797 769 824 Blaesa
784 798 907 824 Ouid.de
924 800 987 825 Arte
1000 801 1060 826 Am.
1069 808 1153 832 32294·

96 837 184 863 Celeri
200 843 224 863 et
243 837 385 863 exercitata
398 837 456 863 sunt
469 843 588 863 oratores
601 833 710 868 quidam
730 833 786 860 Cic.
796 833 827 860 de
842 835 916 860 Orat.
929 844 945 865 1,
961 841 996 867 83.

96 872 165 899 Hor.
181 872 319 907 Epist.2‚2‚
332 882 375 899 121.
431 873 538 906 Elegaus
564 869 650 896 Catul.
677 878 712 902 41,
726 879 749 902 4.
786 869 922 896 Exanimis
945 869 1027 898 Ouid.
1042 871 1106 898 Met.
1123 881 1153 905 11,

94 917 131 938 5:¹-
168 908 290 935 Facunda
311 909 377 935 Hor.
393 908 482 934 Canii.
500 915 525 939 4,
544 914 563 938 1,
581 907 619 938 36.
693 905 781 932 Falsae
803 906 923 940 periuria
942 906 1048 940 linguae
1071 906 1154 933 Ouid.

94 943 174 978 Epist.
189 954 212 978 7,
227 947 267 977 67.
304 944 399 971 Ferina
413 944 556 968 rabularnm
577 940 655 975 Apul.
670 941 747 976 Apol.
768 950 792 976 p.
807 951 859 975 275,
876 951 910 968 10.
931 943 985 967 vid.
1009 948 1151 969 LOCARE

94 979 184 1006 Virus.
255 980 328 1006 Fieta
337 976 424 1013 gratia
437 977 544 1011 linguae
564 976 646 1003 Ouid.
669 977 750 1012 Epist.
771 986 802 1003 12.
875 977 989 1005 Garrula
1009 978 1110 1005 Tibul.
1128 988 1152 1012 4,

803 691 909 717 Solutio
922 691 1028 725 linguae
1048 692 1105 719 Cic.
1120 692 1152 719 de

94 1023 125 1048 13,
137 1023 180 1042 20.
217 1014 378 1043 Ininiodicus
392 1012 483 1047 lingua
496 1013 565 1039 Tac.
585 1013 654 1039 Hist.
671 1023 692 1045 3,
704 1023 741 1047 53,
757 1023 774 1040 i.
812 1014 998 1048 Inexplanata,
1017 1014 1073 1040 vid.
1098 1021 1152 1040 1N-
1173 1019 1200 1042 25

92 1055 350 1078 EXPLANATVS.
422 1049 481 1075 Post
498 1048 574 1075 effert
593 1049 677 1075 animi
698 1055 786 1075 motus
806 1051 954 1083 Interprete
972 1049 1064 1084 lingua
1084 1051 1154 1076 Hor.

91 1087 122 1114 A.
139 1087 164 1113 P.
177 1096 202 1112 v.
217 1095 259 1113 iu.
330 1086 463 1119 Interpres
475 1084 570 1117 animi,
589 1085 684 1110 dicitur
706 1085 811 1112 Lucret.
833 1087 865 1120 6,
887 1095 946 1119 1147.
978 1085 1007 1112 it.
1030 1086 1154 1112 Prudent.

91 1123 169 1150 Rom.
185 1129 232 1154 771.
305 1122 440 1155 Interpres
454 1120 624 1155 cogitationis
639 1120 757 1147 [3613111.
772 1121 804 1147 de
819 1122 860 1148 Ira
874 1121 925 1147 Dei
945 1130 966 1147 c.
989 1130 1022 1155 ¹4·
1070 1121 1154 1156 Magi-

92 1167 137 1185 cae
151 1157 271 1193 potentia
292 1156 374 1184 Ouid.
390 1157 457 1184 Met.
470 1167 492 1189 7,
505 1166 555 1188 330.
592 1156 712 1183 Modesta
729 1156 767 1184 Id.
782 1156 862 1191 Epist.
878 1165 914 1190 19,
934 1158 972 1187 63.
1045 1157 1153 1184 Nocens

91 1194 211 1228 Propert.
234 1203 260 1226 2,
284 1199 327 1227 28,
349 1201 384 1227 ¹4·

90 1229 174 1256 Plaut.
190 1229 265 1264 Capt.
278 1238 299 1260 5,
316 1238 335 1261 1,
349 1237 381 1259 15.
453 1229 562 1254 Patruae
576 1228 689 1254 verbera
706 1229 775 1256 Hor.
789 1230 878 1256 Carm.
892 1238 913 1262 3,
929 1237 965 1262 12,
979 1239 998 1260 3.
1013 1229 1068 1257 vid.
1093 1235 1153 1256 PA-

92 1268 224 1292 Tvas.
298 1264 344 1292 Pia
363 1263 444 1290 Ouid.
460 1263 538 1298 Epist,
556 1273 587 1297 15,
606 1266 646 1295 68.
686 1265 774 1292 pictae
787 1264 900 1291 te&oria
921 1265 988 1292 Pers.
1002 1265 1051 1292 Sat.
1074 1274 1095 1298 ς,
1117 1274 1152 1295 25.

89 1301 187 1328 Procax
206 1300 253 1328 Sil.
268 1307 292 1336 8,
305 1309 360 1330 250.
433 1300 591 1327 Professoria
610 1300 702 1327 Tacit.
716 1301 784 1327 Anu.
801 1310 832 1333 13,
848 1311 881 1332 ¹4·
919 1302 1024 1328 Promta
1044 1300 1075 1327 ad
1089 1301 1155 1336 rigi-

92 1337 140 1364 dos
155 1338 232 1363 sonos
253 1335 335 1363 Ouid.
350 1335 415 1363 Fast.
430 1346 454 1369 4,
467 1345 519 1369 310.
558 1336 689 1370 Sacrilega
708 1335 746 1363 Id.
761 1336 794 1362 de
806 1337 882 1363 Rem.
899 1337 993 1363 Amor.
1013 1338 1066 1370 367.
1110 1338 1153 1363 80-

91 1373 191 1400 cretior
211 1372 344 1405 Qiinffil.
358 1381 377 1403 i,
393 1381 411 1398 1.
485 1371 601 1399 Subdola
620 1372 702 1398 Ouid.
723 1372 833 1404 degArte
852 1373 911 1399 Am.
928 1378 981 1407 598.

89 1410 160 1444 apml
167 1408 245 1443 Vulg.
260 1409 374 1443 Interpr.
391 1408 472 1435 Sirac.
487 1414 526 1441 28,
547 1410 573 1435 16
599 1410 698 1439 ’γλῶσσα
711 1412 780 1441 τρίτη
799 1409 981 1434 calumniatrix
993 1408 1035 1444 est,
1053 1409 1153 1444 quaese

90 1445 227 1480 interponit
246 1445 316 1470 inter
335 1446 393 1470 duos
413 1444 516 1477 amicos,
536 1452 559 1470 et
572 1451 703 1478 Utrumque
710 1444 890 1479 suspicionibus
903 1452 977 1479 atque
990 1444 1045 1469 odio
1059 1445 1153 1479 implet.

95 1480 152 1508 Via'.
166 1480 270 1513 Drufius
280 1479 380 1516 Qaest.
390 1489 434 1515 1‚4.
455 1487 480 1505 et
491 1480 610 1514 Buxtoifi
618 1481 678 1505 Lex.
686 1481 790 1506 Rabtain.
805 1489 830 1514 p.
851 1481 917 1506 1¹60.
955 1479 998 1516 Est
1004 1479 1070 1505 enim
1085 1480 1152 1506 ratio

91 1516 204 1543 Ebraica.
277 1515 433 1550 Trepidam
447 1515 532 1542 Catul.
547 1518 634 1549 61‚¹28.
691 1516 782 1542 Vanae
796 1515 934 1542 mendacia
954 1515 1037 1542 Ouid.
1057 1517 1152 1541 Amor.

92 1559 114 1584 3,
130 1559 201 1584 ii‚21.
274 1551 384 1578 Venalis
403 1551 507 1578 Lucan..
521 1560 540 1586 i,
554 1556 610 1584 269.

89 1589 192 1613 Acuere
209 1587 326 1621 linguam
340 1586 419 1613 causis
439 1587 508 1614 Hor.
529 1587 607 1621 Epist.
630 1596 649 1619 1,
662 1594 684 1620 3,
698 1594 739 1618 23.
810 1586 928 1613 Auferre
947 1586 1023 1612 vsum
1044 1585 1151 1620 linguae

90 1622 170 1648 alicui
188 1623 270 1649 Ouid.
287 1624 350 1649 Met.
365 1631 399 1655 14,
414 1631 455 1655 99.
492 1621 627 1648 Cohibere
641 1621 759 1655 linguam
797 1641 803 1648 .
966 1622 1056 1649 Senec.
1071 1622 1150 1656 Epist.

88 1659 117 1689 84
138 1657 296 1684 Tentantur
316 1656 405 1692 pedes,
423 1657 576 1691 linguaiion
589 1657 696 1683 constat.
733 1659 773 1683 De
785 1658 851 1683 ebrio
865 1658 983 1692 loquitur.
1021 1658 1151 1684 Contine-

87 1701 118 1718 re
131 1692 262 1727 linguam,
281 1693 344 1718 ind.⁴
359 1698 375 1718 c
390 1698 410 1718 Ο
424 1698 445 1718 Ν
460 1699 482 1719 T
495 1699 504 1718 1
518 1699 540 1719 N
551 1698 569 1719 Ε
582 1698 614 1719 0.
651 1693 748 1719 Deerat
762 1692 853 1727 lingua
868 1693 973 1728 palato,
999 1694 1017 1720 ι’.
1040 1695 1096 1720 Non
1107 1701 1151 1729 po-

379 658 510 685 Facundia
526 658 630 693 linguae
651 659 689 686 Id.
702 658 769 686 ibid.
785 668 806 690 3,
821 665 850 687 5,
871 664 908 688 29·
944 656 1151 690 Intemperantia
1171 661 1195 683 ¹5

1072 836 1155 862 Diues
1164 838 1195 855 ²0

463 1192 545 1219 Nulla
561 1191 651 1226 lingua
665 1192 716 1226 est,
747 1201 798 1227 qua
817 1201 913 1228 negem
927 1187 1059 1228 quidquid
1077 1201 1152 1228 roges
1161 1198 1190 1222 30

1054 1372 1153 1399 Tertia
1170 1376 1197 1400 35

794 1549 815 1589 Ἴ
836 1561 845 1582 3
868 1551 999 1577 Verborum
1006 1551 1149 1584 formulae:
1159 1557 1192 1581 40

1632 73 1844 116 L1N
2216 94 2268 138 93

1216 162 1262 203 ris,
1281 162 1352 196 quod
1367 161 1453 190 dicere
1466 162 1589 198 solemus,
1609 162 1772 200 linguarium
1786 165 1864 193 dabo.
1902 167 1928 194 Si
1943 169 2026 196 11131111
2041 172 2102 207 erit,
2124 181 2178 200 non
2198 184 2270 203 com-

1217 204 1330 230 mittam,
1349 199 1573 238 quemadmodum
1591 200 1728 228 Maecenas
1742 201 1794 237 ait,
1820 209 1849 228 vt
1862 202 1979 230 sestertio
2000 208 2097 235 centies
2114 209 2269 245 obiurgatus

1219 234 1273 260 sim.
1332 234 1504 270 Linguarium
1519 237 1599 270 igitur
1613 236 1704 272 prfuit,
1724 245 1754 263 vt
1776 237 1943 270 calcearium,
1958 241 2269 277 cerariuni,vessiarium.

1219 270 1301 294 Parim
1309 268 1336 303 se
1348 273 1426 305 promi
1427 271 1459 305 [Jii
1466 271 1586 308 exsoluere
1598 274 1664 308 vult,
1680 280 1703 298 et
1717 272 1756 299 Illo
1770 276 1856 300 damno
1864 276 2027 302 temeritatem
2044 281 2206 312 promittendi
2219 284 2269 309 lut.

1218 312 1260 330 νος
1280 312 1365 338 magno
1380 315 1425 330 non
1439 308 1505 334 item.
1549 308 1591 334 Sic
1605 309 1701 335 Marce.
1718 310 1750 336 V.
1766 308 1795 336 L.
1810 318 1843 343 12,
1858 319 1878 341 5.
1933 311 2010 338 Gron.
2023 315 2053 338 de
2067 315 2121 342 Pac.
2139 320 2188 344 Vct.
2203 326 2220 351 4
2245 329 2258 352 ⁴

1215 339 1290 374 Qque
1307 340 1337 363 de
1350 339 1426 378 nesfiu
1441 350 1488 374 qua
1504 344 1573 369 them
1586 344 1687 379 linguae
1699 345 1757 378 alii,
1776 346 1852 381 iocosa
1866 345 1937 381 sunt.
2223 337 2231 351 '
2262 338 2269 345 ι

1259 379 1273 398 1.
1289 381 1297 399 1
1312 379 1332 398 Ν
1346 379 1366 399 G
1377 380 1397 400 v
1408 381 1458 414 uA
1469 397 1476 407 ‚
1495 378 1548 408 siue
1570 385 1585 404 1.
1598 385 1639 406 iG
1651 378 1699 407 xii.
1712 386 1751 414 Α,
1772 389 1811 408 ae.
1833 381 1852 408 f.
1873 380 1975 409 Dimin.
1997 384 2174 421 [γλωσσάριοῃ
2192 397 2269 418 ryme.

1218 411 1272 448 ric]
1290 408 1388 449 Festus,
1409 410 1520 444 Lingula
1533 421 1579 446 per
1591 415 1796 453 diminutionem
1810 416 1915 451 linguae
1929 417 2012 444 dieta:
2034 419 2096 446 alias
2115 428 2130 446 a
2147 420 2269 451 similitu-

1218 445 1281 486 duic
1298 445 1403 484 linguae
1418 447 1543 486 exsertae,
1564 454 1593 474 vt
1608 458 1635 474 111
1648 451 1753 478 calceis:
1772 452 1836 480 alias
1849 454 1970 486 insertae,
1990 453 2017 480 id
2037 454 2073 481 est
2092 455 2161 482 intra
2180 459 2270 486 dentes

1218 487 1361 521 coercitae,
1380 486 1408 507 vt
1422 490 1450 521 .¹¹¹
1465 482 1549 523 tibiiS.
1609 485 1695 520 Nempe
1705 487 1765 520 simt
1778 487 1937 516 Calceoruin
1952 489 2066 524 lingulae
2083 490 2202 519 Scribon.
2212 499 2268 525 208.

1218 526 1271 557 cnm
1293 516 1429 550 denigrari
1443 527 1483 543 eas
1495 521 1562 556 d'f‘n
1578 518 1732 546 melantcria
1745 523 1762 548 s.
1778 531 1847 550 creta
1860 525 1967 558 linaria,
1995 526 2048 551 lura
2067 528 2177 553 coriae-ete
2199 530 2272 555 intel-

1218 552 1325 593 ligipar
1338 552 1377 588 est.
1431 589 1435 594 ι
1448 553 1562 579 Martial.
1584 563 1605 587 2,
1627 563 1656 587 ²9
1684 555 1749 581 Non
1769 565 1886 587 extrema
1899 560 1969 588 sedet
1983 561 2070 588 lunata
2084 562 2163 597 ligula
2175 563 2270 598 planta.

1224 588 1268 612 Vlu
1278 594 1379 622 propter
1394 588 1613 629 pr¹1maejsyllaoae
1624 591 1811 626 produllianem,
1830 596 1876 621 alii
1889 597 2102 632 leguntLingula.
2126 616 2128 618 v
2175 601 2269 627 liiuen.

1217 622 1268 649 Sat.
1284 632 1305 657 ς,
1319 632 1349 648 20
1372 624 1402 649 Et
1417 624 1508 658 ligulas
1521 624 1666 659 dimittere,
1686 626 1813 654 sollicitus
1827 637 1860 654 iie
1893 631 1968 658 Tota
1981 632 2114 660 salutatrix
2129 632 2181 661 iam
2195 636 2272 663 turba

1217 658 1350 693 peregerit
1362 658 1465 686 orbem.
1491 661 1510 687 ι’.
1530 669 1576 685 nnn
1598 661 1752 697 adstringere
1772 664 1826 688 lora
1851 667 1946 699 omnia,
1968 676 1991 694 et
2004 678 2036 693 an
2048 679 2068 695 is
2081 670 2136 705 suis
2155 671 2272 706 inserere.

1217 691 1238 756 p
1262 704 1273 720 2
1293 693 1427 721 Columcl.
1440 701 1463 729 8,
1476 705 1494 722 ii
1522 705 1535 727 4
1555 696 1691 723 Stabulum
1706 704 1792 724 autem
1811 706 1900 725 carere
1915 700 1990 728 debet
2003 703 2120 738 vligine:
2154 707 2229 733 cuius
2243 707 2273 735 in

1229 729 1275 769 olo
1288 739 1335 764 per
1350 730 1474 757 ordinem
1488 718 1605 763 figuntur
1624 731 1718 758 breues
1739 733 1846 768 paxilli:
1883 744 2027 771 eurumque
2048 746 2133 773 pai-tes
2154 742 2271 770 summae

1217 765 1331 800 lingulas
1349 766 1464 793 edolatas
1483 766 1591 803 liabent,
1625 777 1692 802 quae
1705 769 1854 796 transuersis
1876 770 1969 797 foratis
1982 775 2086 806 perticis
2106 776 2272 805 inducantur.

1223 803 1339 827 Via‘cmur
1346 801 1412 836 satis
1424 803 1516 838 diserte
1530 802 1598 829 illum
1613 805 1690 829 locum
1703 805 1834 839 explicqffi·
1844 812 1941 840 partem
1955 809 2084 836 tenuiorem
2097 814 2175 838 trabis
2182 814 2219 840 ita
2231 819 2272 840 do.

1217 838 1312 869 latam,
1333 838 1375 862 vti
1388 839 1517 864 conueniat
1537 840 1563 864 in
1577 839 1644 874 tigni
1655 840 1759 867 alterius
1773 842 1900 874 foramen.
1957 843 2026 868 Talis
2041 845 2139 872 videtur
2160 848 2272 885 Lingula

1219 873 1369 912 torciilarii,
1382 875 1410 899 de
1419 883 1467 908 qua
1475 875 1542 901 Cato
1551 881 1585 907 18,
1593 884 1614 901 2.
1634 884 1667 909 19,
1677 884 1699 902 2.
1734 878 1804 902 Add.
1813 882 1852 912 34,
1861 886 1881 903 2.
1920 878 2030 913 Tatisest
2039 879 2148 915 Lingula
2157 885 2271 913 vcfflset

1220 908 1312 942 lingua
1320 909 1390 935 Vitr.
1402 918 1428 935 10
1436 927 1445 939 ,
1453 915 1477 939 8.
1498 910 1588 944 vbique
1593 917 1654 945 pars
1660 917 1793 937 extenuata
1801 911 1961 948 intelligitur,
1975 922 2269 953 quaeacauorecipiatur.

1218 941 1240 981 ff
1262 952 1272 975 3
1294 943 1388 978 Ligula
1407 943 1596 979 Instrumentum
1609 955 1695 971 cauum
1708 953 1731 972 et
1743 947 1878 982 oblongum,
1897 949 1925 973 in
1933 949 2035 983 speciem
2047 951 2147 984 linquae
2161 956 2271 988 fai‘liam:

1219 980 1291 1013 quale
1305 979 1339 1015 est
1352 979 1422 1012 illud,
1437 989 1482 1014 quo
1495 988 1602 1006 Utuntur
1626 982 1775 1007 aromatarii
1793 985 1830 1008 ad
1848 985 2001 1010 extrahenda
2019 995 2031 1011 e
2050 981 2115 1020 vasti
2136 997 2270 1022 Unguenta.

1219 1014 1286 1041 Plin.
1301 1024 1334 1047 21,
1352 1022 1378 1047 14
1398 1016 1466 1042 Cera
1481 1016 1579 1043 Punica
1595 1016 1623 1043 fit
1638 1015 1688 1043 hoc
1703 1017 1797 1044 modo:
1835 1019 1986 1046 Ventilatur
2000 1021 2046 1047 sub
2060 1022 2106 1050 dio
2121 1019 2222 1058 saepius
2235 1035 2273 1053 ce.

1218 1059 1248 1076 ra
1265 1050 1349 1077 fulua.
1392 1051 1497 1078 Deinde
1517 1052 1603 1079 feruet
1616 1052 1645 1078 111
1659 1060 1725 1086 aqua
1739 1053 1851 1087 marina,
1869 1063 1900 1081 ex
1915 1055 1968 1081 alto
1980 1057 2070 1090 petita,
2087 1058 2178 1086 addito
2191 1061 2271 1090 nitro.

1218 1085 1283 1112 Inde
1302 1086 1392 1121 ligulis
1418 1087 1545 1114 hauriunt
1566 1089 1678 1120 florem,
1718 1089 1746 1115 id
1761 1089 1798 1115 est
1817 1090 1994 1118 candidiffima
2021 1102 2156 1129 quaeque,
2190 1102 2273 1123 trans-

1217 1121 1387 1157 funduntque
1407 1123 1436 1149 in
1451 1132 1509 1156 vas,
1522 1123 1593 1158 quod
1607 1123 1733 1158 exiguum
1755 1125 1870 1159 frigidae
1891 1125 1993 1154 habeat.
2065 1131 2158 1156 Numen
2187 1133 2275 1160 habere

1217 1165 1324 1193 putatur
1338 1169 1353 1183 a
1365 1159 1535 1191 ſsmilitudine
1554 1160 1655 1194 linguae
1674 1161 1710 1186 aet
1726 1161 1839 1195 palatum
1866 1164 2002 1194 raraeque,
2033 1173 2107 1200 atque
2127 1167 2164 1192 itti
2190 1177 2264 1194 cauae

1218 1203 1278 1228 quae
1288 1194 1352 1229 sitne
1371 1195 1504 1220 cochlearis
1526 1194 1665 1231 estfarmci.
1745 1195 1878 1224 Columel.
1906 1200 1936 1229 6,
1955 1208 1983 1232 2,
2003 1209 2016 1232 7
2033 1203 2063 1225 tle
2083 1203 2138 1227 boue
2157 1189 2274 1229 curando,

1219 1229 1339 1256 Librales
1359 1229 1424 1256 offas
1440 1230 1469 1256 in
1487 1231 1632 1265 praesulsae
1650 1231 1735 1266 adipis
1754 1231 1902 1266 liquamine
1919 1234 2030 1268 tinetas,
2060 1235 2161 1271 lingula
2181 1227 2274 1266 demitff

1218 1265 1279 1292 tito.
1334 1268 1375 1292 De
1388 1266 1464 1291 varia
1482 1273 1506 1292 et
1513 1266 1650 1302 scriptione
1662 1275 1686 1293 et
1709 1268 1913 1303 pronuntiatione
1931 1271 2002 1296 buius
2021 1272 2133 1298 nomim's.
2204 1275 2274 1301 Mar.

1218 1301 1273 1329 tial.
1289 1310 1325 1334 14,
1347 1310 1388 1328 120
1418 1303 1448 1327 de
1461 1302 1542 1337 ligula
1567 1310 1703 1338 argentea,
1741 1304 1873 1336 Qiamuis
1891 1314 1933 1331 me
1953 1305 2062 1339 ligulam
2089 1307 2175 1335 dicant
2202 1311 2274 1344 equi·

1218 1343 1310 1372 tesque
1324 1343 1473 1371 patresque,
1497 1337 1581 1365 Dicor
1593 1338 1625 1364 ab
1639 1337 1755 1365 indotffls
1776 1340 1876 1374 lingula
1891 1342 2078 1375 grammaticis,
2149 1345 2275 1374 Indoctos

1216 1380 1288 1399 ieoeat
1307 1373 1499 1406 Grammaticos,
1525 1374 1542 1400 i.
1560 1374 1694 1407 indociles,
1718 1375 1762 1409 qui
1777 1385 1824 1401 non
1839 1377 1920 1402 velint
1937 1378 2086 1411 loquentium
2105 1388 2152 1406 non
2171 1382 2275 1416 plebeio-

1217 1418 1273 1434 rum
1286 1411 1362 1441 morlo,
1370 1408 1420 1444 sed
1430 1409 1549 1434 nobilium
1563 1409 1734 1443 consuetudini
1748 1413 1885 1444 concedere,
1901 1411 1948 1448 sed
1957 1413 2012 1449 suis
2025 1413 2092 1440 illam
2104 1415 2274 1451 disputatiun-

1217 1444 1278 1469 culis
1289 1443 1455 1480 pqstbabeant.
1494 1446 1573 1471 Porro
1598 1445 1720 1479 Ligulam
1741 1454 1813 1472 vocat
1832 1447 1964 1476 Columel.
1984 1458 2009 1483 9,
2032 1456 2106 1484 15,13
2128 1452 2274 1488 Instrumen-

1216 1487 1267 1505 tmn
1280 1482 1315 1505 ad
1324 1481 1482 1515 purgandam
1493 1489 1506 1506 e
1520 1479 1578 1515 vase
1584 1480 1706 1516 spumam,
1722 1481 1832 1512 Deinde,
1853 1483 1950 1518 inquit,
1971 1484 2016 1510 vbi
2033 1484 2162 1519 liquatum
2175 1488 2227 1514 mel
2243 1489 2274 1515 in

1215 1514 1365 1542 subieehmi
1377 1515 1482 1542 alueum
1498 1515 1656 1550 defluxerit,
1677 1517 1834 1544 transfertur
1852 1518 1881 1544 in
1898 1520 1959 1546 vasa
1979 1520 2084 1556 nuilla,
2104 1530 2170 1556 quae
2185 1524 2274 1558 paucis

1215 1558 1275 1577 ante
1293 1551 1387 1577 diebus
1405 1556 1494 1585 aperta
1508 1550 1571 1585 sint,
1592 1551 1656 1578 dum
1673 1553 1788 1579 musteus
1807 1553 1911 1580 fruetus
1931 1555 2108 1583 deferuescat:
2132 1558 2209 1592 isque
2222 1559 2274 1586 sae-

1215 1586 1275 1621 pius
1290 1587 1372 1621 ligula
1385 1586 1535 1621 purgandus
1550 1587 1595 1614 est.
1775 1585 1796 1625 ff
1818 1598 1832 1620 4
1855 1591 1894 1615 De
1906 1590 1950 1624 vsu
1968 1590 2066 1624 ligulae
2081 1592 2155 1618 etiam
2168 1592 2276 1628 obserua-

1215 1623 1241 1648 ri
1250 1622 1328 1658 potest
1340 1624 1404 1648 locus
1425 1623 1520 1649 Caton.
1534 1622 1566 1649 de
1575 1623 1646 1649 R.R.
1659 1628 1688 1655 84
1710 1623 1782 1650 Pone
1795 1633 1854 1650 cum
1862 1624 1952 1651 catillo
1964 1631 1990 1652 et
2004 1624 2277 1663 lingulis,deSaui110,

1215 1659 1282 1693 quod
1297 1658 1359 1693 quia
1378 1658 1503 1693 integrum
1522 1667 1569 1683 non
1577 1658 1659 1692 facile
1671 1660 1749 1684 eximi
1758 1659 1842 1694 potest,
1863 1670 1915 1685 cum
1927 1660 2018 1688 catillo
2030 1661 2056 1687 in
2071 1671 2116 1697 quo
2135 1664 2225 1690 cottum
2242 1665 2276 1701 ast

1211 1694 1326 1729 ponitur,
1345 1701 1368 1720 et
1380 1693 1505 1728 lingulis,
1523 1693 1611 1728 quibus
1623 1701 1731 1720 vtantur
1744 1697 1859 1720 conuiuae
1871 1696 1908 1721 ad
1917 1698 2079 1724 eximendum.
2115 1698 2230 1726 Martial.
2251 1707 2277 1733 8,

86 1735 165 1753 teram
177 1729 245 1763 loqui
263 1727 345 1754 Ouid.
358 1728 437 1763 Epist.
447 1737 479 1761 15,
493 1736 533 1755 iu.
555 1728 658 1755 Delirat
671 1728 763 1763 lingua
778 1729 882 1756 Luci-et.
896 1738 918 1762 3,
926 1739 978 1762 454.
999 1729 1151 1764 Dcperdere
1168 1736 1197 1760 45
1215 1738 1241 1762 23
1261 1739 1315 1755 cum
1327 1730 1449 1764 det-ififfit
1462 1731 1607 1755 tenuitatem
1619 1729 1721 1764 phialae
1734 1739 1832 1756 munere
1839 1730 1891 1763 sihi
1903 1731 2002 1767 mistae,
2020 1735 2102 1767 addit,
2138 1735 2212 1768 Qiid
2224 1735 2277 1763 tibi

87 1763 162 1790 vsum
176 1763 283 1798 linguae
304 1763 384 1790 Ouid.
408 1765 474 1790 Met.
484 1773 506 1800 5,
520 1766 574 1796 562.
606 1764 750 1791 Diuertere
764 1764 883 1799 linguam
891 1764 923 1791 ad
930 1774 1020 1792 mores
1028 1766 1151 1799 alicuius,

82 1800 322 1835 proRepi-ehendere
330 1799 411 1826 Plaut.
425 1800 505 1827 Poen.
513 1809 536 1833 5,
551 1810 574 1835 2,
591 1809 629 1833 24.
651 1800 895 1836 Eriperevlinguam
902 1801 983 1828 alicui
993 1801 1075 1828 Ouid.
1085 1802 1151 1828 Fast.

85 1843 109 1868 2,
123 1838 183 1865 608.
220 1836 321 1862 Fauere
335 1836 444 1870 linguis,
456 1836 509 1863 vid.
521 1841 644 1866 ΡΑνΕο,
664 1837 761 1863 Feruet
775 1837 866 1872 lingua
881 1846 957 1864 mero
967 1837 1005 1869 Id.
1020 1837 1057 1865 ib.
1065 1847 1088 1871 2,
1101 1847 1150 1871 732.

86 1870 210 1898 Fundere
222 1870 332 1898 stolidae
345 1872 469 1898 conuicia
480 1872 587 1907 linguae
623 1872 706 1899 Ouid.
727 1873 793 1900 Met.
815 1883 846 1907 13,
862 1876 918 1906 306.
974 1873 1098 1900 Habeant
1110 1875 1152 1900 fac

62 1920 65 1923 »
86 1905 206 1941 linguam
220 1907 297 1935 aedes
311 1913 379 1934 tuae.
848 1909 853 1914 ’

84 1942 169 1971 Casiri.
184 1952 205 1975 3,
219 1953 239 1975 1,
257 1953 288 1976 13.
326 1944 433 1971 Habere
445 1944 547 1970 crimen
561 1945 669 1979 linguae
689 1944 771 1971 Ouid.
786 1945 852 1971 Fast.
868 1955 886 1977 1,
899 1955 952 1977 445-
991 1945 1080 1971 Haesit
1093 1945 1151 1970 inu.

85 1977 140 2004 tilis
155 1978 246 2013 lingua
264 1980 302 2008 Id.
321 1979 402 2014 Epist.
417 1990 441 2012 4,
457 1989 479 2012 7.
517 1980 654 2007 Haesitare
669 1980 761 2013 lingua
778 1980 835 2005 Cic.
849 1979 882 2005 de
899 1979 975 2004 Orat.
991 1988 1010 2012 i,
1033 1987 1074 2007 115.
1094 1980 1151 2002 vid.

87 2017 266 2040 ABSONVSr
306 2015 470 2048 Infringitur
488 2014 580 2047 lingua
597 2015 701 2039 Luci-et.
717 2022 738 2044 3,
751 2015 811 2042 1156.
867 2013 967 2045 Legere
989 2016 1151 2045 properante

86 2045 177 2082 lingua
197 2049 281 2074 Ouid.
295 2057 327 2074 ex
340 2050 416 2074 Pont.
438 2057 459 2080 3,
477 2057 500 2078 5,
515 2057 539 2081 9.
577 2047 666 2081 Loqui
680 2046 811 2073 titubante
819 2046 910 2080 lingua
930 2046 1012 2074 Ouid.
1027 2046 1114 2073 Trist.
1128 2056 1150 2078 3,

87 2092 106 2113 1,
120 2092 154 2110 21.
192 2083 305 2117 Linguis
317 2083 474 2117 angelorum
485 2083 564 2116 Vulg.
574 2092 582 2108 i
597 2083 661 2108 Cor.
678 2091 709 2113 13,
722 2091 739 2108 1.
778 2081 1052 2115 Occluderelinguam
1060 2081 1150 2115 alicui,
1158 2091 1186 2113 55

84 2118 139 2145 vid.
157 2126 175 2146 ο
187 2124 204 2145 C
215 2125 233 2145 C
246 2125 263 2144 L
277 2125 299 2144 v
312 2125 331 2145 n
343 2125 375 2144 o.
447 2117 579 2151 Palpitare
593 2117 683 2150 lingua
691 2116 812 2142 Scribon.
826 2125 877 2149 194·
952 2116 1149 2152 Praestringens

84 2153 167 2180 aciem
182 2153 333 2188 gladiorum
347 2153 438 2187 lingua
457 2152 540 2179 Plaut.
553 2151 642 2178 Truc.
655 2160 677 2185 2,
691 2152 716 2181 6,
729 2161 758 2178 11.
830 2151 892 2178 [111.
907 2161 947 2184 33,
967 2161 979 2185 3
995 2160 1061 2179 extr.
1121 2152 1148 2179 Si

84 2189 243 2217 Aetolorum
259 2189 361 2224 linguas
374 2187 528 2219 Retundere
535 2187 643 2214 vellent.
683 2187 761 2221 Riget
775 2187 864 2222 lingua
877 2187 960 2214 Ouid.
969 2187 1001 2213 de
1016 2191 1079 2213 Arte
1088 2189 1148 2214 Am.

84 2235 102 2258 1,
116 2234 162 2256 ς1ς.
234 2225 299 2253 Silet
311 2230 386 2260 rapta
399 2224 482 2251 altera
496 2224 587 2259 lingua
608 2222 689 2250 Ouid.
703 2224 769 2249 Met.
783 2225 811 2256 6,
825 2225 878 2255 632.
915 2223 970 2249 Effe
984 2223 1104 2257 linguam
1118 2223 1147 2249 in

84 2261 190 2296 quaestu
211 2261 345 2295 Qiineti'l.
360 2261 484 2287 Prooem.
500 2270 516 2288 1.
553 2259 698 2286 Tardescit
712 2258 804 2293 lingua
824 2259 929 2285 Lucret.
943 2268 964 2292 3,
985 2265 1042 2293 478.
1081 2259 1146 2286 Non
1156 2258 1190 2284 60
1213 2256 1326 2291 pedibus
1352 2257 1454 2284 aditum
1479 2257 1624 2291 haberent,
1647 2265 1692 2285 etc.
1729 2260 1794 2288 Bud.

83 2296 307 2332 tenere-linguam
321 2296 409 2323 nimio
423 2305 500 2322 mero
520 2293 603 2321 Ouid.
617 2294 705 2321 Trist.
721 2303 743 2328 2,
759 2295 814 2326 446.
851 2295 962 2321 Tenere
981 2294 1102 2330 linguam
1116 2295 1147 2321 in

83 2341 132 2359 ore
144 2333 232 2359 clauso
252 2332 348 2360 Catull.
364 2341 398 2367 53,
414 2338 448 2361 18.
504 2330 624 2358 Titubat
643 2329 735 2364 lingua
756 2329 839 2357 Ouid.
858 2331 891 2357 de
905 2332 968 2357 Arte
984 2332 1043 2357 Am.
1058 2341 1076 2365 1,
1091 2337 1146 2365 598.

82 2369 190 2401 Torpet
204 2368 294 2403 lingua
312 2367 399 2394 Catul.
413 2376 454 2401 49,
472 2376 497 2401 9.
554 2367 715 2402 Torpuerat
733 2366 823 2401 gelido
839 2367 930 2401 lingua
950 2372 1053 2393 retenta
1073 2372 1146 2393 metu

83 2403 164 2431 Ouid.
179 2403 258 2438 Epist.
274 2412 307 2437 ii,
324 2409 361 2433 82.
399 2403 498 2430 Lucan.
514 2401 546 2429 ad
560 2402 646 2429 Pison.
662 2409 699 2433 58.

81 2439 196 2471 fulmina
210 2439 309 2474 lingua.

80 2475 264 2511 mihimetipsi,
284 2481 314 2502 vt
332 2475 454 2502 Vitemus
467 2475 560 2502 oculos
574 2474 728 2510 hominum,
748 2474 766 2501 si
782 2475 884 2510 linguas
899 2475 988 2501 minus
1001 2475 1080 2501 facile
1088 2476 1144 2510 pos-

81 2511 168 2538 simus.
207 2510 458 2546 Vtilingualibera‚
474 2513 529 2538 vid.
550 2517 652 2537 LlBER
672 2512 736 2536 Adi.
888 2509 909 2550 q
931 2522 944 2543 4
966 2511 1079 2546 Lingua,
1099 2519 1144 2546 pro

83 2547 401 2582 Differentiasermonum:
437 2549 513 2578 vnde,
534 2547 648 2582 Linguas
663 2556 755 2573 omnes
774 2547 841 2573 scire
863 2549 933 2583 apud
959 2547 1041 2574 Plaut.
1064 2548 1144 2574 Poen.

82 2580 152 2610 Prol.
171 2591 212 2609 112.
250 2583 316 2611 Plin.
333 2593 367 2617 12,
382 2593 387 2610 1
411 2583 452 2610 Est
460 2583 597 2615 Gortyiiae
612 2584 639 2609 in
655 2583 738 2609 insula
752 2583 832 2610 Creta
846 2582 921 2610 iuxta
940 2583 1045 2610 fontem
1062 2584 1144 2618 plata-

82 2627 130 2645 nus
145 2627 207 2651 vna,
225 2618 334 2653 insignis
343 2619 483 2653 Vtriusque
497 2620 604 2654 linguae
618 2619 808 2647 monumentis

82 2655 112 2681 In
125 2654 167 2680 his
182 2654 292 2689 linguis,
306 2664 369 2690 quas
388 2664 442 2687 nQn
463 2655 649 2690 intelligimus,
664 2663 731 2690 quae
744 2656 804 2682 sunt
817 2655 1037 2688 innumerabiles,
1070 2655 1143 2682 surdi

81 2690 204 2725 ‘profesto
218 2691 315 2719 sumuS.
395 2691 526 2726 Linguam
546 2692 676 2718 Graecam
695 2691 790 2718 Latina
810 2692 988 2726 copiosiorem
1009 2693 1058 2718 esse
1079 2692 1143 2718 dicit

81 2726 154 2754 Idem
168 2726 270 2752 ibidem
286 2736 309 2757 2,
319 2736 354 2760 35.
394 2727 506 2762 Agmina
521 2727 622 2754 dissona
634 2727 726 2762 lingua
746 2727 792 2754 Sil.
809 2730 844 2761 16,
867 2737 901 2761 19.
939 2728 1037 2754 Gentes
1052 2728 1143 2754 variae

78 2762 179 2799 linguis
200 2763 277 2797 Virg'.
292 2764 357 2790 Aen.
379 2770 401 2797 8,
420 2772 470 2795 723.
543 2764 636 2790 Sermo
656 2763 747 2798 lingua
766 2764 913 2790 concinnus
932 2771 1046 2799 vtraque
1072 2765 1142 2791 Hor.

78 2799 162 2825 Sei-m.
178 2808 197 2831 1,
211 2808 249 2833 10,
264 2807 298 2830 23.
359 2799 461 2834 Egestas
475 2799 582 2834 linguae
602 2800 707 2826 Lucret.
731 2809 748 2833 1,
768 2809 820 2831 140.

79 2834 220 2868 Vtriusque
233 2834 340 2868 linguae
362 2835 431 2862 Hor.
447 2835 535 2862 Carni.
551 2845 571 2869 3,
585 2841 609 2866 8,
623 2845 645 2868 5.
682 2835 804 2862 Ediscere
817 2836 880 2862 duas
890 2836 993 2870 linguas
1013 2836 1095 2864 Ouid.
1110 2835 1143 2862 de

80 2870 143 2898 Arte
157 2871 216 2897 Am.
230 2879 258 2904 2,
274 2879 320 2897 122,
349 2871 477 2906 intelligit
496 2872 659 2897 Romanamet
674 2872 802 2898 Graecam.
840 2872 943 2907 Lingua
962 2873 1066 2905 Latina,
1086 2873 1142 2898 vid.

82 2912 239 2934 LAT1VM.
310 2907 407 2933 Facere
428 2907 609 2942 potentiorem
629 2907 748 2942 linguam
770 2907 892 2934 Latinam
923 2908 1056 2942 Quintili.
1079 2918 1098 2941 1,
1119 2917 1142 2939 5.

79 2941 200 2968 Latinam
215 2941 333 2976 linguam
353 2951 408 2969 non
424 2943 506 2969 modo
523 2952 577 2970 non
590 2943 716 2978 inopem,
734 2949 763 2970 vt
776 2943 859 2978 vulgo
871 2950 980 2980 putant,
1009 2944 1052 2971 sed
1069 2945 1141 2971 locu-

77 2977 219 3038 pletiorem
232 2978 312 3004 etiam
326 2978 375 3004 ess'c
391 2987 470 3013 quam
485 2979 700 3014 Graecamsentit
719 2980 776 3006 Cic.
792 2979 823 3006 de
835 2980 894 3006 Fin.
916 2990 940 3014 i,
961 2990 998 3007 10.

96 3013 202 3048 inguam
215 3014 349 3047 Qiiutffil.
371 3024 389 3048 1,
404 3025 423 3042 1.
601 3014 621 3054 ff
643 3025 656 3046 5
675 3016 712 3042 Ob
725 3016 919 3049 fimilitmlinem
928 3016 952 3052 s.
964 3018 1140 3051 permetapho-

82 3055 136 3073 ram
150 3050 223 3075 etiam
235 3052 265 3075 de
278 3050 338 3076 aliis
352 3051 497 3084 quibusdam
518 3051 590 3077 rebus
607 3052 712 3082 elicitur,
730 3061 755 3077 v.
766 3061 795 3087 g.
819 3053 850 3078 de
868 3052 970 3078 lamella
989 3055 1097 3087 quadam
1112 3052 1140 3077 itt

82 3082 150 3121 tibiis
162 3086 240 3120 accipi
256 3086 313 3111 vult
333 3087 461 3113 Harduin.
481 3088 551 3122 apud
580 3087 647 3114 Plin.
668 3096 714 3120 10,
728 3096 756 3121 29
769 3088 788 3114 s.
802 3097 829 3120 43
856 3088 989 3114 Homines
1010 3093 1140 3122 repertos,

82 3125 128 3157 qut
142 3118 233 3158 sonum
246 3121 416 3148 lusciniarum
437 3121 526 3149 addita
539 3123 568 3150 in
581 3123 739 3150 transuersas
754 3123 896 3150 arundines
915 3133 997 3159 aqua,
1017 3124 1140 3150 foramen

80 3153 252 3195 inspirantes,
269 3156 430 3193 linguaeque
451 3167 532 3193 parua
545 3159 635 3194 aliqua
654 3158 772 3193 opposita
785 3168 870 3192 mora,
894 3159 1035 3186 indiscreta
1049 3160 1174 3189 redde-85

80 3196 140 3229 rent
155 3188 332 3229 similitudine.
389 3195 439 3220 Sed
449 3195 551 3221 videtur
565 3196 648 3230 potius
662 3195 714 3230 ipsa
735 3195 842 3237 &ominis
856 3196 971 3231 inflantis
990 3197 1138 3222 arundinem

80 3225 170 3259 [ΜΕΝ
182 3227 300 3260 ΙηΐτΙΙῐξὶ,
316 3238 365 3263 qua
382 3231 521 3256 moderetur
533 3232 583 3267 ipse
594 3232 734 3266 influentem
747 3230 793 3266 suo
805 3241 838 3256 ex
850 3240 890 3257 ore
909 3234 976 3258 afra.
1032 3231 1137 3257 Interim

80 3269 124 3285 nec
135 3259 246 3301 'absurda
262 3262 390 3290 Harduini
403 3265 545 3300 sententia,
564 3277 616 3293 cum
634 3268 734 3299 γλῶσσα
747 3274 771 3293 et
783 3271 886 3300 γλωττὶς
905 3269 973 3304 apud
986 3268 1091 3294 Graecos
1098 3266 1137 3298 fic

83 3301 252 3329 acctpmntur,
275 3303 299 3321 ὕ
310 3297 448 3337 Ljngiilam
455 3301 495 3334 sic
504 3303 574 3337 poni,
587 3305 673 3329 doceat
687 3302 775 3339 Fqsius.
800 3313 825 3330 v.
838 3312 864 3329 v.
923 3305 1003 3330 Porro
1023 3303 1137 3337 Lingua,

83 3331 168 3356 Herba
188 3339 254 3367 quae
269 3332 382 3360 nascitur
394 3336 464 3363 circa
477 3337 565 3365 fontes
584 3338 652 3365 Plin.
667 3347 703 3372 24,
719 3347 754 3371 19.

82 3375 115 3408 ¹7,
130 3376 166 3399 14·
186 3374 211 3392 et
224 3368 301 3401 Apul·
315 3367 347 3393 de
361 3369 442 3408 blei-b.
457 3382 523 3406 c.4i.
541 3375 558 3402 i.
572 3374 688 3410 buglffi.
726 3374 808 3401 Canis
826 3375 904 3410 Apul.
919 3375 951 3402 de
965 3374 1048 3401 Herb.
1062 3377 1135 3408 c.96.

81 3412 100 3428 ¹·
121 3402 269 3444 fy7¹⁰gl¹ffl2
303 3403 419 3444 Certum
443 3408 517 3436 Idem
537 3419 560 3437 c.
582 3416 620 3443 73.
662 3410 783 3445 Linguae
801 3411 876 3436 etiam
888 3411 1135 3437 dicuntia-Promon-

81 3445 147 3463 toria
162 3438 363 3478 afinnlitudme.
417 3441 492 3482 Ham}
511 3445 582 3473 lacus
595 3446 734 3481 angustum
747 3447 802 3473 iarn
819 3447 845 3473 se
858 3447 976 3481 cogentis
990 3446 1018 3472 iu
1033 3445 1136 3472 areium

81 3474 236 3509 Hesperiae,
257 3478 365 3501 tenuem
380 3475 502 3509 producit
513 3480 542 3507 in
555 3490 669 3516 aequora
683 3483 802 3517 linguam
809 3483 908 3509 Lucan.
917 3493 938 3515 2,
950 3485 998 3513 613.
1018 3484 1047 3507 de
1054 3482 1136 3507 Brun-

756 2403 895 2437 Densaque
909 2402 1015 2429 vibrata
1034 2403 1147 2430 iaculari

81 3510 150 3541 “ssv-
187 3510 259 3536 Caes·
273 3510 339 3537 Bell*
354 3511 450 3544 Gall-3,
461 3520 482 3537 12
501 3513 579 3543 Erant
586 3518 718 3545 eiusmodi
732 3519 789 3545 fere
797 3518 857 3544 situs
864 3519 1037 3554 oppidorum,
1052 3523 1081 3543 vt
1089 3526 1135 3552 po-
1152 3528 1183 3554 95

82 3543 169 3585 sita-in
184 3545 283 3580 linguis
296 3547 554 3588 promontoriisque‚
572 3560 617 3580 etc.
658 3555 717 3580 Alii
731 3556 818 3590 lugunt
834 3554 965 3590 Lingulis,
976 3553 1135 3589 sedalteram

82 3580 206 3621 lei-'Itonem
217 3582 347 3621 confirmat
360 3583 464 3610 Festus:
483 3584 586 3625 Lingua·
596 3591 778 3621 promontorii
795 3599 878 3625 genus
899 3600 953 3617 non
973 3589 1136 3622 excellentis,

82 3614 124 3640 sed
133 3616 251 3643 molliter
260 3626 288 3643 in
296 3617 404 3652 planum
411 3619 516 3646 deuex1.
535 3621 596 3649 Liu.
606 3631 641 3655 37,
648 3629 744 3655 31ἐκ17·.
762 3626 826 3654 Inde
834 3626 862 3652 in
869 3626 951 3653 altum
961 3625 1051 3659 lingua
1059 3625 1134 3652 mille

83 3651 199 3684 passuum
211 3661 363 3680 excurrens.
385 3657 456 3689 Conf.
466 3657 553 3682 Schott.
563 3657 631 3691 Obffl
637 3660 766 3689 Humanit.
776 3672 798 3695 3,
806 3668 844 3692 38.
881 3663 961 3688 Ciacc.
969 3665 1004 3686 ad
1010 3661 1102 3689 Caesl.
1111 3671 1133 3688 c.

121 3692 137 3711 L
149 3694 158 3712 1
169 3694 193 3713 N
206 3693 227 3714 G
238 3694 260 3713 V
271 3695 294 3715 A
304 3695 322 3716 R
334 3697 344 3715 1
355 3696 376 3714 V
386 3697 427 3723 M,
444 3691 463 3718 i.
485 3701 511 3720 n.
549 3693 633 3718 Intell.
647 3702 696 3728 aes,
715 3706 811 3731 aurum,
826 3705 966 3733 argentam,
975 3696 1133 3738 supplicium,
1144 3704 1190 3723 ¹00

84 3721 129 3760 *vel
140 3724 189 3747 tale
196 3724 264 3758 quid.
285 3724 343 3751 Sen.
351 3724 383 3752 de
398 3727 488 3754 Benef.
497 3736 521 3760 4,
534 3731 562 3760 56
583 3729 612 3753 de
624 3738 658 3759 eo,
671 3731 713 3762 qiu*
720 3739 807 3758 temere
813 3741 838 3759 et
845 3734 948 3768 ingrato
960 3733 1086 3767 promisit:
1107 3732 1134 3758 Si

82 3765 207 3790 eriguum
221 3759 266 3793 est,
285 3759 368 3787 dabo:
405 3771 459 3789 non
474 3764 537 3798 quia
552 3763 645 3798 dignus
660 3763 705 3800 est,
722 3766 764 3793 sed
778 3769 840 3802 quia
853 3768 974 3804 promisi:
1009 3777 1066 3795 non
1079 3775 1134 3794 tan-

83 3800 161 3825 quam
178 3802 272 3821 munus
286 3795 362 3829 dabo,
381 3798 424 3824 sed
437 3805 465 3825 vt
478 3799 561 3826 verba
574 3809 631 3826 inca
640 3799 781 3828 redimam:
800 3810 829 3830 vt
842 3813 933 3831 aurem
948 3803 1016 3830 mihi
1031 3802 1134 3838 ρει-1101-

82 3827 144 3854 13111.
164 3827 260 3856 damno
271 3832 402 3867 castigabo
413 3835 595 3869 promittentis
612 3836 795 3864 temeritatem.
867 3841 940 3872 Ecce,
956 3846 984 3866 vt
999 3839 1087 3865 doleat
1101 3837 1132 3864 ti-

82 3862 111 3890 bi
132 3864 172 3900 (se
186 3864 274 3901 ipsum,
286 3875 309 3892 et
321 3869 429 3895 animam
435 3870 508 3906 suum
521 3871 652 3907 alloquitur
660 3882 670 3903 J
690 3877 719 3899 vt
731 3871 788 3907 post
800 3882 830 3901 ea
843 3875 1031 3903 consideratius
1041 3875 1131 3908 loqua-
1142 3888 1186 3910 105
1201 3883 1247 3907 35¹·
1299 3870 1390 3899 Tecta
1404 3879 1469 3897 auro
1485 3868 1609 3897 sublimia
1627 3867 1746 3894 linuntur
1764 3866 1801 3894 ld.
1821 3865 1853 3892 de
1866 3865 2004 3893 Medicam.
2016 3861 2093 3889 faciei

235 3907 324 3929 VOL.
351 3905 397 3931 ΠΙ,

384 2439 442 2466 Cic.
456 2439 530 2466 Fam.
544 2448 574 2472 9,
590 2448 602 2465 2
621 2438 692 2466 Tibi
707 2444 796 2465 autem
809 2439 882 2465 idem
895 2439 998 2465 consilii
1012 2439 1057 2473 do,
1072 2439 1144 2474 quod
1153 2438 1184 2467 65

883 2619 940 2646 Cic.
961 2620 1046 2646 Tusc.
1067 2629 1089 2652 5,
1105 2621 1143 2646 ii6
1152 2624 1184 2648 70

893 2799 995 2827 Dofnis
1015 2800 1143 2827 sermonis
1153 2808 1179 2831 75

1048 2979 1140 3007 Tueri
1148 2982 1181 3006 80

827 3339 927 3374 Lingua
949 3338 1048 3365 bubula
1061 3337 1135 3364 Idem
1144 3348 1179 3374 90

1216 1774 1277 1791 cum
1292 1765 1392 1800 phiala,
1412 1765 1521 1800 ligulam
1543 1774 1602 1791 cum
1610 1765 1718 1792 mittere
1736 1767 1818 1801 posses
1826 1767 1835 1792 ἓ
1857 1766 1967 1794 Mittere
1980 1777 2040 1795 cum
2053 1770 2135 1804 posses
2150 1771 2192 1798 vel
2201 1772 2276 1799 coch-

1217 1801 1288 1827 leare
1298 1801 1366 1827 mihi
1376 1802 1459 1827 {vnde
1465 1800 1635 1835 minusfligula
1642 1801 1780 1828 cochleare
1787 1802 1892 1830 indicat.
1916 1803 2008 1830 Tamen
2013 1811 2059 1840 pro
2066 1807 2143 1832 eodem
2150 1808 2276 1843 accipiunt

1215 1837 1272 1862 viri
1279 1837 1352 1869 dotti,
1360 1837 1387 1862 in
1393 1845 1513 1871 quantum
1520 1836 1552 1872 2ss
1558 1836 1641 1871 ligula
1648 1838 1782 1872 Mensurae
1785 1847 1873 1873 genus,
1881 1847 1972 1873 quarta
1976 1846 2037 1875 pars
2044 1843 2135 1874 cyathi.
2143 1842 2255 1877 Plin.20,
2261 1852 2275 1875 ς

1217 1874 1283 1899 Item
1292 1872 1497 1907 opisthotonicis
1506 1879 1532 1898 et
1539 1872 1693 1899 iocinorum
1702 1873 1788 1909 vitiis,
1806 1880 1831 1899 et
1839 1874 2011 1908 torminibus,
2017 1882 2043 1902 et
2049 1876 2220 1911 stranguriae,
2229 1879 2276 1906 du-

421 1915 456 1934 A.
477 1908 543 1943 quid
556 1909 612 1935 ita?
649 1915 671 1934 S·
693 1917 777 1943 quom
790 1918 900 1936 veniam
919 1909 1048 1936 inuocent
1068 1910 1150 1937 Plaut.
1169 1918 1202 1940 50
1217 1917 1294 1934 arum
1304 1915 1348 1934 aut
1356 1908 1590 1942 triumligularum
1604 1909 1733 1935 mensura.
1764 1909 1865 1934 Vid.1d.
1882 1918 1924 1942 20,
1938 1917 1960 1941 5.
1987 1911 2076 1936 Mellis
2089 1912 2170 1945 ligula
2191 1914 2274 1941 Scrib.

1219 1953 1268 1975 ¹44·
1305 1944 1387 1968 Binae
1395 1943 1437 1967 vel
1451 1942 1644 1973 ternaeligulae
1665 1950 1705 1967 in.
1741 1942 1816 1967 Duae
1826 1942 1923 1977 ligulae
1941 1953 1994 1976 230.
2032 1945 2194 1974 Columel.12
2211 1957 2235 1976 21
2262 1959 2275 1977 2

1213 1976 1309 2008 Ligula
1323 1975 1455 2000 cumulata
1468 1975 1535 2000 salis.
1555 1975 1628 2007 Conf.
1636 1975 1744 2009 Apicius
1752 1979 1797 2009 8,6
1812 1977 1860 2012 sub
1867 1979 1916 2013 fin.
2021 1978 2043 2018 q
2058 1990 2070 2011 5
2085 1969 2225 2011 Linaula'm
2232 1970 2274 2012 2’u-

1215 2011 1326 2035 citauere
1338 2010 1413 2035 ctiam
1425 2016 1527 2036 veteres
1543 2010 1697 2037 Gladiolum
1709 2011 1868 2047 oblongum,
1882 2014 1911 2039 in
1925 2014 2038 2049 speciem
2051 2005 2156 2052 linguave
2163 2019 2263 2048 fatituni

1215 2053 1245 2070 vt
1257 2046 1325 2071 docet
1338 2044 1405 2071 Gell.
1421 2055 1458 2078 io,
1471 2054 1507 2077 25.
1562 2048 1592 2071 Et
1605 2047 1678 2072 addit
1689 2047 1785 2081 versum
1802 2049 1918 2081 Naeuii,
1938 2050 2000 2076 Sine
2012 2051 2081 2077 mihi
2095 2062 2199 2081 morem
2211 2040 2275 2090 gei-d

1214 2080 1308 2106 videar
1322 2080 1429 2115 lingua;
1450 2090 1546 2108 verum
1560 2081 1668 2114 lingula.
1707 2083 1748 2107 Sic
1767 2092 1798 2107 ex
1806 2085 1883 2110 MSS.
1898 2085 2005 2111 Gronou.
2049 2087 2137 2115 Varro
2158 2089 2190 2116 de
2202 2091 2223 2117 L
2245 2093 2265 2119 L

1215 2118 1241 2149 6,
1254 2119 1268 2143 6
1282 2126 1307 2150 p.
1322 2121 1358 2147 82,
1372 2125 1400 2146 25
1419 2117 1509 2143 Giadu
1525 2116 1626 2150 lingula
1639 2124 1652 2141 a
1667 2115 1765 2149 lingua.
1821 2119 1896 2155 Qid
1906 2119 1936 2151 ſs
1946 2119 2060 2155 Linguia
2081 2123 2115 2158 .st
2132 2124 2208 2160 ,ΝΜ
2215 2111 2275 2160 ,ἓῃζ

1214 2161 1269 2176 rum
1279 2152 1367 2186 gladii
1372 2151 1429 2183 fine
1437 2152 1564 2177 manubrio
1577 2159 1601 2177 et
1615 2151 1728 2185 vagina?
1880 2151 1901 2191 ff
1928 2156 1943 2181 6
1969 2156 2082 2191 Lingula
2095 2159 2149 2192 siue
2164 2161 2265 2196 Lingua

1209 2193 1257 2221 pro
1271 2186 1442 2212 Promomorio
1455 2186 1564 2221 oblongo.
1603 2186 1676 2213 Caes.
1693 2186 1758 2213 Bell.
1773 2188 1842 2217 Gall.
1856 2199 1877 2222 3,
1892 2199 1915 2217 12
1935 2191 1998 2218 Erat
2005 2193 2138 2221 eiusmodi
2150 2183 2276 2225 fex-esim:

1213 2221 1387 2255 oppidorum,
1406 2227 1436 2248 vt
1455 2222 1538 2256 posita
1557 2222 1586 2248 in
1605 2222 1732 2249 extremis
1754 2223 1877 2259 lingulis,
1896 2229 2159 2265 promontoriisque,
2189 2242 2276 2268 neque

1497 2294 1526 2299 ..
1850 2262 1905 2289 vid.
1926 2262 2006 2298 supra
2032 2265 2060 2290 in
2099 2273 2272 2298 LiNGvA

1211 2302 1244 2333 n.⁴
1253 2302 1273 2323 ς.
1347 2290 1368 2331 ff
1389 2303 1408 2333 7·
1424 2294 1612 2330 Conu1c1umest,
1621 2301 1645 2320 et
1656 2296 1966 2333 appellatiocontumeliosa
1975 2299 2056 2327 Plaut.
2064 2301 2143 2330 Poen.
2151 2313 2173 2336 ς,
2194 2314 2207 2336 5
2241 2315 2272 2339 30

1213 2330 1326 2364 Ligula,
1360 2331 1370 2356 i
1400 2338 1429 2356 in
1445 2329 1541 2356 malam
1566 2339 1682 2357 crucem.
1726 2331 1810 2359 Tune
1829 2332 1874 2359 hic
1893 2339 1996 2362 amator
2018 2336 2097 2364 audes
2122 2340 2186 2372 effe,
2213 2325 2269 2369 ἐκ.

1252 2373 1268 2392 L
1282 2373 1290 2391 1
1302 2372 1324 2390 N
1334 2371 1355 2392 G
1368 2372 1390 2392 v
1404 2372 1427 2392 A
1440 2372 1462 2392 'r
1473 2372 1495 2389 v
1505 2372 1533 2402 s,
1552 2375 1575 2400 a,
1595 2375 1650 2393 um.
1686 2368 1737 2394 Pro
1749 2369 1847 2402 laquaci
1854 2369 1938 2404 posuit
1952 2371 2072 2400 Tertull.
2087 2373 2119 2400 de
2139 2376 2234 2403 Anima
2247 2387 2260 2404 c

1212 2411 1224 2434 3
1246 2401 1388 2436 Apostolus
1403 2401 1515 2428 Athenis
1528 2408 1650 2437 expertus
1663 2401 1807 2437 linguatam
1828 2403 1973 2438 ciuitatem.
2262 2398 2269 2405 .

1250 2444 1268 2464 Ι.
1280 2444 1290 2464 1
1304 2444 1325 2464 N
1337 2443 1358 2465 G
1367 2444 1389 2463 V
1401 2444 1424 2465 A
1436 2445 1471 2473 X,
1490 2439 1552 2465 acis.
1578 2438 1637 2465 Adi.
1662 2438 1851 2473 [wasconem.
1872 2443 1961 2476 Λάιος]
1986 2444 2100 2479 Verbosus
2119 2446 2220 2472 multum
2234 2448 2269 2474 lo-

1210 2482 1295 2508 quens,
1309 2474 1390 2501 dicax.
1446 2474 1515 2500 Gell.
1536 2484 1561 2508 1,
1583 2484 1607 2506 ¹5
1625 2475 1736 2501 Veteres
1747 2476 1831 2502 nostri
1841 2475 1891 2503 hoc
1903 2486 1984 2511 genus
1998 2479 2121 2507 homines
2142 2482 2171 2508 in
2186 2483 2269 2511 verba

1208 2509 1362 2543 prouetffios,
1382 2509 1550 2541 locutuleios‚
1570 2516 1595 2537 et
1608 2510 1767 2544 blaterones,
1780 2517 1805 2538 et
1817 2512 1951 2547 linguaces
1963 2514 2096 2543 dixerunt.
2111 2518 2170 2544 Alii
2181 2519 2268 2555 legunt

1209 2545 1375 2580 Lingulacas.
1412 2547 1461 2572 Sed
1473 2546 1611 2574 Onomast.
1632 2547 1691 2574 Vet.
1704 2546 1835 2582 Linguax,
1848 2551 1930 2582 λάλος,
1950 2552 2139 2584 ἀθυρόγλωττας.

1248 2588 1291 2621 11
1307 2588 1328 2607 Ν
1342 2587 1365 2608 G
1377 2588 1399 2608 v
1411 2588 1427 2607 L
1436 2582 1461 2609 Ᾱ
1468 2587 1485 2608 c
1498 2589 1519 2608 A
1529 2603 1539 2615 ,
1559 2591 1597 2609 ae.
1617 2583 1636 2609 f.
1658 2582 1834 2619 [γλωσσύδης]
1855 2583 2007 2619 kingulaca,
2026 2586 2115 2615 Genus
2123 2589 2210 2624 piscis,
2222 2590 2266 2618 vel

1208 2617 1311 2644 Mulier
1325 2617 1482 2653 argutatrix,
1501 2619 1584 2653 inquit
1596 2618 1663 2646 Fest.
1700 2620 1858 2653 Hermolaus,
1875 2621 1955 2656 Qem
1969 2624 2075 2649 Plautus
2088 2631 2162 2658 atque
2186 2628 2265 2653 Varro

1208 2653 1362 2688 lingularum
1370 2654 1514 2680 nominant:
1533 2654 1654 2690 autsalea
1661 2653 1702 2690 ςβ,
1714 2655 1839 2681 auteinon
1847 2656 1974 2689 abfimilis.
2001 2658 2083 2686 Plaut.
2093 2660 2148 2687 Cas.
2163 2670 2186 2694 2,
2194 2668 2218 2694 8,
2233 2663 2264 2689 62

1209 2690 1272 2715 Vin'
1289 2689 1450 2724 lingulacas?
1471 2696 1493 2716 s.
1502 2690 1565 2725 quid
1574 2699 1640 2725 opus
1649 2690 1694 2724 est,
1702 2690 1809 2724 quando
1824 2700 1894 2718 vxor
1902 2691 1976 2720 dorni
1984 2694 2038 2720 est?
2052 2695 2219 2730 ealingulaca
2227 2697 2264 2724 est

1209 2725 1302 2752 nobis:
1316 2734 1377 2752 nam
1390 2734 1526 2760 nunquam
1539 2732 1614 2754 tacet.
1635 2729 1673 2752 De
1690 2727 1812 2754 Varrone
1819 2730 1925 2753 nondum
1936 2729 2030 2756 inueni.
2050 2731 2101 2756 Sed
2105 2732 2150 2757 bue
2154 2734 2264 2767 pertinet

1207 2762 1283 2787 etiam
1301 2762 1369 2789 Gell.
1388 2771 1407 2795 1,
1422 2771 1446 2793 15
1470 2763 1579 2789 Veteres
1593 2762 1677 2789 nostri
1690 2761 1740 2789 hoc
1754 2771 1835 2797 genus
1847 2762 1971 2790 homines
1979 2764 2008 2790 in
2023 2765 2105 2793 verba
2118 2768 2263 2801 proieoos,

1207 2797 1365 2825 locutuleios
1379 2805 1405 2825 et
1418 2798 1566 2825 blaterones
1584 2805 1610 2825 et
1629 2798 1772 2832 lingulacas
1794 2798 1926 2826 dixerunt.
1945 2801 1980 2827 al.
2000 2800 2143 2836 linguaces.
2199 2803 2262 2830 Lin-

1206 2833 1307 2867 gulaca,
1328 2843 1389 2869 quae
1401 2842 1426 2860 et
1438 2835 1535 2869 lingua,
1557 2834 1643 2860 Herba
1655 2834 1725 2860 circa
1739 2834 1826 2860 fontes
1840 2835 1946 2861 nascens
1967 2836 2032 2864 Plin.
2056 2847 2093 2871 25,
2115 2848 2144 2864 11.

1243 2876 1260 2895 L
1274 2877 1282 2896 1
1297 2877 1320 2896 N
1331 2876 1353 2896 G
1364 2877 1385 2897 v
1397 2877 1414 2897 1.
1425 2871 1448 2897 Ᾰ
1457 2877 1478 2897 Τ
1491 2877 1511 2896 V
1526 2877 1539 2897 s
1550 2891 1558 2904 ,
1578 2879 1602 2900 3,
1623 2879 1677 2896 um.
1695 2869 1757 2898 Adi.
1778 2870 1967 2907 [γλωσσοειδῆς]
1984 2876 2011 2898 Α
2032 2874 2142 2908 Lingula
2154 2874 2171 2900 s.
2182 2870 2258 2907 Ligu-

1204 2905 1240 2938 la,
1262 2908 1292 2931 tle
1306 2915 1355 2940 qua
1361 2907 1442 2941 supra
1459 2915 1485 2933 n.
1500 2915 1513 2932 2
1533 2906 1650 2934 diximus.
1722 2906 1851 2932 Dicuntur
1872 2915 1953 2933 autem
1971 2908 2104 2944 Lingulati
2125 2908 2209 2935 tubuli
2225 2916 2258 2935 ex

1205 2947 1279 2976 parte
1302 2942 1397 2975 altera,
1437 2948 1467 2969 vt
1489 2942 1556 2968 alius
1582 2941 1612 2967 in
1629 2941 1712 2969 alium
1731 2941 1803 2968 inire
1830 2943 2028 2978 conuenireque
2053 2943 2145 2979 possint
2167 2943 2258 2970 Vitru-

1205 2977 1254 3003 vio
1276 2983 1290 3006 8
1311 2987 1333 3004 c.
1348 2978 1396 3004 vlt.
1411 2987 1436 3013 p.
1453 2987 1504 3011 170.

1240 3020 1257 3039 1.
1271 3020 1281 3039 1
1293 3020 1315 3039 N
1326 3019 1347 3040 G
1358 3020 1380 3038 v
1390 3014 1410 3040 ὁ
1421 3020 1435 3041 s
1449 3020 1470 3040 v
1479 3020 1492 3040 s
1501 3035 1510 3049 ,
1527 3022 1552 3047 a,
1571 3022 1626 3041 um.
1663 3014 1730 3040 Idem
1741 3014 1808 3048 quod
1817 3013 1945 3048 Linguax.
1999 3014 2100 3041 Petron.
2115 3023 2136 3041 c.
2150 3023 2182 3048 43
2202 3014 2256 3042 Du.

1202 3057 1246 3075 rae
1261 3048 1357 3076 buccae
1371 3049 1434 3086 fuit,
1453 3049 1598 3085 linguosus.
1633 3051 1702 3076 Add.
1723 3050 1761 3077 Id.
1776 3059 1797 3075 e.
1813 3052 1850 3081 63.
1887 3051 1962 3075 Artes
1984 3049 2119 3083 linguosae
2147 3051 2256 3085 August.

1202 3085 1316 3111 Confessss
1332 3095 1350 3116 1,
1365 3095 1380 3120 9
1398 3092 1438 3120 pr.
1495 3086 1570 3120 Conf.
1591 3085 1705 3112 Hieron.
1725 3085 1843 3120 Epitaph.
1857 3084 1960 3111 Paullae
1973 3085 2035 3119 (Ep.
2046 3087 2091 3118 27)
2111 3095 2131 3112 c.
2147 3094 2182 3114 1ο.

1241 3128 1257 3147 L
1272 3130 1281 3148 1
1295 3127 1316 3147 N
1328 3128 1338 3147 1
1348 3127 1379 3155 0,
1392 3122 1442 3155 ῑ111,
1455 3123 1532 3154 itum,
1555 3125 1602 3148 ire.
1623 3121 1782 3154 [ἔταλείῳω]
1797 3128 1842 3155 pro
1859 3126 1876 3146 L
1886 3118 1900 3146 1⁹
1912 3126 1934 3146 N
1947 3126 1976 3154 O,
1997 3120 2061 3154 leui,
2079 3121 2172 3149 linere.
2185 3130 2212 3150 v.
2226 3131 2253 3151 v.

1202 3157 1334 3190 inferioris
1347 3165 1371 3183 et
1376 3157 1496 3192 sordidae
1508 3158 1597 3183 aetatis
1610 3159 1714 3182 videtur
1724 3158 1865 3182 Bur-manno
1883 3158 1919 3182 ad
1936 3155 2068 3189 Qii'nffll.
2085 3157 2200 3184 Deelam.
2217 3167 2254 3192 13,

1203 3201 1216 3223 5
1235 3201 1260 3227 p.
1275 3201 1326 3226 277.
1377 3195 1443 3219 Nam
1458 3195 1523 3228 quod
1531 3194 1650 3218 laudatur
1669 3193 1745 3226 Prop.
1759 3201 1781 3224 3,
1794 3201 1832 3224 10,
1854 3200 1873 3218 11
1901 3191 1978 3218 Neue
1991 3198 2035 3218 tua
2046 3191 2141 3220 Medae
2155 3194 2252 3221 linian-

1202 3233 1246 3255 tur
1259 3229 1338 3255 caede
1352 3229 1469 3264 sagittae,
1489 3227 1673 3260 Brouckhustus,
1686 3236 1716 3253 ne
1731 3227 1806 3261 falia
1817 3226 1913 3262 quidem
1933 3228 2039 3253 ulterius
2060 3227 2169 3254 lanionis
2187 3239 2251 3255 men.

1200 3265 1281 3298 tione,
1302 3274 1350 3290 non
1368 3266 1448 3291 minus
1462 3274 1534 3299 quam
1550 3264 1598 3289 alii
1609 3264 1722 3296 editores,
1742 3264 1811 3288 dedit
1822 3264 1959 3289 laetentur.
2000 3263 2077 3300 Qud
2088 3263 2176 3298 paffim
2189 3264 2252 3300 legi.

1201 3307 1243 3326 tur
1268 3302 1337 3335 apud
1366 3300 1553 3332 Columellam,
1590 3308 1616 3325 v.
1637 3309 1664 3334 g.
1691 3308 1715 3331 4,
1735 3307 1776 3331 24,
1791 3301 1814 3324 6.
1886 3299 1911 3331 6,
1924 3299 1964 3334 26,
1979 3308 2003 3331 4.
2051 3302 2125 3332 6,30,
2137 3309 2150 3332 3
2172 3307 2214 3327 etc.
2222 3301 2249 3325 in

1199 3345 1224 3362 eo
1238 3337 1356 3362 librarios
1370 3337 1476 3372 accusat,
1495 3345 1547 3361 cum
1559 3335 1705 3370 praesertim
1718 3335 1801 3368 optimi
1811 3333 1899 3359 codices
1904 3333 2019 3368 formam
2032 3335 2121 3361 tertiae
2139 3336 2251 3370 coniuga-

1200 3371 1276 3398 tionis
1286 3372 1378 3408 praese
1384 3373 1485 3406 ferant,
1541 3372 1590 3397 Sed
1600 3372 1668 3405 apud
1680 3368 1819 3396 Palladium
1832 3375 1896 3394 certe
1907 3379 1936 3395 ea
1943 3368 2031 3403 fiarmn
2043 3377 2093 3396 tum
2106 3371 2133 3396 in
2140 3371 2251 3405 fimplici

1200 3415 1251 3433 tum
1263 3408 1291 3433 in
1304 3407 1602 3443 compositis-frequentior
1614 3405 1654 3441 est,
1673 3414 1745 3439 quam
1757 3411 1785 3429 ut
1792 3404 1854 3440 solis
1866 3413 1919 3430 eam
1933 3405 2048 3431 librariis
2072 3406 2195 3440 imputare
2206 3415 2249 3432 au-

1201 3445 1278 3470 deam.
1317 3445 1369 3470 Nec
1385 3445 1536 3470 varietatem
1548 3441 1643 3476 obfhruo
1661 3441 1727 3467 Plin.
1742 3448 1765 3472 17
1786 3447 1853 3466 extr.
1873 3440 2003 3474 Sanguine
2016 3441 2106 3467 vrfino
2120 3441 2195 3467 liniri
2204 3450 2250 3468 vo-

1200 3478 1259 3505 lunt
1272 3480 1328 3515 post
1342 3479 1507 3514 putationem
1530 3477 1633 3505 easdem
1653 3475 1772 3515 (fidam.)-
1810 3477 1841 3515 ,Εἴ
1857 3484 1894 3509 19,
1909 3478 1925 3502 ⁶
1944 3476 1962 3502 s·
1975 3485 2001 3508 35
2020 3476 2172 3511 porrigines
2191 3478 2249 3509 (cu-

1198 3518 1306 3550 rantur)
1329 3515 1392 3542 felle
1405 3515 1492 3542 ouillo
1503 3523 1562 3541 cuin
1577 3518 1644 3539 creta
1657 3511 1782 3545 Cimolia,
1799 3510 1879 3537 linito
1893 3518 1994 3547 capite,
2016 3511 2099 3539 donec
2115 3512 2247 3538 inarescat.

1198 3553 1239 3577 De
1251 3553 1297 3578 hac
1309 3552 1398 3586 fhrma
1411 3551 1443 3587 est
1457 3551 1532 3576 etiam
1546 3556 1636 3586 nomen?
1649 3549 1714 3580 quod
1724 3546 1815 3583 statim
1833 3549 1928 3573 damus.

1236 3595 1275 3613 111
1288 3595 1309 3613 N
1321 3595 1328 3613 1
1342 3594 1392 3613 Τν
1403 3594 1432 3620 s,
1453 3585 1491 3613 sis.
1512 3595 1545 3612 m.
1597 3582 1664 3609 Plin.
1684 3590 1736 3618 20,
1758 3591 1781 3610 12
1800 3582 1818 3608 s.
1833 3591 1860 3615 47
1880 3585 1911 3608 de
1919 3582 2073 3618 petroselino,
2094 3581 2246 3609 Praeualere

1199 3628 1290 3649 contra
1305 3624 1435 3657 serpentes
1449 3629 1513 3657 potu
1528 3626 1553 3646 et
1565 3617 1660 3658 11111111,

1238 3665 1255 3684 L
1271 3666 1360 3689 lNo,
1385 3658 1436 3685 litii
1456 3657 1497 3683 vel
1518 3656 1587 3686 leui,
1609 3653 1704 3689 litum,
1731 3655 1785 3680 ere.
1817 3654 1963 3685 [ivi-uastam,
1991 3651 2111 3685 ὗποχριω]
2143 3653 2245 3689 Υημζε,

1201 3693 1265 3719 molle
1278 3702 1302 3719 et
1318 3695 1453 3726 madidum,
1472 3699 1515 3717 aut
1524 3690 1615 3725 pingue
1628 3691 1745 3724 quiddam
1763 3689 1887 3716 inducere.
1944 3688 2005 3714 Liu.
2022 3697 2055 3720 21,
2068 3694 2081 3717 3
2101 3686 2129 3714 Id
2142 3685 2207 3724 sicut.
2216 3693 2245 3710 in

1199 3729 1256 3764 pilo
1274 3729 1431 3764 quadratum
1439 3729 1527 3760 stuppa
1546 3724 1778 3759 circumligabant,
1806 3723 1976 3756 linebantque
1994 3723 2059 3757 pice.
2130 3719 2245 3760 Ma'rtial.

1199 3776 1224 3797 4,
1238 3775 1266 3800 39
1286 3766 1343 3792 Nec
1355 3762 1549 3798 quaeCanaico
1562 3761 1771 3788 linunturAuro.
1809 3760 1910 3786 Faciem
1931 3759 2140 3789 Iiuienal.6,481.
2166 3765 2183 3794 ¹:
2198 3756 2246 3788 fu-

1336 3799 1422 3826 Labra
1434 3797 1549 3825 Martial.
1565 3807 1586 3831 3,
1600 3806 1642 3830 42.
1699 3795 1922 3823 Medicamentum
1937 3795 2032 3820 linitur
2044 3793 2111 3818 aluta
2125 3789 2246 3819 Scribon.

1341 3836 1396 3861 Ora
1410 3835 1492 3861 linere
1509 3833 1635 3864 venenis,
1665 3832 1682 3857 i.
1696 3830 1788 3857 Fut-are
1804 3831 1900 3864 faciem
1921 3829 2001 3856 Ouid.
2015 3828 2045 3853 de
2064 3828 2137 3852 Rem.
2154 3827 2247 3888 Angor.

2118 3870 2140 3894 7.
2227 3870 2247 3889 1.

2126 3871 2246 3924 rameri'ta

1199 3810 1264 3828 care.

1200 3844 1234 3867 81.
1249 3843 1285 3867 82.

1355 3906 1382 3934 N
