2517 4231
0 209 132 252 „941
278 232 280 234 ,
438 197 469 238 P
557 197 594 238 o
678 199 728 239 M
1570 200 1601 241 P
1693 200 1734 241 0v
1824 205 1868 247 Ν
2166 228 2245 268 942

95 288 316 322 POMPI'LVS,
334 288 354 315 i.
374 297 410 315 m.
447 288 526 315 Piscis
546 297 643 324 genus,
657 289 704 324 qui
716 288 772 315 alio
790 285 902 313 nomine
914 291 1024 327 vocatur
1038 287 1114 315 Nau·
1182 298 1203 320 i,
1217 296 1255 321 23.
1292 288 1389 316 Tacit.
1404 290 1495 320 Germ.
1509 292 1552 323 26,
1565 297 1587 324 5.
1746 289 1769 329 q
1790 300 1803 319 2
1839 293 1928 328 Locus,
1940 299 1968 323 in
1980 308 2024 334 ‘1¹⁴⁰
2034 310 2106 338 poma
2119 311 2244 341 repom„-

59 325 140 358 tilos,
158 326 230 361 quod
249 325 325 352 nauis
343 325 455 359 speciem
477 334 539 359 prae
559 326 586 352 sc
605 325 681 352 serat.
707 323 858 357 [ναυτίλος]
887 324 942 356 Qu
959 325 1060 359 semper
1076 326 1114 350 se·
1181 333 1233 351 tur.
1272 324 1338 364 [flin.
1353 334 1386 357 ις,
1401 330 1428 353 16
1456 328 1486 353 In
1505 327 1662 354 vniuersutn
1679 334 1746 354 vero
1759 328 1792 354 de
1807 330 1895 363 pomis
1914 332 2046 362 seruandis
2063 327 2243 372 praecinitur-

59 361 149 397 queris
167 363 282 396 spumas,
295 358 414 396 pompile
435 360 548 388 nitentes
565 361 648 388 Ouid.
661 360 722 388 Hal.
736 368 762 386 v.
776 366 825 385 101.
861 359 930 386 Adii.
951 360 1017 386 Plin.
1032 369 1057 393 9,
1070 369 1113 394 29.
1184 368 1305 395 pomaria
1325 361 1353 386 in
1366 362 1427 389 loco
1441 362 1544 397 frigido
1558 372 1587 390 ac
1606 363 1672 390 sicco
1691 364 1874 398 contabulari,
1894 364 2244 404 Septentrionalibus'sene:

58 396 127 427 Add,
140 397 179 424 Id.
191 405 219 430 9,
235 404 268 430 ¹5¹-
282 403 307 423 et
324 405 364 430 32,
379 406 410 423 ιι.
589 400 593 402 “
1186 396 1245 423 stris
1260 395 1354 423 sereno
1369 396 1412 423 die
1426 405 1531 432 patere,
1568 400 1676 426 Austros
1692 400 1870 443 specularibus
1884 410 1983 429 arcere.

97 438 114 459 ι’
126 438 317 460 οΜΡοΝιΑ
345 442 407 469 gens
432 434 540 466 Romae,
565 443 577 460 e
595 442 643 469 qua
666 441 692 458 v.
711 439 738 467 g.
762 430 908 469 Pomponia
940 432 1114 466 [Πομπωηόι]
1141 438 1156 465 5
1221 436 1330 458 Poiun
1342 440 1360 459 R
1373 440 1381 459 i
1394 441 1454 466 vs,
1475 435 1494 461 i.
1514 444 1549 461 in.
1587 434 1756 471 [ὄπωροπωλης
1769 437 1851 464 Gloss'.
1867 438 1923 464 Lat.
1939 439 2001 474 (ii-‚J
2038 442 2165 471 Pomorum
2182 457 2242 475 ven.

57 468 144 498 Mater
156 468 296 503 Scipionis,
312 478 328 494 a
343 471 400 496 Ioue
418 473 446 496 in
466 479 569 507 anguem
588 473 685 495 rriutato
697 465 838 501 compasta.
870 466 928 493 ΜΔ.
943 468 988 494 sii.
1003 476 1037 500 13,
1053 469 1114 503 670.
1184 467 1263 493 ditor.
1300 469 1368 494 Hor.
1383 469 1465 496 Serui.
1487 479 1513 502 2,
1528 479 1550 503 3,
1569 479 1621 505 227
1657 471 1746 498 Edicit
1766 473 1881 507 piscator
1899 474 1956 507 vti,
1971 477 2121 510 pomarius,
2137 489 2229 517 auceps

56 504 120 532 Item
133 504 295 539 Pomponius
306 505 424 539 Atticus,
448 506 539 533 nobilis
558 502 636 540 Eques
649 504 790 534 Romanus,
806 503 932 529 aei-cllcnti'
951 507 1068 539 ingenio,
1091 510 1115 530 et
1183 504 1398 536 Vnguentarius,
1414 513 1459 532 etc.
1517 508 1547 533 Et
1561 507 1619 533 Vct.
1640 507 1760 542 Inscript.
1775 508 1853 536 Grut.
1874 519 1898 545 p.
1914 512 1959 544 651
1980 520 2006 538 ιι.
2021 520 2044 539 ιι
2084 514 2111 540 Ρ.
2148 505 2243 546 Coki

55 541 151 568 anticus
162 540 289 567 Ciceronis
307 544 335 567 in
350 545 462 577 primis:
479 541 544 569 vnde
558 540 660 567 Atticus
674 539 813 567 Ciceronis
827 537 860 572 ist
873 539 1021 575 appellatur.
1063 540 1115 565 Ha·
1183 539 1223 565 1²1
1234 540 1256 564 D
1267 540 1319 566 10.
1357 541 1372 566 S
1381 542 1391 566 l
1400 542 1421 566 G
1432 542 1456 567 Ν
1467 541 1514 568 ΙΝ
1522 542 1555 570 Ο.
1594 543 1611 569 P
1620 543 1644 569 O
1652 542 1681 568 M
1689 543 1739 570 AR
1747 545 1759 570 I
1767 546 1800 571 O.

39 573 136 602 -bemus
147 579 227 603 vitam
238 580 290 603 eius
303 587 319 604 a
334 579 428 613 Nepote
436 578 570 614 scriptam.
607 573 649 608 Est
662 578 787 606 etiannvt
800 576 863 601 iilius
878 583 1012 607 taceamus,
1026 575 1116 601 nobilis
1220 580 1263 600 1³0
1275 582 1299 601 M
1312 583 1332 602 Α
1342 582 1358 602 R
1371 583 1378 601 i
1394 583 1411 602 v
1422 584 1452 610 s,
1477 586 1508 612 a,
1535 587 1591 605 um.
1627 579 1688 605 Adi.
1726 580 1883 610 Fumarium
1913 583 2088 611 seminarium
2116 585 2187 613 Cato
2209 588 2244 615 de

57 611 220 647 Pomponius
236 613 369 641 Secundus
386 615 544 650 Conjidmts,
566 612 645 638 Poeta
664 614 795 647 trogiius,
820 612 903 637 Plinii
926 614 1030 638 maioris
1054 614 1115 637 ami·
1137 619 1166 638 ιο
1183 610 1214 636 R.
1229 611 1259 636 R.
1273 620 1295 637 c.
1310 617 1353 645 48.

56 656 116 680 cus,
133 650 178 683 qui
196 652 248 676 eius
267 653 349 677 vitam
361 648 476 687 scripsit.
519 647 579 674 Vid.
592 647 656 674 Plin.
671 647 750 682 Epist.
765 655 787 679 3,
802 654 825 679 5.
865 653 888 673 et
903 646 1035 680 Qiine'til.
1052 655 1090 680 10,
1105 655 1114 673 1
1219 652 1262 673 Po
1274 648 1324 688 ixi-E
1336 654 1435 688 iij,
1454 647 1472 673 i.
1492 657 1519 673 n.
1558 648 1624 675 Idem
1649 650 1715 684 quod
1741 652 1892 680 Pomm-ium.
1930 654 2027 681 Pallad.
2050 664 2071 686 ι,
2089 658 2121 689 56
2149 657 2245 693 Longe

50 691 82 719 p.
93 691 149 716 9¹2·
1182 681 1216 708 ab
1229 681 1315 709 hortis
1334 692 1436 713 vmeis,
1456 689 1536 718 atque
1551 686 1675 718 ponietis.
1731 687 1852 715 Tertull.
1865 689 1898 716 de
1911 690 1996 717 Pallio
2010 701 2031 718 c.
2045 700 2061 718 2
2088 694 2247 724 Amoenum

92 726 171 747 1>0M
181 727 197 748 Ρ
208 727 227 748 o
236 729 258 748 N
268 729 277 749 1
286 729 339 749 ΛΝ
348 727 405 752 vs,
427 726 457 751 ες
472 728 527 746 um.
547 719 608 746 Adi.
645 717 828 753 Pomponiana
839 717 912 752 pira,
922 717 998 753 forte
1010 719 1076 754 quod
1086 728 1114 746 ca
1181 718 1289 745 Alcinoi
1307 725 1454 753 pometum.

0 753 2 760 ’
47 758 152 792 primus
173 757 281 794 insuerit
307 756 482 791 Pomponius:
509 755 570 783 haec
591 763 614 782 et
637 756 785 782 Maunnosa
803 754 923 780 dicuntur
930 774 939 787 ,
953 756 1018 790 quod
1044 755 1115 785 docet
1220 760 1236 780 Ρ
1248 761 1267 781 o
1279 761 1304 781 M
1318 753 1329 781 ι’
1339 760 1424 786 FER,
1443 763 1474 786 a,
1491 763 1545 780 um.
1574 755 1637 782 Adi.
1676 758 1766 784 ferens
1779 766 1864 794 poma.
1902 761 1993 789 Arbor
2013 764 2147 797 pomifera
2161 766 2243 793 Colu-

55 791 124 818 Plin.
144 800 185 826 15,
206 801 240 827 ις.
1135 800 1162 828 ις
1183 790 1244 817 mel.
1260 800 1282 823 5,
1295 798 1321 824 9.
1394 791 1486 816 Annus
1506 792 1574 819 Hor.
1589 792 1678 818 Carni.
1691 802 1714 825 3,
1729 803 1763 827 23,
1779 801 1802 824 3,
1873 797 2023 825 Autumnus
2042 800 2139 828 Lucan·
2153 801 2185 829 ad
2200 803 2244 830 Pi,

91 833 349 861 romrTiN‘vs,
372 828 416 855 vel
438 832 664 868 1‘0N‘r13x5v5,
681 834 711 858 a,
731 834 785 865 um.
806 824 869 851 Adi.
907 824 1048 867 Pomptina
1070 834 1113 860 pa·
1182 827 1304 868 sun3139.
1339 827 1408 853 Hor.
1427 826 1480 867 O-d.
1500 836 1528 859 4,
1543 834 1569 861 7,
1584 835 1614 854 ii.
1688 829 1793 857 Montes
1814 831 1896 858 Ouid.
1917 841 1950 859 ex
1970 835 2045 861 l’ont.
2068 844 2086 868 1,
2103 842 2127 870 8,
2143 847 2186 874 43.
2205 840 2244 867 al.

53 861 109 895 lus,
129 865 159 891 in
179 870 294 893 extrema
305 864 384 891 Italia
397 864 449 897 est,
463 864 537 891 iuxta
550 865 667 890 Circeos.
704 861 772 888 Plin.
787 869 809 892 3,
822 868 844 893 5.
881 861 920 887 Dc
932 860 977 886 lea
991 862 1112 894 axjiccata
1182 863 1306 890 Piniferi.
1380 863 1459 890 Ranu
1472 862 1560 889 Senec.
1577 864 1657 890 Herc.
1672 864 1725 892 fiir.
1740 874 1764 898 9.

50 898 192 935 LiuAEpit.
205 908 250 936 47.
287 900 361 928 Sedes
373 902 572 928 latrunculorum
585 897 704 926 quenal.
715 907 737 930 3,
751 904 809 932 307.
846 895 915 935 Add.
930 896 1026 936 Lucan.
1044 905 1066 937 3»,
1074 902 1111 930 85.
1217 906 1232 924 Ρ
1242 907 1260 925 o
1271 906 1295 925 M
1306 905 1342 939 [F
1352 896 1370 925 ἑ
1379 906 1398 925 R
1409 905 1446 930 0,
1465 903 1519 925 arc.
1557 899 1637 940 Glotll
1656 900 1715 930 Lat.
1730 900 1776 929 Gr.
1794 902 1954 936 Pomiferat,
1975 904 2142 942 ὅπωροτμφῖί,

13 948 22 964 2
53 935 185 969 Qiine‘ti'l.
199 945 223 969 3,
237 941 260 968 8.
332 937 392 964 Liu.
405 939 432 969 6,
448 939 465 963 6
502 937 540 964 De
558 944 623 971 agro
638 934 781 968 Pomptino
800 931 834 959 ab
846 932 876 959 L.
889 932 991 959 Sicinio
1005 933 1111 959 'I'ribu-
1218 941 1232 960 1⁴
1242 942 1294 961 OM
1304 942 1345 962 os
1355 941 1416 967 vs,
1436 935 1449 960 a
1461 954 1468 967 ,
1493 943 1548 961 iun.
1579 935 1640 961 Adi.
1680 937 1801 972 Prope-rt.
1822 947 1850 971 4,
1871 947 1896 970 2,
1919 947 1948 974 17
1978 941 2074 969 Infitoi·
2094 944 2138 970 hic
2158 945 2242 974 soluit

26 980 29 984 ¹
49 971 176 1006 ,noplebis
193 972 292 1000 achim.
327 972 396 1000 Ibid.
424 972 598 1008 Fugientium
612 979 644 997 ex
657 978 722 1005 agro
736 968 879 1003 Pomptino
893 976 988 1001 agmen
1001 976 1111 1003 repente
1127 979 1163 998 20
1179 972 1288 1005 pomosa
1302 976 1365 997 vota
1380 979 1487 998 corona.
1561 971 1671 998 Tibull.
1690 981 1709 1003 1,
1725 982 1743 1002 i,
1759 982 1788 1005 23
1816 974 1986 1009 Pomosisque
1998 977 2081 1006 ruber
2094 980 2180 1009 custos
2193 991 2242 1018 pe-

50 1005 157 1034 fflfimm
178 1009 207 1034 j„
227 1009 331 1036 vrbem,
403 1009 499 1045 campi
518 1008 564 1036 Sil.
585 1012 608 1039 8,
627 1011 678 1039 381.
749 1005 856 1032 Tribus
877 1005 1034 1039 Pomptina,
1055 1006 1109 1032 vid.
1177 1014 1257 1035 natur
1269 1007 1299 1033 in
1311 1006 1416 1043 hortis,
1451 1007 1570 1034 Terreat
1588 1013 1617 1035 vt
1631 1009 1707 1036 saeua
1717 1009 1787 1036 falce
1800 1010 1908 1046 Priapus
1919 1020 1992 1041 aues.

23 1046 72 1070 ¹‘11'
81 1049 100 1069 R
110 1051 120 1070 1
130 1050 146 1071 Β
156 1051 176 1070 v
185 1052 209 1071 s.

89 1085 171 1107 POM
181 1087 255 1114 VM,-
272 1080 291 1108 i.
311 1079 338 1107 ii.
373 1080 492 1116 [dudem
508 1076 649 1116 ἀκρόδρυα]
687 1077 811 1116 (ῗεηεναΙε.
833 1086 918 1103 nomen
942 1074 976 1110 est
1001 1080 1109 1105 omnium
1571 1082 1594 1114 P
1694 1083 1723 1115 Ο
1821 1083 1854 1118 N

43 1113 199 1154 sruffuum,
222 1119 307 1153 quiex
319 1116 450 1143 arboribus
467 1116 518 1153 esui
537 1118 593 1151 apti
606 1117 776 1150 proueniunt,
785 1114 841 1147 siue
858 1115 982 1147 mollium,
1006 1123 1045 1140 tue
1064 1114 1108 1141 du·
1573 1131 1576 1133 >

49 1161 144 1179 rorum.
186 1153 245 1179 vid.
261 1153 342 1180 Paull.
355 1153 411 1180 ICt.
432 1153 450 1179 l.
465 1160 508 1185 105
529 1152 561 1178 de
579 1151 613 1177 V.
629 1151 653 1177 S.
689 1149 810 1177 Macrob.
830 1150 880 1176 Sat.
899 1158 926 1183 2,
942 1157 975 1183 15.
1017 1151 1109 1178 Verum
1128 1158 1162 1185 25
1213 1158 1416 1186 PONDERO,
1449 1158 1612 1181 PONDER
1623 1159 1732 1187 OSVS,
1765 1154 1820 1183 vid.
1843 1161 2006 1186 PONDvs.

49 1187 125 1215 Seru.
139 1188 174 1215 ad
186 1189 259 1224 Virg.
272 1189 325 1216 Ecl.
340 1198 362 1215 2.
382 1195 406 1215 ct
425 1187 569 1215 Cascellius
582 1188 638 1214 ICt.
652 1186 720 1223 apud
731 1184 852 1213 Macrob.
868 1186 919 1212 Sat.
936 1195 958 1218 2,
971 1189 988 1213 6
1008 1185 1037 1213 de
1051 1189 1111 1214 mol-
1217 1195 1262 1215 ΡΟ
1274 1195 1296 1215 N
1308 1196 1366 1216 Do.
1395 1189 1492 1216 Indecl.
1513 1199 1539 1216 n.
1584 1190 1671 1224 [μνοῖ,
1688 1193 1779 1226 >xli-poe,
1799 1191 1882 1228 0²>.,„}]
1923 1195 2003 1231 Vulgo
2021 1201 2130 1231 putatur
2152 1207 2242 1226 mmm

42 1224 156 1252 stim-ibn,-
173 1231 272 1252 tamum
289 1227 425 1261 accipiunt.
463 1226 586 1251 Ponamus
605 1230 682 1250 totum
696 1221 832 1249 Macrobii
844 1224 938 1249 locum:
964 1223 1109 1257 Lapidatus
1177 1224 1353 1252 indeclinabile
1373 1229 1504 1261 utriusque
1519 1229 1634 1258 numeri,
1654 1233 1677 1252 et
1697 1226 1761 1253 idsffl
1772 1227 1921 1265 significare
1940 1231 2005 1267 quod
2023 1233 2096 1259 libra.
2135 1235 2183 1262 Sed
2193 1243 2243 1270 po·-

37 1267 67 1286 ’ἃ
83 1261 184 1296 populo
202 1261 339 1294 Vatinius,
363 1270 424 1287 cuni
443 1260 633 1296 gladiatorium
651 1268 747 1286 munus
766 1259 870 1291 ederet,
884 1258 1055 1292 obtinuerat,
1079 1266 1109 1286 vt
1175 1264 1229 1287 tior
1245 1261 1348 1288 videtur
1368 1261 1487 1288 doctrina
1500 1263 1624 1289 Gronouii
1641 1261 1671 1288 de
1686 1264 1741 1289 Pcc.
1762 1265 1816 1291 Vct.
1830 1275 1852 1297 1,
1867 1269 1886 1292 6
1898 1273 1927 1301 p.
1942 1271 1975 1293 26
1993 1268 2035 1294 uhi
2041 1272 2130 1304 ponit,
2147 1271 2243 1300 Pondoo

48 1296 148 1323 aediles
167 1296 317 1330 edicerent,
344 1306 378 1324 ne
402 1298 463 1332 quis
485 1297 515 1324 in
539 1296 666 1323 harenam
689 1295 737 1322 nisi
765 1303 875 1330 pomum
899 1294 994 1322 mifiss'c
1015 1296 1106 1331 vellet.
1169 1297 1268 1333 sem-per
1288 1296 1332 1331 effi
1343 1298 1460 1325 Ablatiui
1478 1299 1549 1336 casus
1566 1305 1595 1325 vt
1613 1300 1688 1335 vulgo
1707 1308 1721 1325 a
1736 1300 1845 1335 vulgus,
1859 1308 1884 1328 et
1903 1303 2022 1338 usurpari
2041 1312 2071 1331 vt
2086 1306 2244 1340 accessionem

30 1332 130 1360 ,Forte
149 1332 190 1360 his
209 1333 302 1360 diebus
320 1334 464 1361 Cascellius
484 1332 618 1360 consultus
636 1341 652 1359 a
673 1331 807 1367 quodam,
828 1331 869 1357 An
889 1339 944 1357 nux
964 1331 1043 1366 pinea
1061 1342 1107 1367 po·
1125 1343 1157 1367 30
1176 1333 1289 1360 vocabuli
1309 1334 1395 1366 libra,
1409 1337 1572 1371 partiumque
1591 1333 1664 1369 ustis,
1684 1341 1709 1362 et
1719 1335 1870 1372 significare
1886 1338 2035 1373 ponderales
2054 1336 2180 1377 intellig&
2200 1342 2246 1369 vel

41 1369 124 1397 ‘mum
138 1370 215 1396 ess'et?
228 1369 380 1405 respondit,
401 1370 428 1397 Si
442 1370 471 1396 in
484 1369 624 1396 Vatinium
643 1369 765 1395 niiss'nrus
786 1377 828 1399 es,
845 1376 955 1403 pomum
975 1368 1019 1394 est.
1053 1371 1108 1405 Ap-
1175 1376 1205 1395 vt
1218 1368 1373 1405 accessionem
1386 1373 1499 1403 numeri,
1520 1379 1582 1407 quae
1595 1370 1679 1404 onusta
1693 1375 1815 1398 mentione
1827 1374 1907 1400 librae
1917 1384 1966 1401 non
1980 1383 2084 1411 corpora
2102 1385 2246 1410 numerata,

39 1411 130 1442 paret,
143 1405 213 1432 illum
221 1405 328 1442 puraſjb,
340 1408 490 1442 alioquinin
502 1406 590 1440 pomis
603 1413 653 1431 non
668 1403 711 1438 cffi-
722 1407 820 1440 pineam
832 1413 936 1431 nucem.
973 1405 1067 1432 Contra
1080 1415 1109 1432 ea
1154 1403 1155 1409 ¹
1169 1404 1219 1442 secl
1231 1406 1361 1441 pondera,
1374 1413 1398 1432 et
1420 1406 1517 1442 quidem
1537 1407 1675 1438 librarum,
1695 1407 1810 1436 donaturi
1825 1409 1929 1437 indicet.
1970 1412 2055 1438 Fuerit
2070 1421 2128 1449 ergo
2141 1414 2249 1450 stmper.

41 1441 114 1470 Plin.
129 1449 165 1476 ις,
178 1450 209 1469 22
231 1452 305 1469 nuces
321 1451 466 1477 pomorum
486 1451 573 1479 genere
592 1440 792 1476 comprehendit.-
824 1440 929 1472 Solum,
943 1443 1043 1477 inquit,
1056 1440 1108 1468 hoc
1175 1441 1240 1468 idem
1259 1442 1324 1479 quod
1343 1441 1478 1477 pondere,
1487 1443 1512 1479 s
1528 1443 1683 1477 pendendo:
1705 1450 1729 1470 et
1748 1444 1782 1471 acl
1799 1447 1938 1474 numeralia
1951 1447 2077 1475 addendae
2090 1450 2195 1484 suerint
2209 1450 2248 1476 li-‚

66 1487 159 1505 omum
178 1484 272 1506 natura
294 1478 448 1514 cuinpaCtili
467 1478 637 1514 operimento
657 1476 756 1507 claiifit.
775 1476 804 1503 dc
825 1486 884 1503 nuce
902 1477 1028 1513 iuglande.
1064 1479 1107 1505 Sic
1176 1477 1248 1505 brae.
1287 1478 1404 1505 iudicent
1419 1482 1461 1515 qui
1470 1478 1581 1514 poſjicnt.
1622 1481 1677 1506 Not
1689 1482 1798 1516 exempla
1806 1489 1936 1517 ponemus.
1973 1483 2057 1511 l’laut.
2071 1485 2162 1512 Pseud.
2177 1495 2201 1519 3,
2213 1495 2249 1518 2..k

66 1523 193 1542 omorum
206 1516 372 1550 appellatione
385 1518 489 1542 veniunt
505 1516 589 1541 Nuces
598 1516 703 1549 pineae,
714 1513 783 1549 apud
794 1513 911 1540 Martial.
925 1522 959 1548 13,
974 1522 1005 1546 25
1024 1515 1107 1541 Poma
1127 1520 1157 1547 35
1176 1522 1211 1549 27
1231 1515 1269 1540 Eo
1283 1513 1414 1549 laserpitii
1429 1515 1527 1541 libram
1549 1514 1639 1549 pondo
1659 1514 1774 1543 diluunt.
1832 1519 1864 1544 Et
1878 1518 1947 1545 Rud.
1967 1529 1996 1553 4,
2008 1529 2030 1552 3,
2043 1529 2060 1553 9
2089 1521 2186 1555 Neque
2199 1523 2243 1557 pi-
2266 1519 2269 1521 ’

40 1551 135 1578 -sumus
147 1551 275 1583 Cybeles,
290 1558 336 1578 etc.
387 1552 464 1579 Mora
479 1554 554 1578 etiam
567 1549 669 1576 Plinius
686 1551 797 1585 appellat
810 1550 890 1576 Poma
905 1558 940 1583 15,
955 1559 999 1583 24.
1032 1551 1108 1577 Glon-
1176 1550 1262 1578 scium
1281 1551 1363 1578 vllam
1384 1552 1488 1578 vnciam
1509 1551 1591 1578 hodie
1612 1550 1706 1578 Pondo
1725 1553 1799 1587 cepi,
1821 1553 1869 1580 nisi
1890 1554 1962 1589 quod
1982 1556 2042 1583 fero
2061 1555 2105 1584 hic
2126 1558 2155 1584 in
2172 1564 2243 1585 rete.

46 1587 91 1614 des
103 1597 154 1614 non
165 1590 240 1618 item,
259 1588 301 1614 sic
320 1590 385 1614 enim
404 1591 443 1614 ait
462 1587 569 1619 ibidem,
590 1585 705 1612 Glandcs
724 1586 795 1612 inter
808 1594 886 1620 poma
900 1586 1037 1614 numerari
1052 1596 1108 1614 non
1178 1587 1217 1612 Id.
1233 1587 1305 1613 Men.
1319 1596 1342 1620 3,
1358 1596 1381 1620 3,
1394 1596 1407 1619 ξ’,
1433 1589 1520 1622 Atque
1536 1586 1597 1613 huic
1611 1593 1641 1614 vt
1655 1587 1734 1615 addas
1746 1590 1805 1616 auri
1818 1589 1908 1624 pondo
1929 1593 2044 1619 vnciam.
2117 1594 2243 1622 Macrob-

65 1623 166 1650 offiint:
186 1623 363 1658 quamobrem
382 1624 411 1650 in
428 1625 473 1650 sua
485 1629 579 1650 natura
597 1621 728 1648 dicentur.
781 1622 860 1648 Ficus
874 1631 953 1656 poma
967 1628 1041 1649 vocat
1054 1624 1106 1650 Co-
1175 1623 1227 1650 Sat.
1242 1632 1263 1656 3,
1279 1631 1303 1657 15
1328 1623 1428 1650 Plinius
1441 1623 1574 1650 Secundus
1589 1624 1756 1659 temporibus
1771 1626 1824 1652 suis
1840 1632 1918 1661 negat
1931 1627 2011 1654 facile
2022 1629 2137 1656 mullum
2150 1639 2243 1665 reper-

41 1633 140 1686 ἓῗιιιιιεί.
153 1664 178 1692 8,
192 1667 232 1694 17,
248 1668 282 1692 13·
319 1659 393 1695 (Λευεί
410 1667 490 1687 autem
504 1660 594 1695 vulgus
610 1659 738 1685 Gallorum
751 1667 862 1692 pomum
874 1665 963 1690 vocat,
977 1659 1006 1685 iil
1017 1660 1108 1686 Latini
1174 1664 1250 1692 tum,
1270 1660 1318 1694 qui
1336 1659 1399 1686 duas
1417 1659 1509 1694 pondo
1529 1659 1612 1686 libras
1633 1660 1781 1688 excederet.
1840 1662 1919 1697 Apud
1938 1664 2069 1691 Catonem
2082 1665 2115 1691 de
2123 1666 2162 1692 Re
2175 1666 2243 1693 rust.

0 1692 1 1697 ¹
42 1695 152 1723 Malum
174 1697 311 1730 appellant.
354 1695 430 1732 Conf.
453 1705 512 1732 quos
529 1694 657 1722 Iaiiiiamus
681 1696 709 1719 in
735 1694 821 1720 Indice
840 1696 965 1729 Scriptor.
981 1696 1029 1721 Rei
1042 1706 1072 1721 ru
1084 1694 1105 1723 i.
1117 1700 1155 1726 40
1174 1695 1237 1721 illud
1249 1695 1342 1722 Pondo
1361 1698 1437 1723 litera
1456 1697 1480 1722 P.
1497 1699 1658 1756 e.i¹5primiticr.
1688 1698 1718 1724 V.
1731 1706 1757 1732 g.
1772 1701 1815 1730 48,
1831 1706 1840 1723 1
1855 1699 1931 1724 Casei
1947 1700 1974 1725 P.
1987 1700 2023 1725 11.
2039 1700 2062 1726 S.
2075 1701 2100 1727 h.
2113 1710 2132 1726 e.
2149 1701 2247 1735 pondo.

47 1731 162 1758 Mitibus
177 1731 264 1766 pomis
278 1731 405 1758 decorum
419 1739 496 1766 caput
510 1729 640 1757 Autumni
657 1729 725 1756 Hor.
740 1729 824 1763 Epod.
838 1738 865 1762 2,
879 1738 916 1765 17.
989 1731 1052 1757 Erat
1066 1732 1108 1757 Pi·
1168 1731 1194 1766 s·
1209 1730 1327 1763 pondere
1340 1731 1422 1757 libras
1436 1737 1499 1758 ⁰⁰³⁵
1525 1732 1601 1757 emis·
1626 1738 1650 1757 θ’
1665 1732 1692 1757 P·
1708 1734 1767 1766 Ξ
1783 1732 1851 1759 ibid·
1866 1733 1891 1759 h·
1906 1743 1927 1759 “-
1965 1735 2038 1762 ondo
2055 1735 2244 1769 q¹¹ssd1⁶³¹¹te¹¹b

46 1777 94 1794 rus
114 1768 142 1794 in
161 1768 278 1799 vicinia,
291 1768 378 1802 pomis
397 1767 490 1794 onusta
508 1764 742 1800 Augustin.·C0nf.
766 1772 837 1800 2,K4..
902 1765 993 1792 Arbor
1007 1766 1106 1792 fertilis
1174 1766 1244 1792 Adii.
1259 1771 1319 1798 2:85
1334 1769 1422 1799 et1'158‚
1436 1775 1456 1793 1.
1494 1766 1628 1793 Columel.
1645 1775 1683 1799 12,
1696 1775 1742 1799 20,
1755 1774 1768 1800 5
1789 1768 1858 1794 Item
1872 1777 1946 1801 myrr
1968 1779 1997 1796 ae
2012 1772 2160 1805 quincunx,
2174 1773 2246 1800 cala-

45 1805 137 1839 pomis
155 1804 244 1830 aureis
259 1803 346 1829 Senee.
366 1804 459 1837 Agam.
473 1803 490 1828 s.
502 1810 529 1834 9.
602 1802 646 1828 Bis
665 1799 792 1835 grauidae
807 1799 935 1834 pecudes,
954 1800 996 1827 bis
1016 1803 1104 1835 pomis
1174 1800 1213 1827 mi
1228 1801 1318 1835 pondo
1332 1800 1447 1833 libram,
1462 1801 1544 1828 caliae
1555 1801 1697 1834 selibram,
1710 1803 1811 1829 amomi
1824 1803 1916 1838 pondo
1929 1807 2070 1840 quadram,
2083 1809 2156 1836 croci
2163 1810 2247 1844 quin-

43 1839 121 1866 vtilis
139 1840 217 1866 arbos
243 1840 317 1873 Virg.
333 1839 432 1873 Georg.
454 1847 477 1870 2,
499 1845 551 1870 150.
625 1835 728 1862 Acerba
748 1835 832 1861 Ouid.
844 1836 938 1862 Amor.
957 1845 982 1868 2,
1001 1845 1040 1869 14,
1059 1846 1105 1870 24.
1174 1845 1261 1869 cunx,
1275 1837 1364 1871 cripae
1385 1838 1572 1873 pampinaceae
1593 1837 1707 1864 librani:
1728 1849 1800 1874 quani
1814 1846 1937 1867 rationem
1955 1841 2072 1878 defendit
2089 1846 2150 1870 aliis
2164 1855 2248 1872 exem-

44 1874 167 1909 Agrestia
187 1875 263 1909 Virg.
283 1875 350 1900 Aen.
369 1881 396 1907 7,
420 1882 464 1900 ιιι.
536 1874 632 1898 Annua
651 1871 734 1899 Ouid.
756 1871 788 1898 de
802 1871 880 1897 Nuce
894 1873 926 1898 6„
993 1872 1105 1905 Cadiua,
1118 1879 1152 1906 45
1168 1874 1224 1908 plis
1237 1874 1345 1900 Gronau.
1367 1873 1396 1900 de
1409 1876 1465 1900 Pec.
1480 1881 1530 1902 vet.
1546 1884 1564 1907 i,
1577 1876 1594 1901 6
1614 1883 1638 1909 p.
1654 1880 1694 1905 28.
1747 1877 1814 1902 Nam
1827 1876 1889 1903 Liu.
1904 1879 1944 1910 26,
1960 1886 1998 1914 47
2025 1881 2132 1907 Paterae
2145 1890 2248 1908 aul-<330

36 1909 98 1938 vid.
112 1909 245 1942 Cadiuus,
260 1912 287 1935 in
307 1916 404 1937 CADO.
475 1908 640 1941 Conditiua,
658 1908 711 1934 vid.
729 1907 907 1939 Conditiuus,
929 1907 956 1934 in
977 1914 1105 1937 CONDO.
1174 1909 1285 1937 fuerunt
1298 1908 1424 1937 ducentae
1439 1911 1604 1945 septuaginta
1617 1911 1679 1943 sex,
1696 1910 1776 1938 libras
1791 1912 1850 1938 fere
1863 1921 1955 1940 omnes
1969 1916 2068 1949 pondo.
2107 1917 2197 1944 Festus
2211 1918 2245 1945 in

0 1954 1 1961 ¹
37 1947 149 1978 Cruda,
171 1946 225 1973 vid.
245 1951 409 1973 CRVDVS.
482 1945 613 1979 Decerpta
639 1943 721 1971 Ouid.
734 1945 798 1970 Met.
815 1952 854 1976 10,
868 1946 926 1977 650.
999 1945 1108 1973 Diuitia
1175 1946 1265 1973 Graue
1287 1946 1358 1978 Aes,3
1376 1946 1447 1972 Deni
1468 1947 1547 1979 ass'es,
1564 1946 1659 1981 singuli
1681 1947 1771 1981 pondo
1792 1947 1891 1981 libi-as,
1918 1948 2068 1978 efficiebant
2090 1952 2243 1986 denarium,

40 1983 134 2010 Senec.
149 1982 228 2009 Herc.
241 1982 295 2008 fur.
311 1982 329 2007 s.
345 1989 372 2016 7.
443 1981 540 2008 Dulcia
560 1982 629 2007 Hor.
644 1981 728 2007 Serui.
744 1988 768 2013 ε,
781 1988 804 2014 5,
821 1989 853 2006 12.
909 1980 1008 2007 Felicia
1021 1982 1106 2009 Ouid.
1173 1984 1193 2006 i.
1207 1980 1306 2017 singuli
1315 1981 1451 2017 pendentes
1465 1981 1579 2018 lingulas
1599 1984 1679 2009 libras
1694 1983 1796 2018 pondo,
1811 1990 1841 2009 vt
1859 1988 1934 2011 etiam
1949 1985 2063 2014 declarat
2076 1990 2194 2016 perizon,
2206 1990 2246 2016 ad

0 2023 1 2028 ¹
35 2019 110 2047 .Met.
125 2027 153 2050 9,
165 2027 205 2050 92.
278 2015 511 2047 Generosissimum
525 2016 659 2049 Qiintffil.
674 2024 696 2049 5,
710 2024 742 2042 11.
815 2015 941 2049 Grcgalia
970 2017 1059 2043 Senec.
1073 2017 1106 2044 de
1173 2016 1274 2043 SanHi'i
1285 2018 1430 2043 Mineruam
1444 2028 1470 2051 4,
1485 2028 1501 2051 4
1516 2025 1545 2052 p.
1557 2024 1614 2052 598.
1629 2027 1676 2053 quo
1688 2020 1740 2044 loco
1754 2018 1873 2046 Sanctius
1888 2020 1981 2053 similia
1994 2023 2123 2050 admodum
2145 2027 2245 2052 Grono-

43 2053 159 2082 Benefic.
173 2062 192 2084 1,
208 2062 243 2079 12.
314 2052 449 2084 Iiniiiitia‚
469 2051 524 2078 vid.
547 2058 692 2077 iMixssTis.
762 2052 875 2076 Pomum
895 2050 990 2084 lupino
1009 2052 1106 2085 simile,
1118 2059 1150 2085 50
1171 2055 1260 2078 vianis
1277 2052 1377 2085 docuit,
1398 2059 1428 2079 vt
1447 2061 1471 2078 et
1484 2053 1596 2079 Rhodius
1611 2055 1671 2080 Lex.
1686 2054 1799 2081 Scribon.
1818 2055 1843 2081 h.
1858 2065 1883 2083 v.
1921 2057 2012 2084 Pondo
2028 2059 2160 2095 manifeste
2172 2070 2244 2096 pon..

43 2090 177 2118 Intaehnn
188 2088 315 2115 omnibus
327 2093 437 2123 propter
456 2087 624 2121 asperitatem
641 2086 709 2113 Plin.
724 2094 760 2116 12,
775 2095 813 2112 10.
885 2086 1030 2121 Lapi‘dosa,
1050 2089 1104 2116 uid.
1174 2087 1238 2114 dere
1252 2087 1386 2125 fignificat
1406 2088 1487 2115 l’laut.
1502 2090 1575 2116 Men.
1588 2097 1612 2122 3,
1625 2098 1649 2122 3,
1663 2094 1689 2120 18
1721 2091 1841 2117 Inaureis
1857 2091 1889 2118 da
1908 2092 1979 2120 mihi
1997 2095 2135 2122 faciundas
2147 2098 2246 2132 pondo.

39 2127 69 2157 h.
83 2125 164 2162 ajub
185 2131 290 2151 LAPIS.
363 2123 442 2149 Mitia
464 2124 531 2150 Hor.
545 2122 631 2157 Epod.
646 2131 671 2154 2,
687 2130 723 2156 17.
798 2121 927 2149 Nitiduni
940 2124 1023 2151 Ouid.
1038 2126 1104 2152 Met.
1176 2124 1259 2150 duum
1285 2134 1400 2151 numum
1414 2145 1421 2156 ‚
1446 2124 1592 2160 stalagmia.
1657 2125 1789 2153 Columel.
1811 2136 1847 2159 12,
1870 2133 1907 2159 28,
1927 2138 1937 2155 1
1976 2131 2043 2158 Item
2063 2132 2247 2162 odoramenta

42 2172 86 2195 10,
100 2164 162 2189 666.
235 2161 335 2187 Punica
353 2159 427 2186 Idem
441 2159 507 2186 Fast.
530 2169 558 2192 4,
574 2161 633 2189 603.
706 2158 798 2185 Putria
817 2158 900 2185 Ouid.
919 2160 985 2186 Met.
1003 2168 1031 2195 7,
1047 2164 1104 2194 536.
1172 2160 1252 2193 trita,
1278 2160 1306 2187 id
1326 2161 1363 2187 est
1382 2160 1447 2188 irini
1468 2162 1628 2195 cribratam,
1654 2171 1722 2196 quae
1740 2163 1770 2189 sit
1791 2163 1873 2191 instar
1894 2166 1985 2199 pondo
2004 2167 2197 2202 quincuncem,
2211 2176 2243 2197 ee

39 2199 156 2227 Rubefls
174 2197 249 2224 Idem
263 2196 330 2223 ibid·
346 2205 385 2228 10,
402 2205 451 2222 ¹01·
517 2196 595 2223 Victa
618 2196 707 2235 Varrq
717 2194 748 2221 R.
762 2195 832 2235 R.*1,·
846 2203 886 2228 59.
905 2215 912 2236 2
960 2197 1028 2224 Gell.
1043 2206 1078 2230 13,
1092 2207 1105 2223 2
1173 2196 1320 2237 trientem,
1343 2197 1421 2238 foeni
1439 2198 1527 2234 graeci
1542 2197 1826 2238 pondo-quincuncem
1841 2207 1866 2226 et
1886 2201 2028 2235 trientem,
2046 2204 2155 2232 schoeni
2173 2215 2244 2241 pon-

39 2237 138 2267 J'oma,
149 2243 216 2269 quae
228 2233 295 2260 dura
309 2239 334 2259 et
348 2231 442 2259 acerba
454 2233 604 2263 nascuntur,
619 2230 675 2266 post
691 2234 759 2257 hunt
772 2239 850 2257 mitia
864 2236 890 2257 et
903 2232 1033 2259 iucunda:
1061 2233 1105 2260 sed
1124 2240 1154 2267 55
1173 2231 1208 2259 do
1222 2241 1401 2268 quincuncem
1413 2243 1442 2260 in
1458 2243 1540 2261 vnum
1558 2235 1725 2269 permiscere.
1763 2235 1811 2263 Sed
1828 2234 1960 2271 difficilius
1978 2238 2013 2272 cst
2026 2240 2089 2267 illud
2102 2242 2242 2270 Columel-

43 2281 112 2308 quae
125 2272 269 2306 gignuntur
282 2269 370 2295 statim
383 2269 462 2295 Vie'ta
477 2274 504 2295 et
516 2268 626 2300 mollia,
641 2274 721 2301 atque
734 2267 763 2293 in
776 2267 911 2301 principio
925 2269 984 2295 sunt
996 2269 1103 2296 viuida:
1173 2269 1213 2295 lae
1227 2277 1254 2304 7,
1269 2279 1298 2302 4,
1314 2278 1327 2295 2
1353 2270 1432 2296 Tum
1447 2271 1528 2297 etiam
1543 2269 1620 2297 cordi
1642 2270 1717 2297 foeni
1733 2272 1836 2306 septena
1852 2273 1949 2308 pondo.
1986 2277 2041 2303 Hoc
2054 2284 2078 2303 et
2088 2277 2181 2311 limilia
2193 2278 2242 2305 Li-

43 2317 101 2335 non
119 2314 221 2334 matura
240 2314 302 2332 mox
323 2305 405 2338 tiunt,
431 2304 475 2331 sed
500 2304 598 2340 putria.
672 2303 745 2330 Vilia
767 2304 842 2337 Virg.
867 2304 967 2339 Georg.
991 2314 1018 2338 1,
1043 2314 1104 2341 274.
1172 2305 1213 2331 vii
1233 2309 1270 2332 ira
1291 2309 1474 2341 interpretatur
1490 2308 1567 2333 (iron.
1580 2307 1598 2333 1.
1612 2315 1634 2332 c.
1652 2315 1672 2339 i,
1688 2314 1705 2342 7
1727 2317 1752 2342 p.
1766 2317 1796 2340 32
1809 2309 1846 2343 sq,
1865 2318 1893 2336 vt
1907 2310 2039 2347 ffipplmt,
2053 2314 2159 2348 septena
2173 2322 2241 2350 Po„-

39 2344 151 2372 Cadunt
165 2352 243 2378 poma
256 2340 349 2369 mensis
362 2350 417 2368 non
431 2340 574 2368 interdic‘ta
588 2338 709 2368 secundis
721 2339 804 2366 Ouid.
815 2339 848 2366 de
856 2340 933 2367 Nuce
946 2349 985 2376 71.
1041 2343 1104 2369 Car·
1171 2341 1232 2368 derit
1249 2341 1371 2368 librarum
1385 2341 1491 2376 pondo,
1511 2345 1530 2369 i.
1544 2342 1655 2378 pondere
1667 2344 1693 2380 s.
1703 2344 1843 2378 pendendo.
1881 2348 1992 2374 Multum
2005 2348 2057 2382 fibi
2073 2350 2116 2377 hic
2127 2351 2242 2387 scripu-

37 2389 107 2417 pere
125 2388 204 2414 poma
230 2379 305 2412 Virg.
321 2378 374 2407 Ecl.
393 2386 421 2411 9,
440 2385 480 2411 50.
550 2376 720 2411 Deeerpserat
735 2376 883 2410 'puniceum
903 2386 985 2404 curua
1005 2377 1104 2406 arbore
1170 2386 1227 2407 res,
1240 2384 1269 2403 vt
1276 2377 1337 2413 fere
1349 2381 1377 2404 in
1391 2381 1499 2405 omnium
1512 2379 1656 2415 linguarum
1671 2381 1806 2412 vocabulis,
1819 2381 1953 2417 indullislb,
1973 2393 2022 2410 non
2036 2383 2071 2418 est
2088 2388 2241 2423 negandum,

0 2440 1 2445 ,
37 2425 155 2453 pomum
173 2414 257 2442 Ouid.
271 2415 336 2441 Met.
351 2421 373 2447 5,
388 2415 445 2446 536.
515 2413 643 2441 Deiiitum
658 2421 770 2447 pomum
782 2412 881 2439 arbore
900 2414 974 2440 Idem
989 2413 1056 2441 ibid.
1073 2424 1102 2447 ιι,
1114 2419 1150 2444 60
1173 2411 1323 2449 difficileque
1337 2413 1380 2447 affe}
1394 2414 1428 2441 ad
1440 2424 1514 2453 unam
1528 2417 1641 2451 regulam
1655 2424 1771 2443 reuocare
1784 2421 1882 2444 omnia:
1904 2421 2089 2449 Gronouianam
2102 2429 2184 2449 tamen
2197 2433 2241 2450 ra-

38 2461 91 2486 113.
164 2450 312 2478 Detrahere
326 2449 468 2477 arboribus
482 2449 590 2476 Tibull.
608 2457 628 2481 1,
643 2456 665 2481 5,
678 2456 717 2480 32.
787 2449 896 2475 Excuffa
911 2449 984 2477 siluis
1011 2452 1101 2478 senec.
1170 2453 1263 2476 tionem
1277 2451 1317 2477 vel
1331 2452 1433 2486 ubique,
1455 2452 1495 2477 vel
1506 2458 1572 2479 certe
1582 2453 1709 2487 plcrirque
1719 2455 1747 2478 in
1759 2454 1822 2479 locis
1835 2455 1918 2482 valere
1928 2463 2022 2483 certum
2035 2456 2242 2491 ist.Ponanu15

41 2488 154 2524 Hippol.
166 2498 194 2522 4.
268 2486 401 2513 Exuberat
414 2494 498 2512 annus
511 2484 598 2521 pomis
613 2485 689 2518 Virg.
704 2484 804 2518 Georg.
819 2494 844 2516 2,
859 2487 911 2517 516.
983 2487 1102 2515 Grauan·
1169 2486 1223 2514 loca
1245 2486 1363 2522 quaedam
1381 2487 1544 2519 medicorum,
1565 2487 1625 2521 Celsi
1645 2495 1668 2514 et
1682 2489 1824 2522 Scribonii,
1838 2494 1883 2525 qui
1901 2501 1955 2518 cum
1970 2493 2105 2528 ponderali
2124 2496 2240 2522 Denarjo

42 2524 181 2552 flat-amos
200 2522 284 2550 Ouid.
298 2524 364 2549 Met.
381 2531 414 2555 13,
429 2529 482 2552 812.
556 2522 646 2548 Iacent
664 2520 742 2547 strata
756 2520 843 2554 paslim
859 2522 904 2547 sua
916 2531 1039 2557 quaeque
1053 2524 1101 2550 sub
1168 2528 1277 2548 utantur
1290 2522 1373 2557 (vid.
1388 2523 1458 2549 Cels.
1475 2531 1498 2556 5,
1514 2531 1553 2558 17,
1569 2526 1598 2555 1)
1616 2523 1712 2560 semper
1725 2532 1809 2551 notam
1823 2526 1850 2552 P.
1864 2526 1894 2553 id
1912 2526 1946 2560 ⁶st
1960 2530 2052 2562 pondo
2065 2530 2191 2558 adiiciunt
2203 2530 2240 2558 ad

39 2559 137 2588 arbore
150 2568 230 2595 poma
243 2559 318 2593 Virg.
333 2556 385 2584 Ecl.
402 2566 427 2593 7,
442 2566 484 2591 54.
557 2555 649 2584 Induit
671 2556 751 2583 arbos
771 2557 797 2593 se
813 2556 900 2591 pomis
912 2557 987 2585 Ideni
1001 2560 1100 2594 Georg.
1170 2558 1282 2585 Denarii
1296 2566 1380 2586 notam
1399 2559 1423 2586 X
1440 2561 1480 2586 vc!
1500 2568 1537 2587 ‹it--
1595 2561 1683 2596 Igitur
1703 2561 1795 2587 Celsus
1815 2569 1838 2595 5,
1859 2567 1896 2595 18,
1915 2572 1928 2589 2
1961 2564 2133 2600 Singulorum
2146 2567 2175 2594 p·
2198 2575 2238 2594 *-

41 2605 69 2630 4,
83 2605 140 2631 ¹42¹·
212 2594 357 2622 Nascentia
367 2599 393 2620 ct
406 2593 533 2621 florentia
552 2593 633 2620 Ouid.
649 2593 715 2619 Met.
731 2601 771 2626 14,
786 2595 846 2628 763.
920 2594 1036 2622 Pendere
1057 2597 1102 2623 cui
1118 2594 1150 2627 65
1170 2602 1245 2620 cerac
1266 2594 1322 2621 P.*
1365 2609 1412 2615 ——
1447 2595 1615 2630 singulorum
1639 2597 1665 2624 P.
1684 2598 1719 2624 11.
1739 2604 1777 2624 -›‹-.
1825 2600 1995 2628 Ammoniaci
2015 2602 2075 2631 salis
2094 2604 2121 2629 P.
2140 2603 2187 2630 VI.
2204 2603 2238 2630 51?

40 2633 89 2660 sua
105 2631 231 2666 patereris
244 2632 274 2658 iu
294 2630 391 2657 arbore
405 2638 485 2665 poma
505 2630 581 2664 Virg.
594 2629 649 2655 Ecl.
664 2637 682 2659 i,
695 2634 733 2661 38.
807 2629 926 2655 Rubenti
942 2639 1024 2664 pomo
1039 2640 1103 2658 one-
1167 2636 1214 2656 etc.
1236 2630 1299 2657 Sunt
1307 2633 1371 2657 enim
1377 2630 1498 2666 sbi-centa
1512 2633 1629 2668 exempla.
1668 2633 1841 2668 Scribon.1,-2
1861 2636 2035 2671 Singulorum
2050 2648 2072 2666 «ιι-
2086 2639 2111 2667 P.
2119 2639 2202 2666 trium
2211 2645 2239 2667 et

39 2673 99 2696 gata
113 2666 221 2693 arbutus
241 2666 325 2694 Ouid,
339 2667 404 2693 Met.
420 2675 457 2699 10,
470 2674 522 2692 101.
595 2666 708 2691 Pomum
727 2664 793 2690 vnde
805 2663 917 2698 dictum,
930 2666 998 2693 docet
1012 2669 1102 2694 Varro
1168 2665 1319 2693 victoriati.
1373 2666 1447 2693 Idem
1462 2676 1498 2702 70
1524 2668 1614 2700 costi,
1626 2669 1696 2704 apii,
1711 2670 1781 2697 aneti
1800 2686 1846 2691 ———
1867 2672 2033 2707 singulorum
2052 2682 2074 2700 ‘k
2094 2675 2120 2700 P.
2131 2675 2237 2709 binum,

41 2703 77 2731 de
84 2704 116 2730 R.
125 2703 157 2729 R.
170 2711 190 2735 1,
204 2711 235 2734 31,
248 2705 264 2728 6
288 2704 446 2736 Itempoma
460 2711 527 2736 quae
542 2701 618 2728 insita
632 2706 710 2727 erunt
725 2700 902 2733 siccitatibus,
922 2711 1019 2737 aquam
1037 2704 1101 2730 addi
1171 2702 1210 2736 git
1225 2711 1245 2730 ‹11—
1260 2703 1324 2729 Pon.
1341 2711 1360 2729 1.
1397 2704 1507 2731 Amoini
1519 2704 1667 2732 Vioioriati
1681 2707 1707 2732 Ρ.
1721 2707 1817 2740 vnius,
1838 2717 1901 2734 zeae
1921 2709 1993 2742 quod
2013 2709 2049 2736 est
2064 2710 2152 2737 semen
2172 2718 2194 2736 ἥ
2208 2712 2237 2738 Ρ.

62 2739 166 2767 uotidie
178 2737 296 2772 vesperi:
318 2746 333 2763 a
364 2747 400 2764 uo
414 2737 487 2772 quod
506 2737 628 2771 indigent
642 2743 724 2772 potu,
743 2745 822 2771 poma
837 2736 908 2764 dieta
928 2740 977 2765 effe
990 2741 1101 2774 poffimt.
1171 2738 1255 2765 duum
1276 2754 1322 2758 —
1343 2740 1425 2766 Croci
1437 2748 1459 2766 <x—
1474 2741 1500 2767 P.
1515 2740 1616 2774 duum,
1634 2744 1856 2778 crocomagmatis
1869 2744 2009 2772 vieloriati
2029 2745 2110 2780 pond.
2148 2748 2239 2780 Myrr-

35 2749 64 2815 ἦ
84 2785 97 2802 2
135 2777 215 2802 Poma
236 2776 264 2800 in
285 2747 440 2807 umujiormn
463 2773 588 2800 hominum
610 2776 685 2810 nugis
707 2773 869 2804 dicebantur,
889 2783 949 2809 quos
968 2777 1059 2803 Latine
1078 2784 1102 2803 et
1113 2782 1149 2811 70
1170 2774 1219 2801 hae
1228 2774 1375 2802 Victori-ati
1389 2777 1416 2802 P.
1432 2783 1477 2803 etc.
1516 2778 1548 2803 Et
1564 2785 1604 2811 155
1622 2778 1750 2811 Myrrhae
1770 2787 1791 2805 a(—
1810 2788 1872 2813 pon.
1889 2780 1972 2808 duum
1987 2781 2030 2808 vel
2044 2783 2133 2810 vnius.
2159 2785 2239 2811 Talia

36 2815 143 2849 Proprie
155 2810 312 2847 appellabant
325 2809 423 2836 coleos.
458 2810 527 2845 Lips.
536 2811 643 2845 Antiqu.
659 2808 741 2836 Lecti.
755 2817 768 2841 3
782 2818 807 2844 p.
824 2817 867 2848 127
880 2812 929 2836 huc
942 2813 1026 2838 trahit
1039 2814 1102 2840 Pro·
1163 2811 1229 2847 Jiint
1252 2811 1366 2846 irfinita.
1404 2812 1453 2840 Sed
1477 2819 1501 2838 rt
1523 2823 1578 2840 cum
1596 2814 1664 2840 libra
1674 2835 1682 2846 ‚
1705 2824 1731 2840 ²>-
1745 2824 1770 2850 ἓ·
1787 2819 1815 2841 16
1844 2816 1933 2843 Mellfs
1947 2818 2030 2844 Attici
2050 2819 2141 2853 P0¹¹d0
2156 2819 2237 2847 libr&

41 2854 110 2884 pert,
125 2849 147 2881 ι,
162 2858 183 2881 3,
199 2856 231 2880 24
251 2846 282 2872 Et
297 2845 380 2872 modo
393 2844 541 2880 gaudebam
553 2844 636 2880 lapsos
646 2845 765 2885 formare
779 2845 888 2880 capillos
902 2847 982 2875 Nunc
997 2848 1102 2877 furtiua,
1171 2846 1300 2880 Etstati'm
1315 2849 1411 2883 Comp.
1426 2857 1435 2875 1
1457 2849 1542 2875 Rosae
1555 2849 1646 2876 aridae
1658 2851 1684 2876 P.
1697 2850 1838 2884 quadrans.
1892 2853 1986 2880 Liuius
1999 2863 2027 2888 4,
2041 2864 2071 2880 :0
2099 2856 2237 2883 Coronam

11 2877 18 2887 ¹
41 2884 112 2912 ‘anis
123 2891 203 2920 poma
215 2881 314 2908 dabam
323 2881 462 2908 manibus:
498 2884 602 2917 itemque
616 2882 702 2916 Priap.
719 2888 744 2913 15
1169 2892 1278 2911 auream
1295 2883 1394 2911 libram
1416 2885 1506 2919 pondo
1520 2885 1583 2911 Ioui
1598 2884 1712 2912 dicatam
1733 2885 1818 2913 fuisse.
1856 2887 1932 2916 Idem
1946 2899 1968 2922 3,
1984 2899 2014 2924 29
2039 2891 2177 2919 Coronam
2189 2901 2236 2919 an·-

199 2917 332 2953 Qialibus
346 2918 528 2952 Hippomenes
540 2917 628 2952 rapuit
640 2916 802 2943 Schoeneida
815 2918 902 2951 pomis
1169 2928 1243 2946 ream
1257 2919 1354 2947 libram
1372 2920 1462 2954 pondo
1478 2919 1639 2947 decreuerit.
1697 2922 1771 2948 Non.
1788 2931 1813 2955 2,
1827 2926 1879 2950 622
1888 2932 1915 2951 et
1930 2928 1977 2958 726
2004 2927 2086 2954 Noue
2105 2927 2175 2954 dicia
2184 2934 2235 2963 pu-

237 2954 371 2988 Qialibus
386 2953 563 2988 Hesperidum
576 2952 677 2979 nobilis
690 2952 784 2979 hortus
797 2960 867 2980 erat:
997 2972 1007 2984 .
1117 2963 1150 2991 75
1169 2962 1224 2987 tat,
1238 2965 1291 2982 cum
1309 2958 1348 2981 ait
1361 2957 1449 2982 Varro
1467 2955 1500 2982 de
1514 2956 1579 2982 Vita
1597 2957 1659 2991 Pop.
1682 2958 1812 2991 Romani,
1839 2959 1957 2996 Delphos
1981 2963 2104 2997 Apollini
2123 2972 2235 2990 munera

199 2991 299 3025 Qialia
318 2989 450 3018 credibile
463 2990 499 3016 est
512 2990 667 3024 spatiantem
680 2998 743 3015 rure
755 2995 865 3023 paterno
975 3000 978 3003 ⁴
1170 2990 1261 3023 iiiiisa,
1280 2999 1383 3017 cornua
1397 3000 1477 3018 aurea
1491 2992 1582 3026 pondo
1596 2992 1750 3021 ducentum.
1807 2995 1882 3023 Idem
1895 3006 1914 3031 4
1947 2998 2040 3034 Itaque
2059 2999 2152 3025 retulit
2173 2999 2233 3026 auri

236 3026 384 3054 Nauficaan
404 3026 483 3061 ple-no
503 3027 577 3060 saepe
598 3025 684 3052 tulisse
703 3024 773 3052 fimi.
1169 3026 1260 3062 pondo
1274 3026 1349 3053 mille
1362 3027 1565 3061 octingentum,
1585 3029 1750 3065 septuaginta
1763 3032 1894 3068 quinque.
1937 3035 2032 3061 Graeci
2043 3035 2116 3060 enim
2131 3034 2233 3062 herona

198 3064 287 3098 Qiale
300 3063 353 3089 fuit
364 3062 480 3094 malum,
501 3062 574 3097 quod
590 3062 668 3088 litera
685 3061 773 3096 pinxit
788 3060 885 3088 Aconti
1168 3062 1243 3089 inille
1263 3062 1398 3090 dixerunt.
1421 3065 1489 3089 Haec
1505 3066 1615 3091 Nonius.
1653 3066 1761 3093 Colum.
1778 3065 1863 3102 12,12,
1875 3078 1892 3096 2
1912 3070 2061 3097 Sextarium
2069 3079 2154 3105 aquae
2170 3080 2233 3098 cum

50 3105 69 3128 k
235 3101 296 3134 Qia
311 3099 381 3126 lecta
394 3099 493 3134 cupido
511 3098 585 3134 penita
603 3097 690 3133 puella
704 3097 771 3124 viuo
786 3096 831 3124 est.
1169 3098 1300 3126 dodrante
1314 3099 1405 3134 pondo
1420 3100 1507 3126 mellis
1520 3099 1637 3128 diluunt.
1693 3102 1763 3130 Ibid.
1780 3113 1801 3130 c.
1811 3113 1845 3131 20
1866 3106 1974 3132 Amomi
1988 3107 2078 3140 pondo
2091 3106 2231 3141 quadrans.

54 3145 62 3151 ·
79 3142 98 3163 ἱ,
198 3136 389 3171 Taliacunque
409 3144 475 3170 puer
490 3134 614 3162 dominus
628 3134 750 3160 florentis
764 3133 844 3168 agelli
1125 3143 1158 3169 30
1169 3136 1201 3162 Et
1214 3145 1236 3162 c.
1250 3144 1277 3168 33
1303 3135 1379 3162 Adde
1398 3135 1489 3171 pondo
1504 3134 1611 3167 libram.
1666 3139 1736 3166 Gell.
1751 3148 1774 3173 2,
1788 3148 1824 3173 24
1853 3140 1951 3175 Neque
1968 3142 2072 3177 argenti
2092 3143 2121 3169 in
2138 3143 2232 3170 conui-

48 3182 59 3201 f
109 3190 111 3193 .
233 3173 366 3207 Imposuit
383 3172 488 3198 mensae
506 3171 576 3198 nude
589 3171 683 3205 Priape
696 3175 766 3196 tuae.
1168 3172 1216 3198 vio
1233 3171 1292 3206 plus
1306 3172 1396 3206 pondo
1410 3181 1491 3207 quam
1505 3172 1587 3199 libras
1600 3182 1705 3202 centum
1720 3175 1852 3202 illaturos.
2051 3175 2072 3216 ἦ
2093 3187 2110 3205 2
2148 3181 2232 3206 Inter-

38 3207 122 3234 ‘Plura
137 3207 174 3235 ibi
185 3208 299 3243 Lipsius,
318 3211 362 3245 qui
377 3214 564 3244 Praeceptorem
581 3207 656 3233 huius
674 3208 799 3242 nequitiae
817 3205 904 3232 laudat
921 3203 1046 3230 Seruium
1066 3203 1102 3230 dd
1167 3207 1224 3233 dum
1240 3215 1290 3243 pro
1310 3208 1381 3235 libra
1393 3211 1457 3244 poni
1474 3208 1593 3243 videtur,
1619 3210 1663 3238 vbi
1690 3213 1831 3237 Gronouius
1852 3220 1938 3238 nomen
1962 3212 2026 3239 saud
2049 3218 2088 3241 ait
2110 3215 2231 3251 intelligi,

40 3241 100 3269 Ed.
112 3252 136 3275 ε,
148 3251 175 3276 51
198 3246 254 3278 Ipse
268 3253 318 3280 ego
333 3253 397 3271 cana
410 3244 495 3279 legam
510 3250 600 3270 tenera
614 3243 740 3276 lanugine
752 3241 837 3274 mala,
872 3239 1028 3269 verecunde
1043 3249 1100 3267 rem
1167 3244 1223 3270 Lex
1242 3244 1293 3271 XII
1305 3244 1397 3271 Tabb.
1411 3244 1478 3281 apud
1495 3245 1564 3272 Gell.
1584 3254 1630 3279 20,
1651 3255 1661 3272 1
1693 3247 1803 3273 Vincito
1823 3252 1868 3273 aut
1888 3256 1973 3274 neruo
1992 3254 2037 3275 aut
2055 3251 2231 3286 compedibus

44 3277 211 3305 inhonestam
231 3281 388 3315 supprimit,
407 3290 488 3315 quam
506 3279 675 3307 Theocritus
688 3286 779 3314 aperte
791 3283 992 3305 commemorat.
1066 3312 1070 3317 ,
1169 3280 1324 3314 quindecim
1343 3280 1434 3315 pondo
1453 3290 1487 3307 ne
1499 3282 1621 3314 minore,
1637 3288 1682 3309 aut
1701 3282 1717 3308 si
1741 3282 1814 3309 volet
1833 3283 1938 3310 maiore
1958 3285 2071 3313 vincito.
2144 3287 2230 3315 Plaut-

85 3319 265 3348 POMVLVM,
278 3316 296 3342 i.
317 3326 344 3343 n.
365 3316 467 3343 Dimin.
506 3316 619 3343 Paullin.
635 3316 770 3342 Petrocor.
784 3322 806 3347 5,
819 3322 869 3347 452
888 3312 997 3340 Pomula
1009 3313 1097 3339 mitia.
1119 3321 1149 3352 85
1169 3316 1239 3343 Asin.
1254 3325 1280 3349 2,
1301 3325 1327 3349 2,
1345 3325 1373 3349 33
1411 3318 1487 3351 Qiot
1505 3318 1596 3353 pondo
1614 3324 1639 3344 te
1660 3318 1709 3344 ess‘e
1727 3320 1812 3345 censes
1831 3318 1951 3346 nudum?
2021 3322 2089 3349 Auri
2106 3323 2230 3359 quinque

49 3362 54 3366 ·
79 3355 124 3375 ΡΟ
135 3356 230 3382 MVS,
251 3351 270 3377 i.
289 3352 309 3378 f.
344 3351 430 3379 Arbor
444 3353 584 3388 pomifera.
619 3352 688 3378 Plin.
704 3360 740 3384 17,
760 3360 770 3377 i
799 3350 859 3377 Nec
877 3350 964 3376 minus
984 3350 1099 3388 miracu-
1167 3353 1258 3387 pondo
1271 3352 1381 3380 abstulit
1395 3354 1452 3380 Cic.
1465 3363 1515 3388 pro
1528 3354 1634 3380 Cluent.
1651 3362 1698 3388 179
1713 3363 1734 3381 c.
1750 3356 1795 3389 64.
1868 3355 1983 3382 Centum
1998 3358 2090 3392 pondo
2103 3361 2230 3388 vasorum

0 3395 2 3410 ι
20 3406 22 3410 ,
42 3385 102 3413 lum
114 3384 143 3411 in
156 3393 238 3419 pomo
251 3386 303 3420 est,
323 3388 470 3414 multarum
481 3389 551 3415 eirca
564 3387 714 3415 suburbana
729 3385 819 3414 fructu
834 3386 924 3413 'annuo
937 3384 1044 3412 addicto
1060 3384 1100 3412 bi-
1168 3395 1358 3423 argenteorum
1373 3389 1448 3416 Idem
1462 3390 1494 3416 de
1508 3392 1612 3416 Inucnt.
1627 3392 1703 3422 2,116
1714 3399 1736 3416 c.
1751 3400 1797 3424 40.
1871 3391 2003 3424 Qiine'til.
2019 3396 2046 3426 6,
2059 3403 2080 3426 3,
2096 3403 2126 3428 79
2153 3396 2229 3423 Tor.

9 3443 26 3448 a
41 3422 86 3449 nis
100 3420 221 3448 millibus
235 3421 362 3456 numum,
381 3423 485 3450 maiore
504 3423 664 3458 singularum
678 3423 786 3456 reditu,
807 3431 887 3458 quam
903 3428 958 3449 crat
971 3421 1040 3455 apud
1054 3431 1098 3448 an·
1167 3434 1247 3460 quein
1262 3434 1376 3452 aureum
1394 3433 1501 3453 eentum
1520 3424 1619 3460 pondo.
1691 3426 1748 3452 Cic.
1761 3426 1790 3453 in
1804 3426 1894 3453 Parad.
1907 3435 1920 3459 3
1939 3437 1961 3455 c.
1976 3438 1986 3455 1
2020 3431 2062 3456 An
2075 3431 2164 3458 virum
2178 3432 2228 3459 bo.

12 3483 19 3487 „
36 3459 134 3494 -tiquos
152 3456 331 3492 praediorum.
402 3458 480 3486 Inlita
499 3468 593 3493 pomus
607 3461 717 3487 Tibull.
738 3468 764 3492 2,
785 3469 806 3492 i,
824 3468 862 3492 43.
934 3457 1001 3497 Plin-
1023 3466 1057 3489 15,
1072 3464 1098 3488 18
1166 3470 1232 3488 num
1247 3461 1329 3494 dices,
1337 3462 1386 3497 qui
1401 3461 1549 3497 depositum
1564 3461 1640 3488 nullo
1653 3461 1726 3494 teste.
1747 3471 1829 3496 quum
1844 3462 1944 3491 lucrari
1957 3465 2067 3500 impune
2079 3468 2170 3502 postet,
2183 3477 2229 3495 au-

0 3501 2 3508 ·
19 3497 23 3507 ⁹
44 3495 143 3521 Attulit
165 3492 283 3528 quodam
307 3493 350 3521 die
368 3494 398 3521 in
417 3494 531 3522 Curiam
550 3504 701 3529 praecocem
726 3505 758 3522 ex
779 3504 809 3522 ea
836 3495 976 3530 prouincia
1001 3493 1097 3520 ficum:
1115 3509 1152 3535 90
1166 3498 1192 3524 ri
1206 3497 1296 3532 pondo
1311 3498 1403 3525 decem
1417 3497 1575 3529 reddiderit,
1595 3496 1613 3522 si
1627 3496 1699 3524 idem
1714 3498 1741 3523 in
1757 3498 1848 3525 decem
1861 3499 1982 3527 millibus
1995 3502 2084 3536 pondo
2097 3504 2158 3532 auri
2172 3514 2228 3532 non

42 3531 235 3564 ostendensque
253 3529 389 3561 Patribus,
408 3532 550 3565 Interrogo
569 3540 617 3561 vos
635 3532 742 3568 inquit,
766 3531 873 3567 quando
897 3531 961 3557 hanc
984 3538 1096 3564 pomum
1166 3533 1239 3560 idem
1251 3534 1364 3561 fecerit?
1433 3533 1521 3560 Mellis
1535 3532 1626 3568 pondo
1639 3534 1730 3560 decem
1745 3534 1880 3561 Columel.
1895 3544 1980 3571 12,4i‚
1990 3547 2006 3564 1.
2044 3538 2113 3566 Ibid.
2128 3549 2149 3566 e.
2164 3548 2201 3574 51,
2215 3549 2227 3568 ι

37 3566 158 3593 demtain
170 3566 267 3601 putetis
283 3574 316 3592 ex
327 3565 441 3593 arbore}
460 3566 515 3593 vid.
531 3566 657 3594 Hardui'n.
670 3572 716 3604 qui
728 3569 793 3595 hanc
805 3566 933 3594 temonem
946 3565 1048 3601 firmat.
1164 3570 1235 3597 Cum
1249 3570 1304 3598 olei
1318 3570 1411 3606 pondo
1424 3569 1571 3604 octoginta.
1643 3569 1792 3603 Pependere
1806 3571 1897 3605 pondo
1910 3578 1975 3600 DCC
1991 3573 2057 3601 Plin.
2070 3584 2096 3608 9,
2108 3585 2138 3608 30
2150 3577 2168 3603 s.
2181 3582 2226 3610 48.

79 3608 95 3628 P
104 3609 123 3630 0
132 3610 157 3630 M
166 3609 234 3630 AR]
245 3609 265 3627 v
274 3608 301 3629 M
311 3621 319 3633 ,
339 3601 359 3628 i.
385 3610 413 3628 n.
449 3604 529 3629 Locus
548 3601 676 3630 arboribus
690 3604 830 3640 pomiferis
847 3603 961 3636 consitus.
1006 3603 1098 3628 Graeci
1164 3606 1214 3633 Sex
1227 3606 1317 3642 pondo
1331 3613 1357 3634 et
1371 3606 1494 3632 selibram
1508 3604 1588 3632 debet
1600 3604 1700 3632 habere
1720 3607 1825 3635 Petron.
1840 3616 1862 3634 c.
1874 3609 1918 3642 67.
1990 3610 2051 3638 Liu.
2069 3619 2113 3644 22,
2126 3621 2154 3644 ²3
2178 3613 2226 3639 Ar-

36 3637 191 3675 ·Paradifiim
204 3645 303 3664 vocant.
339 3637 473 3665 Columel.
487 3647 509 3671 ι,
521 3640 539 3664 6
568 3639 690 3666 Pomaria
708 3649 817 3675 quoque
838 3646 863 3666 et
877 3639 970 3665 hortos
989 3643 1098 3672 oportet
1165 3643 1240 3676 genti
1260 3643 1350 3678 pondo
1370 3642 1449 3673 bina,
1466 3647 1490 3667 et
1512 3640 1623 3667 selibras
1639 3642 1667 3667 in
1682 3641 1797 3669 militem
1818 3643 1968 3677 praestaret.
2040 3647 2161 3674 Scribon.
2176 3645 2227 3675 266

36 3675 118 3709 septo
137 3674 314 3707 circumdari,
333 3679 360 3700 et
379 3673 428 3699 esse
442 3673 472 3700 in
484 3674 655 3708 propinquo,
672 3681 750 3710 atque
767 3677 797 3702 in
809 3685 839 3703 ea
852 3682 940 3710 parte,
954 3683 1008 3708 quo
1022 3674 1096 3709 poffit
1114 3687 1147 3713 95
1165 3679 1249 3706 Cerae
1266 3680 1293 3705 P.
1307 3679 1373 3710 dua,
1388 3676 1488 3703 resinae
1508 3674 1604 3703 frietae
1625 3677 1650 3704 P.
1667 3676 1733 3711 dua,
1754 3679 1821 3713 picis
1836 3680 1969 3714 Hispanae
1988 3681 2015 3708 P.
2029 3683 2095 3716 tria,
2122 3693 2225 3710 ammo-

2 3714 6 3759 Ι
41 3710 134 3737 omnis
152 3710 292 3738 stercorata
311 3709 440 3736 colluuies
459 3709 556 3740 coriis,
583 3709 822 3747 balineorumque,
849 3718 874 3738 et
894 3709 962 3737 oleis
982 3711 1097 3745 expressa
1164 3715 1236 3741 niaci
1250 3715 1277 3742 P.
1293 3715 1405 3744 libram,
1427 3712 1494 3739 turis
1515 3712 1626 3746 pollinis
1643 3713 1669 3739 P.
1685 3714 1772 3741 semis.
1829 3716 1860 3741 Et
1878 3718 1927 3749 267
1946 3718 2116 3746 Ammoniaci
2134 3727 2223 3754 guttae

2 3763 5 3784 Ι
42 3754 167 3773 amurcae
186 3747 268 3773 sanies
287 3747 409 3773 influere.
480 3745 582 3771 Locum
596 3745 727 3779 pomarii,
745 3749 901 3783 priusquam
916 3746 1015 3773 semina
1029 3747 1096 3773 seras
1165 3751 1256 3785 pondo
1271 3760 1290 3777 1.
1313 3757 1387 3777 cerae
1406 3747 1498 3783 pondo
1515 3757 1534 3774 i.
1552 3749 1682 3783 axungiae
1701 3750 1800 3778 veteris
1818 3750 1958 3786 selibram,
1975 3755 2030 3781 olei
2048 3756 2146 3783 veteris
2158 3763 2223 3790 pon-

42 3781 251 3809 circummunire
264 3782 386 3809 maceriis
405 3786 528 3816 oportet,
541 3781 583 3807 vel
604 3782 678 3815 sepe,
697 3781 741 3807 vel
759 3782 821 3810 foffa
835 3782 975 3819 praecipiti
989 3782 1097 3809 Colum.
1163 3787 1200 3814 do
1213 3788 1354 3818 trientem,
1374 3799 1420 3803 —
1440 3783 1530 3818 pondo
1545 3785 1652 3812 vnciain
1671 3800 1718 3807 ——-
1738 3786 1827 3820 pondo
1841 3788 1994 3817 sextantem.

41 3816 120 3851 5,'10.
191 3818 248 3845 Cic.
263 3819 295 3845 de
309 3817 408 3845 Sene&
423 3826 456 3851 54
471 3826 492 3843 c.
509 3824 534 3849 15
559 3817 618 3843 Nec
632 3825 699 3843 vero
712 3818 843 3851 segetibus
855 3819 951 3850 solum,
964 3824 990 3844 et
1005 3819 1098 3852 pratis,
1200 3830 1243 3850 1³0
1254 3830 1275 3849 N
1286 3829 1304 3849 D
1314 3827 1334 3846 V
1345 3828 1375 3852 s,
1401 3821 1464 3846 cris.
1493 3829 1519 3846 n.
1557 3820 1666 3857 Naupor,
1689 3820 1790 3855 ἄχθος]
1827 3824 1966 3859 Grauitos,
1983 3825 2083 3862 ipslzque
2104 3823 2162 3851 adeo
2180 3833 2223 3850 res·

41 3858 71 3880 et
88 3853 194 3886 vineis,
211 3858 238 3880 et
255 3854 368 3883 arbustis
381 3863 421 3881 res
438 3853 550 3880 rusticae
565 3852 632 3879 latae
651 3853 726 3884 sunt,
741 3852 785 3879 sed
797 3855 877 3882 etiam
899 3854 984 3881 hortis
1005 3859 1030 3880 et
1050 3863 1096 3888 po·
1106 3869 1155 3888 100
1163 3861 1270 3894 grauis,
1288 3860 1316 3883 in
1335 3862 1455 3891 quantum
1468 3855 1608 3890 penditur,
1627 3857 1692 3884 vnde
1706 3867 1792 3884 nomen
1806 3858 1848 3891 cst.
1886 3860 1945 3888 Cic.
1962 3861 1989 3887 in
2003 3865 2092 3888 somn.
2107 3860 2173 3893 scip.
2191 3868 2222 3886 10

42 3889 154 3921 mariis,
173 3893 230 3915 tum
245 3890 374 3924 pecudum
387 3889 476 3925 pastu,
497 3894 523 3915 et
537 3897 617 3923 apum
631 3887 808 3922 examinibus,
825 3895 881 3918 tum
895 3891 993 3917 florum
1007 3890 1094 3916 omni·
1163 3903 1187 3920 c.
1202 3903 1220 3927 4
1240 3895 1270 3920 In
1283 3899 1380 3918 terrain
1393 3891 1520 3917 seruntur
1535 3893 1627 3919 omnia
1639 3899 1705 3920 nutu
1718 3893 1764 3919 suo
1779 3894 1905 3928 pondera.
1978 3896 2042 3924 Plin.
2058 3904 2092 3926 ιε,
2106 3903 2118 3924 ς
2144 3895 2223 3922 Ficus

41 3933 89 3951 um
101 3924 239 3951 varietate.
311 3926 489 3961 Oleagineuin
504 3924 656 3960 pomarium
674 3924 743 3950 Cato
754 3932 777 3951 c.
789 3931 832 3958 48.
902 3926 960 3953 Vda
974 3926 1095 3961 pomaria
1163 3929 1245 3957 ramis
1260 3926 1422 3954 diffunditur
1439 3926 1528 3960 vastis,
1549 3938 1666 3962 quorum
1679 3928 1796 3962 pondera
1810 3930 1837 3956 in
1851 3938 1949 3959 terram
1958 3936 2110 3959 curuantur.
2164 3932 2222 3957 Ma-

37 3959 190 3988 mobilibus
207 3960 278 3986 niuis
303 3962 372 3989 Hor.
387 3963 475 3989 Carm.
496 3970 517 3995 1,
535 3969 563 3996 7,
584 3969 622 3993 14.
693 3959 810 3994 Carpere
827 3961 866 3988 est
886 3963 990 3997 aliquid
1010 3961 1094 3996 plenis
1163 3966 1247 3992 teriae
1260 3963 1378 3990 infectae
1392 3963 1508 3996 pondus:
1533 3962 1670 3991 Numerus
1685 3963 1811 3997 signatae:
1834 3966 1937 4002 Species
1952 3967 2035 3994 saetae
2055 3965 2155 3993 dicitur
2174 3966 2190 3992 l.
2205 3968 2223 3992 6

40 3996 164 4030 pomaria
183 3996 264 4023 ramis
288 3997 369 4024 Ouid.
388 3998 467 4032 Epist.
489 4008 521 4033 4,
539 4005 582 4029 29.
655 3993 786 4021 claudere
809 3996 884 4024 Idem
897 3999 962 4026 Met.
981 4007 1010 4032 4,
1029 4000 1092 4031 646.
1164 4001 1191 4028 ff.
1213 4001 1244 4026 de
1257 3999 1307 4026 Rei
1323 3998 1423 4025 vindic.
1496 3999 1558 4026 Saxi
1581 3999 1684 4034 pondus
1706 4000 1812 4028 Lucret.
1834 4011 1855 4035 i,
1868 4011 1930 4037 454.
1998 4000 2125 4029 Ponderis
2145 4003 2222 4036 supra

39 4031 143 4063 l'onere
162 4031 284 4068 pomaria
308 4032 376 4064 Plin.
395 4042 439 4069 34,
458 4043 497 4069 14.
533 4031 603 4061 ΑΜ.
624 4032 744 4067 Propert.
764 4038 789 4065 3,
803 4039 823 4065 1,
835 4040 870 4066 51.
913 4035 1001 4063 Varro
1016 4035 1046 4061 R.
1060 4035 1093 4062 R.
1101 4044 1147 4071 105
1162 4036 1274 4065 modum
1288 4034 1549 4099 poi-ta‘tiocScribon.
1563 4042 1616 4063 101.
1690 4034 1767 4072 Virg.
1783 4038 1848 4065 Aen.
1863 4041 1888 4071 6,
1901 4046 1943 4070 4¹3
1973 4036 2083 4067 Gemuit
2096 4036 2143 4065 sub
2157 4046 2222 4098 gom

1459 4078 1476 4097 z
2176 4080 2221 4101 ere
