<?xml version="1.0" encoding="UTF-8"?>
<!DOCTYPE html PUBLIC "-//W3C//DTD XHTML 1.0 Transitional//EN"
    "http://www.w3.org/TR/xhtml1/DTD/xhtml1-transitional.dtd">
<html xmlns="http://www.w3.org/1999/xhtml" xml:lang="en" lang="en">
 <head>
  <title>
</title>
<meta http-equiv="Content-Type" content="text/html;charset=utf-8" />
  <meta name='ocr-system' content='tesseract 3.04.00' />
  <meta name='ocr-capabilities' content='ocr_page ocr_carea ocr_par ocr_line ocrx_word'/>
</head>
<body>
  <div class='ocr_page' id='page_1' title='image "./novuslinguaeeter03gesn/novuslinguaeeter03gesn_0126.png"; bbox 0 0 2517 4231; ppageno 0'>
   <div class='ocr_carea' id='block_1_1' title="bbox 650 195 881 239">
    <p class='ocr_par' dir='ltr' id='par_1_1' title="bbox 650 195 881 239">
     <span class='ocr_line' id='line_1_1' title="bbox 650 195 881 239; baseline -0.022 1"><span class='ocrx_word' id='word_1_1' title='bbox 650 195 881 239; x_wconf 89' lang='lat' dir='ltr'>MED</span> 
     </span>
    </p>
   </div>
   <div class='ocr_carea' id='block_1_2' title="bbox 483 277 1301 447">
    <p class='ocr_par' dir='ltr' id='par_1_2' title="bbox 483 277 1301 447">
     <span class='ocr_line' id='line_1_2' title="bbox 483 277 1299 323; baseline -0.02 -6"><span class='ocrx_word' id='word_1_2' title='bbox 483 288 717 321; x_wconf 80' lang='lat' dir='ltr'>Medicamentum,</span> <span class='ocrx_word' id='word_1_3' title='bbox 733 294 779 323; x_wconf 84' lang='lat' dir='ltr'>pro</span> <span class='ocrx_word' id='word_1_4' title='bbox 791 284 932 321; x_wconf 78' lang='lat' dir='ltr'>Compostto,</span> <span class='ocrx_word' id='word_1_5' title='bbox 949 282 1016 317; x_wconf 84' lang='lat' dir='ltr'>apud</span> <span class='ocrx_word' id='word_1_6' title='bbox 1035 279 1157 306; x_wconf 85' lang='lat' dir='ltr'>Scribon.</span> <span class='ocrx_word' id='word_1_7' title='bbox 1176 285 1213 304; x_wconf 84' lang='lat' dir='ltr'>io.</span> <span class='ocrx_word' id='word_1_8' title='bbox 1250 277 1299 303; x_wconf 70' lang='lat' dir='ltr'>Pro</span> 
     </span>
     <span class='ocr_line' id='line_1_3' title="bbox 604 313 1299 359; baseline -0.019 -8"><span class='ocrx_word' id='word_1_9' title='bbox 604 324 718 359; x_wconf 77' lang='lat' dir='ltr'>Simplex</span> <span class='ocrx_word' id='word_1_10' title='bbox 739 323 962 349; x_wconf 81' lang='lat' dir='ltr'>medicamentum</span> <span class='ocrx_word' id='word_1_11' title='bbox 980 319 1019 348; x_wconf 83' lang='lat'>67.</span> <span class='ocrx_word' id='word_1_12' title='bbox 1057 313 1238 349; x_wconf 77' lang='lat' dir='ltr'>compositum</span> <span class='ocrx_word' id='word_1_13' title='bbox 1260 316 1299 342; x_wconf 61' lang='grc'>(111.</span> 
     </span>
     <span class='ocr_line' id='line_1_4' title="bbox 713 349 1300 385; baseline -0.019 0"><span class='ocrx_word' id='word_1_14' title='bbox 713 358 970 385; x_wconf 85' lang='lat' dir='ltr'>Medicamentorum</span> <span class='ocrx_word' id='word_1_15' title='bbox 985 351 1094 378; x_wconf 87' lang='lat' dir='ltr'>vtilium</span> <span class='ocrx_word' id='word_1_16' title='bbox 1108 351 1181 377; x_wconf 90' lang='lat' dir='ltr'>vsum</span> <span class='ocrx_word' id='word_1_17' title='bbox 1203 349 1300 376; x_wconf 71' lang='lat' dir='ltr'>habere</span> 
     </span>
     <span class='ocr_line' id='line_1_5' title="bbox 1126 386 1301 421; baseline -0.023 -8"><span class='ocrx_word' id='word_1_18' title='bbox 1126 386 1301 421; x_wconf 85' lang='lat' dir='ltr'>Opitulantur</span> 
     </span>
     <span class='ocr_line' id='line_1_6' title="bbox 1244 422 1300 447; baseline 0 0"><span class='ocrx_word' id='word_1_19' title='bbox 1244 422 1300 447; x_wconf 76' lang='lat' dir='ltr'>Ma-</span> 
     </span>
    </p>
   </div>
   <div class='ocr_carea' id='block_1_3' title="bbox 242 220 307 256">
    <p class='ocr_par' dir='ltr' id='par_1_3' title="bbox 242 220 307 256">
     <span class='ocr_line' id='line_1_7' title="bbox 242 220 307 256; baseline 0 0"><span class='ocrx_word' id='word_1_20' title='bbox 242 220 307 256; x_wconf 83' lang='lat'>235</span> 
     </span>
    </p>
   </div>
   <div class='ocr_carea' id='block_1_4' title="bbox 242 295 1308 1506">
    <p class='ocr_par' dir='ltr' id='par_1_4' title="bbox 242 295 1307 1109">
     <span class='ocr_line' id='line_1_8' title="bbox 243 295 410 322; baseline -0.024 0"><span class='ocrx_word' id='word_1_21' title='bbox 243 295 410 322; x_wconf 78' lang='lat' dir='ltr'>intercutem.</span> 
     </span>
     <span class='ocr_line' id='line_1_9' title="bbox 245 327 529 363; baseline -0.014 -8"><span class='ocrx_word' id='word_1_22' title='bbox 245 330 358 363; x_wconf 61' lang='lat' dir='ltr'>Simplisi</span> <span class='ocrx_word' id='word_1_23' title='bbox 371 327 408 353; x_wconf 84' lang='lat' dir='ltr'>Id.</span> <span class='ocrx_word' id='word_1_24' title='bbox 422 327 467 361; x_wconf 78' lang='lat' dir='ltr'>Ep.</span> <span class='ocrx_word' id='word_1_25' title='bbox 481 328 529 361; x_wconf 78' lang='lat' dir='ltr'>fin.</span> 
     </span>
     <span class='ocr_line' id='line_1_10' title="bbox 243 362 902 393; baseline -0.012 -2"><span class='ocrx_word' id='word_1_26' title='bbox 243 364 332 392; x_wconf 89' lang='lat' dir='ltr'>Cerati</span> <span class='ocrx_word' id='word_1_27' title='bbox 347 362 571 389; x_wconf 79' lang='lat' dir='ltr'>medicamentum</span> <span class='ocrx_word' id='word_1_28' title='bbox 592 370 641 387; x_wconf 83' lang='lat'>120.</span> <span class='ocrx_word' id='word_1_29' title='bbox 898 390 902 393; x_wconf 90' lang='lat'>.</span> 
     </span>
     <span class='ocr_line' id='line_1_11' title="bbox 243 391 1048 429; baseline -0.019 -2"><span class='ocrx_word' id='word_1_30' title='bbox 243 410 302 427; x_wconf 84' lang='lat'>200.</span> <span class='ocrx_word' id='word_1_31' title='bbox 380 398 606 425; x_wconf 73' lang='lat' dir='ltr'>Medicamentum</span> <span class='ocrx_word' id='word_1_32' title='bbox 626 395 840 429; x_wconf 83' lang='lat' dir='ltr'>praesentaneum</span> <span class='ocrx_word' id='word_1_33' title='bbox 866 391 933 417; x_wconf 85' lang='lat' dir='ltr'>Plin.</span> <span class='ocrx_word' id='word_1_34' title='bbox 952 394 996 418; x_wconf 79' lang='lat'>28,</span> <span class='ocrx_word' id='word_1_35' title='bbox 1019 397 1048 418; x_wconf 83' lang='lat'>¹3.</span> 
     </span>
     <span class='ocr_line' id='line_1_12' title="bbox 243 423 1285 462; baseline -0.014 0"><span class='ocrx_word' id='word_1_36' title='bbox 243 434 436 462; x_wconf 78' lang='lat' dir='ltr'>medicamenta</span> <span class='ocrx_word' id='word_1_37' title='bbox 457 434 523 460; x_wconf 91' lang='lat' dir='ltr'>Cels.</span> <span class='ocrx_word' id='word_1_38' title='bbox 544 434 663 459; x_wconf 85' lang='lat' dir='ltr'>Prooem.</span> <span class='ocrx_word' id='word_1_39' title='bbox 680 440 699 457; x_wconf 79' lang='grc' dir='ltr'>ς.</span> <span class='ocrx_word' id='word_1_40' title='bbox 741 427 885 455; x_wconf 80' lang='lat' dir='ltr'>Innoxium</span> <span class='ocrx_word' id='word_1_41' title='bbox 903 425 961 450; x_wconf 81' lang='lat' dir='ltr'>Seri.</span> <span class='ocrx_word' id='word_1_42' title='bbox 975 423 1007 449; x_wconf 90' lang='lat' dir='ltr'>de</span> <span class='ocrx_word' id='word_1_43' title='bbox 1021 423 1112 449; x_wconf 73' lang='lat' dir='ltr'>Renes.</span> <span class='ocrx_word' id='word_1_44' title='bbox 1127 432 1148 455; x_wconf 83' lang='lat'>3,</span> <span class='ocrx_word' id='word_1_45' title='bbox 1163 432 1200 455; x_wconf 72' lang='lat'>24.</span> <span class='ocrx_word' id='word_1_46' title='bbox 1281 457 1285 460; x_wconf 85' lang='lat'>.</span> 
     </span>
     <span class='ocr_line' id='line_1_13' title="bbox 245 458 1299 505; baseline -0.018 -6"><span class='ocrx_word' id='word_1_47' title='bbox 245 472 300 498; x_wconf 87' lang='lat' dir='ltr'>lum</span> <span class='ocrx_word' id='word_1_48' title='bbox 313 478 352 505; x_wconf 80' lang='lat' dir='ltr'>ap.</span> <span class='ocrx_word' id='word_1_49' title='bbox 368 471 426 497; x_wconf 79' lang='lat' dir='ltr'>Sen.</span> <span class='ocrx_word' id='word_1_50' title='bbox 439 470 571 496; x_wconf 83' lang='lat' dir='ltr'>Controu.</span> <span class='ocrx_word' id='word_1_51' title='bbox 587 473 619 495; x_wconf 85' lang='lat'>18.</span> <span class='ocrx_word' id='word_1_52' title='bbox 658 465 758 492; x_wconf 80' lang='lat' dir='ltr'>Malum</span> <span class='ocrx_word' id='word_1_53' title='bbox 772 463 997 490; x_wconf 76' lang='lat' dir='ltr'>Medicamentum</span> <span class='ocrx_word' id='word_1_54' title='bbox 1012 469 1131 487; x_wconf 77' lang='lat' dir='ltr'>venenum</span> <span class='ocrx_word' id='word_1_55' title='bbox 1150 458 1189 494; x_wconf 62' lang='lat' dir='ltr'>est.</span> <span class='ocrx_word' id='word_1_56' title='bbox 1233 458 1299 484; x_wconf 66' lang='lat' dir='ltr'>Scri-</span> 
     </span>
     <span class='ocr_line' id='line_1_14' title="bbox 244 495 1302 541; baseline -0.016 -6"><span class='ocrx_word' id='word_1_57' title='bbox 244 507 309 536; x_wconf 87' lang='lat' dir='ltr'>bon.</span> <span class='ocrx_word' id='word_1_58' title='bbox 323 507 418 541; x_wconf 87' lang='lat' dir='ltr'>Comp.</span> <span class='ocrx_word' id='word_1_59' title='bbox 433 515 475 538; x_wconf 73' lang='lat'>199</span> <span class='ocrx_word' id='word_1_60' title='bbox 502 503 760 530; x_wconf 83' lang='lat' dir='ltr'>Medicamentorum</span> <span class='ocrx_word' id='word_1_61' title='bbox 780 498 912 524; x_wconf 86' lang='lat' dir='ltr'>malorum</span> <span class='ocrx_word' id='word_1_62' title='bbox 934 505 990 522; x_wconf 87' lang='lat' dir='ltr'>non</span> <span class='ocrx_word' id='word_1_63' title='bbox 1003 501 1082 521; x_wconf 86' lang='lat' dir='ltr'>nocet</span> <span class='ocrx_word' id='word_1_64' title='bbox 1100 495 1242 520; x_wconf 78' lang='lat' dir='ltr'>nominum</span> <span class='ocrx_word' id='word_1_65' title='bbox 1257 499 1302 519; x_wconf 83' lang='lat' dir='ltr'>aut</span> 
     </span>
     <span class='ocr_line' id='line_1_15' title="bbox 244 530 1302 578; baseline -0.015 -8"><span class='ocrx_word' id='word_1_66' title='bbox 244 543 390 578; x_wconf 81' lang='lat' dir='ltr'>figurarum</span> <span class='ocrx_word' id='word_1_67' title='bbox 404 541 509 571; x_wconf 87' lang='lat' dir='ltr'>notitia,</span> <span class='ocrx_word' id='word_1_68' title='bbox 530 538 577 565; x_wconf 81' lang='lat' dir='ltr'>Sed</span> <span class='ocrx_word' id='word_1_69' title='bbox 592 536 716 571; x_wconf 82' lang='lat' dir='ltr'>ponderis</span> <span class='ocrx_word' id='word_1_70' title='bbox 732 534 848 561; x_wconf 83' lang='lat' dir='ltr'>scientia.</span> <span class='ocrx_word' id='word_1_71' title='bbox 923 532 998 558; x_wconf 87' lang='lat' dir='ltr'>Hanc</span> <span class='ocrx_word' id='word_1_72' title='bbox 1012 540 1096 566; x_wconf 82' lang='lat' dir='ltr'>porro</span> <span class='ocrx_word' id='word_1_73' title='bbox 1117 530 1235 556; x_wconf 80' lang='lat' dir='ltr'>medicus</span> <span class='ocrx_word' id='word_1_74' title='bbox 1255 538 1302 555; x_wconf 90' lang='lat' dir='ltr'>nec</span> 
     </span>
     <span class='ocr_line' id='line_1_16' title="bbox 245 566 1301 613; baseline -0.015 -7"><span class='ocrx_word' id='word_1_75' title='bbox 245 588 372 613; x_wconf 75' lang='lat' dir='ltr'>quaerere</span> <span class='ocrx_word' id='word_1_76' title='bbox 386 586 433 604; x_wconf 86' lang='lat' dir='ltr'>nec</span> <span class='ocrx_word' id='word_1_77' title='bbox 447 576 516 602; x_wconf 60' lang='lat' dir='ltr'>nosse</span> <span class='ocrx_word' id='word_1_78' title='bbox 536 573 627 603; x_wconf 82' lang='lat' dir='ltr'>debet,</span> <span class='ocrx_word' id='word_1_79' title='bbox 657 571 705 597; x_wconf 81' lang='lat' dir='ltr'>nili</span> <span class='ocrx_word' id='word_1_80' title='bbox 720 569 766 597; x_wconf 82' lang='lat' dir='ltr'>Dis</span> <span class='ocrx_word' id='word_1_81' title='bbox 781 568 993 602; x_wconf 74' lang='lat' dir='ltr'>hominibusque</span> <span class='ocrx_word' id='word_1_82' title='bbox 1011 567 1114 593; x_wconf 84' lang='lat' dir='ltr'>inuisus</span> <span class='ocrx_word' id='word_1_83' title='bbox 1133 566 1231 592; x_wconf 80' lang='lat' dir='ltr'>inc-rito</span> <span class='ocrx_word' id='word_1_84' title='bbox 1252 566 1301 591; x_wconf 76' lang='lat' dir='ltr'>effe</span> 
     </span>
     <span class='ocr_line' id='line_1_17' title="bbox 245 601 1302 642; baseline -0.015 0"><span class='ocrx_word' id='word_1_85' title='bbox 245 615 304 642; x_wconf 87' lang='lat' dir='ltr'>vult</span> <span class='ocrx_word' id='word_1_86' title='bbox 317 623 362 641; x_wconf 79' lang='lat' dir='ltr'>etc.</span> <span class='ocrx_word' id='word_1_87' title='bbox 419 614 459 638; x_wconf 82' lang='lat' dir='ltr'>Sic</span> <span class='ocrx_word' id='word_1_88' title='bbox 479 618 528 636; x_wconf 81' lang='lat'>200</span> <span class='ocrx_word' id='word_1_89' title='bbox 552 607 665 640; x_wconf 66' lang='lat' dir='ltr'>Quoties</span> <span class='ocrx_word' id='word_1_90' title='bbox 687 612 774 633; x_wconf 87' lang='lat' dir='ltr'>autem</span> <span class='ocrx_word' id='word_1_91' title='bbox 788 605 901 641; x_wconf 79' lang='lat' dir='ltr'>suspicio</span> <span class='ocrx_word' id='word_1_92' title='bbox 914 604 977 630; x_wconf 84' lang='lat' dir='ltr'>mali</span> <span class='ocrx_word' id='word_1_93' title='bbox 998 601 1185 629; x_wconf 77' lang='lat' dir='ltr'>medicamenti</span> <span class='ocrx_word' id='word_1_94' title='bbox 1198 607 1302 635; x_wconf 84' lang='lat' dir='ltr'>accepta</span> 
     </span>
     <span class='ocr_line' id='line_1_18' title="bbox 245 638 1301 678; baseline -0.016 -1"><span class='ocrx_word' id='word_1_95' title='bbox 245 651 335 678; x_wconf 85' lang='lat' dir='ltr'>fuerit.</span> <span class='ocrx_word' id='word_1_96' title='bbox 408 649 448 673; x_wconf 84' lang='lat' dir='ltr'>Sic</span> <span class='ocrx_word' id='word_1_97' title='bbox 462 647 556 678; x_wconf 78' lang='lat' dir='ltr'>comp.</span> <span class='ocrx_word' id='word_1_98' title='bbox 573 652 623 675; x_wconf 84' lang='grc'>170.</span> <span class='ocrx_word' id='word_1_99' title='bbox 646 652 690 675; x_wconf 82' lang='lat'>¹73·</span> <span class='ocrx_word' id='word_1_100' title='bbox 712 648 760 676; x_wconf 85' lang='lat'>178.</span> <span class='ocrx_word' id='word_1_101' title='bbox 786 648 837 672; x_wconf 82' lang='lat'>188.</span> <span class='ocrx_word' id='word_1_102' title='bbox 910 642 960 666; x_wconf 77' lang='lat' dir='ltr'>Sed</span> <span class='ocrx_word' id='word_1_103' title='bbox 982 642 1056 666; x_wconf 77' lang='lat' dir='ltr'>etiam</span> <span class='ocrx_word' id='word_1_104' title='bbox 1069 638 1221 672; x_wconf 52' lang='lat' dir='ltr'>sumpla-iter</span> <span class='ocrx_word' id='word_1_105' title='bbox 1242 646 1301 662; x_wconf 78' lang='lat' dir='ltr'>uon-</span> 
     </span>
     <span class='ocr_line' id='line_1_19' title="bbox 244 674 1302 721; baseline -0.014 -9"><span class='ocrx_word' id='word_1_106' title='bbox 244 684 370 721; x_wconf 73' lang='lat' dir='ltr'>nuriqumn</span> <span class='ocrx_word' id='word_1_107' title='bbox 388 682 609 709; x_wconf 80' lang='lat' dir='ltr'>medicamentum</span> <span class='ocrx_word' id='word_1_108' title='bbox 625 685 670 713; x_wconf 78' lang='lat' dir='ltr'>pro</span> <span class='ocrx_word' id='word_1_109' title='bbox 687 687 779 705; x_wconf 80' lang='lat' dir='ltr'>venena</span> <span class='ocrx_word' id='word_1_110' title='bbox 793 678 923 712; x_wconf 80' lang='lat' dir='ltr'>accipitur.</span> <span class='ocrx_word' id='word_1_111' title='bbox 996 676 1082 699; x_wconf 84' lang='lat' dir='ltr'>Varro</span> <span class='ocrx_word' id='word_1_112' title='bbox 1095 675 1163 708; x_wconf 82' lang='lat' dir='ltr'>apuu‘</span> <span class='ocrx_word' id='word_1_113' title='bbox 1184 674 1257 700; x_wconf 88' lang='lat' dir='ltr'>Non.</span> <span class='ocrx_word' id='word_1_114' title='bbox 1279 683 1302 705; x_wconf 79' lang='grc'>4,</span> 
     </span>
     <span class='ocr_line' id='line_1_20' title="bbox 246 709 1303 756; baseline -0.011 -11"><span class='ocrx_word' id='word_1_115' title='bbox 246 732 300 756; x_wconf 75' lang='lat'><strong>297·</strong></span> <span class='ocrx_word' id='word_1_116' title='bbox 322 718 432 753; x_wconf 70' lang='lat' dir='ltr'>Qmerit</span> <span class='ocrx_word' id='word_1_117' title='bbox 446 716 546 743; x_wconf 82' lang='lat' dir='ltr'>ibidem</span> <span class='ocrx_word' id='word_1_118' title='bbox 561 714 593 741; x_wconf 91' lang='lat' dir='ltr'>ab</span> <span class='ocrx_word' id='word_1_119' title='bbox 607 713 749 747; x_wconf 77' lang='lat' dir='ltr'>Annibale,</span> <span class='ocrx_word' id='word_1_120' title='bbox 770 723 816 740; x_wconf 88' lang='lat' dir='ltr'>cur</span> <span class='ocrx_word' id='word_1_121' title='bbox 830 713 932 740; x_wconf 87' lang='lat' dir='ltr'>biberit</span> <span class='ocrx_word' id='word_1_122' title='bbox 952 710 1194 737; x_wconf 67' lang='lat' dir='ltr'>medicamentum?</span> <span class='ocrx_word' id='word_1_123' title='bbox 1230 709 1303 741; x_wconf 82' lang='lat' dir='ltr'>Qiia</span> 
     </span>
     <span class='ocr_line' id='line_1_21' title="bbox 245 745 1302 787; baseline -0.013 -4"><span class='ocrx_word' id='word_1_124' title='bbox 245 756 382 787; x_wconf 74' lang='lat' dir='ltr'>Romanis,</span> <span class='ocrx_word' id='word_1_125' title='bbox 401 763 442 779; x_wconf 78' lang='lat' dir='ltr'>uie</span> <span class='ocrx_word' id='word_1_126' title='bbox 457 750 588 778; x_wconf 77' lang='lat' dir='ltr'>Prusiades</span> <span class='ocrx_word' id='word_1_127' title='bbox 603 749 707 777; x_wconf 82' lang='lat' dir='ltr'>tradere</span> <span class='ocrx_word' id='word_1_128' title='bbox 721 750 837 777; x_wconf 86' lang='lat' dir='ltr'>volebat.</span> <span class='ocrx_word' id='word_1_129' title='bbox 875 748 996 775; x_wconf 86' lang='lat' dir='ltr'>Scribon.</span> <span class='ocrx_word' id='word_1_130' title='bbox 1013 755 1034 772; x_wconf 88' lang='lat' dir='ltr'>c.</span> <span class='ocrx_word' id='word_1_131' title='bbox 1050 755 1090 778; x_wconf 71' lang='lat'>¹95</span> <span class='ocrx_word' id='word_1_132' title='bbox 1113 745 1143 772; x_wconf 85' lang='lat' dir='ltr'>Et</span> <span class='ocrx_word' id='word_1_133' title='bbox 1156 745 1207 771; x_wconf 88' lang='lat' dir='ltr'>hoc</span> <span class='ocrx_word' id='word_1_134' title='bbox 1220 745 1302 771; x_wconf 82' lang='lat' dir='ltr'>etiam</span> 
     </span>
     <span class='ocr_line' id='line_1_22' title="bbox 246 780 1303 821; baseline -0.015 0"><span class='ocrx_word' id='word_1_135' title='bbox 246 795 277 821; x_wconf 77' lang='lat' dir='ltr'>ad</span> <span class='ocrx_word' id='word_1_136' title='bbox 291 800 370 819; x_wconf 86' lang='lat' dir='ltr'>omne</span> <span class='ocrx_word' id='word_1_137' title='bbox 383 788 605 815; x_wconf 74' lang='lat' dir='ltr'>medicamentum</span> <span class='ocrx_word' id='word_1_138' title='bbox 620 786 694 813; x_wconf 82' lang='lat' dir='ltr'>facit.</span> <span class='ocrx_word' id='word_1_139' title='bbox 770 785 886 820; x_wconf 80' lang='lat' dir='ltr'>Versatur</span> <span class='ocrx_word' id='word_1_140' title='bbox 900 785 927 809; x_wconf 84' lang='lat' dir='ltr'>in</span> <span class='ocrx_word' id='word_1_141' title='bbox 947 783 1087 808; x_wconf 71' lang='lat' dir='ltr'>Antidoti&#39;s.</span> <span class='ocrx_word' id='word_1_142' title='bbox 1160 783 1252 816; x_wconf 79' lang='lat' dir='ltr'>Nempe</span> <span class='ocrx_word' id='word_1_143' title='bbox 1271 780 1303 815; x_wconf 81' lang='lat' dir='ltr'>est</span> 
     </span>
     <span class='ocr_line' id='line_1_23' title="bbox 244 817 1304 856; baseline -0.013 -1"><span class='ocrx_word' id='word_1_144' title='bbox 244 830 347 856; x_wconf 68' lang='lat' dir='ltr'>medium</span> <span class='ocrx_word' id='word_1_145' title='bbox 359 834 451 856; x_wconf 78' lang='lat' dir='ltr'>nomen,</span> <span class='ocrx_word' id='word_1_146' title='bbox 473 832 503 849; x_wconf 82' lang='lat' dir='ltr'>vt</span> <span class='ocrx_word' id='word_1_147' title='bbox 515 824 563 850; x_wconf 85' lang='lat' dir='ltr'>Gr.</span> <span class='ocrx_word' id='word_1_148' title='bbox 577 826 708 855; x_wconf 69' lang='grc' dir='ltr'>φάρμακον.</span> <span class='ocrx_word' id='word_1_149' title='bbox 744 822 874 848; x_wconf 76' lang='lat' dir='ltr'>Ridirulus</span> <span class='ocrx_word' id='word_1_150' title='bbox 886 820 950 845; x_wconf 79' lang='lat' dir='ltr'>enim</span> <span class='ocrx_word' id='word_1_151' title='bbox 963 817 995 853; x_wconf 74' lang='lat' dir='ltr'>est</span> <span class='ocrx_word' id='word_1_152' title='bbox 1008 817 1118 844; x_wconf 86' lang='lat' dir='ltr'>Nonius</span> <span class='ocrx_word' id='word_1_153' title='bbox 1133 818 1151 843; x_wconf 91' lang='lat' dir='ltr'>l.</span> <span class='ocrx_word' id='word_1_154' title='bbox 1167 828 1187 843; x_wconf 88' lang='lat' dir='ltr'>c.</span> <span class='ocrx_word' id='word_1_155' title='bbox 1204 817 1248 852; x_wconf 83' lang='lat' dir='ltr'>qui</span> <span class='ocrx_word' id='word_1_156' title='bbox 1262 817 1304 841; x_wconf 78' lang='lat' dir='ltr'>ha-</span> 
     </span>
     <span class='ocr_line' id='line_1_24' title="bbox 245 852 1304 893; baseline -0.011 -5"><span class='ocrx_word' id='word_1_157' title='bbox 245 865 361 893; x_wconf 62' lang='lat' dir='ltr'>riolator,</span> <span class='ocrx_word' id='word_1_158' title='bbox 387 861 430 886; x_wconf 77' lang='lat' dir='ltr'>hoc</span> <span class='ocrx_word' id='word_1_159' title='bbox 448 858 570 885; x_wconf 66' lang='lat' dir='ltr'>intelleflu</span> <span class='ocrx_word' id='word_1_160' title='bbox 589 858 719 893; x_wconf 68' lang='lat' dir='ltr'>produc‘la</span> <span class='ocrx_word' id='word_1_161' title='bbox 733 858 819 892; x_wconf 87' lang='lat' dir='ltr'>prima</span> <span class='ocrx_word' id='word_1_162' title='bbox 828 855 923 888; x_wconf 75' lang='lat' dir='ltr'>syllaba</span> <span class='ocrx_word' id='word_1_163' title='bbox 937 854 983 891; x_wconf 53' lang='lat' dir='ltr'>effi*</span> <span class='ocrx_word' id='word_1_164' title='bbox 993 854 1217 889; x_wconf 77' lang='lat' dir='ltr'>pronunciandum,</span> <span class='ocrx_word' id='word_1_165' title='bbox 1232 852 1304 886; x_wconf 84' lang='lat' dir='ltr'>quod</span> 
     </span>
     <span class='ocr_line' id='line_1_25' title="bbox 243 888 1304 934; baseline -0.012 -8"><span class='ocrx_word' id='word_1_166' title='bbox 243 899 311 934; x_wconf 89' lang='lat' dir='ltr'>apud</span> <span class='ocrx_word' id='word_1_167' title='bbox 326 895 418 923; x_wconf 80' lang='lat' dir='ltr'>Medos</span> <span class='ocrx_word' id='word_1_168' title='bbox 431 895 546 922; x_wconf 79' lang='lat' dir='ltr'>venefici</span> <span class='ocrx_word' id='word_1_169' title='bbox 559 895 608 921; x_wconf 86' lang='lat' dir='ltr'>fint</span> <span class='ocrx_word' id='word_1_170' title='bbox 628 894 752 929; x_wconf 83' lang='lat' dir='ltr'>plurimi:</span> <span class='ocrx_word' id='word_1_171' title='bbox 788 892 900 927; x_wconf 63' lang='lat' dir='ltr'>quorsum</span> <span class='ocrx_word' id='word_1_172' title='bbox 919 892 1004 916; x_wconf 74' lang='lat' dir='ltr'>vtitur</span> <span class='ocrx_word' id='word_1_173' title='bbox 1017 888 1058 914; x_wconf 78' lang='lat' dir='ltr'>illo</span> <span class='ocrx_word' id='word_1_174' title='bbox 1078 889 1154 922; x_wconf 82' lang='lat' dir='ltr'>Virg.</span> <span class='ocrx_word' id='word_1_175' title='bbox 1168 889 1266 922; x_wconf 84' lang='lat' dir='ltr'>Georg.</span> <span class='ocrx_word' id='word_1_176' title='bbox 1283 897 1304 918; x_wconf 82' lang='lat'>2,</span> 
     </span>
     <span class='ocr_line' id='line_1_26' title="bbox 245 923 1305 961; baseline -0.012 -1"><span class='ocrx_word' id='word_1_177' title='bbox 245 937 285 961; x_wconf 77' lang='lat'>126</span> <span class='ocrx_word' id='word_1_178' title='bbox 310 933 401 959; x_wconf 83' lang='lat' dir='ltr'>Media</span> <span class='ocrx_word' id='word_1_179' title='bbox 413 931 465 957; x_wconf 75' lang='lat' dir='ltr'>fert</span> <span class='ocrx_word' id='word_1_180' title='bbox 480 931 565 957; x_wconf 77' lang='lat' dir='ltr'>tristes</span> <span class='ocrx_word' id='word_1_181' title='bbox 578 931 667 956; x_wconf 88' lang='lat' dir='ltr'>succos</span> <span class='ocrx_word' id='word_1_182' title='bbox 680 936 727 956; x_wconf 80' lang='lat' dir='ltr'>etc.</span> <span class='ocrx_word' id='word_1_183' title='bbox 800 927 1059 954; x_wconf 69' lang='lat' dir='ltr'>medicamentorum</span> <span class='ocrx_word' id='word_1_184' title='bbox 1069 923 1178 950; x_wconf 89' lang='lat' dir='ltr'>vtilium</span> <span class='ocrx_word' id='word_1_185' title='bbox 1187 924 1305 957; x_wconf 85' lang='lat' dir='ltr'>Compo-</span> 
     </span>
     <span class='ocr_line' id='line_1_27' title="bbox 242 959 1304 1001; baseline -0.011 -5"><span class='ocrx_word' id='word_1_186' title='bbox 242 970 346 1001; x_wconf 83' lang='lat' dir='ltr'>fitiones</span> <span class='ocrx_word' id='word_1_187' title='bbox 361 967 445 995; x_wconf 83' lang='lat' dir='ltr'>literis</span> <span class='ocrx_word' id='word_1_188' title='bbox 460 967 585 993; x_wconf 83' lang='lat' dir='ltr'>mandare</span> <span class='ocrx_word' id='word_1_189' title='bbox 606 967 663 994; x_wconf 80' lang='lat' dir='ltr'>Seii,</span> <span class='ocrx_word' id='word_1_190' title='bbox 681 966 725 1000; x_wconf 88' lang='lat' dir='ltr'>Ep.</span> <span class='ocrx_word' id='word_1_191' title='bbox 741 970 763 993; x_wconf 77' lang='lat'>8.</span> <span class='ocrx_word' id='word_1_192' title='bbox 838 962 920 989; x_wconf 87' lang='lat' dir='ltr'>Vinci</span> <span class='ocrx_word' id='word_1_193' title='bbox 933 960 1135 988; x_wconf 80' lang='lat' dir='ltr'>medicamentis</span> <span class='ocrx_word' id='word_1_194' title='bbox 1153 959 1219 986; x_wconf 90' lang='lat' dir='ltr'>Cels.</span> <span class='ocrx_word' id='word_1_195' title='bbox 1230 969 1251 994; x_wconf 83' lang='lat'>5,</span> <span class='ocrx_word' id='word_1_196' title='bbox 1266 965 1304 988; x_wconf 66' lang='grc' dir='ltr'>εἰς.</span> 
     </span>
     <span class='ocr_line' id='line_1_28' title="bbox 242 995 1305 1037; baseline -0.011 -5"><span class='ocrx_word' id='word_1_197' title='bbox 242 1005 437 1033; x_wconf 80' lang='lat' dir='ltr'>Medicamenta</span> <span class='ocrx_word' id='word_1_198' title='bbox 458 1003 569 1037; x_wconf 75' lang='lat' dir='ltr'>doloris⁴</span> <span class='ocrx_word' id='word_1_199' title='bbox 587 1002 643 1029; x_wconf 88' lang='lat' dir='ltr'>Cic.</span> <span class='ocrx_word' id='word_1_200' title='bbox 664 1001 695 1027; x_wconf 87' lang='lat' dir='ltr'>de</span> <span class='ocrx_word' id='word_1_201' title='bbox 716 999 805 1027; x_wconf 80' lang='lat' dir='ltr'>Finib.</span> <span class='ocrx_word' id='word_1_202' title='bbox 822 1009 844 1032; x_wconf 82' lang='lat'>2,</span> <span class='ocrx_word' id='word_1_203' title='bbox 858 1008 892 1026; x_wconf 79' lang='lat'>22.</span> <span class='ocrx_word' id='word_1_204' title='bbox 964 997 1011 1024; x_wconf 90' lang='lat' dir='ltr'>Vti</span> <span class='ocrx_word' id='word_1_205' title='bbox 1027 996 1223 1023; x_wconf 88' lang='lat' dir='ltr'>medicamento</span> <span class='ocrx_word' id='word_1_206' title='bbox 1231 995 1305 1022; x_wconf 83' lang='lat' dir='ltr'>Idem</span> 
     </span>
     <span class='ocr_line' id='line_1_29' title="bbox 242 1031 1307 1075; baseline -0.01 -7"><span class='ocrx_word' id='word_1_207' title='bbox 242 1041 296 1068; x_wconf 82' lang='lat' dir='ltr'>Off.</span> <span class='ocrx_word' id='word_1_208' title='bbox 309 1051 329 1074; x_wconf 84' lang='lat'>3,</span> <span class='ocrx_word' id='word_1_209' title='bbox 343 1049 372 1075; x_wconf 85' lang='lat'>92</span> <span class='ocrx_word' id='word_1_210' title='bbox 392 1049 415 1067; x_wconf 89' lang='lat' dir='ltr'>c.</span> <span class='ocrx_word' id='word_1_211' title='bbox 431 1048 471 1073; x_wconf 84' lang='lat'>24.</span> <span class='ocrx_word' id='word_1_212' title='bbox 542 1038 631 1065; x_wconf 87' lang='lat' dir='ltr'>Fucati</span> <span class='ocrx_word' id='word_1_213' title='bbox 645 1037 838 1064; x_wconf 88' lang='lat' dir='ltr'>medicamenta</span> <span class='ocrx_word' id='word_1_214' title='bbox 858 1034 990 1062; x_wconf 83' lang='lat' dir='ltr'>Candoris</span> <span class='ocrx_word' id='word_1_215' title='bbox 1009 1039 1036 1060; x_wconf 89' lang='lat' dir='ltr'>et</span> <span class='ocrx_word' id='word_1_216' title='bbox 1055 1031 1173 1059; x_wconf 85' lang='lat' dir='ltr'>Ruboris</span> <span class='ocrx_word' id='word_1_217' title='bbox 1190 1031 1263 1059; x_wconf 82' lang='lat' dir='ltr'>Idem</span> <span class='ocrx_word' id='word_1_218' title='bbox 1276 1031 1307 1057; x_wconf 88' lang='lat' dir='ltr'>in</span> 
     </span>
     <span class='ocr_line' id='line_1_30' title="bbox 242 1068 1198 1109; baseline -0.012 -5"><span class='ocrx_word' id='word_1_219' title='bbox 242 1078 317 1105; x_wconf 86' lang='lat' dir='ltr'>Orat.</span> <span class='ocrx_word' id='word_1_220' title='bbox 334 1086 355 1103; x_wconf 88' lang='lat' dir='ltr'>c.</span> <span class='ocrx_word' id='word_1_221' title='bbox 369 1085 408 1109; x_wconf 81' lang='lat'>23.</span> <span class='ocrx_word' id='word_1_222' title='bbox 480 1074 716 1106; x_wconf 78' lang='lat' dir='ltr'>Medicamentum,</span> <span class='ocrx_word' id='word_1_223' title='bbox 734 1080 779 1108; x_wconf 83' lang='lat' dir='ltr'>pro</span> <span class='ocrx_word' id='word_1_224' title='bbox 793 1074 865 1098; x_wconf 74' lang='lat' dir='ltr'>Surco</span> <span class='ocrx_word' id='word_1_225' title='bbox 877 1078 1002 1106; x_wconf 80' lang='lat' dir='ltr'>purpurae</span> <span class='ocrx_word' id='word_1_226' title='bbox 1022 1068 1090 1096; x_wconf 88' lang='lat' dir='ltr'>Plin.</span> <span class='ocrx_word' id='word_1_227' title='bbox 1113 1079 1137 1103; x_wconf 85' lang='lat'>9,</span> <span class='ocrx_word' id='word_1_228' title='bbox 1155 1078 1198 1100; x_wconf 82' lang='grc'>40,</span> 
     </span>
    </p>

    <p class='ocr_par' dir='ltr' id='par_1_5' title="bbox 242 1104 1307 1291">
     <span class='ocr_line' id='line_1_31' title="bbox 279 1104 1306 1143; baseline -0.011 -4"><span class='ocrx_word' id='word_1_229' title='bbox 279 1120 304 1140; x_wconf 75' lang='grc' dir='ltr'><strong>Μ</strong></span> <span class='ocrx_word' id='word_1_230' title='bbox 317 1120 334 1140; x_wconf 79' lang='grc' dir='ltr'>Ε</span> <span class='ocrx_word' id='word_1_231' title='bbox 346 1119 384 1139; x_wconf 82' lang='lat' dir='ltr'>Di</span> <span class='ocrx_word' id='word_1_232' title='bbox 397 1117 414 1138; x_wconf 89' lang='lat' dir='ltr'>c</span> <span class='ocrx_word' id='word_1_233' title='bbox 427 1118 448 1137; x_wconf 88' lang='lat' dir='ltr'>A</span> <span class='ocrx_word' id='word_1_234' title='bbox 458 1117 483 1137; x_wconf 87' lang='lat' dir='ltr'>M</span> <span class='ocrx_word' id='word_1_235' title='bbox 492 1117 510 1136; x_wconf 82' lang='lat' dir='ltr'><em>E</em></span> <span class='ocrx_word' id='word_1_236' title='bbox 520 1117 542 1136; x_wconf 86' lang='lat' dir='ltr'>N</span> <span class='ocrx_word' id='word_1_237' title='bbox 552 1116 604 1137; x_wconf 87' lang='lat' dir='ltr'>TA</span> <span class='ocrx_word' id='word_1_238' title='bbox 615 1117 635 1136; x_wconf 88' lang='lat' dir='ltr'>R</span> <span class='ocrx_word' id='word_1_239' title='bbox 650 1118 658 1136; x_wconf 93' lang='grc' dir='ltr'>ι</span> <span class='ocrx_word' id='word_1_240' title='bbox 672 1116 693 1135; x_wconf 82' lang='lat' dir='ltr'>v</span> <span class='ocrx_word' id='word_1_241' title='bbox 704 1116 717 1135; x_wconf 88' lang='lat' dir='ltr'>s</span> <span class='ocrx_word' id='word_1_242' title='bbox 726 1132 735 1143; x_wconf 82' lang='lat'>‚</span> <span class='ocrx_word' id='word_1_243' title='bbox 760 1109 780 1135; x_wconf 88' lang='lat' dir='ltr'>i.</span> <span class='ocrx_word' id='word_1_244' title='bbox 805 1117 841 1135; x_wconf 87' lang='lat' dir='ltr'>m.</span> <span class='ocrx_word' id='word_1_245' title='bbox 869 1106 1097 1141; x_wconf 60' lang='grc' dir='ltr'>[φαρμακοτριβης]</span> <span class='ocrx_word' id='word_1_246' title='bbox 1128 1105 1183 1141; x_wconf 75' lang='lat' dir='ltr'>‚Qi</span> <span class='ocrx_word' id='word_1_247' title='bbox 1201 1104 1306 1129; x_wconf 52' lang='lat' dir='ltr'>niedita-</span> 
     </span>
     <span class='ocr_line' id='line_1_32' title="bbox 242 1140 1306 1182; baseline -0.01 -6"><span class='ocrx_word' id='word_1_248' title='bbox 242 1157 324 1176; x_wconf 75' lang='lat' dir='ltr'>menta</span> <span class='ocrx_word' id='word_1_249' title='bbox 337 1147 439 1182; x_wconf 82' lang='lat' dir='ltr'>conficit.</span> <span class='ocrx_word' id='word_1_250' title='bbox 513 1146 581 1174; x_wconf 86' lang='lat' dir='ltr'>Plin.</span> <span class='ocrx_word' id='word_1_251' title='bbox 597 1156 632 1180; x_wconf 81' lang='lat'>19,</span> <span class='ocrx_word' id='word_1_252' title='bbox 647 1147 661 1171; x_wconf 89' lang='grc'>6</span> <span class='ocrx_word' id='word_1_253' title='bbox 683 1145 784 1172; x_wconf 71' lang='grc' dir='ltr'>Ξεξὶίυὶ</span> <span class='ocrx_word' id='word_1_254' title='bbox 797 1144 850 1170; x_wconf 92' lang='lat' dir='ltr'>duo</span> <span class='ocrx_word' id='word_1_255' title='bbox 864 1151 976 1179; x_wconf 64' lang='lat' dir='ltr'>genera2</span> <span class='ocrx_word' id='word_1_256' title='bbox 995 1141 1155 1168; x_wconf 84' lang='lat' dir='ltr'>herbaceum</span> <span class='ocrx_word' id='word_1_257' title='bbox 1175 1140 1245 1166; x_wconf 90' lang='lat' dir='ltr'>folio</span> <span class='ocrx_word' id='word_1_258' title='bbox 1266 1140 1306 1165; x_wconf 89' lang='lat' dir='ltr'>in-</span> 
     </span>
     <span class='ocr_line' id='line_1_33' title="bbox 242 1177 1307 1216; baseline -0.012 -4"><span class='ocrx_word' id='word_1_259' title='bbox 242 1185 335 1212; x_wconf 86' lang='lat' dir='ltr'>cisuris</span> <span class='ocrx_word' id='word_1_260' title='bbox 349 1184 406 1210; x_wconf 85' lang='lat' dir='ltr'>eius</span> <span class='ocrx_word' id='word_1_261' title='bbox 421 1182 598 1216; x_wconf 85' lang='lat' dir='ltr'>euidentibus,</span> <span class='ocrx_word' id='word_1_262' title='bbox 620 1191 674 1216; x_wconf 87' lang='lat' dir='ltr'>quo</span> <span class='ocrx_word' id='word_1_263' title='bbox 688 1187 800 1207; x_wconf 89' lang='lat' dir='ltr'>vtuntur</span> <span class='ocrx_word' id='word_1_264' title='bbox 812 1177 1052 1211; x_wconf 58' lang='lat' dir='ltr'>medicamentum,</span> <span class='ocrx_word' id='word_1_265' title='bbox 1088 1179 1120 1202; x_wconf 82' lang='lat' dir='ltr'>Et</span> <span class='ocrx_word' id='word_1_266' title='bbox 1134 1184 1182 1212; x_wconf 77' lang='lat' dir='ltr'>pro</span> <span class='ocrx_word' id='word_1_267' title='bbox 1201 1177 1307 1216; x_wconf 35' lang='lat' dir='ltr'>verte-sim</span> 
     </span>
     <span class='ocr_line' id='line_1_34' title="bbox 244 1213 1307 1251; baseline -0.01 -3"><span class='ocrx_word' id='word_1_268' title='bbox 244 1221 311 1249; x_wconf 90' lang='lat' dir='ltr'>Cod.</span> <span class='ocrx_word' id='word_1_269' title='bbox 330 1218 470 1247; x_wconf 88' lang='lat' dir='ltr'>Theodos.</span> <span class='ocrx_word' id='word_1_270' title='bbox 496 1229 508 1251; x_wconf 84' lang='lat'><em>3</em></span> <span class='ocrx_word' id='word_1_271' title='bbox 527 1218 569 1245; x_wconf 90' lang='lat' dir='ltr'>tit.</span> <span class='ocrx_word' id='word_1_272' title='bbox 586 1220 611 1245; x_wconf 87' lang='grc'>16</span> <span class='ocrx_word' id='word_1_273' title='bbox 636 1216 810 1251; x_wconf 84' lang='lat' dir='ltr'>Homicidam</span> <span class='ocrx_word' id='word_1_274' title='bbox 827 1221 872 1243; x_wconf 87' lang='lat' dir='ltr'>aut</span> <span class='ocrx_word' id='word_1_275' title='bbox 892 1213 1160 1242; x_wconf 87' lang='lat' dir='ltr'>medicamentarium</span> <span class='ocrx_word' id='word_1_276' title='bbox 1180 1219 1307 1238; x_wconf 85' lang='lat' dir='ltr'>maritum</span> 
     </span>
     <span class='ocr_line' id='line_1_35' title="bbox 242 1248 921 1291; baseline -0.01 -7"><span class='ocrx_word' id='word_1_277' title='bbox 242 1257 320 1284; x_wconf 87' lang='lat' dir='ltr'>suum</span> <span class='ocrx_word' id='word_1_278' title='bbox 336 1256 384 1283; x_wconf 82' lang='lat' dir='ltr'>esse</span> <span class='ocrx_word' id='word_1_279' title='bbox 396 1255 519 1291; x_wconf 80' lang='lat' dir='ltr'>probare.</span> <span class='ocrx_word' id='word_1_280' title='bbox 905 1248 921 1264; x_wconf 66' lang='lat'><em>⁶</em></span> 
     </span>
    </p>

    <p class='ocr_par' dir='ltr' id='par_1_6' title="bbox 245 1286 1307 1360">
     <span class='ocr_line' id='line_1_36' title="bbox 283 1286 1307 1322; baseline -0.011 -2"><span class='ocrx_word' id='word_1_281' title='bbox 283 1300 309 1320; x_wconf 85' lang='lat' dir='ltr'>M</span> <span class='ocrx_word' id='word_1_282' title='bbox 323 1299 340 1320; x_wconf 83' lang='lat' dir='ltr'>E</span> <span class='ocrx_word' id='word_1_283' title='bbox 355 1299 374 1320; x_wconf 86' lang='lat' dir='ltr'><strong>D</strong></span> <span class='ocrx_word' id='word_1_284' title='bbox 388 1299 398 1318; x_wconf 91' lang='lat'><em>1</em></span> <span class='ocrx_word' id='word_1_285' title='bbox 411 1297 428 1318; x_wconf 90' lang='lat' dir='ltr'>c</span> <span class='ocrx_word' id='word_1_286' title='bbox 443 1298 465 1318; x_wconf 85' lang='lat' dir='ltr'>A</span> <span class='ocrx_word' id='word_1_287' title='bbox 476 1298 501 1317; x_wconf 82' lang='lat' dir='ltr'>M</span> <span class='ocrx_word' id='word_1_288' title='bbox 511 1296 620 1317; x_wconf 77' lang='grc' dir='ltr'>ΕΝΤΑ</span> <span class='ocrx_word' id='word_1_289' title='bbox 631 1296 651 1316; x_wconf 83' lang='lat' dir='ltr'>R</span> <span class='ocrx_word' id='word_1_290' title='bbox 663 1297 673 1315; x_wconf 88' lang='lat' dir='ltr'>i</span> <span class='ocrx_word' id='word_1_291' title='bbox 685 1295 706 1315; x_wconf 82' lang='grc' dir='ltr'>Α</span> <span class='ocrx_word' id='word_1_292' title='bbox 716 1309 725 1322; x_wconf 88' lang='grc'>,</span> <span class='ocrx_word' id='word_1_293' title='bbox 750 1297 789 1315; x_wconf 79' lang='lat' dir='ltr'>ae.</span> <span class='ocrx_word' id='word_1_294' title='bbox 818 1288 837 1314; x_wconf 86' lang='lat' dir='ltr'>f.</span> <span class='ocrx_word' id='word_1_295' title='bbox 887 1287 1006 1321; x_wconf 70' lang='lat' dir='ltr'>Venefica.</span> <span class='ocrx_word' id='word_1_296' title='bbox 1080 1286 1200 1312; x_wconf 84' lang='lat' dir='ltr'>onrem</span> <span class='ocrx_word' id='word_1_297' title='bbox 1235 1292 1307 1310; x_wconf 87' lang='lat' dir='ltr'>moe-</span> 
     </span>
     <span class='ocr_line' id='line_1_37' title="bbox 245 1321 1272 1360; baseline -0.01 -4"><span class='ocrx_word' id='word_1_298' title='bbox 245 1329 321 1357; x_wconf 83' lang='lat' dir='ltr'>cham</span> <span class='ocrx_word' id='word_1_299' title='bbox 342 1329 383 1355; x_wconf 84' lang='lat' dir='ltr'>vel</span> <span class='ocrx_word' id='word_1_300' title='bbox 398 1326 658 1354; x_wconf 77' lang='lat' dir='ltr'>medicamentariam</span> <span class='ocrx_word' id='word_1_301' title='bbox 672 1324 789 1360; x_wconf 85' lang='lat' dir='ltr'>probare</span> <span class='ocrx_word' id='word_1_302' title='bbox 808 1321 994 1350; x_wconf 85' lang='lat' dir='ltr'>Cod.Theod.</span> <span class='ocrx_word' id='word_1_303' title='bbox 1008 1331 1019 1354; x_wconf 82' lang='lat'><em>3</em></span> <span class='ocrx_word' id='word_1_304' title='bbox 1044 1322 1085 1349; x_wconf 87' lang='lat' dir='ltr'>tit.</span> <span class='ocrx_word' id='word_1_305' title='bbox 1100 1325 1136 1349; x_wconf 85' lang='grc'>16,</span> <span class='ocrx_word' id='word_1_306' title='bbox 1180 1322 1272 1355; x_wconf 72' lang='lat' dir='ltr'>Nempe</span> 
     </span>
    </p>

    <p class='ocr_par' dir='ltr' id='par_1_7' title="bbox 245 1357 1308 1433">
     <span class='ocr_line' id='line_1_38' title="bbox 283 1357 1308 1396; baseline -0.01 -4"><span class='ocrx_word' id='word_1_307' title='bbox 283 1373 309 1393; x_wconf 88' lang='lat' dir='ltr'>M</span> <span class='ocrx_word' id='word_1_308' title='bbox 321 1372 337 1391; x_wconf 79' lang='grc' dir='ltr'>Ε</span> <span class='ocrx_word' id='word_1_309' title='bbox 348 1371 367 1392; x_wconf 87' lang='lat' dir='ltr'>D</span> <span class='ocrx_word' id='word_1_310' title='bbox 380 1372 387 1390; x_wconf 90' lang='lat'>1</span> <span class='ocrx_word' id='word_1_311' title='bbox 401 1370 419 1391; x_wconf 91' lang='lat' dir='ltr'>C</span> <span class='ocrx_word' id='word_1_312' title='bbox 429 1371 451 1391; x_wconf 77' lang='grc' dir='ltr'>Α</span> <span class='ocrx_word' id='word_1_313' title='bbox 461 1371 484 1390; x_wconf 91' lang='grc' dir='ltr'><strong><em>Μ</em></strong></span> <span class='ocrx_word' id='word_1_314' title='bbox 496 1370 512 1390; x_wconf 80' lang='grc' dir='ltr'><strong><em>Ε</em></strong></span> <span class='ocrx_word' id='word_1_315' title='bbox 523 1370 543 1388; x_wconf 81' lang='lat' dir='ltr'>N</span> <span class='ocrx_word' id='word_1_316' title='bbox 555 1369 606 1389; x_wconf 81' lang='grc' dir='ltr'>ΤΑ</span> <span class='ocrx_word' id='word_1_317' title='bbox 619 1369 638 1388; x_wconf 82' lang='lat' dir='ltr'>R</span> <span class='ocrx_word' id='word_1_318' title='bbox 650 1369 660 1388; x_wconf 89' lang='lat'>1</span> <span class='ocrx_word' id='word_1_319' title='bbox 674 1369 691 1385; x_wconf 80' lang='lat' dir='ltr'>v</span> <span class='ocrx_word' id='word_1_320' title='bbox 705 1367 718 1387; x_wconf 84' lang='lat' dir='ltr'>s</span> <span class='ocrx_word' id='word_1_321' title='bbox 731 1381 738 1394; x_wconf 87' lang='lat'>,</span> <span class='ocrx_word' id='word_1_322' title='bbox 757 1369 781 1396; x_wconf 78' lang='lat' dir='ltr'>a,</span> <span class='ocrx_word' id='word_1_323' title='bbox 796 1369 850 1386; x_wconf 88' lang='lat' dir='ltr'>um.</span> <span class='ocrx_word' id='word_1_324' title='bbox 870 1358 930 1385; x_wconf 82' lang='lat' dir='ltr'>Adi.</span> <span class='ocrx_word' id='word_1_325' title='bbox 953 1358 1180 1392; x_wconf 64' lang='grc' dir='ltr'>[φαρμακευτικὴ]</span> <span class='ocrx_word' id='word_1_326' title='bbox 1203 1357 1270 1384; x_wconf 88' lang='lat' dir='ltr'>Plin.</span> <span class='ocrx_word' id='word_1_327' title='bbox 1285 1365 1308 1389; x_wconf 89' lang='lat'>7,</span> 
     </span>
     <span class='ocr_line' id='line_1_39' title="bbox 245 1395 1032 1433; baseline -0.013 -5"><span class='ocrx_word' id='word_1_328' title='bbox 245 1404 276 1433; x_wconf 83' lang='lat'>56</span> <span class='ocrx_word' id='word_1_329' title='bbox 295 1401 457 1428; x_wconf 85' lang='lat' dir='ltr'>Herbariarn</span> <span class='ocrx_word' id='word_1_330' title='bbox 470 1405 495 1425; x_wconf 86' lang='lat' dir='ltr'>et</span> <span class='ocrx_word' id='word_1_331' title='bbox 507 1397 778 1425; x_wconf 81' lang='lat' dir='ltr'>medicamentariam.</span> <span class='ocrx_word' id='word_1_332' title='bbox 791 1395 893 1430; x_wconf 82' lang='lat' dir='ltr'>scilicet</span> <span class='ocrx_word' id='word_1_333' title='bbox 903 1414 910 1426; x_wconf 98' lang='lat'><em>‚</em></span> <span class='ocrx_word' id='word_1_334' title='bbox 932 1395 1032 1420; x_wconf 80' lang='lat' dir='ltr'>Artem,</span> 
     </span>
    </p>

    <p class='ocr_par' dir='ltr' id='par_1_8' title="bbox 244 1427 1308 1506">
     <span class='ocr_line' id='line_1_40' title="bbox 284 1427 1308 1469; baseline -0.012 -5"><span class='ocrx_word' id='word_1_335' title='bbox 284 1436 615 1469; x_wconf 71' lang='lat' dir='ltr'>MED1CAMENT68vs,</span> <span class='ocrx_word' id='word_1_336' title='bbox 637 1443 660 1469; x_wconf 80' lang='lat' dir='ltr'>a,</span> <span class='ocrx_word' id='word_1_337' title='bbox 681 1442 735 1459; x_wconf 90' lang='lat' dir='ltr'>um.</span> <span class='ocrx_word' id='word_1_338' title='bbox 761 1433 845 1459; x_wconf 64' lang='lat' dir='ltr'>Aliud</span> <span class='ocrx_word' id='word_1_339' title='bbox 869 1429 929 1457; x_wconf 87' lang='lat' dir='ltr'>Adi.</span> <span class='ocrx_word' id='word_1_340' title='bbox 958 1427 1151 1464; x_wconf 63' lang='grc' dir='ltr'>[φαρμακώδης]</span> <span class='ocrx_word' id='word_1_341' title='bbox 1178 1429 1254 1467; x_wconf 66' lang='lat' dir='ltr'>Qod</span> <span class='ocrx_word' id='word_1_342' title='bbox 1272 1437 1308 1453; x_wconf 77' lang='lat' dir='ltr'>re.</span> 
     </span>
     <span class='ocr_line' id='line_1_41' title="bbox 244 1464 1307 1506; baseline -0.011 -6"><span class='ocrx_word' id='word_1_343' title='bbox 244 1474 351 1500; x_wconf 75' lang='lat' dir='ltr'>medium</span> <span class='ocrx_word' id='word_1_344' title='bbox 363 1473 466 1506; x_wconf 64' lang='lat' dir='ltr'>auffert,</span> <span class='ocrx_word' id='word_1_345' title='bbox 486 1479 510 1497; x_wconf 84' lang='lat' dir='ltr'>et</span> <span class='ocrx_word' id='word_1_346' title='bbox 531 1470 706 1496; x_wconf 52' lang='lat' dir='ltr'>meditamenti</span> <span class='ocrx_word' id='word_1_347' title='bbox 718 1469 773 1494; x_wconf 78' lang='lat' dir='ltr'>vice</span> <span class='ocrx_word' id='word_1_348' title='bbox 791 1467 831 1504; x_wconf 84' lang='lat' dir='ltr'>est.</span> <span class='ocrx_word' id='word_1_349' title='bbox 906 1466 974 1492; x_wconf 82' lang='lat' dir='ltr'>Cato</span> <span class='ocrx_word' id='word_1_350' title='bbox 999 1474 1020 1491; x_wconf 89' lang='lat' dir='ltr'>c.</span> <span class='ocrx_word' id='word_1_351' title='bbox 1045 1474 1099 1497; x_wconf 82' lang='lat'>157,</span> <span class='ocrx_word' id='word_1_352' title='bbox 1119 1472 1131 1489; x_wconf 83' lang='lat'><em>2</em></span> <span class='ocrx_word' id='word_1_353' title='bbox 1158 1464 1189 1489; x_wconf 83' lang='lat' dir='ltr'>Et</span> <span class='ocrx_word' id='word_1_354' title='bbox 1203 1472 1307 1497; x_wconf 72' lang='lat' dir='ltr'>prinum</span> 
     </span>
    </p>
   </div>
   <div class='ocr_carea' id='block_1_5' title="bbox 1320 599 2064 637">
    <p class='ocr_par' dir='ltr' id='par_1_9' title="bbox 1320 599 2064 637">
     <span class='ocr_line' id='line_1_42' title="bbox 1320 599 2064 637; baseline 0.007 -14"><span class='ocrx_word' id='word_1_355' title='bbox 1320 610 1347 627; x_wconf 88' lang='lat'>10</span> <span class='ocrx_word' id='word_1_356' title='bbox 1364 599 1436 632; x_wconf 82' lang='lat' dir='ltr'>quod</span> <span class='ocrx_word' id='word_1_357' title='bbox 1452 599 1491 624; x_wconf 86' lang='lat' dir='ltr'>ibi</span> <span class='ocrx_word' id='word_1_358' title='bbox 1505 599 1544 625; x_wconf 84' lang='lat' dir='ltr'>sus</span> <span class='ocrx_word' id='word_1_359' title='bbox 1557 599 1587 625; x_wconf 91' lang='lat' dir='ltr'>in</span> <span class='ocrx_word' id='word_1_360' title='bbox 1600 601 1677 625; x_wconf 73' lang='lat' dir='ltr'>medio</span> <span class='ocrx_word' id='word_1_361' title='bbox 1689 603 1760 628; x_wconf 79' lang='lat' dir='ltr'>laneo</span> <span class='ocrx_word' id='word_1_362' title='bbox 1770 602 1927 637; x_wconf 80' lang='lat' dir='ltr'>perhibetur</span> <span class='ocrx_word' id='word_1_363' title='bbox 1946 603 2064 629; x_wconf 88' lang='lat' dir='ltr'>inuenta.</span> 
     </span>
    </p>
   </div>
   <div class='ocr_carea' id='block_1_6' title="bbox 1318 963 1562 987">
    <p class='ocr_par' dir='ltr' id='par_1_10' title="bbox 1318 963 1562 987">
     <span class='ocr_line' id='line_1_43' title="bbox 1318 963 1562 987; baseline 0.008 -6"><span class='ocrx_word' id='word_1_364' title='bbox 1318 969 1350 987; x_wconf 86' lang='lat'>20</span> <span class='ocrx_word' id='word_1_365' title='bbox 1367 963 1450 982; x_wconf 77' lang='lat' dir='ltr'>ratum</span> <span class='ocrx_word' id='word_1_366' title='bbox 1461 966 1562 984; x_wconf 80' lang='lat' dir='ltr'>vocant.</span> 
     </span>
    </p>
   </div>
   <div class='ocr_carea' id='block_1_7' title="bbox 1324 1147 1440 1171">
    <p class='ocr_par' dir='ltr' id='par_1_11' title="bbox 1324 1147 1440 1171">
     <span class='ocr_line' id='line_1_44' title="bbox 1324 1147 1440 1171; baseline 0 -7"><span class='ocrx_word' id='word_1_367' title='bbox 1324 1149 1351 1171; x_wconf 81' lang='lat'>25</span> <span class='ocrx_word' id='word_1_368' title='bbox 1371 1147 1392 1164; x_wconf 90' lang='lat' dir='ltr'>c.</span> <span class='ocrx_word' id='word_1_369' title='bbox 1408 1147 1440 1164; x_wconf 77' lang='lat'>12.</span> 
     </span>
    </p>
   </div>
   <div class='ocr_carea' id='block_1_8' title="bbox 1324 1318 1980 1355">
    <p class='ocr_par' dir='ltr' id='par_1_12' title="bbox 1324 1318 1980 1355">
     <span class='ocr_line' id='line_1_45' title="bbox 1324 1318 1980 1355; baseline 0.002 -12"><span class='ocrx_word' id='word_1_370' title='bbox 1324 1332 1354 1355; x_wconf 81' lang='lat'>30</span> <span class='ocrx_word' id='word_1_371' title='bbox 1372 1318 1462 1354; x_wconf 76' lang='lat' dir='ltr'>Popma</span> <span class='ocrx_word' id='word_1_372' title='bbox 1474 1319 1503 1343; x_wconf 81' lang='lat' dir='ltr'>dc</span> <span class='ocrx_word' id='word_1_373' title='bbox 1517 1318 1678 1353; x_wconf 79' lang='lat' dir='ltr'>instr.fiandi</span> <span class='ocrx_word' id='word_1_374' title='bbox 1692 1327 1716 1352; x_wconf 88' lang='lat' dir='ltr'>p.</span> <span class='ocrx_word' id='word_1_375' title='bbox 1731 1327 1753 1350; x_wconf 82' lang='lat'>31</span> <span class='ocrx_word' id='word_1_376' title='bbox 1774 1318 1980 1353; x_wconf 79' lang='lat' dir='ltr'>legMeliponti.</span> 
     </span>
    </p>
   </div>
   <div class='ocr_carea' id='block_1_9' title="bbox 1775 188 2420 240">
    <p class='ocr_par' dir='ltr' id='par_1_13' title="bbox 1775 188 2420 240">
     <span class='ocr_line' id='line_1_46' title="bbox 1775 188 2420 240; baseline 0.002 -10"><span class='ocrx_word' id='word_1_377' title='bbox 1775 188 2006 231; x_wconf 91' lang='lat' dir='ltr'>MED</span> <span class='ocrx_word' id='word_1_378' title='bbox 2347 188 2420 240; x_wconf 77' lang='lat'>236</span> 
     </span>
    </p>
   </div>
   <div class='ocr_carea' id='block_1_10' title="bbox 1361 276 2477 1497">
    <p class='ocr_par' dir='ltr' id='par_1_14' title="bbox 1361 276 2455 422">
     <span class='ocr_line' id='line_1_47' title="bbox 1362 276 2455 319; baseline 0.001 -14"><span class='ocrx_word' id='word_1_379' title='bbox 1362 276 1468 318; x_wconf 75' lang='lat' dir='ltr'>Ticino</span> <span class='ocrx_word' id='word_1_380' title='bbox 1479 279 1610 319; x_wconf 66' lang='lat' dir='ltr'>flumine,</span> <span class='ocrx_word' id='word_1_381' title='bbox 1631 289 1724 315; x_wconf 84' lang='lat' dir='ltr'>quum,</span> <span class='ocrx_word' id='word_1_382' title='bbox 1743 280 1772 306; x_wconf 81' lang='lat' dir='ltr'>in</span> <span class='ocrx_word' id='word_1_383' title='bbox 1788 289 1842 315; x_wconf 92' lang='lat' dir='ltr'>quo</span> <span class='ocrx_word' id='word_1_384' title='bbox 1856 279 2036 314; x_wconf 78' lang='lat' dir='ltr'>consederant,</span> <span class='ocrx_word' id='word_1_385' title='bbox 2058 289 2150 316; x_wconf 80' lang='lat' dir='ltr'>agrum</span> <span class='ocrx_word' id='word_1_386' title='bbox 2162 280 2314 308; x_wconf 82' lang='lat' dir='ltr'>Insubrium</span> <span class='ocrx_word' id='word_1_387' title='bbox 2335 279 2420 315; x_wconf 68' lang='lat' dir='ltr'>appel·</span> <span class='ocrx_word' id='word_1_388' title='bbox 2450 299 2455 302; x_wconf 90' lang='lat'>-</span> 
     </span>
     <span class='ocr_line' id='line_1_48' title="bbox 1361 312 2419 350; baseline 0.004 -12"><span class='ocrx_word' id='word_1_389' title='bbox 1361 312 1411 338; x_wconf 86' lang='lat' dir='ltr'>lari</span> <span class='ocrx_word' id='word_1_390' title='bbox 1424 314 1561 346; x_wconf 80' lang='lat' dir='ltr'>audissent,</span> <span class='ocrx_word' id='word_1_391' title='bbox 1580 317 1768 350; x_wconf 86' lang='lat' dir='ltr'>cognominem</span> <span class='ocrx_word' id='word_1_392' title='bbox 1784 314 1938 343; x_wconf 86' lang='lat' dir='ltr'>Insubribus</span> <span class='ocrx_word' id='word_1_393' title='bbox 1952 324 2017 350; x_wconf 83' lang='lat' dir='ltr'>pago</span> <span class='ocrx_word' id='word_1_394' title='bbox 2031 317 2204 344; x_wconf 79' lang='lat' dir='ltr'>Heduorum:</span> <span class='ocrx_word' id='word_1_395' title='bbox 2240 316 2281 344; x_wconf 84' lang='lat' dir='ltr'>ibi</span> <span class='ocrx_word' id='word_1_396' title='bbox 2295 325 2374 342; x_wconf 88' lang='lat' dir='ltr'>omen</span> <span class='ocrx_word' id='word_1_397' title='bbox 2383 316 2419 342; x_wconf 88' lang='lat' dir='ltr'>se-</span> 
     </span>
     <span class='ocr_line' id='line_1_49' title="bbox 1363 351 2420 387; baseline 0.005 -15"><span class='ocrx_word' id='word_1_398' title='bbox 1363 355 1471 386; x_wconf 68' lang='lat' dir='ltr'>quentes</span> <span class='ocrx_word' id='word_1_399' title='bbox 1486 351 1547 384; x_wconf 86' lang='lat' dir='ltr'>loci,</span> <span class='ocrx_word' id='word_1_400' title='bbox 1569 352 1714 379; x_wconf 83' lang='lat' dir='ltr'>condidere</span> <span class='ocrx_word' id='word_1_401' title='bbox 1728 352 1833 385; x_wconf 85' lang='lat' dir='ltr'>vrbem,</span> <span class='ocrx_word' id='word_1_402' title='bbox 1846 351 2032 378; x_wconf 88' lang='lat' dir='ltr'>Mediolanum</span> <span class='ocrx_word' id='word_1_403' title='bbox 2039 353 2213 387; x_wconf 83' lang='lat' dir='ltr'>appellarunt.</span> <span class='ocrx_word' id='word_1_404' title='bbox 2287 351 2420 379; x_wconf 79' lang='lat' dir='ltr'>Ausonius</span> 
     </span>
     <span class='ocr_line' id='line_1_50' title="bbox 1362 383 1670 422; baseline 0.023 -14"><span class='ocrx_word' id='word_1_405' title='bbox 1362 391 1392 408; x_wconf 90' lang='lat' dir='ltr'>in</span> <span class='ocrx_word' id='word_1_406' title='bbox 1406 383 1514 412; x_wconf 86' lang='lat' dir='ltr'>vrbiuiu</span> <span class='ocrx_word' id='word_1_407' title='bbox 1533 388 1670 422; x_wconf 79' lang='lat' dir='ltr'>catalog0‚</span> 
     </span>
    </p>

    <p class='ocr_par' dir='ltr' id='par_1_15' title="bbox 1559 422 2167 458">
     <span class='ocr_line' id='line_1_51' title="bbox 1559 422 2167 458; baseline 0.003 -9"><span class='ocrx_word' id='word_1_408' title='bbox 1559 424 1591 450; x_wconf 85' lang='lat' dir='ltr'>Et</span> <span class='ocrx_word' id='word_1_409' title='bbox 1605 423 1754 451; x_wconf 69' lang='lat' dir='ltr'>Mediolani</span> <span class='ocrx_word' id='word_1_410' title='bbox 1768 423 1837 449; x_wconf 87' lang='lat' dir='ltr'>mira</span> <span class='ocrx_word' id='word_1_411' title='bbox 1856 422 1957 455; x_wconf 79' lang='lat' dir='ltr'>omnia,</span> <span class='ocrx_word' id='word_1_412' title='bbox 1975 423 2053 458; x_wconf 82' lang='lat' dir='ltr'>copia</span> <span class='ocrx_word' id='word_1_413' title='bbox 2067 432 2167 458; x_wconf 86' lang='lat' dir='ltr'>rerum,</span> 
     </span>
    </p>

    <p class='ocr_par' dir='ltr' id='par_1_16' title="bbox 1561 458 2294 493">
     <span class='ocr_line' id='line_1_52' title="bbox 1561 458 2294 493; baseline 0.004 -9"><span class='ocrx_word' id='word_1_414' title='bbox 1561 459 1719 487; x_wconf 82' lang='lat' dir='ltr'>Innumerae</span> <span class='ocrx_word' id='word_1_415' title='bbox 1734 460 1871 493; x_wconf 84' lang='lat' dir='ltr'>cultaeque</span> <span class='ocrx_word' id='word_1_416' title='bbox 1890 458 2003 489; x_wconf 80' lang='lat' dir='ltr'>domus5</span> <span class='ocrx_word' id='word_1_417' title='bbox 2039 459 2150 487; x_wconf 87' lang='lat' dir='ltr'>facunda</span> <span class='ocrx_word' id='word_1_418' title='bbox 2169 461 2294 487; x_wconf 87' lang='lat' dir='ltr'>virorum</span> 
     </span>
    </p>

    <p class='ocr_par' dir='ltr' id='par_1_17' title="bbox 1363 494 2424 706">
     <span class='ocr_line' id='line_1_53' title="bbox 1562 494 2422 532; baseline -0.001 -11"><span class='ocrx_word' id='word_1_419' title='bbox 1562 494 1686 532; x_wconf 54' lang='lat' dir='ltr'>Ingenia,</span> <span class='ocrx_word' id='word_1_420' title='bbox 1713 503 1758 522; x_wconf 70' lang='lat' dir='ltr'>etr.</span> <span class='ocrx_word' id='word_1_421' title='bbox 2064 494 2154 528; x_wconf 85' lang='lat' dir='ltr'>Paffim</span> <span class='ocrx_word' id='word_1_422' title='bbox 2169 496 2303 531; x_wconf 82' lang='lat' dir='ltr'>respiciunt</span> <span class='ocrx_word' id='word_1_423' title='bbox 2330 496 2422 520; x_wconf 56' lang='lat' dir='ltr'>Portae</span> 
     </span>
     <span class='ocr_line' id='line_1_54' title="bbox 1363 527 2422 567; baseline 0.003 -15"><span class='ocrx_word' id='word_1_424' title='bbox 1363 527 1399 552; x_wconf 78' lang='lat' dir='ltr'>ad</span> <span class='ocrx_word' id='word_1_425' title='bbox 1410 534 1504 567; x_wconf 67' lang='lat' dir='ltr'>etyriion</span> <span class='ocrx_word' id='word_1_426' title='bbox 1518 529 1588 553; x_wconf 61' lang='lat' dir='ltr'>vrlws</span> <span class='ocrx_word' id='word_1_427' title='bbox 1594 530 1744 567; x_wconf 75' lang='lat' dir='ltr'>fabulosum,</span> <span class='ocrx_word' id='word_1_428' title='bbox 1762 533 1792 557; x_wconf 71' lang='lat' dir='ltr'>de</span> <span class='ocrx_word' id='word_1_429' title='bbox 1807 540 1852 566; x_wconf 83' lang='lat' dir='ltr'>quo</span> <span class='ocrx_word' id='word_1_430' title='bbox 1866 529 1924 557; x_wconf 84' lang='lat' dir='ltr'>Ifid.</span> <span class='ocrx_word' id='word_1_431' title='bbox 1942 530 2018 565; x_wconf 78' lang='lat' dir='ltr'>Orig.</span> <span class='ocrx_word' id='word_1_432' title='bbox 2034 540 2064 564; x_wconf 79' lang='lat'>15,</span> <span class='ocrx_word' id='word_1_433' title='bbox 2080 541 2087 557; x_wconf 95' lang='lat'>1</span> <span class='ocrx_word' id='word_1_434' title='bbox 2110 531 2179 557; x_wconf 89' lang='lat' dir='ltr'>Galli</span> <span class='ocrx_word' id='word_1_435' title='bbox 2193 532 2378 558; x_wconf 84' lang='lat' dir='ltr'>Mediolanum</span> <span class='ocrx_word' id='word_1_436' title='bbox 2387 535 2422 556; x_wconf 89' lang='lat' dir='ltr'>at.</span> 
     </span>
     <span class='ocr_line' id='line_1_55' title="bbox 1364 563 2423 599; baseline 0.004 -12"><span class='ocrx_word' id='word_1_437' title='bbox 1364 572 1416 596; x_wconf 83' lang='lat' dir='ltr'>que</span> <span class='ocrx_word' id='word_1_438' title='bbox 1430 563 1493 588; x_wconf 79' lang='lat' dir='ltr'>alias</span> <span class='ocrx_word' id='word_1_439' title='bbox 1509 563 1587 589; x_wconf 75' lang='lat' dir='ltr'>Vrbes</span> <span class='ocrx_word' id='word_1_440' title='bbox 1600 566 1785 593; x_wconf 84' lang='lat' dir='ltr'>condiderunt.</span> <span class='ocrx_word' id='word_1_441' title='bbox 1858 568 1989 592; x_wconf 79' lang='lat' dir='ltr'>Vocatuni</span> <span class='ocrx_word' id='word_1_442' title='bbox 2002 573 2089 593; x_wconf 89' lang='lat' dir='ltr'>autem</span> <span class='ocrx_word' id='word_1_443' title='bbox 2102 566 2304 599; x_wconf 88' lang='lat' dir='ltr'>Mediolanum,</span> <span class='ocrx_word' id='word_1_444' title='bbox 2332 566 2364 593; x_wconf 88' lang='lat' dir='ltr'>ab</span> <span class='ocrx_word' id='word_1_445' title='bbox 2380 574 2423 598; x_wconf 85' lang='lat' dir='ltr'>eo,</span> 
     </span>
     <span class='ocr_line' id='line_1_56' title="bbox 2138 602 2422 630; baseline -0.004 -2"><span class='ocrx_word' id='word_1_446' title='bbox 2138 604 2207 628; x_wconf 75' lang='lat' dir='ltr'>Hinc</span> <span class='ocrx_word' id='word_1_447' title='bbox 2231 603 2368 630; x_wconf 72' lang='lat' dir='ltr'>Claudiam.</span> <span class='ocrx_word' id='word_1_448' title='bbox 2389 602 2422 628; x_wconf 88' lang='lat' dir='ltr'>de</span> 
     </span>
     <span class='ocr_line' id='line_1_57' title="bbox 1365 634 2424 675; baseline 0.003 -15"><span class='ocrx_word' id='word_1_449' title='bbox 1365 634 1450 669; x_wconf 84' lang='lat' dir='ltr'>Nupt.</span> <span class='ocrx_word' id='word_1_450' title='bbox 1464 636 1538 675; x_wconf 75' lang='lat' dir='ltr'>Hori.</span> <span class='ocrx_word' id='word_1_451' title='bbox 1557 642 1594 667; x_wconf 71' lang='lat'>183</span> <span class='ocrx_word' id='word_1_452' title='bbox 1613 635 1732 662; x_wconf 86' lang='lat' dir='ltr'>Sublime</span> <span class='ocrx_word' id='word_1_453' title='bbox 1745 639 1838 665; x_wconf 79' lang='lat' dir='ltr'>volans</span> <span class='ocrx_word' id='word_1_454' title='bbox 1852 639 1884 665; x_wconf 84' lang='lat' dir='ltr'>ad</span> <span class='ocrx_word' id='word_1_455' title='bbox 1897 639 2006 665; x_wconf 87' lang='lat' dir='ltr'>moenia</span> <span class='ocrx_word' id='word_1_456' title='bbox 2020 639 2102 665; x_wconf 86' lang='lat' dir='ltr'>Gallis</span> <span class='ocrx_word' id='word_1_457' title='bbox 2112 638 2237 671; x_wconf 88' lang='lat' dir='ltr'>Condita,</span> <span class='ocrx_word' id='word_1_458' title='bbox 2250 638 2361 673; x_wconf 80' lang='lat' dir='ltr'>lanigeri</span> <span class='ocrx_word' id='word_1_459' title='bbox 2371 638 2424 664; x_wconf 80' lang='lat' dir='ltr'>suis</span> 
     </span>
     <span class='ocr_line' id='line_1_58' title="bbox 1364 669 1646 706; baseline 0.004 -10"><span class='ocrx_word' id='word_1_460' title='bbox 1364 669 1522 697; x_wconf 83' lang='lat' dir='ltr'>ostentantia</span> <span class='ocrx_word' id='word_1_461' title='bbox 1541 672 1646 706; x_wconf 82' lang='lat' dir='ltr'>pellem.</span> 
     </span>
    </p>

    <p class='ocr_par' dir='ltr' id='par_1_18' title="bbox 1365 709 2426 770">
     <span class='ocr_line' id='line_1_59' title="bbox 1401 709 2426 748; baseline 0.002 -16"><span class='ocrx_word' id='word_1_462' title='bbox 1401 713 1427 732; x_wconf 78' lang='grc'>111</span> <span class='ocrx_word' id='word_1_463' title='bbox 1437 713 1454 733; x_wconf 81' lang='lat' dir='ltr'>E</span> <span class='ocrx_word' id='word_1_464' title='bbox 1465 713 1483 733; x_wconf 88' lang='lat' dir='ltr'>D</span> <span class='ocrx_word' id='word_1_465' title='bbox 1496 714 1536 747; x_wconf 71' lang='lat' dir='ltr'>ro</span> <span class='ocrx_word' id='word_1_466' title='bbox 1551 714 1600 748; x_wconf 63' lang='lat'>¹:¹⁰¹</span> <span class='ocrx_word' id='word_1_467' title='bbox 1614 714 1634 733; x_wconf 84' lang='lat' dir='ltr'>N</span> <span class='ocrx_word' id='word_1_468' title='bbox 1649 713 1667 734; x_wconf 80' lang='grc' dir='ltr'><strong>Ε</strong></span> <span class='ocrx_word' id='word_1_469' title='bbox 1682 713 1785 741; x_wconf 17' lang='lat' dir='ltr'>Nrsis,</span> <span class='ocrx_word' id='word_1_470' title='bbox 1805 718 1827 734; x_wconf 86' lang='lat' dir='ltr'>e.</span> <span class='ocrx_word' id='word_1_471' title='bbox 1846 711 1903 737; x_wconf 82' lang='lat' dir='ltr'>Adi.</span> <span class='ocrx_word' id='word_1_472' title='bbox 1925 712 2119 745; x_wconf 59' lang='grc' dir='ltr'><strong><em>[Μεδιολάνιος]</em></strong></span> <span class='ocrx_word' id='word_1_473' title='bbox 2139 710 2193 747; x_wconf 75' lang='lat' dir='ltr'>,Qi</span> <span class='ocrx_word' id='word_1_474' title='bbox 2199 709 2341 736; x_wconf 78' lang='lat' dir='ltr'>Mediolani</span> <span class='ocrx_word' id='word_1_475' title='bbox 2356 709 2426 735; x_wconf 80' lang='lat' dir='ltr'>habi-</span> 
     </span>
     <span class='ocr_line' id='line_1_60' title="bbox 1365 744 2242 770; baseline 0.006 -3"><span class='ocrx_word' id='word_1_476' title='bbox 1365 749 1413 769; x_wconf 80' lang='lat' dir='ltr'>tat.</span> <span class='ocrx_word' id='word_1_477' title='bbox 1486 744 1543 770; x_wconf 84' lang='lat' dir='ltr'>Cic.</span> <span class='ocrx_word' id='word_1_478' title='bbox 1559 753 1586 769; x_wconf 89' lang='lat' dir='ltr'>in</span> <span class='ocrx_word' id='word_1_479' title='bbox 1605 744 1689 770; x_wconf 84' lang='lat' dir='ltr'>Pison.</span> <span class='ocrx_word' id='word_1_480' title='bbox 1703 746 1742 770; x_wconf 82' lang='lat'>62.</span> <span class='ocrx_word' id='word_1_481' title='bbox 2238 746 2242 751; x_wconf 70' lang='grc'>’</span> 
     </span>
    </p>

    <p class='ocr_par' dir='ltr' id='par_1_19' title="bbox 1365 779 2428 878">
     <span class='ocr_line' id='line_1_61' title="bbox 1384 779 2426 819; baseline -0.001 -14"><span class='ocrx_word' id='word_1_482' title='bbox 1384 814 1389 819; x_wconf 38' lang='lat'><strong>·</strong></span> <span class='ocrx_word' id='word_1_483' title='bbox 1403 785 1429 805; x_wconf 84' lang='lat' dir='ltr'>M</span> <span class='ocrx_word' id='word_1_484' title='bbox 1440 785 1456 804; x_wconf 87' lang='lat' dir='ltr'>E</span> <span class='ocrx_word' id='word_1_485' title='bbox 1467 785 1504 819; x_wconf 74' lang='grc'>111</span> <span class='ocrx_word' id='word_1_486' title='bbox 1518 787 1537 807; x_wconf 90' lang='grc'>0</span> <span class='ocrx_word' id='word_1_487' title='bbox 1551 787 1577 806; x_wconf 83' lang='grc' dir='ltr'><strong><em>Μ</em></strong></span> <span class='ocrx_word' id='word_1_488' title='bbox 1589 787 1611 807; x_wconf 83' lang='lat' dir='ltr'>A</span> <span class='ocrx_word' id='word_1_489' title='bbox 1621 786 1642 806; x_wconf 91' lang='lat' dir='ltr'>T</span> <span class='ocrx_word' id='word_1_490' title='bbox 1657 786 1677 805; x_wconf 81' lang='lat' dir='ltr'>R</span> <span class='ocrx_word' id='word_1_491' title='bbox 1688 788 1698 806; x_wconf 87' lang='lat' dir='ltr'>i</span> <span class='ocrx_word' id='word_1_492' title='bbox 1707 785 1724 806; x_wconf 86' lang='lat' dir='ltr'>c</span> <span class='ocrx_word' id='word_1_493' title='bbox 1737 787 1758 805; x_wconf 94' lang='lat'>1.</span> <span class='ocrx_word' id='word_1_494' title='bbox 1781 779 2007 818; x_wconf 65' lang='grc' dir='ltr'>[Μεδιομάτρικω]</span> <span class='ocrx_word' id='word_1_495' title='bbox 2024 782 2114 818; x_wconf 84' lang='lat' dir='ltr'>Populi</span> <span class='ocrx_word' id='word_1_496' title='bbox 2121 781 2184 818; x_wconf 79' lang='lat' dir='ltr'>sunt</span> <span class='ocrx_word' id='word_1_497' title='bbox 2196 781 2262 807; x_wconf 80' lang='lat' dir='ltr'>inter</span> <span class='ocrx_word' id='word_1_498' title='bbox 2270 779 2358 815; x_wconf 70' lang='lat' dir='ltr'>Belgas</span> <span class='ocrx_word' id='word_1_499' title='bbox 2366 780 2426 805; x_wconf 83' lang='lat' dir='ltr'>Leu-</span> 
     </span>
     <span class='ocr_line' id='line_1_62' title="bbox 1365 814 2428 854; baseline 0.002 -14"><span class='ocrx_word' id='word_1_500' title='bbox 1365 824 1399 840; x_wconf 86' lang='lat' dir='ltr'>cis</span> <span class='ocrx_word' id='word_1_501' title='bbox 1413 822 1437 840; x_wconf 83' lang='lat' dir='ltr'>et</span> <span class='ocrx_word' id='word_1_502' title='bbox 1451 816 1602 841; x_wconf 71' lang='lat' dir='ltr'>Eburonibus</span> <span class='ocrx_word' id='word_1_503' title='bbox 1619 816 1707 841; x_wconf 60' lang='lat' dir='ltr'>vit-lni.</span> <span class='ocrx_word' id='word_1_504' title='bbox 1725 820 1791 851; x_wconf 74' lang='lat' dir='ltr'>apud</span> <span class='ocrx_word' id='word_1_505' title='bbox 1805 815 1877 842; x_wconf 78' lang='lat' dir='ltr'>Caes.</span> <span class='ocrx_word' id='word_1_506' title='bbox 1893 817 1922 843; x_wconf 82' lang='lat' dir='ltr'>B.</span> <span class='ocrx_word' id='word_1_507' title='bbox 1936 819 1969 844; x_wconf 93' lang='lat' dir='ltr'>G.</span> <span class='ocrx_word' id='word_1_508' title='bbox 1983 831 2007 852; x_wconf 73' lang='lat'>4,</span> <span class='ocrx_word' id='word_1_509' title='bbox 2021 828 2059 846; x_wconf 85' lang='lat'>10.</span> <span class='ocrx_word' id='word_1_510' title='bbox 2131 816 2217 854; x_wconf 69' lang='lat' dir='ltr'>Postea</span> <span class='ocrx_word' id='word_1_511' title='bbox 2242 816 2320 852; x_wconf 81' lang='lat' dir='ltr'>Meti,</span> <span class='ocrx_word' id='word_1_512' title='bbox 2333 814 2428 842; x_wconf 81' lang='lat' dir='ltr'>Metti:</span> 
     </span>
     <span class='ocr_line' id='line_1_63' title="bbox 1368 851 1693 878; baseline 0.009 -3"><span class='ocrx_word' id='word_1_513' title='bbox 1368 851 1435 875; x_wconf 80' lang='lat' dir='ltr'>vnde</span> <span class='ocrx_word' id='word_1_514' title='bbox 1449 852 1527 876; x_wconf 61' lang='lat' dir='ltr'>hodie&gt;</span> <span class='ocrx_word' id='word_1_515' title='bbox 1536 861 1594 877; x_wconf 75' lang='lat' dir='ltr'>mim</span> <span class='ocrx_word' id='word_1_516' title='bbox 1613 853 1693 878; x_wconf 89' lang='lat' dir='ltr'>Metz.</span> 
     </span>
    </p>

    <p class='ocr_par' dir='ltr' id='par_1_20' title="bbox 1366 886 2429 992">
     <span class='ocr_line' id='line_1_64' title="bbox 1404 886 2428 926; baseline -0.001 -14"><span class='ocrx_word' id='word_1_517' title='bbox 1404 893 1430 926; x_wconf 66' lang='lat' dir='ltr'>M</span> <span class='ocrx_word' id='word_1_518' title='bbox 1442 892 1459 912; x_wconf 80' lang='lat' dir='ltr'>E</span> <span class='ocrx_word' id='word_1_519' title='bbox 1473 893 1493 912; x_wconf 91' lang='lat' dir='ltr'>D</span> <span class='ocrx_word' id='word_1_520' title='bbox 1505 894 1515 913; x_wconf 86' lang='lat'>1</span> <span class='ocrx_word' id='word_1_521' title='bbox 1524 894 1543 913; x_wconf 92' lang='grc' dir='ltr'>ο</span> <span class='ocrx_word' id='word_1_522' title='bbox 1554 894 1590 913; x_wconf 76' lang='lat' dir='ltr'>N.</span> <span class='ocrx_word' id='word_1_523' title='bbox 1611 887 1723 921; x_wconf 67' lang='grc' dir='ltr'>[μηδίον]</span> <span class='ocrx_word' id='word_1_524' title='bbox 1738 888 1822 913; x_wconf 76' lang='lat' dir='ltr'>Herba</span> <span class='ocrx_word' id='word_1_525' title='bbox 1841 886 1872 922; x_wconf 86' lang='lat' dir='ltr'>est</span> <span class='ocrx_word' id='word_1_526' title='bbox 1884 887 1989 915; x_wconf 84' lang='lat' dir='ltr'>Mediae</span> <span class='ocrx_word' id='word_1_527' title='bbox 1997 890 2146 924; x_wconf 80' lang='lat' dir='ltr'>peculiaris,</span> <span class='ocrx_word' id='word_1_528' title='bbox 2164 890 2245 922; x_wconf 82' lang='lat' dir='ltr'>(vnde</span> <span class='ocrx_word' id='word_1_529' title='bbox 2258 895 2282 914; x_wconf 84' lang='lat' dir='ltr'>et</span> <span class='ocrx_word' id='word_1_530' title='bbox 2294 895 2379 912; x_wconf 80' lang='lat' dir='ltr'>nomen</span> <span class='ocrx_word' id='word_1_531' title='bbox 2387 895 2428 912; x_wconf 79' lang='lat' dir='ltr'>ac-</span> 
     </span>
     <span class='ocr_line' id='line_1_65' title="bbox 1366 923 2429 959; baseline 0.001 -12"><span class='ocrx_word' id='word_1_532' title='bbox 1366 924 1450 956; x_wconf 75' lang='lat' dir='ltr'>cepit)</span> <span class='ocrx_word' id='word_1_533' title='bbox 1471 923 1497 947; x_wconf 83' lang='lat' dir='ltr'>in</span> <span class='ocrx_word' id='word_1_534' title='bbox 1525 924 1583 948; x_wconf 82' lang='lat' dir='ltr'>locis</span> <span class='ocrx_word' id='word_1_535' title='bbox 1601 924 1718 956; x_wconf 57' lang='lat' dir='ltr'>rumbo-osis</span> <span class='ocrx_word' id='word_1_536' title='bbox 1735 923 1884 958; x_wconf 76' lang='lat' dir='ltr'>petrofisque</span> <span class='ocrx_word' id='word_1_537' title='bbox 1908 924 2016 959; x_wconf 80' lang='lat' dir='ltr'>nascens.</span> <span class='ocrx_word' id='word_1_538' title='bbox 2086 925 2190 952; x_wconf 80' lang='lat' dir='ltr'>Romani</span> <span class='ocrx_word' id='word_1_539' title='bbox 2219 923 2355 959; x_wconf 68' lang='lat' dir='ltr'>Trifolium</span> <span class='ocrx_word' id='word_1_540' title='bbox 2375 923 2429 949; x_wconf 82' lang='lat' dir='ltr'>odo-</span> 
     </span>
     <span class='ocr_line' id='line_1_66' title="bbox 1604 959 1855 992; baseline 0.004 -7"><span class='ocrx_word' id='word_1_541' title='bbox 1604 960 1659 985; x_wconf 69' lang='lat' dir='ltr'>Via.</span> <span class='ocrx_word' id='word_1_542' title='bbox 1688 959 1754 986; x_wconf 90' lang='lat' dir='ltr'>Plin.</span> <span class='ocrx_word' id='word_1_543' title='bbox 1770 968 1808 992; x_wconf 86' lang='lat'>27,</span> <span class='ocrx_word' id='word_1_544' title='bbox 1823 969 1855 986; x_wconf 86' lang='lat'>12.</span> 
     </span>
    </p>

    <p class='ocr_par' dir='ltr' id='par_1_21' title="bbox 1404 994 2231 1028">
     <span class='ocr_line' id='line_1_67' title="bbox 1404 994 2231 1028; baseline 0.006 -9"><span class='ocrx_word' id='word_1_545' title='bbox 1404 999 1459 1019; x_wconf 82' lang='lat' dir='ltr'>ME</span> <span class='ocrx_word' id='word_1_546' title='bbox 1475 1000 1545 1020; x_wconf 84' lang='lat' dir='ltr'>nio</span> <span class='ocrx_word' id='word_1_547' title='bbox 1558 1000 1663 1021; x_wconf 73' lang='lat' dir='ltr'>xvim</span> <span class='ocrx_word' id='word_1_548' title='bbox 1682 995 1740 1028; x_wconf 86' lang='lat' dir='ltr'>Dii,</span> <span class='ocrx_word' id='word_1_549' title='bbox 1761 995 1816 1022; x_wconf 68' lang='lat' dir='ltr'>vid.</span> <span class='ocrx_word' id='word_1_550' title='bbox 1836 994 1983 1022; x_wconf 81' lang='lat' dir='ltr'>Mediocris</span> <span class='ocrx_word' id='word_1_551' title='bbox 2010 995 2037 1021; x_wconf 86' lang='lat' dir='ltr'>in</span> <span class='ocrx_word' id='word_1_552' title='bbox 2059 1001 2112 1022; x_wconf 82' lang='lat' dir='ltr'>ME</span> <span class='ocrx_word' id='word_1_553' title='bbox 2124 1002 2165 1023; x_wconf 84' lang='lat' dir='ltr'>ni</span> <span class='ocrx_word' id='word_1_554' title='bbox 2177 1001 2196 1020; x_wconf 88' lang='lat' dir='ltr'>v</span> <span class='ocrx_word' id='word_1_555' title='bbox 2208 1003 2231 1024; x_wconf 90' lang='lat' dir='ltr'>s.</span> 
     </span>
    </p>

    <p class='ocr_par' dir='ltr' id='par_1_22' title="bbox 1368 1031 2477 1354">
     <span class='ocr_line' id='line_1_68' title="bbox 1404 1031 2442 1067; baseline 0.001 -12"><span class='ocrx_word' id='word_1_556' title='bbox 1404 1036 1430 1055; x_wconf 87' lang='lat' dir='ltr'>M</span> <span class='ocrx_word' id='word_1_557' title='bbox 1442 1035 1459 1055; x_wconf 82' lang='lat' dir='ltr'>E</span> <span class='ocrx_word' id='word_1_558' title='bbox 1471 1036 1509 1056; x_wconf 81' lang='lat' dir='ltr'>DI</span> <span class='ocrx_word' id='word_1_559' title='bbox 1522 1036 1537 1055; x_wconf 84' lang='lat' dir='ltr'>P</span> <span class='ocrx_word' id='word_1_560' title='bbox 1551 1036 1571 1056; x_wconf 93' lang='grc' dir='ltr'><strong>Ο</strong></span> <span class='ocrx_word' id='word_1_561' title='bbox 1584 1037 1604 1056; x_wconf 87' lang='lat' dir='ltr'><strong>N</strong></span> <span class='ocrx_word' id='word_1_562' title='bbox 1615 1037 1637 1056; x_wconf 84' lang='lat' dir='ltr'>T</span> <span class='ocrx_word' id='word_1_563' title='bbox 1647 1037 1668 1056; x_wconf 89' lang='lat' dir='ltr'>V</span> <span class='ocrx_word' id='word_1_564' title='bbox 1682 1037 1709 1065; x_wconf 85' lang='lat' dir='ltr'>s,</span> <span class='ocrx_word' id='word_1_565' title='bbox 1727 1031 1746 1057; x_wconf 89' lang='lat' dir='ltr'>i.</span> <span class='ocrx_word' id='word_1_566' title='bbox 1766 1040 1802 1057; x_wconf 87' lang='lat' dir='ltr'>m.</span> <span class='ocrx_word' id='word_1_567' title='bbox 1838 1032 2028 1066; x_wconf 78' lang='lat' dir='ltr'>Instrumentum</span> <span class='ocrx_word' id='word_1_568' title='bbox 2036 1031 2182 1065; x_wconf 80' lang='lat' dir='ltr'>fimarium,</span> <span class='ocrx_word' id='word_1_569' title='bbox 2215 1033 2284 1067; x_wconf 86' lang='lat' dir='ltr'>apud</span> <span class='ocrx_word' id='word_1_570' title='bbox 2299 1032 2442 1058; x_wconf 43' lang='lat' dir='ltr'>Catonem.</span> 
     </span>
     <span class='ocr_line' id='line_1_69' title="bbox 1371 1064 2477 1103; baseline 0.001 -12"><span class='ocrx_word' id='word_1_571' title='bbox 1371 1064 1403 1091; x_wconf 90' lang='lat' dir='ltr'>de</span> <span class='ocrx_word' id='word_1_572' title='bbox 1419 1065 1490 1093; x_wconf 35' lang='lat' dir='ltr'>RNJR</span> <span class='ocrx_word' id='word_1_573' title='bbox 1504 1075 1524 1093; x_wconf 89' lang='lat' dir='ltr'>c.</span> <span class='ocrx_word' id='word_1_574' title='bbox 1547 1076 1567 1099; x_wconf 84' lang='lat'>3,</span> <span class='ocrx_word' id='word_1_575' title='bbox 1581 1075 1602 1097; x_wconf 84' lang='lat'>5.</span> <span class='ocrx_word' id='word_1_576' title='bbox 1624 1066 1710 1092; x_wconf 85' lang='lat' dir='ltr'>Funes</span> <span class='ocrx_word' id='word_1_577' title='bbox 1724 1066 1813 1093; x_wconf 87' lang='lat' dir='ltr'>loreos</span> <span class='ocrx_word' id='word_1_578' title='bbox 1827 1069 1936 1103; x_wconf 82' lang='lat' dir='ltr'>priuos,</span> <span class='ocrx_word' id='word_1_579' title='bbox 1962 1067 2051 1094; x_wconf 68' lang='lat' dir='ltr'>veetes</span> <span class='ocrx_word' id='word_1_580' title='bbox 2063 1068 2154 1100; x_wconf 85' lang='lat' dir='ltr'>senos,</span> <span class='ocrx_word' id='word_1_581' title='bbox 2175 1067 2268 1094; x_wconf 79' lang='lat' dir='ltr'>fibulas</span> <span class='ocrx_word' id='word_1_582' title='bbox 2286 1067 2433 1098; x_wconf 76' lang='lat' dir='ltr'>duodenas,</span> <span class='ocrx_word' id='word_1_583' title='bbox 2474 1074 2477 1083; x_wconf 79' lang='lat'>¹</span> 
     </span>
     <span class='ocr_line' id='line_1_70' title="bbox 1370 1102 2432 1137; baseline 0.001 -10"><span class='ocrx_word' id='word_1_584' title='bbox 1370 1102 1542 1136; x_wconf 88' lang='lat' dir='ltr'>medipontos</span> <span class='ocrx_word' id='word_1_585' title='bbox 1557 1103 1650 1137; x_wconf 81' lang='lat' dir='ltr'>priuos</span> <span class='ocrx_word' id='word_1_586' title='bbox 1663 1103 1767 1135; x_wconf 66' lang='lat' dir='ltr'>lomes,</span> <span class='ocrx_word' id='word_1_587' title='bbox 1786 1102 1918 1129; x_wconf 80' lang='lat' dir='ltr'>trochleas</span> <span class='ocrx_word' id='word_1_588' title='bbox 1931 1103 2105 1131; x_wconf 75' lang='lat' dir='ltr'>Graecanicas</span> <span class='ocrx_word' id='word_1_589' title='bbox 2120 1104 2203 1130; x_wconf 86' lang='lat' dir='ltr'>binas.</span> <span class='ocrx_word' id='word_1_590' title='bbox 2244 1104 2329 1130; x_wconf 80' lang='lat' dir='ltr'>Vti&#39;tur</span> <span class='ocrx_word' id='word_1_591' title='bbox 2356 1102 2432 1129; x_wconf 86' lang='lat' dir='ltr'>Idem</span> 
     </span>
     <span class='ocr_line' id='line_1_71' title="bbox 1513 1138 2436 1176; baseline 0 -12"><span class='ocrx_word' id='word_1_592' title='bbox 1513 1139 1686 1173; x_wconf 84' lang='lat' dir='ltr'>Medipontus</span> <span class='ocrx_word' id='word_1_593' title='bbox 1706 1144 1788 1164; x_wconf 81' lang='lat' dir='ltr'>autem</span> <span class='ocrx_word' id='word_1_594' title='bbox 1801 1139 1881 1164; x_wconf 65' lang='lat' dir='ltr'>asans</span> <span class='ocrx_word' id='word_1_595' title='bbox 1894 1138 1937 1174; x_wconf 82' lang='lat' dir='ltr'>est,</span> <span class='ocrx_word' id='word_1_596' title='bbox 1949 1147 1979 1165; x_wconf 81' lang='lat' dir='ltr'>vt</span> <span class='ocrx_word' id='word_1_597' title='bbox 1990 1141 2047 1165; x_wconf 81' lang='lat' dir='ltr'>vult</span> <span class='ocrx_word' id='word_1_598' title='bbox 2068 1140 2174 1176; x_wconf 84' lang='lat' dir='ltr'>Turn.8,</span> <span class='ocrx_word' id='word_1_599' title='bbox 2188 1141 2212 1166; x_wconf 89' lang='lat'>6.</span> <span class='ocrx_word' id='word_1_600' title='bbox 2231 1140 2295 1174; x_wconf 82' lang='lat' dir='ltr'>quod</span> <span class='ocrx_word' id='word_1_601' title='bbox 2305 1138 2391 1171; x_wconf 84' lang='lat' dir='ltr'>Medi,</span> <span class='ocrx_word' id='word_1_602' title='bbox 2403 1138 2436 1164; x_wconf 77' lang='lat' dir='ltr'>i&#39;d</span> 
     </span>
     <span class='ocr_line' id='line_1_72' title="bbox 1370 1172 2433 1210; baseline 0 -11"><span class='ocrx_word' id='word_1_603' title='bbox 1370 1172 1401 1209; x_wconf 72' lang='lat' dir='ltr'>1st</span> <span class='ocrx_word' id='word_1_604' title='bbox 1414 1174 1507 1201; x_wconf 74' lang='lat' dir='ltr'>Xerxis</span> <span class='ocrx_word' id='word_1_605' title='bbox 1524 1182 1644 1209; x_wconf 86' lang='lat' dir='ltr'>pontem,</span> <span class='ocrx_word' id='word_1_606' title='bbox 1665 1184 1738 1209; x_wconf 81' lang='lat' dir='ltr'>quam</span> <span class='ocrx_word' id='word_1_607' title='bbox 1758 1177 1842 1207; x_wconf 70' lang='grc' dir='ltr'>σχεδίαν</span> <span class='ocrx_word' id='word_1_608' title='bbox 1856 1173 1993 1200; x_wconf 76' lang='lat' dir='ltr'>Herodotus</span> <span class='ocrx_word' id='word_1_609' title='bbox 2006 1175 2120 1210; x_wconf 82' lang='lat' dir='ltr'>appellat,</span> <span class='ocrx_word' id='word_1_610' title='bbox 2140 1176 2314 1201; x_wconf 77' lang='lat' dir='ltr'>imitabantur.</span> <span class='ocrx_word' id='word_1_611' title='bbox 2387 1174 2433 1200; x_wconf 79' lang='lat' dir='ltr'>Fu-</span> 
     </span>
     <span class='ocr_line' id='line_1_73' title="bbox 1368 1209 2435 1246; baseline 0.001 -12"><span class='ocrx_word' id='word_1_612' title='bbox 1368 1210 1437 1236; x_wconf 83' lang='lat' dir='ltr'>nium</span> <span class='ocrx_word' id='word_1_613' title='bbox 1451 1211 1514 1236; x_wconf 81' lang='lat' dir='ltr'>enim</span> <span class='ocrx_word' id='word_1_614' title='bbox 1524 1218 1597 1246; x_wconf 76' lang='lat' dir='ltr'>ponte</span> <span class='ocrx_word' id='word_1_615' title='bbox 1609 1213 1705 1236; x_wconf 73' lang='lat' dir='ltr'>Xerxes</span> <span class='ocrx_word' id='word_1_616' title='bbox 1718 1209 1898 1245; x_wconf 77' lang='lat' dir='ltr'>Hellespontum</span> <span class='ocrx_word' id='word_1_617' title='bbox 1916 1210 2093 1240; x_wconf 75' lang='lat' dir='ltr'>coniunxei·at;</span> <span class='ocrx_word' id='word_1_618' title='bbox 2117 1213 2184 1237; x_wconf 88' lang='lat' dir='ltr'>cuius</span> <span class='ocrx_word' id='word_1_619' title='bbox 2203 1218 2287 1237; x_wconf 82' lang='lat' dir='ltr'>tamen</span> <span class='ocrx_word' id='word_1_620' title='bbox 2303 1209 2358 1246; x_wconf 71' lang='lat' dir='ltr'>iisus</span> <span class='ocrx_word' id='word_1_621' title='bbox 2378 1209 2435 1244; x_wconf 70' lang='lat' dir='ltr'>effit</span> 
     </span>
     <span class='ocr_line' id='line_1_74' title="bbox 1369 1246 2435 1280; baseline 0 -10"><span class='ocrx_word' id='word_1_622' title='bbox 1369 1246 1396 1270; x_wconf 87' lang='lat' dir='ltr'>in</span> <span class='ocrx_word' id='word_1_623' title='bbox 1411 1248 1534 1272; x_wconf 75' lang='lat' dir='ltr'>torculari</span> <span class='ocrx_word' id='word_1_624' title='bbox 1548 1257 1595 1272; x_wconf 85' lang='lat' dir='ltr'>non</span> <span class='ocrx_word' id='word_1_625' title='bbox 1609 1247 1693 1279; x_wconf 78' lang='lat' dir='ltr'>facile</span> <span class='ocrx_word' id='word_1_626' title='bbox 1710 1247 1836 1280; x_wconf 70' lang='lat' dir='ltr'>dixerim,</span> <span class='ocrx_word' id='word_1_627' title='bbox 1858 1246 1911 1279; x_wconf 82' lang='lat' dir='ltr'>nisi</span> <span class='ocrx_word' id='word_1_628' title='bbox 1920 1246 1951 1278; x_wconf 86' lang='lat' dir='ltr'><em>fi</em></span> <span class='ocrx_word' id='word_1_629' title='bbox 1958 1248 1994 1272; x_wconf 82' lang='lat' dir='ltr'>ad</span> <span class='ocrx_word' id='word_1_630' title='bbox 2010 1248 2188 1272; x_wconf 76' lang='lat' dir='ltr'>traducendum</span> <span class='ocrx_word' id='word_1_631' title='bbox 2202 1247 2275 1280; x_wconf 79' lang='lat' dir='ltr'>forte</span> <span class='ocrx_word' id='word_1_632' title='bbox 2293 1247 2435 1277; x_wconf 76' lang='lat' dir='ltr'>haberetur,</span> 
     </span>
     <span class='ocr_line' id='line_1_75' title="bbox 1371 1280 2436 1318; baseline 0 -11"><span class='ocrx_word' id='word_1_633' title='bbox 1371 1289 1414 1307; x_wconf 82' lang='lat' dir='ltr'>aut</span> <span class='ocrx_word' id='word_1_634' title='bbox 1425 1282 1507 1317; x_wconf 85' lang='lat' dir='ltr'>potius</span> <span class='ocrx_word' id='word_1_635' title='bbox 1525 1281 1748 1316; x_wconf 41' lang='lat' dir='ltr'>cra-ffiffimi&#39;funcr</span> <span class='ocrx_word' id='word_1_636' title='bbox 1767 1282 1843 1317; x_wconf 67' lang='lat' dir='ltr'>eſjbnt</span> <span class='ocrx_word' id='word_1_637' title='bbox 1860 1283 1896 1307; x_wconf 68' lang='lat' dir='ltr'>all</span> <span class='ocrx_word' id='word_1_638' title='bbox 1913 1280 2117 1315; x_wconf 77' lang='lat' dir='ltr'>vehementiffime</span> <span class='ocrx_word' id='word_1_639' title='bbox 2131 1284 2298 1318; x_wconf 80' lang='lat' dir='ltr'>premendum.</span> <span class='ocrx_word' id='word_1_640' title='bbox 2373 1282 2436 1317; x_wconf 82' lang='lat' dir='ltr'>Aus.</span> 
     </span>
     <span class='ocr_line' id='line_1_76' title="bbox 2038 1317 2307 1354; baseline -0.007 -9"><span class='ocrx_word' id='word_1_641' title='bbox 2038 1319 2095 1345; x_wconf 75' lang='lat' dir='ltr'>Vid.</span> <span class='ocrx_word' id='word_1_642' title='bbox 2110 1319 2170 1345; x_wconf 82' lang='lat' dir='ltr'>Lex.</span> <span class='ocrx_word' id='word_1_643' title='bbox 2183 1317 2307 1354; x_wconf 64' lang='lat' dir='ltr'>rustitiani.</span> 
     </span>
    </p>

    <p class='ocr_par' dir='ltr' id='par_1_23' title="bbox 1409 1354 2436 1388">
     <span class='ocr_line' id='line_1_77' title="bbox 1409 1354 2436 1388; baseline 0 -9"><span class='ocrx_word' id='word_1_644' title='bbox 1409 1359 1548 1380; x_wconf 54' lang='lat' dir='ltr'>menia*</span> <span class='ocrx_word' id='word_1_645' title='bbox 1562 1360 1808 1387; x_wconf 78' lang='lat' dir='ltr'>ERRANEVS,</span> <span class='ocrx_word' id='word_1_646' title='bbox 1836 1360 2165 1388; x_wconf 78' lang='lat' dir='ltr'>MEDITVLLIVM,</span> <span class='ocrx_word' id='word_1_647' title='bbox 2198 1354 2254 1380; x_wconf 81' lang='lat' dir='ltr'>vid.</span> <span class='ocrx_word' id='word_1_648' title='bbox 2274 1359 2436 1380; x_wconf 76' lang='lat' dir='ltr'>MEDivs.</span> 
     </span>
    </p>

    <p class='ocr_par' dir='ltr' id='par_1_24' title="bbox 1369 1388 2437 1497">
     <span class='ocr_line' id='line_1_78' title="bbox 1406 1388 2437 1429; baseline -0.003 -13"><span class='ocrx_word' id='word_1_649' title='bbox 1406 1396 1432 1416; x_wconf 88' lang='grc' dir='ltr'><strong><em>Μ</em></strong></span> <span class='ocrx_word' id='word_1_650' title='bbox 1445 1396 1462 1416; x_wconf 86' lang='grc' dir='ltr'><strong>Ε</strong></span> <span class='ocrx_word' id='word_1_651' title='bbox 1475 1396 1493 1416; x_wconf 92' lang='lat' dir='ltr'>D</span> <span class='ocrx_word' id='word_1_652' title='bbox 1504 1388 1518 1416; x_wconf 73' lang='grc' dir='ltr'><strong><em>ἴ</em></strong></span> <span class='ocrx_word' id='word_1_653' title='bbox 1528 1396 1551 1416; x_wconf 86' lang='grc' dir='ltr'>Τ</span> <span class='ocrx_word' id='word_1_654' title='bbox 1563 1396 1582 1417; x_wconf 90' lang='grc' dir='ltr'>Ο</span> <span class='ocrx_word' id='word_1_655' title='bbox 1592 1396 1610 1415; x_wconf 83' lang='lat' dir='ltr'>R</span> <span class='ocrx_word' id='word_1_656' title='bbox 1619 1410 1627 1423; x_wconf 93' lang='lat'><em>‚</em></span> <span class='ocrx_word' id='word_1_657' title='bbox 1647 1389 1702 1415; x_wconf 60' lang='lat' dir='ltr'>ari:</span> <span class='ocrx_word' id='word_1_658' title='bbox 1715 1388 1859 1423; x_wconf 73' lang='grc' dir='ltr'>[μελετάω,</span> <span class='ocrx_word' id='word_1_659' title='bbox 1884 1392 2001 1423; x_wconf 48' lang='lat' dir='ltr'>mear-rideo</span> <span class='ocrx_word' id='word_1_660' title='bbox 2009 1411 2017 1424; x_wconf 94' lang='lat'>,</span> <span class='ocrx_word' id='word_1_661' title='bbox 2038 1390 2188 1429; x_wconf 72' lang='grc' dir='ltr'><strong><em>σκέπτομαι]</em></strong></span> <span class='ocrx_word' id='word_1_662' title='bbox 2218 1391 2314 1416; x_wconf 83' lang='lat' dir='ltr'>Curare</span> <span class='ocrx_word' id='word_1_663' title='bbox 2326 1389 2437 1423; x_wconf 79' lang='lat' dir='ltr'>aliquid,</span> 
     </span>
     <span class='ocr_line' id='line_1_79' title="bbox 1369 1425 2437 1461; baseline -0.002 -10"><span class='ocrx_word' id='word_1_664' title='bbox 1369 1425 1475 1461; x_wconf 78' lang='lat' dir='ltr'>velsola</span> <span class='ocrx_word' id='word_1_665' title='bbox 1488 1426 1635 1461; x_wconf 74' lang='lat' dir='ltr'>cogitatione</span> <span class='ocrx_word' id='word_1_666' title='bbox 1648 1425 1736 1458; x_wconf 81' lang='lat' dir='ltr'>ani&#39;mi,</span> <span class='ocrx_word' id='word_1_667' title='bbox 1749 1426 1792 1450; x_wconf 70' lang='lat' dir='ltr'>vel</span> <span class='ocrx_word' id='word_1_668' title='bbox 1803 1426 1979 1451; x_wconf 75' lang='lat' dir='ltr'>exercitatione</span> <span class='ocrx_word' id='word_1_669' title='bbox 1986 1427 2107 1452; x_wconf 81' lang='lat' dir='ltr'>adbibita.</span> <span class='ocrx_word' id='word_1_670' title='bbox 2144 1428 2224 1452; x_wconf 81' lang='lat' dir='ltr'>Plane</span> <span class='ocrx_word' id='word_1_671' title='bbox 2236 1425 2366 1460; x_wconf 80' lang='lat' dir='ltr'>respondet</span> <span class='ocrx_word' id='word_1_672' title='bbox 2378 1433 2437 1449; x_wconf 75' lang='lat' dir='ltr'>ver-</span> 
     </span>
     <span class='ocr_line' id='line_1_80' title="bbox 1369 1460 2436 1497; baseline -0.001 -11"><span class='ocrx_word' id='word_1_673' title='bbox 1369 1462 1396 1486; x_wconf 84' lang='lat' dir='ltr'>bo</span> <span class='ocrx_word' id='word_1_674' title='bbox 1408 1464 1522 1495; x_wconf 73' lang='grc' dir='ltr'>μελετᾷν,</span> <span class='ocrx_word' id='word_1_675' title='bbox 1541 1472 1556 1487; x_wconf 88' lang='lat' dir='ltr'>a</span> <span class='ocrx_word' id='word_1_676' title='bbox 1571 1471 1615 1496; x_wconf 80' lang='lat' dir='ltr'>quo</span> <span class='ocrx_word' id='word_1_677' title='bbox 1629 1462 1702 1487; x_wconf 77' lang='lat' dir='ltr'>etiam</span> <span class='ocrx_word' id='word_1_678' title='bbox 1715 1461 1815 1486; x_wconf 75' lang='lat' dir='ltr'>clcducit</span> <span class='ocrx_word' id='word_1_679' title='bbox 1832 1462 1905 1487; x_wconf 80' lang='lat' dir='ltr'>Seru.</span> <span class='ocrx_word' id='word_1_680' title='bbox 1920 1461 1952 1487; x_wconf 91' lang='lat' dir='ltr'>ad</span> <span class='ocrx_word' id='word_1_681' title='bbox 1966 1462 2019 1487; x_wconf 83' lang='lat' dir='ltr'>Ecl.</span> <span class='ocrx_word' id='word_1_682' title='bbox 2034 1471 2052 1495; x_wconf 91' lang='lat' dir='ltr'>i,</span> <span class='ocrx_word' id='word_1_683' title='bbox 2067 1470 2080 1488; x_wconf 85' lang='lat'><strong>2</strong></span> <span class='ocrx_word' id='word_1_684' title='bbox 2096 1462 2245 1497; x_wconf 79' lang='lat' dir='ltr'>permutatis</span> <span class='ocrx_word' id='word_1_685' title='bbox 2260 1462 2283 1487; x_wconf 94' lang='lat' dir='ltr'>D</span> <span class='ocrx_word' id='word_1_686' title='bbox 2305 1468 2329 1487; x_wconf 86' lang='lat' dir='ltr'>et</span> <span class='ocrx_word' id='word_1_687' title='bbox 2341 1460 2380 1493; x_wconf 92' lang='lat' dir='ltr'>L,</span> <span class='ocrx_word' id='word_1_688' title='bbox 2404 1466 2436 1485; x_wconf 74' lang='lat' dir='ltr'>vt</span> 
     </span>
    </p>
   </div>
   <div class='ocr_carea' id='block_1_11' title="bbox 243 1496 2437 1538">
    <p class='ocr_par' dir='ltr' id='par_1_25' title="bbox 243 1496 2437 1538">
     <span class='ocr_line' id='line_1_81' title="bbox 243 1496 2437 1538; baseline -0.006 -3"><span class='ocrx_word' id='word_1_689' title='bbox 243 1509 311 1536; x_wconf 84' lang='lat' dir='ltr'>scito</span> <span class='ocrx_word' id='word_1_690' title='bbox 324 1508 355 1534; x_wconf 87' lang='lat' dir='ltr'>de</span> <span class='ocrx_word' id='word_1_691' title='bbox 369 1506 495 1534; x_wconf 82' lang='lat' dir='ltr'>omnibus</span> <span class='ocrx_word' id='word_1_692' title='bbox 509 1506 639 1538; x_wconf 81' lang='lat' dir='ltr'>brasficis,</span> <span class='ocrx_word' id='word_1_693' title='bbox 661 1505 734 1531; x_wconf 81' lang='lat' dir='ltr'>nulla</span> <span class='ocrx_word' id='word_1_694' title='bbox 753 1504 791 1531; x_wconf 87' lang='lat' dir='ltr'>est</span> <span class='ocrx_word' id='word_1_695' title='bbox 810 1502 960 1531; x_wconf 89' lang='lat' dir='ltr'>illiusmodi</span> <span class='ocrx_word' id='word_1_696' title='bbox 979 1498 1240 1527; x_wconf 86' lang='lat' dir='ltr'>medicamentofior.</span> <span class='ocrx_word' id='word_1_697' title='bbox 1276 1500 1309 1524; x_wconf 78' lang='lat' dir='ltr'>Et</span> <span class='ocrx_word' id='word_1_698' title='bbox 1325 1510 1352 1533; x_wconf 82' lang='lat'>35</span> <span class='ocrx_word' id='word_1_699' title='bbox 1370 1496 1397 1521; x_wconf 85' lang='lat' dir='ltr'>in</span> <span class='ocrx_word' id='word_1_700' title='bbox 1412 1497 1545 1530; x_wconf 79' lang='lat' dir='ltr'>Medicus,</span> <span class='ocrx_word' id='word_1_701' title='bbox 1560 1497 1685 1531; x_wconf 83' lang='lat' dir='ltr'>Melicus,</span> <span class='ocrx_word' id='word_1_702' title='bbox 1698 1496 1832 1530; x_wconf 73' lang='grc' dir='ltr'>’οδνσσεός,</span> <span class='ocrx_word' id='word_1_703' title='bbox 1853 1497 1963 1530; x_wconf 82' lang='lat' dir='ltr'>Vlyss&#39;es,</span> <span class='ocrx_word' id='word_1_704' title='bbox 1984 1499 2039 1524; x_wconf 74' lang='lat' dir='ltr'>vid.</span> <span class='ocrx_word' id='word_1_705' title='bbox 2055 1503 2212 1525; x_wconf 78' lang='lat' dir='ltr'>MELi&#39;ro.</span> <span class='ocrx_word' id='word_1_706' title='bbox 2250 1497 2319 1524; x_wconf 88' lang='lat' dir='ltr'>Ter.</span> <span class='ocrx_word' id='word_1_707' title='bbox 2328 1496 2437 1524; x_wconf 86' lang='lat' dir='ltr'>Phorm.</span> 
     </span>
    </p>
   </div>
   <div class='ocr_carea' id='block_1_12' title="bbox 241 1541 1309 2220">
    <p class='ocr_par' dir='ltr' id='par_1_26' title="bbox 243 1541 755 1577">
     <span class='ocr_line' id='line_1_82' title="bbox 243 1541 755 1577; baseline -0.01 -6"><span class='ocrx_word' id='word_1_708' title='bbox 243 1545 352 1572; x_wconf 87' lang='lat' dir='ltr'>Vitruu.</span> <span class='ocrx_word' id='word_1_709' title='bbox 364 1550 386 1576; x_wconf 87' lang='grc'>8,</span> <span class='ocrx_word' id='word_1_710' title='bbox 402 1553 412 1575; x_wconf 83' lang='lat'><em>3</em></span> <span class='ocrx_word' id='word_1_711' title='bbox 434 1545 509 1577; x_wconf 81' lang='lat' dir='ltr'>Aqua</span> <span class='ocrx_word' id='word_1_712' title='bbox 523 1541 755 1568; x_wconf 80' lang='lat' dir='ltr'>medicainentosa.</span> 
     </span>
    </p>

    <p class='ocr_par' dir='ltr' id='par_1_27' title="bbox 280 1572 1138 1611">
     <span class='ocr_line' id='line_1_83' title="bbox 280 1572 1138 1611; baseline -0.01 -5"><span class='ocrx_word' id='word_1_713' title='bbox 280 1587 306 1606; x_wconf 87' lang='grc' dir='ltr'>Μ</span> <span class='ocrx_word' id='word_1_714' title='bbox 316 1587 332 1605; x_wconf 86' lang='grc' dir='ltr'><strong>Ε</strong></span> <span class='ocrx_word' id='word_1_715' title='bbox 346 1586 366 1605; x_wconf 93' lang='lat' dir='ltr'><strong>D</strong></span> <span class='ocrx_word' id='word_1_716' title='bbox 381 1586 438 1611; x_wconf 83' lang='grc' dir='ltr'>ΙΛ,</span> <span class='ocrx_word' id='word_1_717' title='bbox 457 1587 494 1605; x_wconf 89' lang='lat' dir='ltr'>ae.</span> <span class='ocrx_word' id='word_1_718' title='bbox 516 1577 535 1604; x_wconf 88' lang='lat' dir='ltr'>f.</span> <span class='ocrx_word' id='word_1_719' title='bbox 557 1577 671 1611; x_wconf 70' lang='grc' dir='ltr'>[Μηδία]</span> <span class='ocrx_word' id='word_1_720' title='bbox 694 1577 767 1611; x_wconf 80' lang='lat' dir='ltr'>Regio</span> <span class='ocrx_word' id='word_1_721' title='bbox 780 1575 807 1600; x_wconf 83' lang='lat' dir='ltr'>in</span> <span class='ocrx_word' id='word_1_722' title='bbox 815 1575 886 1609; x_wconf 73' lang='lat' dir='ltr'>Asia,</span> <span class='ocrx_word' id='word_1_723' title='bbox 900 1575 1031 1600; x_wconf 70' lang='lat' dir='ltr'>Aledorum</span> <span class='ocrx_word' id='word_1_724' title='bbox 1044 1572 1138 1608; x_wconf 83' lang='lat' dir='ltr'>patria.</span> 
     </span>
    </p>

    <p class='ocr_par' dir='ltr' id='par_1_28' title="bbox 241 1606 1309 2150">
     <span class='ocr_line' id='line_1_84' title="bbox 278 1606 1307 1648; baseline -0.011 -5"><span class='ocrx_word' id='word_1_725' title='bbox 278 1621 391 1643; x_wconf 83' lang='lat' dir='ltr'>MEDV</span> <span class='ocrx_word' id='word_1_726' title='bbox 404 1621 417 1641; x_wconf 88' lang='lat' dir='ltr'>s</span> <span class='ocrx_word' id='word_1_727' title='bbox 429 1635 437 1648; x_wconf 85' lang='lat'>,</span> <span class='ocrx_word' id='word_1_728' title='bbox 459 1623 482 1648; x_wconf 89' lang='grc'>3,</span> <span class='ocrx_word' id='word_1_729' title='bbox 504 1623 557 1641; x_wconf 85' lang='grc'>11111.</span> <span class='ocrx_word' id='word_1_730' title='bbox 581 1612 640 1639; x_wconf 80' lang='lat' dir='ltr'>Adi.</span> <span class='ocrx_word' id='word_1_731' title='bbox 668 1612 778 1646; x_wconf 65' lang='grc' dir='ltr'><strong><em>[Μῆδος]</em></strong></span> <span class='ocrx_word' id='word_1_732' title='bbox 805 1612 859 1647; x_wconf 68' lang='lat' dir='ltr'>Qi</span> <span class='ocrx_word' id='word_1_733' title='bbox 877 1609 909 1646; x_wconf 85' lang='lat' dir='ltr'>cst</span> <span class='ocrx_word' id='word_1_734' title='bbox 933 1620 963 1635; x_wconf 74' lang='lat' dir='ltr'>ex</span> <span class='ocrx_word' id='word_1_735' title='bbox 982 1609 1086 1642; x_wconf 65' lang='lat' dir='ltr'>Media,</span> <span class='ocrx_word' id='word_1_736' title='bbox 1107 1609 1196 1633; x_wconf 56' lang='lat' dir='ltr'>Poetae</span> <span class='ocrx_word' id='word_1_737' title='bbox 1211 1606 1307 1635; x_wconf 84' lang='lat' dir='ltr'>Medos</span> 
     </span>
     <span class='ocr_line' id='line_1_85' title="bbox 243 1644 1307 1687; baseline -0.009 -9"><span class='ocrx_word' id='word_1_738' title='bbox 243 1651 367 1687; x_wconf 68' lang='lat' dir='ltr'>appellare</span> <span class='ocrx_word' id='word_1_739' title='bbox 383 1650 464 1686; x_wconf 74' lang='lat' dir='ltr'>solent</span> <span class='ocrx_word' id='word_1_740' title='bbox 476 1651 561 1682; x_wconf 78' lang='lat' dir='ltr'>etiam,</span> <span class='ocrx_word' id='word_1_741' title='bbox 569 1649 613 1674; x_wconf 77' lang='lat' dir='ltr'>vbi</span> <span class='ocrx_word' id='word_1_742' title='bbox 626 1650 655 1673; x_wconf 77' lang='lat' dir='ltr'>de</span> <span class='ocrx_word' id='word_1_743' title='bbox 667 1648 800 1684; x_wconf 69' lang='lat' dir='ltr'>Persarum</span> <span class='ocrx_word' id='word_1_744' title='bbox 814 1647 919 1683; x_wconf 74' lang='lat' dir='ltr'>Imperio</span> <span class='ocrx_word' id='word_1_745' title='bbox 932 1646 1013 1681; x_wconf 80' lang='lat' dir='ltr'>sermo</span> <span class='ocrx_word' id='word_1_746' title='bbox 1027 1644 1073 1679; x_wconf 76' lang='lat' dir='ltr'>est,</span> <span class='ocrx_word' id='word_1_747' title='bbox 1094 1645 1137 1670; x_wconf 80' lang='lat' dir='ltr'>vel</span> <span class='ocrx_word' id='word_1_748' title='bbox 1148 1645 1307 1669; x_wconf 77' lang='lat' dir='ltr'>Parthorum.</span> 
     </span>
     <span class='ocr_line' id='line_1_86' title="bbox 243 1685 824 1717; baseline -0.009 -3"><span class='ocrx_word' id='word_1_749' title='bbox 243 1686 394 1715; x_wconf 75' lang='lat' dir='ltr'>Hom-ibitis</span> <span class='ocrx_word' id='word_1_750' title='bbox 412 1686 506 1712; x_wconf 89' lang='lat' dir='ltr'>Medus</span> <span class='ocrx_word' id='word_1_751' title='bbox 523 1686 590 1711; x_wconf 81' lang='lat' dir='ltr'>Hor.</span> <span class='ocrx_word' id='word_1_752' title='bbox 606 1685 695 1711; x_wconf 89' lang='lat' dir='ltr'>Carni.</span> <span class='ocrx_word' id='word_1_753' title='bbox 710 1694 728 1716; x_wconf 92' lang='lat' dir='ltr'>i,</span> <span class='ocrx_word' id='word_1_754' title='bbox 741 1693 782 1717; x_wconf 85' lang='lat'>29,</span> <span class='ocrx_word' id='word_1_755' title='bbox 797 1692 824 1716; x_wconf 91' lang='lat'>4.</span> 
     </span>
     <span class='ocr_line' id='line_1_87' title="bbox 245 1717 1307 1752; baseline -0.008 -3"><span class='ocrx_word' id='word_1_756' title='bbox 245 1723 309 1750; x_wconf 86' lang='lat' dir='ltr'>catis</span> <span class='ocrx_word' id='word_1_757' title='bbox 332 1721 402 1748; x_wconf 87' lang='lat' dir='ltr'>illita</span> <span class='ocrx_word' id='word_1_758' title='bbox 415 1721 501 1747; x_wconf 80' lang='lat' dir='ltr'>Medis</span> <span class='ocrx_word' id='word_1_759' title='bbox 516 1721 645 1752; x_wconf 85' lang='lat' dir='ltr'>Porticus,</span> <span class='ocrx_word' id='word_1_760' title='bbox 664 1720 682 1746; x_wconf 89' lang='lat' dir='ltr'>i.</span> <span class='ocrx_word' id='word_1_761' title='bbox 698 1721 791 1746; x_wconf 66' lang='lat' dir='ltr'>Poecile</span> <span class='ocrx_word' id='word_1_762' title='bbox 804 1719 846 1745; x_wconf 87' lang='lat' dir='ltr'>illa</span> <span class='ocrx_word' id='word_1_763' title='bbox 859 1718 1025 1750; x_wconf 77' lang='lat' dir='ltr'>Athenienfis,</span> <span class='ocrx_word' id='word_1_764' title='bbox 1045 1718 1088 1742; x_wconf 77' lang='lat' dir='ltr'>vbi</span> <span class='ocrx_word' id='word_1_765' title='bbox 1107 1717 1203 1751; x_wconf 67' lang='lat' dir='ltr'>clepii‘la</span> <span class='ocrx_word' id='word_1_766' title='bbox 1219 1723 1307 1750; x_wconf 78' lang='lat' dir='ltr'>pugna</span> 
     </span>
     <span class='ocr_line' id='line_1_88' title="bbox 245 1751 1306 1791; baseline -0.007 -7"><span class='ocrx_word' id='word_1_767' title='bbox 245 1758 411 1785; x_wconf 71' lang='lat' dir='ltr'>Marathonia</span> <span class='ocrx_word' id='word_1_768' title='bbox 431 1764 516 1782; x_wconf 69' lang='lat' dir='ltr'>contra</span> <span class='ocrx_word' id='word_1_769' title='bbox 530 1756 620 1791; x_wconf 81' lang='lat' dir='ltr'>Persas</span> <span class='ocrx_word' id='word_1_770' title='bbox 639 1763 663 1781; x_wconf 76' lang='lat' dir='ltr'>et</span> <span class='ocrx_word' id='word_1_771' title='bbox 676 1756 778 1788; x_wconf 73' lang='lat' dir='ltr'>Medos,</span> <span class='ocrx_word' id='word_1_772' title='bbox 797 1756 823 1781; x_wconf 82' lang='lat' dir='ltr'>in</span> <span class='ocrx_word' id='word_1_773' title='bbox 837 1764 886 1789; x_wconf 81' lang='lat' dir='ltr'>qua</span> <span class='ocrx_word' id='word_1_774' title='bbox 893 1755 966 1780; x_wconf 81' lang='lat' dir='ltr'>etiam</span> <span class='ocrx_word' id='word_1_775' title='bbox 979 1753 1137 1789; x_wconf 73' lang='lat' dir='ltr'>disputabant</span> <span class='ocrx_word' id='word_1_776' title='bbox 1157 1751 1306 1786; x_wconf 71' lang='lat' dir='ltr'>Philosophi.</span> 
     </span>
     <span class='ocr_line' id='line_1_89' title="bbox 245 1787 1307 1828; baseline -0.008 -7"><span class='ocrx_word' id='word_1_777' title='bbox 245 1794 347 1822; x_wconf 85' lang='lat' dir='ltr'>Decori</span> <span class='ocrx_word' id='word_1_778' title='bbox 364 1793 488 1828; x_wconf 84' lang='lat' dir='ltr'>pharetra</span> <span class='ocrx_word' id='word_1_779' title='bbox 505 1792 574 1818; x_wconf 89' lang='lat' dir='ltr'>Hor.</span> <span class='ocrx_word' id='word_1_780' title='bbox 588 1791 677 1817; x_wconf 77' lang='lat' dir='ltr'>Carm.</span> <span class='ocrx_word' id='word_1_781' title='bbox 693 1801 715 1824; x_wconf 79' lang='lat' dir='ltr'>z,</span> <span class='ocrx_word' id='word_1_782' title='bbox 731 1793 767 1824; x_wconf 87' lang='lat'>16,</span> <span class='ocrx_word' id='word_1_783' title='bbox 782 1793 806 1817; x_wconf 92' lang='lat'>6.</span> <span class='ocrx_word' id='word_1_784' title='bbox 880 1790 919 1817; x_wconf 88' lang='lat' dir='ltr'>Id.</span> <span class='ocrx_word' id='word_1_785' title='bbox 934 1789 1001 1816; x_wconf 90' lang='lat' dir='ltr'>ibid.</span> <span class='ocrx_word' id='word_1_786' title='bbox 1018 1799 1035 1820; x_wconf 87' lang='grc'>1,</span> <span class='ocrx_word' id='word_1_787' title='bbox 1049 1797 1065 1815; x_wconf 89' lang='lat'>2</span> <span class='ocrx_word' id='word_1_788' title='bbox 1078 1795 1145 1814; x_wconf 76' lang='lat' dir='ltr'>extr.</span> <span class='ocrx_word' id='word_1_789' title='bbox 1165 1787 1226 1814; x_wconf 88' lang='lat' dir='ltr'>Neu</span> <span class='ocrx_word' id='word_1_790' title='bbox 1242 1787 1307 1813; x_wconf 75' lang='lat' dir='ltr'>{inas</span> 
     </span>
     <span class='ocr_line' id='line_1_90' title="bbox 244 1823 1309 1863; baseline -0.008 -6"><span class='ocrx_word' id='word_1_791' title='bbox 244 1830 340 1859; x_wconf 86' lang='lat' dir='ltr'>Medos</span> <span class='ocrx_word' id='word_1_792' title='bbox 353 1829 472 1863; x_wconf 84' lang='lat' dir='ltr'>equitare</span> <span class='ocrx_word' id='word_1_793' title='bbox 484 1828 586 1854; x_wconf 89' lang='lat' dir='ltr'>inultos</span> <span class='ocrx_word' id='word_1_794' title='bbox 623 1827 669 1854; x_wconf 92' lang='lat' dir='ltr'>Te</span> <span class='ocrx_word' id='word_1_795' title='bbox 683 1826 749 1853; x_wconf 80' lang='lat' dir='ltr'>duce</span> <span class='ocrx_word' id='word_1_796' title='bbox 763 1827 867 1852; x_wconf 86' lang='lat' dir='ltr'>Caesar.</span> <span class='ocrx_word' id='word_1_797' title='bbox 903 1835 909 1840; x_wconf 85' lang='lat'><strong>·</strong></span> <span class='ocrx_word' id='word_1_798' title='bbox 941 1827 972 1851; x_wconf 75' lang='lat' dir='ltr'>Et</span> <span class='ocrx_word' id='word_1_799' title='bbox 986 1824 1090 1851; x_wconf 85' lang='lat' dir='ltr'>ibidem</span> <span class='ocrx_word' id='word_1_800' title='bbox 1109 1833 1129 1856; x_wconf 82' lang='lat'>3,</span> <span class='ocrx_word' id='word_1_801' title='bbox 1142 1833 1163 1856; x_wconf 82' lang='lat'>3,</span> <span class='ocrx_word' id='word_1_802' title='bbox 1177 1833 1205 1856; x_wconf 81' lang='grc'>44</span> <span class='ocrx_word' id='word_1_803' title='bbox 1223 1823 1309 1849; x_wconf 83' lang='lat' dir='ltr'>Roma</span> 
     </span>
     <span class='ocr_line' id='line_1_91' title="bbox 244 1863 591 1893; baseline -0.012 0"><span class='ocrx_word' id='word_1_804' title='bbox 244 1867 322 1893; x_wconf 77' lang='lat' dir='ltr'>ferox</span> <span class='ocrx_word' id='word_1_805' title='bbox 340 1865 402 1892; x_wconf 83' lang='lat' dir='ltr'>dai-e</span> <span class='ocrx_word' id='word_1_806' title='bbox 422 1865 482 1891; x_wconf 85' lang='lat' dir='ltr'>iura</span> <span class='ocrx_word' id='word_1_807' title='bbox 496 1863 591 1890; x_wconf 84' lang='lat' dir='ltr'>Medis.</span> 
     </span>
     <span class='ocr_line' id='line_1_92' title="bbox 245 1896 1308 1936; baseline -0.008 -8"><span class='ocrx_word' id='word_1_808' title='bbox 245 1905 297 1936; x_wconf 84' lang='lat' dir='ltr'>dos,</span> <span class='ocrx_word' id='word_1_809' title='bbox 318 1904 383 1936; x_wconf 78' lang='lat' dir='ltr'>quod</span> <span class='ocrx_word' id='word_1_810' title='bbox 394 1911 410 1926; x_wconf 81' lang='lat' dir='ltr'>a</span> <span class='ocrx_word' id='word_1_811' title='bbox 425 1900 511 1927; x_wconf 73' lang='lat' dir='ltr'>Medis</span> <span class='ocrx_word' id='word_1_812' title='bbox 525 1902 560 1925; x_wconf 76' lang='lat' dir='ltr'>acl</span> <span class='ocrx_word' id='word_1_813' title='bbox 571 1898 661 1933; x_wconf 74' lang='lat' dir='ltr'>Persas</span> <span class='ocrx_word' id='word_1_814' title='bbox 674 1898 803 1933; x_wconf 80' lang='lat' dir='ltr'>imperium</span> <span class='ocrx_word' id='word_1_815' title='bbox 816 1898 970 1923; x_wconf 77' lang='lat' dir='ltr'>translatum</span> <span class='ocrx_word' id='word_1_816' title='bbox 976 1897 1027 1929; x_wconf 80' lang='lat' dir='ltr'>fit:</span> <span class='ocrx_word' id='word_1_817' title='bbox 1040 1896 1080 1929; x_wconf 82' lang='lat' dir='ltr'>fic</span> <span class='ocrx_word' id='word_1_818' title='bbox 1099 1905 1172 1929; x_wconf 83' lang='lat' dir='ltr'>quum</span> <span class='ocrx_word' id='word_1_819' title='bbox 1194 1896 1308 1920; x_wconf 58' lang='lat' dir='ltr'>Orientis</span> 
     </span>
     <span class='ocr_line' id='line_1_93' title="bbox 243 1930 1308 1973; baseline -0.009 -9"><span class='ocrx_word' id='word_1_820' title='bbox 243 1946 267 1964; x_wconf 82' lang='lat' dir='ltr'>et</span> <span class='ocrx_word' id='word_1_821' title='bbox 280 1937 411 1973; x_wconf 62' lang='lat' dir='ltr'>Persaium</span> <span class='ocrx_word' id='word_1_822' title='bbox 424 1944 476 1971; x_wconf 76' lang='lat' dir='ltr'>opes</span> <span class='ocrx_word' id='word_1_823' title='bbox 495 1936 522 1961; x_wconf 83' lang='lat' dir='ltr'>in</span> <span class='ocrx_word' id='word_1_824' title='bbox 537 1936 688 1962; x_wconf 77' lang='lat' dir='ltr'>Parthorum</span> <span class='ocrx_word' id='word_1_825' title='bbox 707 1935 808 1960; x_wconf 72' lang='lat' dir='ltr'>tandem</span> <span class='ocrx_word' id='word_1_826' title='bbox 820 1933 978 1968; x_wconf 70' lang='lat' dir='ltr'>concffi*int</span> <span class='ocrx_word' id='word_1_827' title='bbox 993 1932 1121 1964; x_wconf 81' lang='lat' dir='ltr'>ditionem,</span> <span class='ocrx_word' id='word_1_828' title='bbox 1141 1930 1185 1965; x_wconf 81' lang='lat' dir='ltr'>qui</span> <span class='ocrx_word' id='word_1_829' title='bbox 1195 1930 1308 1965; x_wconf 71' lang='lat' dir='ltr'>proprie,</span> 
     </span>
     <span class='ocr_line' id='line_1_94' title="bbox 241 1966 1306 2008; baseline -0.008 -10"><span class='ocrx_word' id='word_1_830' title='bbox 241 1981 272 1999; x_wconf 79' lang='lat' dir='ltr'>vt</span> <span class='ocrx_word' id='word_1_831' title='bbox 281 1974 343 2008; x_wconf 81' lang='lat' dir='ltr'>fieri</span> <span class='ocrx_word' id='word_1_832' title='bbox 350 1973 416 2007; x_wconf 80' lang='lat' dir='ltr'>solet</span> <span class='ocrx_word' id='word_1_833' title='bbox 423 1973 483 2005; x_wconf 75' lang='lat' dir='ltr'>fere</span> <span class='ocrx_word' id='word_1_834' title='bbox 497 1972 527 1996; x_wconf 79' lang='lat' dir='ltr'>ab</span> <span class='ocrx_word' id='word_1_835' title='bbox 543 1970 689 2005; x_wconf 54' lang='lat' dir='ltr'>Historias,</span> <span class='ocrx_word' id='word_1_836' title='bbox 711 1968 802 1996; x_wconf 83' lang='lat' dir='ltr'>Parthi</span> <span class='ocrx_word' id='word_1_837' title='bbox 821 1969 930 1995; x_wconf 65' lang='lat' dir='ltr'>vocandi</span> <span class='ocrx_word' id='word_1_838' title='bbox 946 1974 1029 1999; x_wconf 77' lang='lat' dir='ltr'>orant,</span> <span class='ocrx_word' id='word_1_839' title='bbox 1053 1976 1089 1993; x_wconf 83' lang='lat' dir='ltr'>eos</span> <span class='ocrx_word' id='word_1_840' title='bbox 1101 1968 1144 1992; x_wconf 78' lang='lat' dir='ltr'>vel</span> <span class='ocrx_word' id='word_1_841' title='bbox 1162 1966 1249 1992; x_wconf 85' lang='lat' dir='ltr'>Persas</span> <span class='ocrx_word' id='word_1_842' title='bbox 1265 1975 1306 1990; x_wconf 82' lang='lat' dir='ltr'>vo-</span> 
     </span>
     <span class='ocr_line' id='line_1_95' title="bbox 241 2000 1306 2041; baseline -0.007 -7"><span class='ocrx_word' id='word_1_843' title='bbox 241 2016 309 2041; x_wconf 82' lang='lat' dir='ltr'>cant,</span> <span class='ocrx_word' id='word_1_844' title='bbox 328 2009 374 2033; x_wconf 78' lang='lat' dir='ltr'>vel</span> <span class='ocrx_word' id='word_1_845' title='bbox 385 2008 461 2032; x_wconf 78' lang='lat' dir='ltr'>altius</span> <span class='ocrx_word' id='word_1_846' title='bbox 480 2005 583 2040; x_wconf 77' lang='lat' dir='ltr'>repetito</span> <span class='ocrx_word' id='word_1_847' title='bbox 607 2004 703 2033; x_wconf 78' lang='lat' dir='ltr'>nomine</span> <span class='ocrx_word' id='word_1_848' title='bbox 715 2005 818 2030; x_wconf 87' lang='lat' dir='ltr'>Medos.</span> <span class='ocrx_word' id='word_1_849' title='bbox 1019 2000 1040 2040; x_wconf 60' lang='lat' dir='ltr'>q</span> <span class='ocrx_word' id='word_1_850' title='bbox 1063 2012 1079 2030; x_wconf 83' lang='lat'>2.</span> <span class='ocrx_word' id='word_1_851' title='bbox 1098 2002 1197 2028; x_wconf 66' lang='lat' dir='ltr'>Adiec‘l.</span> <span class='ocrx_word' id='word_1_852' title='bbox 1238 2002 1306 2027; x_wconf 85' lang='lat' dir='ltr'>Hor.</span> 
     </span>
     <span class='ocr_line' id='line_1_96' title="bbox 243 2039 663 2076; baseline -0.017 -5"><span class='ocrx_word' id='word_1_853' title='bbox 243 2043 294 2071; x_wconf 93' lang='lat' dir='ltr'>Od.</span> <span class='ocrx_word' id='word_1_854' title='bbox 312 2053 329 2076; x_wconf 86' lang='lat' dir='ltr'>i,</span> <span class='ocrx_word' id='word_1_855' title='bbox 343 2051 380 2075; x_wconf 83' lang='lat'>27,</span> <span class='ocrx_word' id='word_1_856' title='bbox 393 2051 406 2073; x_wconf 85' lang='lat'><em>5</em></span> <span class='ocrx_word' id='word_1_857' title='bbox 426 2040 522 2068; x_wconf 83' lang='lat' dir='ltr'>Medus</span> <span class='ocrx_word' id='word_1_858' title='bbox 537 2039 663 2066; x_wconf 84' lang='lat' dir='ltr'>acinaces.</span> 
     </span>
     <span class='ocr_line' id='line_1_97' title="bbox 243 2070 1307 2114; baseline -0.012 -8"><span class='ocrx_word' id='word_1_859' title='bbox 243 2084 385 2114; x_wconf 84' lang='lat' dir='ltr'>vnguenta.</span> <span class='ocrx_word' id='word_1_860' title='bbox 461 2078 500 2102; x_wconf 78' lang='lat' dir='ltr'>Ex</span> <span class='ocrx_word' id='word_1_861' title='bbox 515 2075 593 2108; x_wconf 80' lang='lat' dir='ltr'>felici</span> <span class='ocrx_word' id='word_1_862' title='bbox 613 2073 722 2100; x_wconf 68' lang='lat' dir='ltr'>Bentleii</span> <span class='ocrx_word' id='word_1_863' title='bbox 742 2073 918 2101; x_wconf 79' lang='lat' dir='ltr'>emendatione,</span> <span class='ocrx_word' id='word_1_864' title='bbox 940 2077 987 2104; x_wconf 81' lang='lat' dir='ltr'>pro</span> <span class='ocrx_word' id='word_1_865' title='bbox 1002 2070 1132 2101; x_wconf 83' lang='lat' dir='ltr'>Medicos,</span> <span class='ocrx_word' id='word_1_866' title='bbox 1151 2070 1169 2094; x_wconf 92' lang='lat' dir='ltr'>i.</span> <span class='ocrx_word' id='word_1_867' title='bbox 1177 2076 1307 2102; x_wconf 69' lang='lat' dir='ltr'>Unguenta</span> 
     </span>
     <span class='ocr_line' id='line_1_98' title="bbox 241 2108 807 2150; baseline -0.014 -8"><span class='ocrx_word' id='word_1_868' title='bbox 241 2118 336 2143; x_wconf 82' lang='lat' dir='ltr'>odorem</span> <span class='ocrx_word' id='word_1_869' title='bbox 345 2122 469 2150; x_wconf 78' lang='lat' dir='ltr'>pomorum</span> <span class='ocrx_word' id='word_1_870' title='bbox 488 2111 644 2139; x_wconf 70' lang='lat' dir='ltr'>Medicorum</span> <span class='ocrx_word' id='word_1_871' title='bbox 659 2108 807 2142; x_wconf 75' lang='lat' dir='ltr'>referentia.</span> 
     </span>
    </p>

    <p class='ocr_par' dir='ltr' id='par_1_29' title="bbox 242 2145 812 2220">
     <span class='ocr_line' id='line_1_99' title="bbox 279 2145 812 2181; baseline -0.015 -3"><span class='ocrx_word' id='word_1_872' title='bbox 279 2148 416 2178; x_wconf 64' lang='lat' dir='ltr'>menso</span> <span class='ocrx_word' id='word_1_873' title='bbox 431 2155 498 2181; x_wconf 87' lang='lat' dir='ltr'>vs,</span> <span class='ocrx_word' id='word_1_874' title='bbox 517 2157 541 2181; x_wconf 82' lang='lat' dir='ltr'>a,</span> <span class='ocrx_word' id='word_1_875' title='bbox 559 2155 614 2173; x_wconf 87' lang='lat' dir='ltr'>um.</span> <span class='ocrx_word' id='word_1_876' title='bbox 637 2145 699 2172; x_wconf 86' lang='lat' dir='ltr'>Adi.</span> <span class='ocrx_word' id='word_1_877' title='bbox 735 2146 812 2171; x_wconf 83' lang='lat' dir='ltr'>Idem.</span> 
     </span>
     <span class='ocr_line' id='line_1_100' title="bbox 242 2183 738 2220; baseline -0.016 -6"><span class='ocrx_word' id='word_1_878' title='bbox 242 2187 323 2214; x_wconf 81' lang='lat' dir='ltr'>vestis</span> <span class='ocrx_word' id='word_1_879' title='bbox 347 2187 418 2220; x_wconf 88' lang='lat' dir='ltr'>Nep.</span> <span class='ocrx_word' id='word_1_880' title='bbox 438 2194 468 2216; x_wconf 84' lang='lat'>4,</span> <span class='ocrx_word' id='word_1_881' title='bbox 487 2193 514 2217; x_wconf 78' lang='lat'>3,</span> <span class='ocrx_word' id='word_1_882' title='bbox 531 2191 553 2208; x_wconf 90' lang='lat'>2.</span> <span class='ocrx_word' id='word_1_883' title='bbox 589 2183 666 2208; x_wconf 86' lang='lat' dir='ltr'>Curt.</span> <span class='ocrx_word' id='word_1_884' title='bbox 692 2188 738 2207; x_wconf 83' lang='lat' dir='ltr'>etc.</span> 
     </span>
    </p>
   </div>
   <div class='ocr_carea' id='block_1_13' title="bbox 243 2223 1308 2289">
    <p class='ocr_par' dir='ltr' id='par_1_30' title="bbox 243 2223 1308 2289">
     <span class='ocr_line' id='line_1_101' title="bbox 377 2229 450 2247; baseline -0.014 0"><span class='ocrx_word' id='word_1_885' title='bbox 377 2231 402 2247; x_wconf 72' lang='lat' dir='ltr'>v.</span> <span class='ocrx_word' id='word_1_886' title='bbox 437 2229 450 2246; x_wconf 79' lang='grc'>1.</span> 
     </span>
     <span class='ocr_line' id='line_1_102' title="bbox 243 2223 1308 2289; baseline -0.011 -4"><span class='ocrx_word' id='word_1_887' title='bbox 243 2223 364 2285; x_wconf 55' lang='lat' dir='ltr'>Medii-ili&gt;</span> <span class='ocrx_word' id='word_1_888' title='bbox 377 2255 389 2283; x_wconf 80' lang='grc' dir='ltr'><strong><em>ἴ</em></strong></span> <span class='ocrx_word' id='word_1_889' title='bbox 400 2230 449 2283; x_wconf 48' lang='lat' dir='ltr'>cle.</span> <span class='ocrx_word' id='word_1_890' title='bbox 460 2275 469 2287; x_wconf 94' lang='lat'>‚</span> <span class='ocrx_word' id='word_1_891' title='bbox 487 2263 525 2280; x_wconf 87' lang='lat' dir='ltr'>ae.</span> <span class='ocrx_word' id='word_1_892' title='bbox 548 2253 567 2280; x_wconf 89' lang='lat' dir='ltr'>f.</span> <span class='ocrx_word' id='word_1_893' title='bbox 589 2250 710 2287; x_wconf 63' lang='grc' dir='ltr'>[μηόιιυὶ]</span> <span class='ocrx_word' id='word_1_894' title='bbox 727 2250 811 2276; x_wconf 78' lang='lat' dir='ltr'>Herba</span> <span class='ocrx_word' id='word_1_895' title='bbox 824 2257 938 2289; x_wconf 68' lang='lat' dir='ltr'>equorum</span> <span class='ocrx_word' id='word_1_896' title='bbox 949 2249 1037 2282; x_wconf 78' lang='lat' dir='ltr'>pabulo</span> <span class='ocrx_word' id='word_1_897' title='bbox 1046 2259 1118 2283; x_wconf 78' lang='lat' dir='ltr'>quam</span> <span class='ocrx_word' id='word_1_898' title='bbox 1131 2249 1230 2284; x_wconf 86' lang='lat' dir='ltr'>optima.</span> <span class='ocrx_word' id='word_1_899' title='bbox 1251 2248 1308 2274; x_wconf 85' lang='lat' dir='ltr'>Ser-</span> 
     </span>
    </p>
   </div>
   <div class='ocr_carea' id='block_1_14' title="bbox 244 2283 1310 2399">
    <p class='ocr_par' dir='ltr' id='par_1_31' title="bbox 244 2283 1310 2399">
     <span class='ocr_line' id='line_1_103' title="bbox 245 2283 1309 2329; baseline -0.012 -8"><span class='ocrx_word' id='word_1_900' title='bbox 245 2295 308 2322; x_wconf 87' lang='lat' dir='ltr'>vius</span> <span class='ocrx_word' id='word_1_901' title='bbox 326 2293 418 2329; x_wconf 77' lang='lat' dir='ltr'>scribit</span> <span class='ocrx_word' id='word_1_902' title='bbox 447 2290 579 2317; x_wconf 84' lang='lat' dir='ltr'>medicam</span> <span class='ocrx_word' id='word_1_903' title='bbox 592 2298 607 2315; x_wconf 87' lang='lat' dir='ltr'>a</span> <span class='ocrx_word' id='word_1_904' title='bbox 622 2288 707 2314; x_wconf 83' lang='lat' dir='ltr'>Medis</span> <span class='ocrx_word' id='word_1_905' title='bbox 721 2287 750 2313; x_wconf 88' lang='lat' dir='ltr'>in</span> <span class='ocrx_word' id='word_1_906' title='bbox 771 2286 911 2312; x_wconf 82' lang='lat' dir='ltr'>Graeciam</span> <span class='ocrx_word' id='word_1_907' title='bbox 931 2283 1098 2317; x_wconf 80' lang='lat' dir='ltr'>translatam,</span> <span class='ocrx_word' id='word_1_908' title='bbox 1118 2294 1172 2318; x_wconf 83' lang='lat' dir='ltr'>quo</span> <span class='ocrx_word' id='word_1_909' title='bbox 1187 2289 1309 2317; x_wconf 87' lang='lat' dir='ltr'>tempore</span> 
     </span>
     <span class='ocr_line' id='line_1_104' title="bbox 245 2319 1308 2358; baseline -0.018 0"><span class='ocrx_word' id='word_1_910' title='bbox 245 2340 304 2358; x_wconf 85' lang='lat' dir='ltr'>cam</span> <span class='ocrx_word' id='word_1_911' title='bbox 319 2329 481 2356; x_wconf 77' lang='lat' dir='ltr'>inuaserunt.</span> <span class='ocrx_word' id='word_1_912' title='bbox 525 2327 579 2352; x_wconf 62' lang='lat' dir='ltr'>Via.</span> <span class='ocrx_word' id='word_1_913' title='bbox 594 2325 660 2352; x_wconf 88' lang='lat' dir='ltr'>Plin.</span> <span class='ocrx_word' id='word_1_914' title='bbox 676 2330 707 2357; x_wconf 77' lang='grc'>13,</span> <span class='ocrx_word' id='word_1_915' title='bbox 724 2324 757 2349; x_wconf 86' lang='grc'>16.</span> <span class='ocrx_word' id='word_1_916' title='bbox 814 2319 947 2348; x_wconf 87' lang='lat' dir='ltr'>Columel.</span> <span class='ocrx_word' id='word_1_917' title='bbox 963 2328 984 2352; x_wconf 88' lang='lat'>2,</span> <span class='ocrx_word' id='word_1_918' title='bbox 999 2329 1034 2352; x_wconf 92' lang='lat' dir='ltr'>ii,</span> <span class='ocrx_word' id='word_1_919' title='bbox 1048 2329 1062 2346; x_wconf 85' lang='lat'>2</span> <span class='ocrx_word' id='word_1_920' title='bbox 1085 2320 1246 2346; x_wconf 86' lang='lat' dir='ltr'>Pabulorum</span> <span class='ocrx_word' id='word_1_921' title='bbox 1265 2327 1308 2352; x_wconf 80' lang='lat' dir='ltr'>ge.</span> 
     </span>
     <span class='ocr_line' id='line_1_105' title="bbox 244 2353 1310 2399; baseline -0.013 -6"><span class='ocrx_word' id='word_1_922' title='bbox 244 2375 309 2393; x_wconf 87' lang='lat' dir='ltr'>nera</span> <span class='ocrx_word' id='word_1_923' title='bbox 322 2364 470 2399; x_wconf 75' lang='lat' dir='ltr'>complura,</span> <span class='ocrx_word' id='word_1_924' title='bbox 489 2370 533 2388; x_wconf 79' lang='lat' dir='ltr'>etc.</span> <span class='ocrx_word' id='word_1_925' title='bbox 572 2362 603 2387; x_wconf 83' lang='lat' dir='ltr'>Et</span> <span class='ocrx_word' id='word_1_926' title='bbox 612 2359 691 2396; x_wconf 78' lang='lat' dir='ltr'>paullo</span> <span class='ocrx_word' id='word_1_927' title='bbox 703 2358 762 2394; x_wconf 79' lang='lat' dir='ltr'>post,</span> <span class='ocrx_word' id='word_1_928' title='bbox 782 2357 831 2384; x_wconf 88' lang='lat' dir='ltr'>Sed</span> <span class='ocrx_word' id='word_1_929' title='bbox 846 2366 877 2383; x_wconf 83' lang='lat' dir='ltr'>ex</span> <span class='ocrx_word' id='word_1_930' title='bbox 892 2356 926 2382; x_wconf 83' lang='lat' dir='ltr'>iis</span> <span class='ocrx_word' id='word_1_931' title='bbox 939 2364 1012 2396; x_wconf 38' lang='lat' dir='ltr'>&#39;quae</span> <span class='ocrx_word' id='word_1_932' title='bbox 1025 2356 1142 2391; x_wconf 82' lang='lat' dir='ltr'>placent,</span> <span class='ocrx_word' id='word_1_933' title='bbox 1161 2355 1260 2381; x_wconf 87' lang='lat' dir='ltr'>eximia</span> <span class='ocrx_word' id='word_1_934' title='bbox 1273 2353 1310 2379; x_wconf 85' lang='lat' dir='ltr'>est</span> 
     </span>
    </p>
   </div>
   <div class='ocr_carea' id='block_1_15' title="bbox 868 2138 1309 2216">
    <p class='ocr_par' dir='ltr' id='par_1_32' title="bbox 868 2138 1309 2216">
     <span class='ocr_line' id='line_1_106' title="bbox 868 2138 1309 2176; baseline -0.011 -7"><span class='ocrx_word' id='word_1_935' title='bbox 868 2141 1007 2170; x_wconf 85' lang='lat' dir='ltr'>Medicum</span> <span class='ocrx_word' id='word_1_936' title='bbox 1020 2140 1165 2176; x_wconf 85' lang='lat' dir='ltr'>imperium</span> <span class='ocrx_word' id='word_1_937' title='bbox 1175 2161 1182 2173; x_wconf 94' lang='lat'>,</span> <span class='ocrx_word' id='word_1_938' title='bbox 1203 2138 1309 2165; x_wconf 83' lang='lat' dir='ltr'>Medica</span> 
     </span>
     <span class='ocr_line' id='line_1_107' title="bbox 959 2174 1309 2216; baseline -0.011 -12"><span class='ocrx_word' id='word_1_939' title='bbox 959 2175 980 2216; x_wconf 59' lang='lat' dir='ltr'><strong>q</strong></span> <span class='ocrx_word' id='word_1_940' title='bbox 1008 2186 1020 2204; x_wconf 89' lang='lat'>2</span> <span class='ocrx_word' id='word_1_941' title='bbox 1047 2180 1097 2204; x_wconf 89' lang='lat' dir='ltr'>Pro</span> <span class='ocrx_word' id='word_1_942' title='bbox 1130 2175 1251 2204; x_wconf 90' lang='lat' dir='ltr'>Medicus</span> <span class='ocrx_word' id='word_1_943' title='bbox 1275 2174 1309 2211; x_wconf 80' lang='lat' dir='ltr'>est</span> 
     </span>
    </p>
   </div>
   <div class='ocr_carea' id='block_1_16' title="bbox 246 2389 1616 2433">
    <p class='ocr_par' dir='ltr' id='par_1_33' title="bbox 246 2389 1616 2433">
     <span class='ocr_line' id='line_1_108' title="bbox 246 2389 1616 2433; baseline -0.012 -3"><span class='ocrx_word' id='word_1_944' title='bbox 246 2403 327 2430; x_wconf 79' lang='lat' dir='ltr'>herba</span> <span class='ocrx_word' id='word_1_945' title='bbox 342 2401 457 2427; x_wconf 85' lang='lat' dir='ltr'>medica:</span> <span class='ocrx_word' id='word_1_946' title='bbox 478 2397 549 2433; x_wconf 83' lang='lat' dir='ltr'>quod</span> <span class='ocrx_word' id='word_1_947' title='bbox 565 2406 648 2431; x_wconf 88' lang='lat' dir='ltr'>quum</span> <span class='ocrx_word' id='word_1_948' title='bbox 663 2396 758 2422; x_wconf 87' lang='lat' dir='ltr'>seritur</span> <span class='ocrx_word' id='word_1_949' title='bbox 773 2394 863 2421; x_wconf 84' lang='lat' dir='ltr'>decem</span> <span class='ocrx_word' id='word_1_950' title='bbox 883 2401 960 2418; x_wconf 73' lang='lat' dir='ltr'>annis</span> <span class='ocrx_word' id='word_1_951' title='bbox 979 2392 1070 2418; x_wconf 88' lang='lat' dir='ltr'>durat:</span> <span class='ocrx_word' id='word_1_952' title='bbox 1109 2391 1181 2426; x_wconf 83' lang='lat' dir='ltr'>quod</span> <span class='ocrx_word' id='word_1_953' title='bbox 1197 2399 1244 2426; x_wconf 87' lang='lat' dir='ltr'>per</span> <span class='ocrx_word' id='word_1_954' title='bbox 1264 2398 1309 2416; x_wconf 87' lang='lat' dir='ltr'>an·</span> <span class='ocrx_word' id='word_1_955' title='bbox 1324 2392 1358 2417; x_wconf 88' lang='lat'>60</span> <span class='ocrx_word' id='word_1_956' title='bbox 1373 2389 1411 2417; x_wconf 87' lang='lat' dir='ltr'>Id.</span> <span class='ocrx_word' id='word_1_957' title='bbox 1426 2390 1524 2423; x_wconf 87' lang='lat' dir='ltr'>Georg.</span> <span class='ocrx_word' id='word_1_958' title='bbox 1542 2398 1559 2422; x_wconf 94' lang='lat' dir='ltr'>i,</span> <span class='ocrx_word' id='word_1_959' title='bbox 1574 2398 1616 2421; x_wconf 76' lang='lat'><em>¹33-</em></span> 
     </span>
    </p>
   </div>
   <div class='ocr_carea' id='block_1_17' title="bbox 225 2425 1311 2759">
    <p class='ocr_par' dir='ltr' id='par_1_34' title="bbox 225 2425 1311 2759">
     <span class='ocr_line' id='line_1_109' title="bbox 247 2425 1309 2471; baseline -0.014 -5"><span class='ocrx_word' id='word_1_960' title='bbox 247 2448 331 2471; x_wconf 84' lang='lat' dir='ltr'>num,</span> <span class='ocrx_word' id='word_1_961' title='bbox 351 2436 446 2463; x_wconf 78' lang='lat' dir='ltr'>deinde</span> <span class='ocrx_word' id='word_1_962' title='bbox 462 2434 533 2461; x_wconf 63' lang='lat' dir='ltr'>ree‘te</span> <span class='ocrx_word' id='word_1_963' title='bbox 549 2440 657 2468; x_wconf 81' lang='lat' dir='ltr'>quater,</span> <span class='ocrx_word' id='word_1_964' title='bbox 677 2430 814 2458; x_wconf 86' lang='lat' dir='ltr'>interdum</span> <span class='ocrx_word' id='word_1_965' title='bbox 834 2429 914 2456; x_wconf 89' lang='lat' dir='ltr'>etiam</span> <span class='ocrx_word' id='word_1_966' title='bbox 934 2427 1017 2454; x_wconf 78' lang='lat' dir='ltr'>sexies</span> <span class='ocrx_word' id='word_1_967' title='bbox 1039 2428 1199 2457; x_wconf 83' lang='lat' dir='ltr'>demetitur3</span> <span class='ocrx_word' id='word_1_968' title='bbox 1238 2425 1309 2460; x_wconf 88' lang='lat' dir='ltr'>quod</span> 
     </span>
     <span class='ocr_line' id='line_1_110' title="bbox 247 2462 1310 2507; baseline -0.013 -6"><span class='ocrx_word' id='word_1_969' title='bbox 247 2484 339 2507; x_wconf 58' lang='lat' dir='ltr'>aarum</span> <span class='ocrx_word' id='word_1_970' title='bbox 353 2473 492 2501; x_wconf 61' lang='lat' dir='ltr'>stercor-au</span> <span class='ocrx_word' id='word_1_971' title='bbox 529 2469 601 2504; x_wconf 88' lang='lat' dir='ltr'>quod</span> <span class='ocrx_word' id='word_1_972' title='bbox 615 2477 694 2495; x_wconf 88' lang='lat' dir='ltr'>omne</span> <span class='ocrx_word' id='word_1_973' title='bbox 708 2467 866 2494; x_wconf 85' lang='lat' dir='ltr'>emaciatum</span> <span class='ocrx_word' id='word_1_974' title='bbox 886 2470 1037 2491; x_wconf 75' lang='lat' dir='ltr'>armentum</span> <span class='ocrx_word' id='word_1_975' title='bbox 1057 2473 1088 2491; x_wconf 84' lang='lat' dir='ltr'>ex</span> <span class='ocrx_word' id='word_1_976' title='bbox 1103 2473 1133 2490; x_wconf 86' lang='lat' dir='ltr'>ea</span> <span class='ocrx_word' id='word_1_977' title='bbox 1146 2462 1310 2498; x_wconf 68' lang='lat' dir='ltr'>pinguescit,</span> 
     </span>
     <span class='ocr_line' id='line_1_111' title="bbox 247 2500 1311 2545; baseline -0.012 -8"><span class='ocrx_word' id='word_1_978' title='bbox 247 2507 319 2545; x_wconf 75' lang='lat' dir='ltr'>quod</span> <span class='ocrx_word' id='word_1_979' title='bbox 334 2508 480 2543; x_wconf 75' lang='lat' dir='ltr'>aegrotanti</span> <span class='ocrx_word' id='word_1_980' title='bbox 495 2506 584 2541; x_wconf 83' lang='lat' dir='ltr'>pecori</span> <span class='ocrx_word' id='word_1_981' title='bbox 599 2504 749 2531; x_wconf 85' lang='lat' dir='ltr'>remedium</span> <span class='ocrx_word' id='word_1_982' title='bbox 763 2503 815 2535; x_wconf 80' lang='lat' dir='ltr'>est3</span> <span class='ocrx_word' id='word_1_983' title='bbox 853 2500 926 2536; x_wconf 88' lang='lat' dir='ltr'>quod</span> <span class='ocrx_word' id='word_1_984' title='bbox 948 2501 1072 2535; x_wconf 81' lang='lat' dir='ltr'>iugerum</span> <span class='ocrx_word' id='word_1_985' title='bbox 1091 2500 1148 2526; x_wconf 85' lang='lat' dir='ltr'>eius</span> <span class='ocrx_word' id='word_1_986' title='bbox 1167 2505 1225 2526; x_wconf 87' lang='lat' dir='ltr'>toto</span> <span class='ocrx_word' id='word_1_987' title='bbox 1240 2506 1311 2525; x_wconf 85' lang='lat' dir='ltr'>anno</span> 
     </span>
     <span class='ocr_line' id='line_1_112' title="bbox 225 2536 1310 2580; baseline -0.012 -7"><span class='ocrx_word' id='word_1_988' title='bbox 225 2565 227 2569; x_wconf 36' lang='grc' dir='ltr'><strong><em>ι</em></strong></span> <span class='ocrx_word' id='word_1_989' title='bbox 246 2546 332 2574; x_wconf 80' lang='lat' dir='ltr'>(ribus</span> <span class='ocrx_word' id='word_1_990' title='bbox 346 2545 421 2580; x_wconf 73' lang='lat' dir='ltr'>cquis</span> <span class='ocrx_word' id='word_1_991' title='bbox 436 2542 539 2570; x_wconf 81' lang='lat' dir='ltr'>abunde</span> <span class='ocrx_word' id='word_1_992' title='bbox 553 2541 655 2568; x_wconf 75' lang='lat' dir='ltr'>sufficit.</span> <span class='ocrx_word' id='word_1_993' title='bbox 727 2542 764 2566; x_wconf 79' lang='lat' dir='ltr'>De</span> <span class='ocrx_word' id='word_1_994' title='bbox 779 2540 862 2565; x_wconf 79' lang='lat' dir='ltr'>eadem</span> <span class='ocrx_word' id='word_1_995' title='bbox 882 2538 950 2564; x_wconf 87' lang='lat' dir='ltr'>Cato</span> <span class='ocrx_word' id='word_1_996' title='bbox 964 2537 996 2563; x_wconf 87' lang='lat' dir='ltr'>de</span> <span class='ocrx_word' id='word_1_997' title='bbox 1019 2537 1050 2563; x_wconf 78' lang='lat' dir='ltr'>R.</span> <span class='ocrx_word' id='word_1_998' title='bbox 1072 2536 1103 2563; x_wconf 80' lang='lat' dir='ltr'>R.</span> <span class='ocrx_word' id='word_1_999' title='bbox 1123 2545 1145 2562; x_wconf 92' lang='lat' dir='ltr'>c.</span> <span class='ocrx_word' id='word_1_1000' title='bbox 1167 2545 1204 2568; x_wconf 70' lang='grc'>42.</span> <span class='ocrx_word' id='word_1_1001' title='bbox 1280 2536 1310 2560; x_wconf 74' lang='grc' dir='ltr'>1ιί</span> 
     </span>
     <span class='ocr_line' id='line_1_113' title="bbox 248 2575 849 2612; baseline -0.015 -2"><span class='ocrx_word' id='word_1_1002' title='bbox 248 2584 337 2610; x_wconf 89' lang='lat' dir='ltr'>Varro</span> <span class='ocrx_word' id='word_1_1003' title='bbox 349 2581 380 2608; x_wconf 82' lang='lat' dir='ltr'>de</span> <span class='ocrx_word' id='word_1_1004' title='bbox 393 2582 431 2607; x_wconf 79' lang='lat' dir='ltr'>Re</span> <span class='ocrx_word' id='word_1_1005' title='bbox 440 2579 512 2607; x_wconf 71' lang='lat' dir='ltr'>Ruit.</span> <span class='ocrx_word' id='word_1_1006' title='bbox 527 2589 545 2612; x_wconf 90' lang='lat' dir='ltr'>i,</span> <span class='ocrx_word' id='word_1_1007' title='bbox 561 2587 597 2610; x_wconf 72' lang='lat'>42.</span> <span class='ocrx_word' id='word_1_1008' title='bbox 634 2577 664 2603; x_wconf 83' lang='lat' dir='ltr'>it.</span> <span class='ocrx_word' id='word_1_1009' title='bbox 681 2575 776 2603; x_wconf 76' lang='lat' dir='ltr'>Pallad.</span> <span class='ocrx_word' id='word_1_1010' title='bbox 792 2586 812 2610; x_wconf 80' lang='lat'>3,</span> <span class='ocrx_word' id='word_1_1011' title='bbox 825 2577 849 2601; x_wconf 80' lang='lat'>6.</span> 
     </span>
     <span class='ocr_line' id='line_1_114' title="bbox 248 2612 896 2653; baseline -0.015 -7"><span class='ocrx_word' id='word_1_1012' title='bbox 248 2628 307 2653; x_wconf 74' lang='lat' dir='ltr'>org.</span> <span class='ocrx_word' id='word_1_1013' title='bbox 324 2629 341 2652; x_wconf 87' lang='lat' dir='ltr'>i,</span> <span class='ocrx_word' id='word_1_1014' title='bbox 357 2627 393 2649; x_wconf 74' lang='lat'>215</span> <span class='ocrx_word' id='word_1_1015' title='bbox 414 2617 497 2644; x_wconf 80' lang='lat' dir='ltr'>Tunc</span> <span class='ocrx_word' id='word_1_1016' title='bbox 510 2621 535 2642; x_wconf 86' lang='lat' dir='ltr'>te</span> <span class='ocrx_word' id='word_1_1017' title='bbox 549 2621 657 2649; x_wconf 88' lang='lat' dir='ltr'>quoque</span> <span class='ocrx_word' id='word_1_1018' title='bbox 670 2612 773 2638; x_wconf 89' lang='lat' dir='ltr'>medica</span> <span class='ocrx_word' id='word_1_1019' title='bbox 787 2617 876 2646; x_wconf 86' lang='lat' dir='ltr'>putres</span> <span class='ocrx_word' id='word_1_1020' title='bbox 891 2645 896 2650; x_wconf 44' lang='lat'>-</span> 
     </span>
     <span class='ocr_line' id='line_1_115' title="bbox 249 2646 1035 2684; baseline -0.011 -3"><span class='ocrx_word' id='word_1_1021' title='bbox 249 2655 324 2682; x_wconf 85' lang='lat' dir='ltr'>venit</span> <span class='ocrx_word' id='word_1_1022' title='bbox 339 2662 426 2680; x_wconf 86' lang='lat' dir='ltr'>annua</span> <span class='ocrx_word' id='word_1_1023' title='bbox 442 2660 513 2679; x_wconf 83' lang='lat' dir='ltr'>cura.</span> <span class='ocrx_word' id='word_1_1024' title='bbox 585 2651 655 2677; x_wconf 73' lang='lat' dir='ltr'>Acul.</span> <span class='ocrx_word' id='word_1_1025' title='bbox 669 2647 773 2684; x_wconf 74' lang='lat' dir='ltr'>Salmas.</span> <span class='ocrx_word' id='word_1_1026' title='bbox 792 2649 827 2674; x_wconf 75' lang='lat' dir='ltr'>ml</span> <span class='ocrx_word' id='word_1_1027' title='bbox 842 2646 926 2674; x_wconf 88' lang='lat' dir='ltr'>Solin.</span> <span class='ocrx_word' id='word_1_1028' title='bbox 939 2655 964 2681; x_wconf 88' lang='lat' dir='ltr'>p.</span> <span class='ocrx_word' id='word_1_1029' title='bbox 987 2655 1035 2679; x_wconf 82' lang='lat'><strong>¹72·</strong></span> 
     </span>
     <span class='ocr_line' id='line_1_116' title="bbox 250 2692 812 2723; baseline -0.018 -4"><span class='ocrx_word' id='word_1_1030' title='bbox 250 2700 306 2718; x_wconf 84' lang='lat' dir='ltr'>roz.</span> <span class='ocrx_word' id='word_1_1031' title='bbox 324 2701 349 2723; x_wconf 86' lang='grc' dir='ltr'>ι,</span> <span class='ocrx_word' id='word_1_1032' title='bbox 369 2699 397 2723; x_wconf 79' lang='lat'>2,</span> <span class='ocrx_word' id='word_1_1033' title='bbox 417 2699 448 2721; x_wconf 82' lang='lat'>3¹·</span> <span class='ocrx_word' id='word_1_1034' title='bbox 810 2692 812 2695; x_wconf 94' lang='lat'>·</span> 
     </span>
     <span class='ocr_line' id='line_1_117' title="bbox 288 2732 477 2759; baseline -0.021 -5"><span class='ocrx_word' id='word_1_1035' title='bbox 288 2734 315 2754; x_wconf 82' lang='lat' dir='ltr'>M</span> <span class='ocrx_word' id='word_1_1036' title='bbox 329 2733 345 2753; x_wconf 83' lang='lat' dir='ltr'><strong>E</strong></span> <span class='ocrx_word' id='word_1_1037' title='bbox 357 2732 374 2752; x_wconf 80' lang='grc'>11</span> <span class='ocrx_word' id='word_1_1038' title='bbox 388 2733 396 2752; x_wconf 95' lang='grc'>1</span> <span class='ocrx_word' id='word_1_1039' title='bbox 409 2732 425 2751; x_wconf 84' lang='lat' dir='ltr'>c</span> <span class='ocrx_word' id='word_1_1040' title='bbox 439 2732 459 2751; x_wconf 86' lang='lat' dir='ltr'>A</span> <span class='ocrx_word' id='word_1_1041' title='bbox 469 2747 477 2759; x_wconf 86' lang='lat'>‚</span> 
     </span>
    </p>
   </div>
   <div class='ocr_carea' id='block_1_18' title="bbox 886 2572 1313 2672">
    <p class='ocr_par' dir='ltr' id='par_1_35' title="bbox 886 2572 1313 2672">
     <span class='ocr_line' id='line_1_118' title="bbox 886 2572 1132 2606; baseline -0.012 -5"><span class='ocrx_word' id='word_1_1042' title='bbox 886 2576 956 2601; x_wconf 81' lang='lat' dir='ltr'>Add.</span> <span class='ocrx_word' id='word_1_1043' title='bbox 971 2572 1030 2601; x_wconf 79' lang='lat' dir='ltr'>Issd.</span> <span class='ocrx_word' id='word_1_1044' title='bbox 1054 2582 1089 2606; x_wconf 82' lang='lat'>17,</span> <span class='ocrx_word' id='word_1_1045' title='bbox 1111 2582 1132 2604; x_wconf 91' lang='grc'>4.</span> 
     </span>
     <span class='ocr_line' id='line_1_119' title="bbox 928 2606 1311 2644; baseline -0.008 -9"><span class='ocrx_word' id='word_1_1046' title='bbox 928 2609 1069 2644; x_wconf 73' lang='lat' dir='ltr'>Accipiunt</span> <span class='ocrx_word' id='word_1_1047' title='bbox 1090 2608 1172 2640; x_wconf 88' lang='lat' dir='ltr'>sulci,</span> <span class='ocrx_word' id='word_1_1048' title='bbox 1193 2614 1218 2634; x_wconf 85' lang='lat' dir='ltr'>ct</span> <span class='ocrx_word' id='word_1_1049' title='bbox 1232 2606 1311 2633; x_wconf 88' lang='lat' dir='ltr'>milio</span> 
     </span>
     <span class='ocr_line' id='line_1_120' title="bbox 1109 2643 1313 2672; baseline -0.015 0"><span class='ocrx_word' id='word_1_1050' title='bbox 1109 2645 1225 2672; x_wconf 80' lang='lat' dir='ltr'>Bochart.</span> <span class='ocrx_word' id='word_1_1051' title='bbox 1245 2643 1313 2670; x_wconf 84' lang='lat' dir='ltr'>Hie-</span> 
     </span>
    </p>
   </div>
   <div class='ocr_carea' id='block_1_19' title="bbox 505 2720 848 2756">
    <p class='ocr_par' dir='ltr' id='par_1_36' title="bbox 505 2720 848 2756">
     <span class='ocr_line' id='line_1_121' title="bbox 505 2720 848 2756; baseline -0.012 -6"><span class='ocrx_word' id='word_1_1052' title='bbox 505 2732 543 2750; x_wconf 88' lang='lat' dir='ltr'>ae.</span> <span class='ocrx_word' id='word_1_1053' title='bbox 568 2723 588 2750; x_wconf 90' lang='lat' dir='ltr'>f.</span> <span class='ocrx_word' id='word_1_1054' title='bbox 627 2723 712 2749; x_wconf 81' lang='lat' dir='ltr'>Arbor</span> <span class='ocrx_word' id='word_1_1055' title='bbox 735 2720 848 2756; x_wconf 65' lang='lat' dir='ltr'>Aſjjo-ia.</span> 
     </span>
    </p>
   </div>
   <div class='ocr_carea' id='block_1_20' title="bbox 898 1676 1859 1714">
    <p class='ocr_par' dir='ltr' id='par_1_37' title="bbox 898 1676 1859 1714">
     <span class='ocr_line' id='line_1_122' title="bbox 898 1676 1859 1714; baseline -0.005 -5"><span class='ocrx_word' id='word_1_1056' title='bbox 898 1683 966 1709; x_wconf 88' lang='lat' dir='ltr'>Pers.</span> <span class='ocrx_word' id='word_1_1057' title='bbox 978 1676 1058 1713; x_wconf 52' lang='lat' dir='ltr'>Sats3,</span> <span class='ocrx_word' id='word_1_1058' title='bbox 1072 1690 1096 1712; x_wconf 80' lang='lat'>53</span> <span class='ocrx_word' id='word_1_1059' title='bbox 1117 1680 1224 1714; x_wconf 87' lang='lat' dir='ltr'>Sapiens</span> <span class='ocrx_word' id='word_1_1060' title='bbox 1233 1680 1307 1706; x_wconf 86' lang='lat' dir='ltr'>Brac-</span> <span class='ocrx_word' id='word_1_1061' title='bbox 1320 1689 1354 1712; x_wconf 81' lang='lat'>40</span> <span class='ocrx_word' id='word_1_1062' title='bbox 1371 1677 1424 1703; x_wconf 88' lang='lat' dir='ltr'>tius</span> <span class='ocrx_word' id='word_1_1063' title='bbox 1438 1678 1547 1711; x_wconf 81' lang='lat' dir='ltr'>cogitet,</span> <span class='ocrx_word' id='word_1_1064' title='bbox 1569 1686 1624 1704; x_wconf 86' lang='lat' dir='ltr'>non</span> <span class='ocrx_word' id='word_1_1065' title='bbox 1639 1676 1859 1712; x_wconf 82' lang='lat' dir='ltr'>reprehendatur.</span> 
     </span>
    </p>
   </div>
   <div class='ocr_carea' id='block_1_21' title="bbox 672 1853 2199 1896">
    <p class='ocr_par' dir='ltr' id='par_1_38' title="bbox 672 1853 2199 1896">
     <span class='ocr_line' id='line_1_123' title="bbox 672 1853 2199 1896; baseline -0.003 -7"><span class='ocrx_word' id='word_1_1066' title='bbox 672 1864 739 1890; x_wconf 60' lang='lat' dir='ltr'>Sicut</span> <span class='ocrx_word' id='word_1_1067' title='bbox 752 1863 815 1887; x_wconf 78' lang='lat' dir='ltr'>enim</span> <span class='ocrx_word' id='word_1_1068' title='bbox 827 1862 913 1887; x_wconf 82' lang='lat' dir='ltr'>Attici</span> <span class='ocrx_word' id='word_1_1069' title='bbox 925 1861 1013 1896; x_wconf 68' lang='lat' dir='ltr'>Persas</span> <span class='ocrx_word' id='word_1_1070' title='bbox 1020 1860 1102 1895; x_wconf 81' lang='lat' dir='ltr'>solent</span> <span class='ocrx_word' id='word_1_1071' title='bbox 1115 1859 1235 1895; x_wconf 76' lang='lat' dir='ltr'>appellare</span> <span class='ocrx_word' id='word_1_1072' title='bbox 1253 1860 1309 1885; x_wconf 82' lang='lat' dir='ltr'>Me-</span> <span class='ocrx_word' id='word_1_1073' title='bbox 1326 1867 1355 1891; x_wconf 85' lang='lat'>45</span> <span class='ocrx_word' id='word_1_1074' title='bbox 1374 1857 1511 1892; x_wconf 83' lang='lat' dir='ltr'>Snbsellia,</span> <span class='ocrx_word' id='word_1_1075' title='bbox 1531 1853 1635 1888; x_wconf 66' lang='lat' dir='ltr'>Rostra,</span> <span class='ocrx_word' id='word_1_1076' title='bbox 1655 1856 1767 1883; x_wconf 87' lang='lat' dir='ltr'>Curiam</span> <span class='ocrx_word' id='word_1_1077' title='bbox 1781 1856 1906 1883; x_wconf 83' lang='lat' dir='ltr'>meditari</span> <span class='ocrx_word' id='word_1_1078' title='bbox 1928 1857 1986 1883; x_wconf 86' lang='lat' dir='ltr'>Cic.</span> <span class='ocrx_word' id='word_1_1079' title='bbox 1995 1857 2026 1883; x_wconf 91' lang='lat' dir='ltr'>de</span> <span class='ocrx_word' id='word_1_1080' title='bbox 2035 1857 2111 1884; x_wconf 88' lang='lat' dir='ltr'>Orat.</span> <span class='ocrx_word' id='word_1_1081' title='bbox 2126 1869 2148 1892; x_wconf 79' lang='grc' dir='ltr'>ι,</span> <span class='ocrx_word' id='word_1_1082' title='bbox 2164 1867 2199 1889; x_wconf 84' lang='lat'>3²-</span> 
     </span>
    </p>
   </div>
   <div class='ocr_carea' id='block_1_22' title="bbox 736 2036 1785 2070">
    <p class='ocr_par' dir='ltr' id='par_1_39' title="bbox 736 2036 1785 2070">
     <span class='ocr_line' id='line_1_124' title="bbox 736 2036 1785 2070; baseline 0.001 -8"><span class='ocrx_word' id='word_1_1083' title='bbox 736 2039 832 2063; x_wconf 88' lang='lat' dir='ltr'>Manil.</span> <span class='ocrx_word' id='word_1_1084' title='bbox 848 2046 871 2069; x_wconf 77' lang='grc' dir='ltr'>ς,</span> <span class='ocrx_word' id='word_1_1085' title='bbox 884 2039 929 2066; x_wconf 81' lang='lat'>265</span> <span class='ocrx_word' id='word_1_1086' title='bbox 949 2037 1044 2062; x_wconf 86' lang='lat' dir='ltr'>Medos</span> <span class='ocrx_word' id='word_1_1087' title='bbox 1064 2037 1140 2061; x_wconf 87' lang='lat' dir='ltr'>flatus</span> <span class='ocrx_word' id='word_1_1088' title='bbox 1159 2037 1308 2061; x_wconf 79' lang='lat' dir='ltr'>referentia</span> <span class='ocrx_word' id='word_1_1089' title='bbox 1323 2047 1354 2067; x_wconf 87' lang='lat'>50</span> <span class='ocrx_word' id='word_1_1090' title='bbox 1369 2038 1473 2062; x_wconf 86' lang='lat' dir='ltr'>causam</span> <span class='ocrx_word' id='word_1_1091' title='bbox 1486 2037 1559 2062; x_wconf 90' lang='lat' dir='ltr'>suam</span> <span class='ocrx_word' id='word_1_1092' title='bbox 1580 2036 1635 2064; x_wconf 81' lang='lat' dir='ltr'>Cic.</span> <span class='ocrx_word' id='word_1_1093' title='bbox 1653 2039 1706 2065; x_wconf 80' lang='lat' dir='ltr'>Att.</span> <span class='ocrx_word' id='word_1_1094' title='bbox 1719 2046 1742 2070; x_wconf 84' lang='lat'>5,</span> <span class='ocrx_word' id='word_1_1095' title='bbox 1757 2046 1785 2063; x_wconf 88' lang='lat' dir='ltr'>ii.</span> 
     </span>
    </p>
   </div>
   <div class='ocr_carea' id='block_1_23' title="bbox 1329 2211 1474 2243">
    <p class='ocr_par' dir='ltr' id='par_1_40' title="bbox 1329 2211 1474 2243">
     <span class='ocr_line' id='line_1_125' title="bbox 1329 2211 1474 2243; baseline -0.014 -5"><span class='ocrx_word' id='word_1_1096' title='bbox 1329 2219 1356 2242; x_wconf 85' lang='lat'>55</span> <span class='ocrx_word' id='word_1_1097' title='bbox 1370 2211 1458 2243; x_wconf 71' lang='grc' dir='ltr'><em>ὄνύχων</em></span> <span class='ocrx_word' id='word_1_1098' title='bbox 1467 2221 1474 2236; x_wconf 87' lang='lat'><strong>:</strong></span> 
     </span>
    </p>
   </div>
   <div class='ocr_carea' id='block_1_24' title="bbox 1171 2569 1791 2612">
    <p class='ocr_par' dir='ltr' id='par_1_41' title="bbox 1171 2569 1791 2612">
     <span class='ocr_line' id='line_1_126' title="bbox 1171 2569 1791 2612; baseline 0 -14"><span class='ocrx_word' id='word_1_1099' title='bbox 1171 2572 1245 2606; x_wconf 77' lang='lat' dir='ltr'>Virg.</span> <span class='ocrx_word' id='word_1_1100' title='bbox 1261 2571 1312 2596; x_wconf 85' lang='lat' dir='ltr'>Ge·</span> <span class='ocrx_word' id='word_1_1101' title='bbox 1330 2575 1360 2604; x_wconf 83' lang='lat'>65</span> <span class='ocrx_word' id='word_1_1102' title='bbox 1374 2580 1426 2612; x_wconf 80' lang='lat' dir='ltr'>que</span> <span class='ocrx_word' id='word_1_1103' title='bbox 1440 2570 1528 2606; x_wconf 88' lang='lat' dir='ltr'>coepit</span> <span class='ocrx_word' id='word_1_1104' title='bbox 1548 2572 1618 2597; x_wconf 87' lang='lat' dir='ltr'>Suet.</span> <span class='ocrx_word' id='word_1_1105' title='bbox 1632 2569 1698 2596; x_wconf 88' lang='lat' dir='ltr'>Ner.</span> <span class='ocrx_word' id='word_1_1106' title='bbox 1713 2579 1734 2596; x_wconf 91' lang='lat' dir='ltr'>c.</span> <span class='ocrx_word' id='word_1_1107' title='bbox 1750 2580 1791 2598; x_wconf 90' lang='lat'>20.</span> 
     </span>
    </p>
   </div>
   <div class='ocr_carea' id='block_1_25' title="bbox 920 2715 1315 2752">
    <p class='ocr_par' dir='ltr' id='par_1_42' title="bbox 920 2715 1315 2752">
     <span class='ocr_line' id='line_1_127' title="bbox 920 2715 1315 2752; baseline -0.013 -6"><span class='ocrx_word' id='word_1_1108' title='bbox 920 2718 988 2746; x_wconf 90' lang='lat' dir='ltr'>Plin.</span> <span class='ocrx_word' id='word_1_1109' title='bbox 1009 2727 1043 2752; x_wconf 83' lang='lat'>12,</span> <span class='ocrx_word' id='word_1_1110' title='bbox 1065 2727 1076 2750; x_wconf 84' lang='lat'><em>3</em></span> <span class='ocrx_word' id='word_1_1111' title='bbox 1095 2717 1182 2744; x_wconf 83' lang='lat' dir='ltr'>Malus</span> <span class='ocrx_word' id='word_1_1112' title='bbox 1204 2715 1315 2748; x_wconf 79' lang='lat' dir='ltr'>Assyria,</span> 
     </span>
    </p>
   </div>
   <div class='ocr_carea' id='block_1_26' title="bbox 1367 1533 2481 2750">
    <p class='ocr_par' dir='ltr' id='par_1_43' title="bbox 1367 1533 2442 2215">
     <span class='ocr_line' id='line_1_128' title="bbox 1371 1533 2436 1572; baseline 0 -14"><span class='ocrx_word' id='word_1_1113' title='bbox 1371 1540 1398 1565; x_wconf 85' lang='lat'>2,</span> <span class='ocrx_word' id='word_1_1114' title='bbox 1412 1542 1429 1565; x_wconf 94' lang='lat' dir='ltr'>i,</span> <span class='ocrx_word' id='word_1_1115' title='bbox 1439 1542 1467 1572; x_wconf 33' lang='lat'>*12</span> <span class='ocrx_word' id='word_1_1116' title='bbox 1495 1533 1681 1566; x_wconf 69' lang='lat' dir='ltr'>Quamobrem</span> <span class='ocrx_word' id='word_1_1117' title='bbox 1701 1542 1808 1565; x_wconf 55' lang='lat' dir='ltr'>omnm,</span> <span class='ocrx_word' id='word_1_1118' title='bbox 1833 1542 1916 1567; x_wconf 91' lang='lat' dir='ltr'>quum</span> <span class='ocrx_word' id='word_1_1119' title='bbox 1935 1534 2063 1561; x_wconf 88' lang='lat' dir='ltr'>secundae</span> <span class='ocrx_word' id='word_1_1120' title='bbox 2082 1543 2124 1561; x_wconf 88' lang='lat' dir='ltr'>res</span> <span class='ocrx_word' id='word_1_1121' title='bbox 2144 1535 2204 1560; x_wconf 89' lang='lat' dir='ltr'>sunt</span> <span class='ocrx_word' id='word_1_1122' title='bbox 2223 1533 2357 1568; x_wconf 80' lang='lat' dir='ltr'>maxime,</span> <span class='ocrx_word' id='word_1_1123' title='bbox 2376 1538 2436 1558; x_wconf 84' lang='lat' dir='ltr'>tuin</span> 
     </span>
     <span class='ocr_line' id='line_1_129' title="bbox 1374 1569 2436 1604; baseline 0.001 -11"><span class='ocrx_word' id='word_1_1124' title='bbox 1374 1577 1491 1595; x_wconf 84' lang='lat' dir='ltr'>maxime</span> <span class='ocrx_word' id='word_1_1125' title='bbox 1511 1569 1637 1596; x_wconf 84' lang='lat' dir='ltr'>meditari</span> <span class='ocrx_word' id='word_1_1126' title='bbox 1658 1570 1744 1595; x_wconf 89' lang='lat' dir='ltr'>secum</span> <span class='ocrx_word' id='word_1_1127' title='bbox 1771 1575 1893 1604; x_wconf 84' lang='lat' dir='ltr'>oportet,</span> <span class='ocrx_word' id='word_1_1128' title='bbox 1933 1578 1987 1604; x_wconf 91' lang='lat' dir='ltr'>quo</span> <span class='ocrx_word' id='word_1_1129' title='bbox 2005 1570 2083 1604; x_wconf 63' lang='lat' dir='ltr'>paeto</span> <span class='ocrx_word' id='word_1_1130' title='bbox 2101 1570 2243 1597; x_wconf 80' lang='lat' dir='ltr'>aduorsain</span> <span class='ocrx_word' id='word_1_1131' title='bbox 2278 1576 2436 1596; x_wconf 83' lang='lat' dir='ltr'>aerumnam</span> 
     </span>
     <span class='ocr_line' id='line_1_130' title="bbox 1373 1604 2437 1640; baseline 0 -10"><span class='ocrx_word' id='word_1_1132' title='bbox 1373 1604 1469 1631; x_wconf 85' lang='lat' dir='ltr'>ferant.</span> <span class='ocrx_word' id='word_1_1133' title='bbox 1543 1606 1599 1632; x_wconf 88' lang='lat' dir='ltr'>Cic.</span> <span class='ocrx_word' id='word_1_1134' title='bbox 1625 1605 1680 1632; x_wconf 85' lang='lat' dir='ltr'>Off.</span> <span class='ocrx_word' id='word_1_1135' title='bbox 1697 1614 1718 1638; x_wconf 81' lang='lat'>2,</span> <span class='ocrx_word' id='word_1_1136' title='bbox 1733 1615 1777 1639; x_wconf 68' lang='lat'>¹44</span> <span class='ocrx_word' id='word_1_1137' title='bbox 1797 1606 1832 1632; x_wconf 81' lang='lat' dir='ltr'>Vt</span> <span class='ocrx_word' id='word_1_1138' title='bbox 1846 1605 1931 1639; x_wconf 82' lang='lat' dir='ltr'>liquis</span> <span class='ocrx_word' id='word_1_1139' title='bbox 1945 1614 2026 1640; x_wconf 86' lang='lat' dir='ltr'>quum</span> <span class='ocrx_word' id='word_1_1140' title='bbox 2041 1607 2142 1633; x_wconf 87' lang='lat' dir='ltr'>causam</span> <span class='ocrx_word' id='word_1_1141' title='bbox 2163 1606 2193 1633; x_wconf 87' lang='lat' dir='ltr'>fit</span> <span class='ocrx_word' id='word_1_1142' title='bbox 2207 1605 2325 1638; x_wconf 59' lang='lat' dir='ltr'>aeturus,</span> <span class='ocrx_word' id='word_1_1143' title='bbox 2348 1605 2379 1630; x_wconf 85' lang='lat' dir='ltr'>in</span> <span class='ocrx_word' id='word_1_1144' title='bbox 2392 1604 2437 1633; x_wconf 68' lang='lat' dir='ltr'>iti,-</span> 
     </span>
     <span class='ocr_line' id='line_1_131' title="bbox 1371 1641 2438 1677; baseline 0 -11"><span class='ocrx_word' id='word_1_1145' title='bbox 1371 1650 1436 1668; x_wconf 87' lang='lat' dir='ltr'>nere</span> <span class='ocrx_word' id='word_1_1146' title='bbox 1447 1646 1492 1668; x_wconf 87' lang='lat' dir='ltr'>aut</span> <span class='ocrx_word' id='word_1_1147' title='bbox 1505 1641 1533 1667; x_wconf 92' lang='lat' dir='ltr'>in</span> <span class='ocrx_word' id='word_1_1148' title='bbox 1548 1641 1728 1668; x_wconf 84' lang='lat' dir='ltr'>ambulatione</span> <span class='ocrx_word' id='word_1_1149' title='bbox 1742 1642 1829 1667; x_wconf 85' lang='lat' dir='ltr'>secum</span> <span class='ocrx_word' id='word_1_1150' title='bbox 1844 1641 1897 1676; x_wconf 89' lang='lat' dir='ltr'>ipse</span> <span class='ocrx_word' id='word_1_1151' title='bbox 1910 1641 2074 1675; x_wconf 86' lang='lat' dir='ltr'>meditetur,</span> <span class='ocrx_word' id='word_1_1152' title='bbox 2106 1649 2150 1669; x_wconf 90' lang='lat' dir='ltr'>aut</span> <span class='ocrx_word' id='word_1_1153' title='bbox 2165 1642 2182 1668; x_wconf 86' lang='lat' dir='ltr'>fi</span> <span class='ocrx_word' id='word_1_1154' title='bbox 2196 1642 2261 1677; x_wconf 87' lang='lat' dir='ltr'>quid</span> <span class='ocrx_word' id='word_1_1155' title='bbox 2269 1641 2343 1668; x_wconf 87' lang='lat' dir='ltr'>aliud</span> <span class='ocrx_word' id='word_1_1156' title='bbox 2354 1646 2438 1667; x_wconf 84' lang='lat' dir='ltr'>atten-</span> 
     </span>
     <span class='ocr_line' id='line_1_132' title="bbox 1786 1676 2439 1715; baseline -0.005 -10"><span class='ocrx_word' id='word_1_1157' title='bbox 1786 1713 1788 1715; x_wconf 73' lang='lat'>.</span> <span class='ocrx_word' id='word_1_1158' title='bbox 1933 1678 2063 1705; x_wconf 87' lang='lat' dir='ltr'>Meditari</span> <span class='ocrx_word' id='word_1_1159' title='bbox 2075 1678 2144 1705; x_wconf 89' lang='lat' dir='ltr'>male</span> <span class='ocrx_word' id='word_1_1160' title='bbox 2158 1679 2235 1712; x_wconf 81' lang='lat' dir='ltr'>nugis</span> <span class='ocrx_word' id='word_1_1161' title='bbox 2255 1677 2338 1704; x_wconf 86' lang='lat' dir='ltr'>Plaut.</span> <span class='ocrx_word' id='word_1_1162' title='bbox 2348 1676 2439 1703; x_wconf 76' lang='lat' dir='ltr'>Pseud.</span> 
     </span>
     <span class='ocr_line' id='line_1_133' title="bbox 1371 1713 2439 1748; baseline -0.001 -9"><span class='ocrx_word' id='word_1_1163' title='bbox 1371 1723 1395 1746; x_wconf 80' lang='grc'>4,</span> <span class='ocrx_word' id='word_1_1164' title='bbox 1408 1723 1497 1746; x_wconf 80' lang='lat'>7,107.</span> <span class='ocrx_word' id='word_1_1165' title='bbox 1572 1713 1713 1740; x_wconf 72' lang='lat' dir='ltr'>Sic-facies</span> <span class='ocrx_word' id='word_1_1166' title='bbox 1728 1722 1807 1745; x_wconf 87' lang='lat' dir='ltr'>vere,</span> <span class='ocrx_word' id='word_1_1167' title='bbox 1839 1713 1911 1748; x_wconf 88' lang='lat' dir='ltr'>quod</span> <span class='ocrx_word' id='word_1_1168' title='bbox 1931 1714 2074 1741; x_wconf 88' lang='lat' dir='ltr'>meditatus</span> <span class='ocrx_word' id='word_1_1169' title='bbox 2094 1714 2148 1741; x_wconf 89' lang='lat' dir='ltr'>eris</span> <span class='ocrx_word' id='word_1_1170' title='bbox 2176 1713 2258 1740; x_wconf 91' lang='lat' dir='ltr'>Ouid.</span> <span class='ocrx_word' id='word_1_1171' title='bbox 2282 1714 2358 1740; x_wconf 88' lang='lat' dir='ltr'>Rem.</span> <span class='ocrx_word' id='word_1_1172' title='bbox 2377 1713 2439 1739; x_wconf 87' lang='lat' dir='ltr'>Am.</span> 
     </span>
     <span class='ocr_line' id='line_1_134' title="bbox 1371 1748 2440 1784; baseline 0 -9"><span class='ocrx_word' id='word_1_1173' title='bbox 1371 1755 1427 1783; x_wconf 78' lang='lat'>498.</span> <span class='ocrx_word' id='word_1_1174' title='bbox 1501 1749 1703 1776; x_wconf 84' lang='lat' dir='ltr'>Accusationem</span> <span class='ocrx_word' id='word_1_1175' title='bbox 1717 1749 1842 1775; x_wconf 86' lang='lat' dir='ltr'>meditari</span> <span class='ocrx_word' id='word_1_1176' title='bbox 1861 1748 1917 1775; x_wconf 89' lang='lat' dir='ltr'>Cic.</span> <span class='ocrx_word' id='word_1_1177' title='bbox 1932 1758 1982 1784; x_wconf 88' lang='lat' dir='ltr'>pro</span> <span class='ocrx_word' id='word_1_1178' title='bbox 1996 1751 2118 1776; x_wconf 88' lang='lat' dir='ltr'>Muraen.</span> <span class='ocrx_word' id='word_1_1179' title='bbox 2137 1761 2174 1783; x_wconf 76' lang='lat'>43.</span> <span class='ocrx_word' id='word_1_1180' title='bbox 2213 1751 2342 1777; x_wconf 82' lang='lat' dir='ltr'>Amorem</span> <span class='ocrx_word' id='word_1_1181' title='bbox 2362 1749 2440 1783; x_wconf 85' lang='lat' dir='ltr'>Virg.</span> 
     </span>
     <span class='ocr_line' id='line_1_135' title="bbox 1372 1784 2438 1820; baseline -0.001 -9"><span class='ocrx_word' id='word_1_1182' title='bbox 1372 1786 1439 1812; x_wconf 81' lang='lat' dir='ltr'>Aen.</span> <span class='ocrx_word' id='word_1_1183' title='bbox 1454 1793 1537 1818; x_wconf 66' lang='lat'>4:¹7¹-</span> <span class='ocrx_word' id='word_1_1184' title='bbox 1612 1784 1711 1812; x_wconf 76' lang='lat' dir='ltr'>Animo</span> <span class='ocrx_word' id='word_1_1185' title='bbox 1728 1784 1798 1819; x_wconf 86' lang='lat' dir='ltr'>Nep.</span> <span class='ocrx_word' id='word_1_1186' title='bbox 1814 1795 1846 1820; x_wconf 81' lang='lat'>¹7,</span> <span class='ocrx_word' id='word_1_1187' title='bbox 1861 1795 1886 1818; x_wconf 88' lang='grc'>4,</span> <span class='ocrx_word' id='word_1_1188' title='bbox 1901 1794 1918 1810; x_wconf 94' lang='grc'>1.</span> <span class='ocrx_word' id='word_1_1189' title='bbox 1990 1785 2071 1811; x_wconf 87' lang='lat' dir='ltr'>Arma</span> <span class='ocrx_word' id='word_1_1190' title='bbox 2091 1787 2162 1812; x_wconf 85' lang='lat' dir='ltr'>Deus</span> <span class='ocrx_word' id='word_1_1191' title='bbox 2185 1786 2281 1812; x_wconf 86' lang='lat' dir='ltr'>Cacsar</span> <span class='ocrx_word' id='word_1_1192' title='bbox 2295 1786 2362 1812; x_wconf 87' lang='lat' dir='ltr'>dites</span> <span class='ocrx_word' id='word_1_1193' title='bbox 2382 1793 2438 1811; x_wconf 70' lang='lat' dir='ltr'>ine-</span> 
     </span>
     <span class='ocr_line' id='line_1_136' title="bbox 1373 1820 2438 1855; baseline -0.002 -7"><span class='ocrx_word' id='word_1_1194' title='bbox 1373 1821 1474 1848; x_wconf 88' lang='lat' dir='ltr'>ditatur</span> <span class='ocrx_word' id='word_1_1195' title='bbox 1486 1821 1517 1847; x_wconf 88' lang='lat' dir='ltr'>ad</span> <span class='ocrx_word' id='word_1_1196' title='bbox 1533 1820 1613 1847; x_wconf 83' lang='lat' dir='ltr'>Indos</span> <span class='ocrx_word' id='word_1_1197' title='bbox 1634 1821 1753 1855; x_wconf 83' lang='lat' dir='ltr'>Propert.</span> <span class='ocrx_word' id='word_1_1198' title='bbox 1769 1830 1790 1853; x_wconf 77' lang='grc'>3,</span> <span class='ocrx_word' id='word_1_1199' title='bbox 1805 1831 1828 1854; x_wconf 80' lang='lat'>3,</span> <span class='ocrx_word' id='word_1_1200' title='bbox 1841 1831 1859 1847; x_wconf 87' lang='lat'>1.</span> <span class='ocrx_word' id='word_1_1201' title='bbox 1930 1820 2049 1847; x_wconf 83' lang='lat' dir='ltr'>Exilium</span> <span class='ocrx_word' id='word_1_1202' title='bbox 2070 1821 2127 1848; x_wconf 87' lang='lat' dir='ltr'>Cic.</span> <span class='ocrx_word' id='word_1_1203' title='bbox 2142 1822 2196 1848; x_wconf 89' lang='lat' dir='ltr'>Att.</span> <span class='ocrx_word' id='word_1_1204' title='bbox 2218 1830 2251 1854; x_wconf 88' lang='grc'>14.</span> <span class='ocrx_word' id='word_1_1205' title='bbox 2325 1821 2438 1854; x_wconf 82' lang='lat' dir='ltr'>Forum,</span> 
     </span>
     <span class='ocr_line' id='line_1_137' title="bbox 2271 1856 2439 1892; baseline -0.012 -8"><span class='ocrx_word' id='word_1_1206' title='bbox 2271 1857 2373 1892; x_wconf 84' lang='lat' dir='ltr'>Fugam</span> <span class='ocrx_word' id='word_1_1207' title='bbox 2387 1856 2439 1882; x_wconf 91' lang='lat' dir='ltr'>Co-</span> 
     </span>
     <span class='ocr_line' id='line_1_138' title="bbox 1373 1892 2439 1928; baseline -0.003 -8"><span class='ocrx_word' id='word_1_1208' title='bbox 1373 1894 1464 1920; x_wconf 89' lang='lat' dir='ltr'>lumel.</span> <span class='ocrx_word' id='word_1_1209' title='bbox 1479 1903 1513 1928; x_wconf 82' lang='lat'>19,</span> <span class='ocrx_word' id='word_1_1210' title='bbox 1533 1899 1555 1923; x_wconf 86' lang='lat'>8.</span> <span class='ocrx_word' id='word_1_1211' title='bbox 1627 1892 1736 1927; x_wconf 61' lang='lat' dir='ltr'>infidias</span> <span class='ocrx_word' id='word_1_1212' title='bbox 1750 1899 1794 1919; x_wconf 92' lang='lat' dir='ltr'>aut</span> <span class='ocrx_word' id='word_1_1213' title='bbox 1809 1893 1902 1919; x_wconf 89' lang='lat' dir='ltr'>dolum</span> <span class='ocrx_word' id='word_1_1214' title='bbox 1916 1892 1998 1919; x_wconf 91' lang='lat' dir='ltr'>alicui</span> <span class='ocrx_word' id='word_1_1215' title='bbox 2019 1893 2096 1927; x_wconf 81' lang='lat' dir='ltr'>virg.</span> <span class='ocrx_word' id='word_1_1216' title='bbox 2111 1893 2164 1920; x_wconf 87' lang='lat' dir='ltr'>Ecl.</span> <span class='ocrx_word' id='word_1_1217' title='bbox 2174 1902 2197 1926; x_wconf 87' lang='lat'>5,</span> <span class='ocrx_word' id='word_1_1218' title='bbox 2205 1894 2249 1920; x_wconf 89' lang='lat'>60.</span> <span class='ocrx_word' id='word_1_1219' title='bbox 2322 1894 2439 1919; x_wconf 78' lang='lat' dir='ltr'>Poenam</span> 
     </span>
     <span class='ocr_line' id='line_1_139' title="bbox 1370 1927 2439 1963; baseline -0.002 -8"><span class='ocrx_word' id='word_1_1220' title='bbox 1370 1929 1400 1955; x_wconf 91' lang='lat' dir='ltr'>in</span> <span class='ocrx_word' id='word_1_1221' title='bbox 1413 1930 1534 1955; x_wconf 83' lang='lat' dir='ltr'>Fratrem</span> <span class='ocrx_word' id='word_1_1222' title='bbox 1552 1928 1607 1955; x_wconf 89' lang='lat' dir='ltr'>Cic.</span> <span class='ocrx_word' id='word_1_1223' title='bbox 1622 1929 1707 1955; x_wconf 88' lang='lat' dir='ltr'>Tusc.</span> <span class='ocrx_word' id='word_1_1224' title='bbox 1723 1940 1736 1960; x_wconf 86' lang='grc'>4</span> <span class='ocrx_word' id='word_1_1225' title='bbox 1746 1949 1754 1962; x_wconf 84' lang='grc'>,</span> <span class='ocrx_word' id='word_1_1226' title='bbox 1768 1939 1805 1962; x_wconf 88' lang='grc'>77.</span> <span class='ocrx_word' id='word_1_1227' title='bbox 1844 1929 1900 1955; x_wconf 86' lang='lat' dir='ltr'>Cic.</span> <span class='ocrx_word' id='word_1_1228' title='bbox 1922 1929 1996 1955; x_wconf 85' lang='lat' dir='ltr'>Fam.</span> <span class='ocrx_word' id='word_1_1229' title='bbox 2019 1937 2049 1963; x_wconf 85' lang='lat'>2,</span> <span class='ocrx_word' id='word_1_1230' title='bbox 2059 1938 2072 1954; x_wconf 82' lang='lat'><em>2</em></span> <span class='ocrx_word' id='word_1_1231' title='bbox 2099 1930 2152 1956; x_wconf 86' lang='lat' dir='ltr'>Aut</span> <span class='ocrx_word' id='word_1_1232' title='bbox 2167 1938 2201 1955; x_wconf 90' lang='lat' dir='ltr'>ne</span> <span class='ocrx_word' id='word_1_1233' title='bbox 2214 1929 2245 1955; x_wconf 88' lang='lat' dir='ltr'>ad</span> <span class='ocrx_word' id='word_1_1234' title='bbox 2261 1927 2290 1954; x_wconf 89' lang='lat' dir='ltr'>id</span> <span class='ocrx_word' id='word_1_1235' title='bbox 2298 1927 2439 1960; x_wconf 85' lang='lat' dir='ltr'>meditere,</span> 
     </span>
     <span class='ocr_line' id='line_1_140' title="bbox 1369 1962 2440 2000; baseline -0.003 -9"><span class='ocrx_word' id='word_1_1236' title='bbox 1369 1966 1530 2000; x_wconf 86' lang='lat' dir='ltr'>imparatum</span> <span class='ocrx_word' id='word_1_1237' title='bbox 1544 1970 1570 1990; x_wconf 84' lang='lat' dir='ltr'>te</span> <span class='ocrx_word' id='word_1_1238' title='bbox 1587 1964 1730 1992; x_wconf 80' lang='lat' dir='ltr'>offendam.</span> <span class='ocrx_word' id='word_1_1239' title='bbox 1803 1965 1877 1998; x_wconf 84' lang='lat' dir='ltr'>Conf.</span> <span class='ocrx_word' id='word_1_1240' title='bbox 1891 1964 1929 1991; x_wconf 88' lang='lat' dir='ltr'>Id.</span> <span class='ocrx_word' id='word_1_1241' title='bbox 1938 1965 2012 1991; x_wconf 88' lang='lat' dir='ltr'>Fam.</span> <span class='ocrx_word' id='word_1_1242' title='bbox 2028 1974 2058 1998; x_wconf 88' lang='grc'>11,</span> <span class='ocrx_word' id='word_1_1243' title='bbox 2074 1974 2084 1997; x_wconf 83' lang='lat'>3</span> <span class='ocrx_word' id='word_1_1244' title='bbox 2097 1972 2140 2000; x_wconf 87' lang='lat' dir='ltr'>pr.</span> <span class='ocrx_word' id='word_1_1245' title='bbox 2215 1966 2248 1990; x_wconf 82' lang='lat' dir='ltr'>Et</span> <span class='ocrx_word' id='word_1_1246' title='bbox 2260 1964 2343 1992; x_wconf 87' lang='lat' dir='ltr'>Plaut.</span> <span class='ocrx_word' id='word_1_1247' title='bbox 2358 1962 2440 1990; x_wconf 81' lang='lat' dir='ltr'>Stich.</span> 
     </span>
     <span class='ocr_line' id='line_1_141' title="bbox 1367 1999 2440 2035; baseline -0.002 -8"><span class='ocrx_word' id='word_1_1248' title='bbox 1367 2011 1390 2034; x_wconf 82' lang='lat'>2,</span> <span class='ocrx_word' id='word_1_1249' title='bbox 1407 2011 1424 2035; x_wconf 89' lang='lat' dir='ltr'>i,</span> <span class='ocrx_word' id='word_1_1250' title='bbox 1441 2010 1467 2033; x_wconf 76' lang='lat'>34</span> <span class='ocrx_word' id='word_1_1251' title='bbox 1493 2000 1532 2027; x_wconf 84' lang='lat' dir='ltr'>Ad</span> <span class='ocrx_word' id='word_1_1252' title='bbox 1557 2001 1692 2027; x_wconf 86' lang='lat' dir='ltr'>cursuram</span> <span class='ocrx_word' id='word_1_1253' title='bbox 1714 1999 1867 2027; x_wconf 88' lang='lat' dir='ltr'>meditabor</span> <span class='ocrx_word' id='word_1_1254' title='bbox 1889 2009 1940 2027; x_wconf 85' lang='lat' dir='ltr'>me.</span> <span class='ocrx_word' id='word_1_1255' title='bbox 2013 2001 2142 2027; x_wconf 87' lang='lat' dir='ltr'>Meditari</span> <span class='ocrx_word' id='word_1_1256' title='bbox 2167 2000 2291 2027; x_wconf 85' lang='lat' dir='ltr'>aduersus</span> <span class='ocrx_word' id='word_1_1257' title='bbox 2321 1999 2440 2034; x_wconf 85' lang='lat' dir='ltr'>aliquem</span> 
     </span>
     <span class='ocr_line' id='line_1_142' title="bbox 1543 2035 2440 2076; baseline -0.002 -13"><span class='ocrx_word' id='word_1_1258' title='bbox 1543 2072 1547 2076; x_wconf 91' lang='lat'>.</span> <span class='ocrx_word' id='word_1_1259' title='bbox 1857 2037 1991 2064; x_wconf 74' lang='lat' dir='ltr'>Meditans</span> <span class='ocrx_word' id='word_1_1260' title='bbox 2004 2037 2033 2063; x_wconf 87' lang='lat' dir='ltr'>in</span> <span class='ocrx_word' id='word_1_1261' title='bbox 2048 2036 2149 2071; x_wconf 84' lang='lat' dir='ltr'>praelia</span> <span class='ocrx_word' id='word_1_1262' title='bbox 2162 2043 2252 2063; x_wconf 84' lang='lat' dir='ltr'>taurus</span> <span class='ocrx_word' id='word_1_1263' title='bbox 2274 2035 2350 2070; x_wconf 90' lang='lat' dir='ltr'>Virg.</span> <span class='ocrx_word' id='word_1_1264' title='bbox 2372 2037 2440 2062; x_wconf 88' lang='lat' dir='ltr'>Aen.</span> 
     </span>
     <span class='ocr_line' id='line_1_143' title="bbox 1371 2071 2441 2106; baseline 0.002 -11"><span class='ocrx_word' id='word_1_1265' title='bbox 1371 2080 1412 2098; x_wconf 82' lang='grc' dir='ltr'>ιο,</span> <span class='ocrx_word' id='word_1_1266' title='bbox 1424 2080 1476 2101; x_wconf 70' lang='lat'>454·</span> <span class='ocrx_word' id='word_1_1267' title='bbox 1517 2072 1574 2096; x_wconf 74' lang='lat' dir='ltr'>th.</span> <span class='ocrx_word' id='word_1_1268' title='bbox 1586 2073 1647 2098; x_wconf 78' lang='lat' dir='ltr'>Nic.</span> <span class='ocrx_word' id='word_1_1269' title='bbox 1662 2073 1749 2106; x_wconf 73' lang='lat' dir='ltr'>Heius.</span> <span class='ocrx_word' id='word_1_1270' title='bbox 1764 2074 1800 2097; x_wconf 82' lang='lat' dir='ltr'>ad</span> <span class='ocrx_word' id='word_1_1271' title='bbox 1811 2072 1857 2100; x_wconf 86' lang='lat' dir='ltr'>Sil.</span> <span class='ocrx_word' id='word_1_1272' title='bbox 1871 2081 1895 2105; x_wconf 91' lang='lat'>5,</span> <span class='ocrx_word' id='word_1_1273' title='bbox 1910 2082 1957 2104; x_wconf 86' lang='lat'><em>3¹5-</em></span> <span class='ocrx_word' id='word_1_1274' title='bbox 2032 2073 2090 2099; x_wconf 71' lang='lat' dir='ltr'>(ic.</span> <span class='ocrx_word' id='word_1_1275' title='bbox 2104 2073 2177 2099; x_wconf 82' lang='lat' dir='ltr'>Fani.</span> <span class='ocrx_word' id='word_1_1276' title='bbox 2195 2083 2212 2105; x_wconf 93' lang='grc'>1,</span> <span class='ocrx_word' id='word_1_1277' title='bbox 2224 2078 2238 2101; x_wconf 81' lang='grc'><strong>3</strong></span> <span class='ocrx_word' id='word_1_1278' title='bbox 2259 2072 2331 2098; x_wconf 88' lang='lat' dir='ltr'>Haec</span> <span class='ocrx_word' id='word_1_1279' title='bbox 2347 2080 2397 2106; x_wconf 80' lang='lat' dir='ltr'>ego</span> <span class='ocrx_word' id='word_1_1280' title='bbox 2406 2071 2441 2098; x_wconf 84' lang='lat' dir='ltr'>ad</span> 
     </span>
     <span class='ocr_line' id='line_1_144' title="bbox 1372 2103 2442 2145; baseline 0.003 -15"><span class='ocrx_word' id='word_1_1281' title='bbox 1372 2109 1397 2130; x_wconf 88' lang='lat' dir='ltr'>te</span> <span class='ocrx_word' id='word_1_1282' title='bbox 1411 2103 1446 2130; x_wconf 91' lang='lat' dir='ltr'>ob</span> <span class='ocrx_word' id='word_1_1283' title='bbox 1461 2105 1636 2145; x_wconf 63' lang='lat' dir='ltr'>eaincausam</span> <span class='ocrx_word' id='word_1_1284' title='bbox 1649 2106 1766 2143; x_wconf 75' lang='lat' dir='ltr'>maxime</span> <span class='ocrx_word' id='word_1_1285' title='bbox 1778 2107 1874 2140; x_wconf 85' lang='lat' dir='ltr'>scribo,</span> <span class='ocrx_word' id='word_1_1286' title='bbox 1893 2115 1923 2133; x_wconf 88' lang='lat' dir='ltr'>vt</span> <span class='ocrx_word' id='word_1_1287' title='bbox 1938 2108 1992 2133; x_wconf 87' lang='lat' dir='ltr'>iam</span> <span class='ocrx_word' id='word_1_1288' title='bbox 2006 2106 2038 2133; x_wconf 90' lang='lat' dir='ltr'>de</span> <span class='ocrx_word' id='word_1_1289' title='bbox 2053 2114 2098 2134; x_wconf 83' lang='lat' dir='ltr'>tua</span> <span class='ocrx_word' id='word_1_1290' title='bbox 2116 2117 2223 2142; x_wconf 88' lang='lat' dir='ltr'>quoque</span> <span class='ocrx_word' id='word_1_1291' title='bbox 2239 2108 2344 2134; x_wconf 86' lang='lat' dir='ltr'>ratione</span> <span class='ocrx_word' id='word_1_1292' title='bbox 2357 2107 2442 2133; x_wconf 88' lang='lat' dir='ltr'>medi-</span> 
     </span>
     <span class='ocr_line' id='line_1_145' title="bbox 1371 2139 2440 2180; baseline 0.004 -16"><span class='ocrx_word' id='word_1_1293' title='bbox 1371 2146 1436 2180; x_wconf 63' lang='lat' dir='ltr'>tere.</span> <span class='ocrx_word' id='word_1_1294' title='bbox 1510 2140 1542 2164; x_wconf 66' lang='lat' dir='ltr'>Et</span> <span class='ocrx_word' id='word_1_1295' title='bbox 1555 2139 1634 2165; x_wconf 83' lang='lat' dir='ltr'>Verr.</span> <span class='ocrx_word' id='word_1_1296' title='bbox 1659 2139 1780 2166; x_wconf 91' lang='lat' dir='ltr'>Diuinat.</span> <span class='ocrx_word' id='word_1_1297' title='bbox 1801 2149 1837 2168; x_wconf 86' lang='lat'>12.</span> <span class='ocrx_word' id='word_1_1298' title='bbox 1908 2142 1950 2168; x_wconf 90' lang='lat' dir='ltr'>De</span> <span class='ocrx_word' id='word_1_1299' title='bbox 1964 2148 2058 2169; x_wconf 87' lang='lat' dir='ltr'>tenero</span> <span class='ocrx_word' id='word_1_1300' title='bbox 2079 2144 2223 2169; x_wconf 81' lang='lat' dir='ltr'>meditatur</span> <span class='ocrx_word' id='word_1_1301' title='bbox 2237 2143 2322 2177; x_wconf 82' lang='lat' dir='ltr'>vngui</span> <span class='ocrx_word' id='word_1_1302' title='bbox 2335 2150 2440 2169; x_wconf 77' lang='lat' dir='ltr'>amores</span> 
     </span>
     <span class='ocr_line' id='line_1_146' title="bbox 1372 2175 2439 2215; baseline 0.004 -14"><span class='ocrx_word' id='word_1_1303' title='bbox 1372 2175 1484 2202; x_wconf 78' lang='lat' dir='ltr'>incestos</span> <span class='ocrx_word' id='word_1_1304' title='bbox 1505 2175 1575 2215; x_wconf 73' lang='lat' dir='ltr'>Hor.</span> <span class='ocrx_word' id='word_1_1305' title='bbox 1589 2175 1677 2215; x_wconf 65' lang='lat' dir='ltr'>Carni.</span> <span class='ocrx_word' id='word_1_1306' title='bbox 1693 2185 1714 2209; x_wconf 84' lang='lat'>3,</span> <span class='ocrx_word' id='word_1_1307' title='bbox 1729 2178 1755 2209; x_wconf 88' lang='grc'>6,</span> <span class='ocrx_word' id='word_1_1308' title='bbox 1769 2185 1797 2208; x_wconf 75' lang='grc'>24</span> <span class='ocrx_word' id='word_1_1309' title='bbox 1817 2177 1848 2203; x_wconf 84' lang='lat' dir='ltr'>id</span> <span class='ocrx_word' id='word_1_1310' title='bbox 1865 2176 1898 2213; x_wconf 88' lang='lat' dir='ltr'>est</span> <span class='ocrx_word' id='word_1_1311' title='bbox 1918 2179 1984 2212; x_wconf 83' lang='lat' dir='ltr'>quod</span> <span class='ocrx_word' id='word_1_1312' title='bbox 2001 2178 2094 2203; x_wconf 68' lang='lat' dir='ltr'>Graeci</span> <span class='ocrx_word' id='word_1_1313' title='bbox 2112 2181 2218 2212; x_wconf 78' lang='lat' dir='ltr'>dicunt,</span> <span class='ocrx_word' id='word_1_1314' title='bbox 2238 2182 2263 2205; x_wconf 73' lang='grc' dir='ltr'>ἐκ</span> <span class='ocrx_word' id='word_1_1315' title='bbox 2275 2181 2322 2205; x_wconf 67' lang='grc' dir='ltr'>τῶν</span> <span class='ocrx_word' id='word_1_1316' title='bbox 2341 2178 2439 2206; x_wconf 68' lang='grc' dir='ltr'><strong><em>ἁπαλῶν</em></strong></span> 
     </span>
    </p>

    <p class='ocr_par' dir='ltr' id='par_1_44' title="bbox 1370 2211 2481 2750">
     <span class='ocr_line' id='line_1_147' title="bbox 1432 2211 2440 2250; baseline 0.007 -17"><span class='ocrx_word' id='word_1_1317' title='bbox 1432 2245 1448 2250; x_wconf 90' lang='lat'>..</span> <span class='ocrx_word' id='word_1_1318' title='bbox 1509 2211 1606 2250; x_wconf 58' lang='lat' dir='ltr'>Latini,</span> <span class='ocrx_word' id='word_1_1319' title='bbox 1619 2211 1660 2235; x_wconf 81' lang='lat' dir='ltr'>Ab</span> <span class='ocrx_word' id='word_1_1320' title='bbox 1674 2213 1776 2249; x_wconf 53' lang='lat' dir='ltr'>ineunte</span> <span class='ocrx_word' id='word_1_1321' title='bbox 1797 2219 1887 2238; x_wconf 73' lang='lat' dir='ltr'>aetate.</span> <span class='ocrx_word' id='word_1_1322' title='bbox 1960 2213 2016 2240; x_wconf 88' lang='lat' dir='ltr'>Cic.</span> <span class='ocrx_word' id='word_1_1323' title='bbox 2037 2215 2090 2240; x_wconf 86' lang='lat' dir='ltr'>Att.</span> <span class='ocrx_word' id='word_1_1324' title='bbox 2112 2224 2142 2248; x_wconf 88' lang='lat'>9,</span> <span class='ocrx_word' id='word_1_1325' title='bbox 2163 2223 2194 2241; x_wconf 64' lang='grc' dir='ltr'>πο</span> <span class='ocrx_word' id='word_1_1326' title='bbox 2219 2215 2257 2242; x_wconf 84' lang='lat' dir='ltr'>Ex</span> <span class='ocrx_word' id='word_1_1327' title='bbox 2272 2214 2328 2240; x_wconf 85' lang='lat' dir='ltr'>eius</span> <span class='ocrx_word' id='word_1_1328' title='bbox 2342 2214 2440 2240; x_wconf 88' lang='lat' dir='ltr'>nuntio</span> 
     </span>
     <span class='ocr_line' id='line_1_148' title="bbox 1371 2245 2439 2284; baseline 0.003 -11"><span class='ocrx_word' id='word_1_1329' title='bbox 1371 2248 1504 2280; x_wconf 82' lang='lat' dir='ltr'>Matiique</span> <span class='ocrx_word' id='word_1_1330' title='bbox 1518 2245 1603 2271; x_wconf 79' lang='lat' dir='ltr'>literis</span> <span class='ocrx_word' id='word_1_1331' title='bbox 1618 2245 1767 2272; x_wconf 85' lang='lat' dir='ltr'>meditabar</span> <span class='ocrx_word' id='word_1_1332' title='bbox 1781 2247 1920 2281; x_wconf 90' lang='lat' dir='ltr'>quomodo</span> <span class='ocrx_word' id='word_1_1333' title='bbox 1927 2257 1987 2274; x_wconf 90' lang='lat' dir='ltr'>cum</span> <span class='ocrx_word' id='word_1_1334' title='bbox 2002 2249 2162 2284; x_wconf 85' lang='lat' dir='ltr'>illoloquar.</span> <span class='ocrx_word' id='word_1_1335' title='bbox 2235 2250 2307 2276; x_wconf 82' lang='lat' dir='ltr'>Idem</span> <span class='ocrx_word' id='word_1_1336' title='bbox 2323 2250 2439 2284; x_wconf 85' lang='lat' dir='ltr'>Philipp.</span> 
     </span>
     <span class='ocr_line' id='line_1_149' title="bbox 1370 2280 2438 2320; baseline 0.001 -11"><span class='ocrx_word' id='word_1_1337' title='bbox 1370 2293 1393 2318; x_wconf 86' lang='lat'>2,</span> <span class='ocrx_word' id='word_1_1338' title='bbox 1409 2285 1445 2308; x_wconf 88' lang='grc'>116</span> <span class='ocrx_word' id='word_1_1339' title='bbox 1467 2282 1532 2308; x_wconf 91' lang='lat' dir='ltr'>Non</span> <span class='ocrx_word' id='word_1_1340' title='bbox 1546 2280 1645 2308; x_wconf 88' lang='lat' dir='ltr'>multos</span> <span class='ocrx_word' id='word_1_1341' title='bbox 1657 2290 1741 2308; x_wconf 85' lang='grc' dir='ltr'>31111ος</span> <span class='ocrx_word' id='word_1_1342' title='bbox 1750 2291 1861 2317; x_wconf 82' lang='lat' dir='ltr'>regnare</span> <span class='ocrx_word' id='word_1_1343' title='bbox 1877 2283 1913 2309; x_wconf 87' lang='lat' dir='ltr'>est</span> <span class='ocrx_word' id='word_1_1344' title='bbox 1922 2284 2073 2310; x_wconf 67' lang='lat' dir='ltr'>meditatus.</span> <span class='ocrx_word' id='word_1_1345' title='bbox 2146 2285 2272 2312; x_wconf 81' lang='lat' dir='ltr'>Meditari</span> <span class='ocrx_word' id='word_1_1346' title='bbox 2287 2286 2323 2317; x_wconf 86' lang='lat' dir='ltr'>se,</span> <span class='ocrx_word' id='word_1_1347' title='bbox 2344 2285 2376 2320; x_wconf 65' lang='lat' dir='ltr'>est</span> <span class='ocrx_word' id='word_1_1348' title='bbox 2387 2289 2438 2310; x_wconf 82' lang='lat' dir='ltr'>At-</span> 
     </span>
     <span class='ocr_line' id='line_1_150' title="bbox 1372 2317 2438 2357; baseline 0.004 -15"><span class='ocrx_word' id='word_1_1349' title='bbox 1372 2325 1438 2344; x_wconf 80' lang='lat' dir='ltr'>tento</span> <span class='ocrx_word' id='word_1_1350' title='bbox 1454 2320 1537 2357; x_wconf 59' lang='lat' dir='ltr'>animo</span> <span class='ocrx_word' id='word_1_1351' title='bbox 1545 2317 1574 2352; x_wconf 83' lang='lat' dir='ltr'>se</span> <span class='ocrx_word' id='word_1_1352' title='bbox 1592 2327 1714 2345; x_wconf 72' lang='lat' dir='ltr'>exercere.</span> <span class='ocrx_word' id='word_1_1353' title='bbox 1790 2319 1865 2353; x_wconf 79' lang='lat' dir='ltr'>Virg.</span> <span class='ocrx_word' id='word_1_1354' title='bbox 1886 2319 1938 2346; x_wconf 85' lang='lat' dir='ltr'>Ecl.</span> <span class='ocrx_word' id='word_1_1355' title='bbox 1959 2322 1991 2350; x_wconf 88' lang='lat'>6,</span> <span class='ocrx_word' id='word_1_1356' title='bbox 2010 2326 2023 2349; x_wconf 91' lang='lat'>8</span> <span class='ocrx_word' id='word_1_1357' title='bbox 2045 2320 2179 2355; x_wconf 63' lang='lat' dir='ltr'>agrestem</span> <span class='ocrx_word' id='word_1_1358' title='bbox 2193 2321 2266 2348; x_wconf 86' lang='lat' dir='ltr'>tenui</span> <span class='ocrx_word' id='word_1_1359' title='bbox 2286 2320 2438 2348; x_wconf 85' lang='lat' dir='ltr'>meditabor</span> 
     </span>
     <span class='ocr_line' id='line_1_151' title="bbox 1372 2352 2438 2394; baseline 0.001 -14"><span class='ocrx_word' id='word_1_1360' title='bbox 1372 2352 1503 2380; x_wconf 87' lang='lat' dir='ltr'>arundine</span> <span class='ocrx_word' id='word_1_1361' title='bbox 1517 2353 1627 2386; x_wconf 86' lang='lat' dir='ltr'>musam,</span> <span class='ocrx_word' id='word_1_1362' title='bbox 1645 2354 1663 2379; x_wconf 90' lang='lat' dir='ltr'>i.</span> <span class='ocrx_word' id='word_1_1363' title='bbox 1676 2355 1791 2394; x_wconf 80' lang='lat' dir='ltr'>Carmen</span> <span class='ocrx_word' id='word_1_1364' title='bbox 1806 2355 1933 2381; x_wconf 84' lang='lat' dir='ltr'>rusticum</span> <span class='ocrx_word' id='word_1_1365' title='bbox 1946 2354 2070 2389; x_wconf 83' lang='lat' dir='ltr'>scribam,</span> <span class='ocrx_word' id='word_1_1366' title='bbox 2092 2357 2176 2391; x_wconf 70' lang='lat' dir='ltr'>inquit</span> <span class='ocrx_word' id='word_1_1367' title='bbox 2197 2357 2314 2383; x_wconf 82' lang='lat' dir='ltr'>Seruius.</span> <span class='ocrx_word' id='word_1_1368' title='bbox 2362 2355 2438 2389; x_wconf 75' lang='lat' dir='ltr'>Confi</span> 
     </span>
     <span class='ocr_line' id='line_1_152' title="bbox 1438 2390 2442 2429; baseline 0 -13"><span class='ocrx_word' id='word_1_1369' title='bbox 1438 2425 1442 2429; x_wconf 30' lang='lat'>⁵</span> <span class='ocrx_word' id='word_1_1370' title='bbox 1688 2391 1745 2416; x_wconf 89' lang='lat' dir='ltr'>Cic.</span> <span class='ocrx_word' id='word_1_1371' title='bbox 1759 2390 1791 2416; x_wconf 90' lang='lat' dir='ltr'>de</span> <span class='ocrx_word' id='word_1_1372' title='bbox 1805 2391 1881 2417; x_wconf 82' lang='lat' dir='ltr'>Orat.</span> <span class='ocrx_word' id='word_1_1373' title='bbox 1902 2401 1927 2424; x_wconf 88' lang='lat'>1,</span> <span class='ocrx_word' id='word_1_1374' title='bbox 1946 2394 1995 2418; x_wconf 73' lang='lat'>:60</span> <span class='ocrx_word' id='word_1_1375' title='bbox 2021 2401 2042 2418; x_wconf 90' lang='lat' dir='ltr'>c.</span> <span class='ocrx_word' id='word_1_1376' title='bbox 2065 2394 2091 2418; x_wconf 90' lang='grc'>61</span> <span class='ocrx_word' id='word_1_1377' title='bbox 2113 2392 2305 2419; x_wconf 78' lang='lat' dir='ltr'>Demosthenes</span> <span class='ocrx_word' id='word_1_1378' title='bbox 2326 2390 2442 2426; x_wconf 82' lang='lat' dir='ltr'>perfecit</span> 
     </span>
     <span class='ocr_line' id='line_1_153' title="bbox 1373 2425 2440 2460; baseline 0.001 -8"><span class='ocrx_word' id='word_1_1379' title='bbox 1373 2425 1543 2458; x_wconf 84' lang='lat' dir='ltr'>meditando,</span> <span class='ocrx_word' id='word_1_1380' title='bbox 1570 2431 1600 2451; x_wconf 81' lang='lat' dir='ltr'>vt</span> <span class='ocrx_word' id='word_1_1381' title='bbox 1613 2434 1694 2451; x_wconf 88' lang='lat' dir='ltr'>nemo</span> <span class='ocrx_word' id='word_1_1382' title='bbox 1715 2425 1819 2460; x_wconf 79' lang='lat' dir='ltr'>planius</span> <span class='ocrx_word' id='word_1_1383' title='bbox 1835 2425 1991 2460; x_wconf 84' lang='lat' dir='ltr'>loqueretur</span> <span class='ocrx_word' id='word_1_1384' title='bbox 2008 2436 2049 2454; x_wconf 91' lang='lat' dir='ltr'>eo.</span> <span class='ocrx_word' id='word_1_1385' title='bbox 2123 2428 2197 2455; x_wconf 88' lang='lat' dir='ltr'>Idem</span> <span class='ocrx_word' id='word_1_1386' title='bbox 2212 2427 2279 2454; x_wconf 83' lang='lat' dir='ltr'>ibid.</span> <span class='ocrx_word' id='word_1_1387' title='bbox 2294 2437 2334 2460; x_wconf 88' lang='grc'>147</span> <span class='ocrx_word' id='word_1_1388' title='bbox 2362 2428 2440 2460; x_wconf 85' lang='lat' dir='ltr'>Qae</span> 
     </span>
     <span class='ocr_line' id='line_1_154' title="bbox 1373 2461 2442 2496; baseline 0 -7"><span class='ocrx_word' id='word_1_1389' title='bbox 1373 2462 1402 2489; x_wconf 87' lang='lat' dir='ltr'>in</span> <span class='ocrx_word' id='word_1_1390' title='bbox 1415 2462 1478 2488; x_wconf 90' lang='lat' dir='ltr'>foro</span> <span class='ocrx_word' id='word_1_1391' title='bbox 1491 2461 1589 2496; x_wconf 83' lang='lat' dir='ltr'>agenda</span> <span class='ocrx_word' id='word_1_1392' title='bbox 1603 2462 1672 2494; x_wconf 89' lang='lat' dir='ltr'>sunt,</span> <span class='ocrx_word' id='word_1_1393' title='bbox 1686 2462 1880 2488; x_wconf 81' lang='lat' dir='ltr'>exercitatione</span> <span class='ocrx_word' id='word_1_1394' title='bbox 1894 2461 1965 2496; x_wconf 74' lang='lat' dir='ltr'>quasi</span> <span class='ocrx_word' id='word_1_1395' title='bbox 1979 2461 2083 2488; x_wconf 91' lang='lat' dir='ltr'>ludicra</span> <span class='ocrx_word' id='word_1_1396' title='bbox 2096 2463 2259 2496; x_wconf 85' lang='lat' dir='ltr'>praediscere</span> <span class='ocrx_word' id='word_1_1397' title='bbox 2274 2469 2300 2490; x_wconf 89' lang='lat' dir='ltr'>et</span> <span class='ocrx_word' id='word_1_1398' title='bbox 2307 2462 2442 2490; x_wconf 78' lang='lat' dir='ltr'>meditari.</span> 
     </span>
     <span class='ocr_line' id='line_1_155' title="bbox 1374 2493 2481 2533; baseline 0 -8"><span class='ocrx_word' id='word_1_1399' title='bbox 1374 2501 1407 2525; x_wconf 76' lang='lat' dir='ltr'>Et</span> <span class='ocrx_word' id='word_1_1400' title='bbox 1421 2498 1453 2525; x_wconf 89' lang='lat' dir='ltr'>de</span> <span class='ocrx_word' id='word_1_1401' title='bbox 1467 2497 1536 2525; x_wconf 84' lang='lat' dir='ltr'>Clar.</span> <span class='ocrx_word' id='word_1_1402' title='bbox 1552 2498 1627 2524; x_wconf 82' lang='lat' dir='ltr'>Orat.</span> <span class='ocrx_word' id='word_1_1403' title='bbox 1642 2506 1688 2530; x_wconf 82' lang='lat'>30²</span> <span class='ocrx_word' id='word_1_1404' title='bbox 1709 2507 1730 2524; x_wconf 85' lang='lat' dir='ltr'>c.</span> <span class='ocrx_word' id='word_1_1405' title='bbox 1754 2504 1783 2528; x_wconf 83' lang='lat'>88</span> <span class='ocrx_word' id='word_1_1406' title='bbox 1805 2497 1919 2524; x_wconf 88' lang='lat' dir='ltr'>Nullum</span> <span class='ocrx_word' id='word_1_1407' title='bbox 1935 2497 2024 2532; x_wconf 90' lang='lat' dir='ltr'>patior</span> <span class='ocrx_word' id='word_1_1408' title='bbox 2032 2499 2081 2524; x_wconf 79' lang='lat' dir='ltr'>effe</span> <span class='ocrx_word' id='word_1_1409' title='bbox 2090 2499 2171 2531; x_wconf 89' lang='lat' dir='ltr'>diem,</span> <span class='ocrx_word' id='word_1_1410' title='bbox 2186 2500 2253 2533; x_wconf 88' lang='lat' dir='ltr'>quin</span> <span class='ocrx_word' id='word_1_1411' title='bbox 2271 2505 2316 2525; x_wconf 87' lang='lat' dir='ltr'>aut</span> <span class='ocrx_word' id='word_1_1412' title='bbox 2328 2499 2358 2525; x_wconf 91' lang='lat' dir='ltr'>in</span> <span class='ocrx_word' id='word_1_1413' title='bbox 2375 2499 2440 2526; x_wconf 87' lang='lat' dir='ltr'>foro</span> <span class='ocrx_word' id='word_1_1414' title='bbox 2477 2493 2481 2499; x_wconf 52' lang='lat'>⁸</span> 
     </span>
     <span class='ocr_line' id='line_1_156' title="bbox 1373 2534 2441 2570; baseline 0 -9"><span class='ocrx_word' id='word_1_1415' title='bbox 1373 2534 1460 2561; x_wconf 80' lang='lat' dir='ltr'>dicam</span> <span class='ocrx_word' id='word_1_1416' title='bbox 1472 2540 1517 2560; x_wconf 85' lang='lat' dir='ltr'>aut</span> <span class='ocrx_word' id='word_1_1417' title='bbox 1530 2534 1645 2560; x_wconf 88' lang='lat' dir='ltr'>mediter</span> <span class='ocrx_word' id='word_1_1418' title='bbox 1656 2540 1731 2560; x_wconf 82' lang='lat' dir='ltr'>extra</span> <span class='ocrx_word' id='word_1_1419' title='bbox 1744 2534 1845 2561; x_wconf 87' lang='lat' dir='ltr'>forum.</span> <span class='ocrx_word' id='word_1_1420' title='bbox 1919 2534 2060 2560; x_wconf 87' lang='lat' dir='ltr'>Paullatim</span> <span class='ocrx_word' id='word_1_1421' title='bbox 2074 2540 2100 2561; x_wconf 88' lang='lat' dir='ltr'>et</span> <span class='ocrx_word' id='word_1_1422' title='bbox 2113 2534 2167 2570; x_wconf 85' lang='lat' dir='ltr'>ipse</span> <span class='ocrx_word' id='word_1_1423' title='bbox 2176 2534 2299 2561; x_wconf 85' lang='lat' dir='ltr'>meditari</span> <span class='ocrx_word' id='word_1_1424' title='bbox 2308 2535 2441 2561; x_wconf 86' lang='lat' dir='ltr'>exerceri-</span> 
     </span>
     <span class='ocr_line' id='line_1_157' title="bbox 1839 2569 2442 2604; baseline 0.003 -8"><span class='ocrx_word' id='word_1_1425' title='bbox 1839 2570 1908 2597; x_wconf 88' lang='lat' dir='ltr'>Ter.</span> <span class='ocrx_word' id='word_1_1426' title='bbox 1923 2570 2035 2604; x_wconf 83' lang='lat' dir='ltr'>Adelph.</span> <span class='ocrx_word' id='word_1_1427' title='bbox 2059 2580 2081 2603; x_wconf 72' lang='lat' dir='ltr'>r,</span> <span class='ocrx_word' id='word_1_1428' title='bbox 2096 2580 2114 2603; x_wconf 91' lang='lat' dir='ltr'>i,</span> <span class='ocrx_word' id='word_1_1429' title='bbox 2126 2580 2151 2603; x_wconf 89' lang='grc'>41</span> <span class='ocrx_word' id='word_1_1430' title='bbox 2172 2570 2253 2597; x_wconf 84' lang='lat' dir='ltr'>Nune</span> <span class='ocrx_word' id='word_1_1431' title='bbox 2272 2569 2336 2597; x_wconf 85' lang='lat' dir='ltr'>vide</span> <span class='ocrx_word' id='word_1_1432' title='bbox 2350 2576 2442 2598; x_wconf 85' lang='lat' dir='ltr'>vtrum</span> 
     </span>
     <span class='ocr_line' id='line_1_158' title="bbox 1374 2606 2442 2642; baseline -0.002 -8"><span class='ocrx_word' id='word_1_1433' title='bbox 1374 2617 1426 2642; x_wconf 82' lang='lat' dir='ltr'>vis,</span> <span class='ocrx_word' id='word_1_1434' title='bbox 1442 2613 1582 2641; x_wconf 76' lang='lat' dir='ltr'>argentum</span> <span class='ocrx_word' id='word_1_1435' title='bbox 1595 2606 1731 2641; x_wconf 86' lang='lat' dir='ltr'>accipere,</span> <span class='ocrx_word' id='word_1_1436' title='bbox 1758 2615 1791 2633; x_wconf 90' lang='lat' dir='ltr'>an</span> <span class='ocrx_word' id='word_1_1437' title='bbox 1805 2607 1906 2634; x_wconf 84' lang='lat' dir='ltr'>causam</span> <span class='ocrx_word' id='word_1_1438' title='bbox 1919 2606 2044 2633; x_wconf 85' lang='lat' dir='ltr'>meditari</span> <span class='ocrx_word' id='word_1_1439' title='bbox 2057 2612 2141 2640; x_wconf 88' lang='lat' dir='ltr'>tuam,</span> <span class='ocrx_word' id='word_1_1440' title='bbox 2166 2608 2183 2633; x_wconf 81' lang='lat' dir='ltr'>i.</span> <span class='ocrx_word' id='word_1_1441' title='bbox 2200 2608 2329 2640; x_wconf 52' lang='lat' dir='ltr'>Izssrercere,</span> <span class='ocrx_word' id='word_1_1442' title='bbox 2349 2607 2442 2640; x_wconf 81' lang='lat' dir='ltr'>tutari,</span> 
     </span>
     <span class='ocr_line' id='line_1_159' title="bbox 1373 2642 2444 2678; baseline -0.001 -8"><span class='ocrx_word' id='word_1_1443' title='bbox 1373 2645 1508 2678; x_wconf 69' lang='lat' dir='ltr'>defendere</span> <span class='ocrx_word' id='word_1_1444' title='bbox 1519 2644 1558 2669; x_wconf 80' lang='lat' dir='ltr'>ius</span> <span class='ocrx_word' id='word_1_1445' title='bbox 1572 2651 1639 2669; x_wconf 78' lang='lat' dir='ltr'>tuum</span> <span class='ocrx_word' id='word_1_1446' title='bbox 1653 2644 1680 2668; x_wconf 83' lang='lat' dir='ltr'>in</span> <span class='ocrx_word' id='word_1_1447' title='bbox 1688 2643 1734 2669; x_wconf 85' lang='lat' dir='ltr'>bac</span> <span class='ocrx_word' id='word_1_1448' title='bbox 1746 2642 1817 2678; x_wconf 77' lang='lat' dir='ltr'>causa</span> <span class='ocrx_word' id='word_1_1449' title='bbox 1828 2643 1939 2673; x_wconf 78' lang='lat' dir='ltr'>liberali,</span> <span class='ocrx_word' id='word_1_1450' title='bbox 1946 2652 2018 2677; x_wconf 82' lang='lat' dir='ltr'>quam</span> <span class='ocrx_word' id='word_1_1451' title='bbox 2032 2645 2060 2669; x_wconf 79' lang='lat' dir='ltr'>in</span> <span class='ocrx_word' id='word_1_1452' title='bbox 2072 2650 2096 2669; x_wconf 72' lang='lat' dir='ltr'>te</span> <span class='ocrx_word' id='word_1_1453' title='bbox 2104 2645 2158 2669; x_wconf 78' lang='lat' dir='ltr'>vulo</span> <span class='ocrx_word' id='word_1_1454' title='bbox 2167 2643 2302 2669; x_wconf 77' lang='lat' dir='ltr'>intendere.</span> <span class='ocrx_word' id='word_1_1455' title='bbox 2375 2642 2444 2669; x_wconf 82' lang='lat' dir='ltr'>Cau-</span> 
     </span>
     <span class='ocr_line' id='line_1_160' title="bbox 1376 2676 2442 2716; baseline -0.001 -10"><span class='ocrx_word' id='word_1_1456' title='bbox 1376 2680 1430 2706; x_wconf 88' lang='lat' dir='ltr'>sam</span> <span class='ocrx_word' id='word_1_1457' title='bbox 1443 2679 1567 2706; x_wconf 87' lang='lat' dir='ltr'>meditari</span> <span class='ocrx_word' id='word_1_1458' title='bbox 1589 2679 1645 2706; x_wconf 83' lang='lat' dir='ltr'>Cic.</span> <span class='ocrx_word' id='word_1_1459' title='bbox 1660 2681 1712 2708; x_wconf 85' lang='lat' dir='ltr'>Att.</span> <span class='ocrx_word' id='word_1_1460' title='bbox 1728 2689 1752 2711; x_wconf 81' lang='grc'>4,</span> <span class='ocrx_word' id='word_1_1461' title='bbox 1768 2688 1796 2705; x_wconf 93' lang='grc'>11.</span> <span class='ocrx_word' id='word_1_1462' title='bbox 1831 2681 1900 2706; x_wconf 83' lang='lat' dir='ltr'>Add.</span> <span class='ocrx_word' id='word_1_1463' title='bbox 1915 2686 1938 2714; x_wconf 82' lang='lat'>8,</span> <span class='ocrx_word' id='word_1_1464' title='bbox 1954 2688 1981 2705; x_wconf 93' lang='lat' dir='ltr'>ii.</span> <span class='ocrx_word' id='word_1_1465' title='bbox 2141 2677 2162 2716; x_wconf 60' lang='lat' dir='ltr'>q</span> <span class='ocrx_word' id='word_1_1466' title='bbox 2184 2689 2196 2705; x_wconf 85' lang='lat'><em>2</em></span> <span class='ocrx_word' id='word_1_1467' title='bbox 2218 2676 2314 2712; x_wconf 79' lang='lat' dir='ltr'>Faffiue</span> <span class='ocrx_word' id='word_1_1468' title='bbox 2337 2679 2442 2705; x_wconf 84' lang='lat' dir='ltr'>Minue.</span> 
     </span>
     <span class='ocr_line' id='line_1_161' title="bbox 1377 2714 2442 2750; baseline 0 -8"><span class='ocrx_word' id='word_1_1469' title='bbox 1377 2716 1432 2743; x_wconf 83' lang='lat' dir='ltr'>Fel.</span> <span class='ocrx_word' id='word_1_1470' title='bbox 1446 2724 1482 2748; x_wconf 75' lang='lat'>25,</span> <span class='ocrx_word' id='word_1_1471' title='bbox 1498 2724 1520 2741; x_wconf 83' lang='lat'>12</span> <span class='ocrx_word' id='word_1_1472' title='bbox 1540 2714 1595 2741; x_wconf 89' lang='lat' dir='ltr'>Vbi</span> <span class='ocrx_word' id='word_1_1473' title='bbox 1609 2721 1697 2741; x_wconf 85' lang='lat' dir='ltr'>autem</span> <span class='ocrx_word' id='word_1_1474' title='bbox 1710 2715 1792 2750; x_wconf 85' lang='lat' dir='ltr'>magis</span> <span class='ocrx_word' id='word_1_1475' title='bbox 1807 2723 1821 2741; x_wconf 83' lang='lat' dir='ltr'>a</span> <span class='ocrx_word' id='word_1_1476' title='bbox 1837 2714 2013 2742; x_wconf 84' lang='lat' dir='ltr'>sacerdotibus</span> <span class='ocrx_word' id='word_1_1477' title='bbox 2028 2723 2107 2749; x_wconf 88' lang='lat' dir='ltr'>quam</span> <span class='ocrx_word' id='word_1_1478' title='bbox 2122 2715 2193 2742; x_wconf 85' lang='lat' dir='ltr'>inter</span> <span class='ocrx_word' id='word_1_1479' title='bbox 2206 2723 2263 2740; x_wconf 85' lang='lat' dir='ltr'>aras</span> <span class='ocrx_word' id='word_1_1480' title='bbox 2283 2721 2308 2741; x_wconf 85' lang='lat' dir='ltr'>et</span> <span class='ocrx_word' id='word_1_1481' title='bbox 2330 2714 2442 2742; x_wconf 79' lang='lat' dir='ltr'>delubra</span> 
     </span>
    </p>
   </div>
   <div class='ocr_carea' id='block_1_27' title="bbox 250 2750 2442 2798">
    <p class='ocr_par' dir='ltr' id='par_1_45' title="bbox 250 2750 2442 2798">
     <span class='ocr_line' id='line_1_162' title="bbox 250 2750 2442 2798; baseline -0.005 -9"><span class='ocrx_word' id='word_1_1482' title='bbox 250 2772 331 2798; x_wconf 84' lang='lat' dir='ltr'>quam</span> <span class='ocrx_word' id='word_1_1483' title='bbox 343 2762 389 2788; x_wconf 80' lang='lat' dir='ltr'>alii</span> <span class='ocrx_word' id='word_1_1484' title='bbox 404 2765 500 2788; x_wconf 65' lang='lat' dir='ltr'>vocant</span> <span class='ocrx_word' id='word_1_1485' title='bbox 514 2759 656 2792; x_wconf 82' lang='lat' dir='ltr'>Medicam,</span> <span class='ocrx_word' id='word_1_1486' title='bbox 677 2757 789 2784; x_wconf 81' lang='lat' dir='ltr'>venenis</span> <span class='ocrx_word' id='word_1_1487' title='bbox 802 2755 931 2783; x_wconf 83' lang='lat' dir='ltr'>medetur.</span> <span class='ocrx_word' id='word_1_1488' title='bbox 968 2758 1008 2781; x_wconf 85' lang='lat' dir='ltr'>De</span> <span class='ocrx_word' id='word_1_1489' title='bbox 1022 2756 1068 2780; x_wconf 83' lang='lat' dir='ltr'>hac</span> <span class='ocrx_word' id='word_1_1490' title='bbox 1080 2754 1157 2788; x_wconf 82' lang='lat' dir='ltr'>Virg.</span> <span class='ocrx_word' id='word_1_1491' title='bbox 1176 2753 1276 2787; x_wconf 86' lang='lat' dir='ltr'>Georg.</span> <span class='ocrx_word' id='word_1_1492' title='bbox 1293 2761 1315 2778; x_wconf 86' lang='lat'>2.</span> <span class='ocrx_word' id='word_1_1493' title='bbox 1331 2762 1363 2786; x_wconf 87' lang='lat'>70</span> <span class='ocrx_word' id='word_1_1494' title='bbox 1378 2751 1563 2778; x_wconf 88' lang='lat' dir='ltr'>conducuntur</span> <span class='ocrx_word' id='word_1_1495' title='bbox 1575 2750 1672 2785; x_wconf 83' lang='lat' dir='ltr'>stupra,</span> <span class='ocrx_word' id='word_1_1496' title='bbox 1693 2750 1840 2778; x_wconf 61' lang='lat' dir='ltr'>tradiantur</span> <span class='ocrx_word' id='word_1_1497' title='bbox 1854 2751 2004 2785; x_wconf 83' lang='lat' dir='ltr'>lenocinia,</span> <span class='ocrx_word' id='word_1_1498' title='bbox 2022 2751 2153 2778; x_wconf 85' lang='lat' dir='ltr'>adulteria</span> <span class='ocrx_word' id='word_1_1499' title='bbox 2169 2750 2351 2786; x_wconf 64' lang='lat' dir='ltr'>meditantur}</span> <span class='ocrx_word' id='word_1_1500' title='bbox 2386 2751 2442 2778; x_wconf 81' lang='lat' dir='ltr'>vid.</span> 
     </span>
    </p>
   </div>
   <div class='ocr_carea' id='block_1_28' title="bbox 254 2794 1119 3188">
    <p class='ocr_par' dir='ltr' id='par_1_46' title="bbox 254 2794 1119 3188">
     <span class='ocr_line' id='line_1_163' title="bbox 254 2794 894 2829; baseline -0.014 -3"><span class='ocrx_word' id='word_1_1501' title='bbox 254 2803 294 2828; x_wconf 81' lang='lat'>126</span> <span class='ocrx_word' id='word_1_1502' title='bbox 311 2806 340 2825; x_wconf 70' lang='lat' dir='ltr'>vt</span> <span class='ocrx_word' id='word_1_1503' title='bbox 355 2798 435 2825; x_wconf 88' lang='lat' dir='ltr'>citrea</span> <span class='ocrx_word' id='word_1_1504' title='bbox 446 2797 489 2822; x_wconf 82' lang='lat' dir='ltr'>vel</span> <span class='ocrx_word' id='word_1_1505' title='bbox 501 2796 628 2822; x_wconf 85' lang='lat' dir='ltr'>Aurantia</span> <span class='ocrx_word' id='word_1_1506' title='bbox 641 2794 747 2829; x_wconf 72' lang='lat' dir='ltr'>describi</span> <span class='ocrx_word' id='word_1_1507' title='bbox 760 2800 894 2829; x_wconf 74' lang='lat' dir='ltr'>appareat:</span> 
     </span>
     <span class='ocr_line' id='line_1_164' title="bbox 409 2827 1114 2863; baseline -0.01 -4"><span class='ocrx_word' id='word_1_1508' title='bbox 409 2832 501 2862; x_wconf 77' lang='lat' dir='ltr'>Media</span> <span class='ocrx_word' id='word_1_1509' title='bbox 515 2832 567 2858; x_wconf 87' lang='lat' dir='ltr'>fert</span> <span class='ocrx_word' id='word_1_1510' title='bbox 581 2831 667 2858; x_wconf 79' lang='lat' dir='ltr'>tristes</span> <span class='ocrx_word' id='word_1_1511' title='bbox 679 2830 767 2856; x_wconf 80' lang='lat' dir='ltr'>succos</span> <span class='ocrx_word' id='word_1_1512' title='bbox 776 2850 783 2863; x_wconf 87' lang='lat'><strong><em>‚</em></strong></span> <span class='ocrx_word' id='word_1_1513' title='bbox 804 2828 963 2862; x_wconf 84' lang='lat' dir='ltr'>tardumque</span> <span class='ocrx_word' id='word_1_1514' title='bbox 977 2827 1114 2862; x_wconf 79' lang='lat' dir='ltr'>saporem,</span> 
     </span>
     <span class='ocr_line' id='line_1_165' title="bbox 408 2864 1028 2902; baseline -0.01 -7"><span class='ocrx_word' id='word_1_1515' title='bbox 408 2869 505 2896; x_wconf 80' lang='lat' dir='ltr'>Felicis</span> <span class='ocrx_word' id='word_1_1516' title='bbox 521 2868 594 2899; x_wconf 86' lang='lat' dir='ltr'>mali,</span> <span class='ocrx_word' id='word_1_1517' title='bbox 612 2876 667 2902; x_wconf 87' lang='lat' dir='ltr'>quo</span> <span class='ocrx_word' id='word_1_1518' title='bbox 679 2875 734 2893; x_wconf 87' lang='lat' dir='ltr'>iion</span> <span class='ocrx_word' id='word_1_1519' title='bbox 748 2864 909 2901; x_wconf 78' lang='lat' dir='ltr'>praesentius</span> <span class='ocrx_word' id='word_1_1520' title='bbox 928 2864 1028 2896; x_wconf 78' lang='lat' dir='ltr'>vllum,</span> 
     </span>
     <span class='ocr_line' id='line_1_166' title="bbox 411 2901 1044 2938; baseline -0.009 -7"><span class='ocrx_word' id='word_1_1521' title='bbox 411 2904 507 2932; x_wconf 88' lang='lat' dir='ltr'>Pocula</span> <span class='ocrx_word' id='word_1_1522' title='bbox 521 2904 539 2930; x_wconf 86' lang='lat' dir='ltr'><strong>fi</strong></span> <span class='ocrx_word' id='word_1_1523' title='bbox 553 2903 659 2938; x_wconf 82' lang='lat' dir='ltr'>quando</span> <span class='ocrx_word' id='word_1_1524' title='bbox 667 2904 756 2929; x_wconf 75' lang='lat' dir='ltr'>saeuae</span> <span class='ocrx_word' id='word_1_1525' title='bbox 770 2901 887 2928; x_wconf 86' lang='lat' dir='ltr'>infecere</span> <span class='ocrx_word' id='word_1_1526' title='bbox 902 2908 1044 2931; x_wconf 84' lang='lat' dir='ltr'>nouercae,</span> 
     </span>
     <span class='ocr_line' id='line_1_167' title="bbox 409 2933 1095 2973; baseline -0.009 -7"><span class='ocrx_word' id='word_1_1527' title='bbox 409 2941 628 2973; x_wconf 87' lang='lat' dir='ltr'>Miscueruntque</span> <span class='ocrx_word' id='word_1_1528' title='bbox 643 2938 746 2971; x_wconf 80' lang='lat' dir='ltr'>herbas,</span> <span class='ocrx_word' id='word_1_1529' title='bbox 766 2944 791 2964; x_wconf 86' lang='lat' dir='ltr'>et</span> <span class='ocrx_word' id='word_1_1530' title='bbox 805 2946 859 2964; x_wconf 91' lang='lat' dir='ltr'>non</span> <span class='ocrx_word' id='word_1_1531' title='bbox 872 2937 985 2963; x_wconf 77' lang='lat' dir='ltr'>innoxia</span> <span class='ocrx_word' id='word_1_1532' title='bbox 1004 2933 1095 2967; x_wconf 69' lang='lat' dir='ltr'>verbo,</span> 
     </span>
     <span class='ocr_line' id='line_1_168' title="bbox 412 2973 1087 3007; baseline -0.009 -5"><span class='ocrx_word' id='word_1_1533' title='bbox 412 2975 551 3003; x_wconf 81' lang='lat' dir='ltr'>Auxilium</span> <span class='ocrx_word' id='word_1_1534' title='bbox 560 2975 645 3007; x_wconf 88' lang='lat' dir='ltr'>venit,</span> <span class='ocrx_word' id='word_1_1535' title='bbox 660 2984 687 3001; x_wconf 85' lang='lat' dir='ltr'>ac</span> <span class='ocrx_word' id='word_1_1536' title='bbox 701 2973 828 3001; x_wconf 80' lang='lat' dir='ltr'>membris</span> <span class='ocrx_word' id='word_1_1537' title='bbox 840 2973 957 3007; x_wconf 79' lang='lat' dir='ltr'>agitatra</span> <span class='ocrx_word' id='word_1_1538' title='bbox 971 2979 1087 2998; x_wconf 82' lang='lat' dir='ltr'>venena:</span> 
     </span>
     <span class='ocr_line' id='line_1_169' title="bbox 411 3007 1095 3047; baseline -0.009 -8"><span class='ocrx_word' id='word_1_1539' title='bbox 411 3013 468 3047; x_wconf 84' lang='lat' dir='ltr'>Ipsa</span> <span class='ocrx_word' id='word_1_1540' title='bbox 482 3012 573 3045; x_wconf 82' lang='lat' dir='ltr'>ingens</span> <span class='ocrx_word' id='word_1_1541' title='bbox 587 3011 673 3043; x_wconf 85' lang='lat' dir='ltr'>arbos,</span> <span class='ocrx_word' id='word_1_1542' title='bbox 693 3011 841 3043; x_wconf 77' lang='lat' dir='ltr'>faciemque</span> <span class='ocrx_word' id='word_1_1543' title='bbox 854 3009 989 3036; x_wconf 82' lang='lat' dir='ltr'>simillima</span> <span class='ocrx_word' id='word_1_1544' title='bbox 1001 3007 1095 3038; x_wconf 79' lang='lat' dir='ltr'>laur03</span> 
     </span>
     <span class='ocr_line' id='line_1_170' title="bbox 415 3045 973 3081; baseline -0.009 -6"><span class='ocrx_word' id='word_1_1545' title='bbox 415 3049 456 3081; x_wconf 83' lang='lat' dir='ltr'>Et,</span> <span class='ocrx_word' id='word_1_1546' title='bbox 468 3047 486 3077; x_wconf 83' lang='lat' dir='ltr'>fi</span> <span class='ocrx_word' id='word_1_1547' title='bbox 504 3056 558 3073; x_wconf 88' lang='lat' dir='ltr'>non</span> <span class='ocrx_word' id='word_1_1548' title='bbox 574 3047 655 3073; x_wconf 86' lang='lat' dir='ltr'>alium</span> <span class='ocrx_word' id='word_1_1549' title='bbox 670 3047 721 3072; x_wconf 83' lang='lat' dir='ltr'>latc</span> <span class='ocrx_word' id='word_1_1550' title='bbox 735 3045 844 3072; x_wconf 64' lang='lat' dir='ltr'>innaret</span> <span class='ocrx_word' id='word_1_1551' title='bbox 861 3045 973 3071; x_wconf 86' lang='lat' dir='ltr'>odorem</span> 
     </span>
     <span class='ocr_line' id='line_1_171' title="bbox 412 3079 1097 3111; baseline -0.007 -1"><span class='ocrx_word' id='word_1_1552' title='bbox 412 3084 514 3111; x_wconf 84' lang='lat' dir='ltr'>Laurus</span> <span class='ocrx_word' id='word_1_1553' title='bbox 527 3089 596 3109; x_wconf 88' lang='lat' dir='ltr'>erat:</span> <span class='ocrx_word' id='word_1_1554' title='bbox 616 3082 681 3108; x_wconf 84' lang='lat' dir='ltr'>solia</span> <span class='ocrx_word' id='word_1_1555' title='bbox 694 3080 763 3107; x_wconf 88' lang='lat' dir='ltr'>haud</span> <span class='ocrx_word' id='word_1_1556' title='bbox 779 3081 839 3107; x_wconf 72' lang='lat' dir='ltr'>vilis</span> <span class='ocrx_word' id='word_1_1557' title='bbox 859 3080 975 3107; x_wconf 86' lang='lat' dir='ltr'>labentia</span> <span class='ocrx_word' id='word_1_1558' title='bbox 995 3079 1097 3106; x_wconf 84' lang='lat' dir='ltr'>ventis:</span> 
     </span>
     <span class='ocr_line' id='line_1_172' title="bbox 414 3113 1117 3153; baseline -0.007 -7"><span class='ocrx_word' id='word_1_1559' title='bbox 414 3120 476 3146; x_wconf 86' lang='lat' dir='ltr'>Flos</span> <span class='ocrx_word' id='word_1_1560' title='bbox 491 3119 523 3145; x_wconf 89' lang='lat' dir='ltr'>ad</span> <span class='ocrx_word' id='word_1_1561' title='bbox 537 3119 623 3153; x_wconf 86' lang='lat' dir='ltr'>prima</span> <span class='ocrx_word' id='word_1_1562' title='bbox 637 3124 722 3145; x_wconf 87' lang='lat' dir='ltr'>tenax.</span> <span class='ocrx_word' id='word_1_1563' title='bbox 760 3117 868 3143; x_wconf 87' lang='lat' dir='ltr'>Animas</span> <span class='ocrx_word' id='word_1_1564' title='bbox 883 3123 908 3142; x_wconf 86' lang='lat' dir='ltr'>et</span> <span class='ocrx_word' id='word_1_1565' title='bbox 922 3117 1022 3142; x_wconf 81' lang='lat' dir='ltr'>olentia</span> <span class='ocrx_word' id='word_1_1566' title='bbox 1041 3113 1117 3142; x_wconf 85' lang='lat' dir='ltr'>Medi</span> 
     </span>
     <span class='ocr_line' id='line_1_173' title="bbox 414 3150 1119 3188; baseline -0.007 -6"><span class='ocrx_word' id='word_1_1567' title='bbox 414 3157 470 3182; x_wconf 86' lang='lat' dir='ltr'>Ora</span> <span class='ocrx_word' id='word_1_1568' title='bbox 483 3155 577 3182; x_wconf 84' lang='lat' dir='ltr'>sonent</span> <span class='ocrx_word' id='word_1_1569' title='bbox 592 3155 650 3188; x_wconf 90' lang='grc'>1110,</span> <span class='ocrx_word' id='word_1_1570' title='bbox 670 3160 696 3181; x_wconf 86' lang='lat' dir='ltr'>et</span> <span class='ocrx_word' id='word_1_1571' title='bbox 709 3152 814 3180; x_wconf 81' lang='lat' dir='ltr'>senibus</span> <span class='ocrx_word' id='word_1_1572' title='bbox 828 3151 993 3182; x_wconf 79' lang='lat' dir='ltr'>medicantur</span> <span class='ocrx_word' id='word_1_1573' title='bbox 1006 3150 1119 3178; x_wconf 80' lang='lat' dir='ltr'>anhelis.</span> 
     </span>
    </p>
   </div>
   <div class='ocr_carea' id='block_1_29' title="bbox 259 3183 1319 3291">
    <p class='ocr_par' dir='ltr' id='par_1_47' title="bbox 259 3183 1319 3291">
     <span class='ocr_line' id='line_1_174' title="bbox 292 3183 1319 3224; baseline -0.013 -3"><span class='ocrx_word' id='word_1_1574' title='bbox 292 3202 318 3221; x_wconf 79' lang='grc' dir='ltr'><strong>Μ</strong></span> <span class='ocrx_word' id='word_1_1575' title='bbox 328 3199 344 3220; x_wconf 83' lang='lat' dir='ltr'>E</span> <span class='ocrx_word' id='word_1_1576' title='bbox 358 3197 378 3220; x_wconf 84' lang='lat' dir='ltr'>D</span> <span class='ocrx_word' id='word_1_1577' title='bbox 391 3198 402 3218; x_wconf 89' lang='lat'>1</span> <span class='ocrx_word' id='word_1_1578' title='bbox 413 3198 432 3218; x_wconf 90' lang='lat' dir='ltr'><strong>D</strong></span> <span class='ocrx_word' id='word_1_1579' title='bbox 445 3198 454 3217; x_wconf 87' lang='grc'>1</span> <span class='ocrx_word' id='word_1_1580' title='bbox 468 3198 484 3217; x_wconf 84' lang='lat' dir='ltr'>E</span> <span class='ocrx_word' id='word_1_1581' title='bbox 494 3198 517 3223; x_wconf 74' lang='lat' dir='ltr'>S,</span> <span class='ocrx_word' id='word_1_1582' title='bbox 535 3191 570 3217; x_wconf 71' lang='lat' dir='ltr'>ei.</span> <span class='ocrx_word' id='word_1_1583' title='bbox 591 3200 637 3216; x_wconf 86' lang='lat' dir='ltr'>non</span> <span class='ocrx_word' id='word_1_1584' title='bbox 649 3191 753 3222; x_wconf 66' lang='lat' dir='ltr'>dicitur,</span> <span class='ocrx_word' id='word_1_1585' title='bbox 767 3187 956 3224; x_wconf 74' lang='lat' dir='ltr'>sedMeridics.</span> <span class='ocrx_word' id='word_1_1586' title='bbox 975 3186 1129 3221; x_wconf 66' lang='grc' dir='ltr'>[μεσημζςια]</span> <span class='ocrx_word' id='word_1_1587' title='bbox 1148 3183 1273 3211; x_wconf 80' lang='lat' dir='ltr'>Priscian.</span> <span class='ocrx_word' id='word_1_1588' title='bbox 1294 3192 1319 3217; x_wconf 85' lang='lat' dir='ltr'>p.</span> 
     </span>
     <span class='ocr_line' id='line_1_175' title="bbox 259 3220 1318 3291; baseline -0.014 -32"><span class='ocrx_word' id='word_1_1589' title='bbox 259 3239 304 3259; x_wconf 76' lang='lat'>55¹.</span> <span class='ocrx_word' id='word_1_1590' title='bbox 341 3229 396 3256; x_wconf 91' lang='lat' dir='ltr'>Cic.</span> <span class='ocrx_word' id='word_1_1591' title='bbox 411 3228 441 3254; x_wconf 93' lang='lat' dir='ltr'>in</span> <span class='ocrx_word' id='word_1_1592' title='bbox 456 3228 532 3254; x_wconf 87' lang='lat' dir='ltr'>Orat.</span> <span class='ocrx_word' id='word_1_1593' title='bbox 547 3236 584 3259; x_wconf 79' lang='lat'>157</span> <span class='ocrx_word' id='word_1_1594' title='bbox 605 3236 627 3254; x_wconf 87' lang='lat' dir='ltr'>c.</span> <span class='ocrx_word' id='word_1_1595' title='bbox 640 3236 669 3260; x_wconf 79' lang='grc'>47</span> <span class='ocrx_word' id='word_1_1596' title='bbox 688 3226 776 3260; x_wconf 88' lang='lat' dir='ltr'>Ipsum</span> <span class='ocrx_word' id='word_1_1597' title='bbox 788 3223 939 3256; x_wconf 81' lang='lat' dir='ltr'>meridiem,</span> <span class='ocrx_word' id='word_1_1598' title='bbox 952 3233 999 3250; x_wconf 90' lang='lat' dir='ltr'>cur</span> <span class='ocrx_word' id='word_1_1599' title='bbox 1012 3220 1252 3291; x_wconf 49' lang='grc' dir='ltr'>11οὲ111εεέὲῄ1011126</span> <span class='ocrx_word' id='word_1_1600' title='bbox 1263 3228 1318 3288; x_wconf 58' lang='grc' dir='ltr'>αξξ-</span> 
     </span>
     <span class='ocr_line' id='line_1_176' title="bbox 1077 3266 1319 3289; baseline -0.008 -7"><span class='ocrx_word' id='word_1_1601' title='bbox 1077 3266 1124 3282; x_wconf 82' lang='grc'>11111</span> <span class='ocrx_word' id='word_1_1602' title='bbox 1177 3276 1184 3283; x_wconf 88' lang='lat'>.</span> <span class='ocrx_word' id='word_1_1603' title='bbox 1205 3266 1224 3289; x_wconf 89' lang='grc'>1,</span> <span class='ocrx_word' id='word_1_1604' title='bbox 1255 3277 1263 3289; x_wconf 86' lang='grc'>,</span> <span class='ocrx_word' id='word_1_1605' title='bbox 1313 3274 1319 3280; x_wconf 86' lang='grc'>.</span> 
     </span>
    </p>
   </div>
   <div class='ocr_carea' id='block_1_30' title="bbox 259 3261 1210 3367">
    <p class='ocr_par' dir='ltr' id='par_1_48' title="bbox 259 3261 1210 3367">
     <span class='ocr_line' id='line_1_177' title="bbox 259 3261 976 3298; baseline -0.008 -7"><span class='ocrx_word' id='word_1_1606' title='bbox 259 3265 294 3290; x_wconf 88' lang='lat' dir='ltr'>do</span> <span class='ocrx_word' id='word_1_1607' title='bbox 308 3265 447 3298; x_wconf 86' lang='lat' dir='ltr'>quoderat</span> <span class='ocrx_word' id='word_1_1608' title='bbox 469 3262 615 3289; x_wconf 85' lang='lat' dir='ltr'>insiiauius.</span> <span class='ocrx_word' id='word_1_1609' title='bbox 687 3261 760 3295; x_wconf 79' lang='lat' dir='ltr'>Confi</span> <span class='ocrx_word' id='word_1_1610' title='bbox 780 3261 855 3287; x_wconf 90' lang='lat' dir='ltr'>Non.</span> <span class='ocrx_word' id='word_1_1611' title='bbox 877 3269 902 3293; x_wconf 91' lang='lat' dir='ltr'>i,</span> <span class='ocrx_word' id='word_1_1612' title='bbox 923 3268 976 3291; x_wconf 80' lang='lat'>229.</span> 
     </span>
     <span class='ocr_line' id='line_1_178' title="bbox 259 3292 1210 3333; baseline -0.008 -7"><span class='ocrx_word' id='word_1_1613' title='bbox 259 3302 312 3326; x_wconf 81' lang='lat' dir='ltr'>Hoc</span> <span class='ocrx_word' id='word_1_1614' title='bbox 325 3302 421 3333; x_wconf 69' lang='lat' dir='ltr'>volunt,</span> <span class='ocrx_word' id='word_1_1615' title='bbox 447 3298 592 3327; x_wconf 80' lang='lat' dir='ltr'>Mei-idiem</span> <span class='ocrx_word' id='word_1_1616' title='bbox 606 3297 651 3332; x_wconf 77' lang='lat' dir='ltr'><em>ff</em></span> <span class='ocrx_word' id='word_1_1617' title='bbox 662 3297 754 3322; x_wconf 62' lang='lat' dir='ltr'>diflum</span> <span class='ocrx_word' id='word_1_1618' title='bbox 764 3304 811 3332; x_wconf 77' lang='lat' dir='ltr'>pro</span> <span class='ocrx_word' id='word_1_1619' title='bbox 829 3295 920 3323; x_wconf 84' lang='lat' dir='ltr'>medio</span> <span class='ocrx_word' id='word_1_1620' title='bbox 935 3294 990 3323; x_wconf 87' lang='lat' dir='ltr'>die.</span> <span class='ocrx_word' id='word_1_1621' title='bbox 1014 3295 1070 3321; x_wconf 71' lang='grc' dir='ltr'>ΠΛ.</span> <span class='ocrx_word' id='word_1_1622' title='bbox 1085 3293 1110 3320; x_wconf 94' lang='lat' dir='ltr'>D</span> <span class='ocrx_word' id='word_1_1623' title='bbox 1125 3292 1210 3318; x_wconf 80' lang='lat' dir='ltr'>litera.</span> 
     </span>
     <span class='ocr_line' id='line_1_179' title="bbox 295 3335 812 3367; baseline -0.008 -5"><span class='ocrx_word' id='word_1_1624' title='bbox 295 3341 402 3362; x_wconf 74' lang='lat' dir='ltr'>MEDi</span> <span class='ocrx_word' id='word_1_1625' title='bbox 417 3342 434 3362; x_wconf 81' lang='lat' dir='ltr'>E</span> <span class='ocrx_word' id='word_1_1626' title='bbox 449 3340 544 3367; x_wconf 80' lang='lat' dir='ltr'>TAS,</span> <span class='ocrx_word' id='word_1_1627' title='bbox 561 3335 615 3362; x_wconf 74' lang='lat' dir='ltr'>vid.</span> <span class='ocrx_word' id='word_1_1628' title='bbox 634 3339 812 3360; x_wconf 66' lang='lat' dir='ltr'>Munivs.</span> 
     </span>
    </p>
   </div>
   <div class='ocr_carea' id='block_1_31' title="bbox 262 3362 2069 3512">
    <p class='ocr_par' dir='ltr' id='par_1_49' title="bbox 262 3362 2069 3512">
     <span class='ocr_line' id='line_1_180' title="bbox 295 3362 1319 3405; baseline -0.011 -8"><span class='ocrx_word' id='word_1_1629' title='bbox 295 3379 321 3398; x_wconf 86' lang='lat' dir='ltr'>M</span> <span class='ocrx_word' id='word_1_1630' title='bbox 332 3376 348 3396; x_wconf 83' lang='lat' dir='ltr'>E</span> <span class='ocrx_word' id='word_1_1631' title='bbox 362 3374 382 3396; x_wconf 83' lang='lat'>1)</span> <span class='ocrx_word' id='word_1_1632' title='bbox 396 3377 438 3396; x_wconf 88' lang='lat' dir='ltr'>lM</span> <span class='ocrx_word' id='word_1_1633' title='bbox 449 3378 469 3396; x_wconf 88' lang='lat' dir='ltr'>N</span> <span class='ocrx_word' id='word_1_1634' title='bbox 481 3378 501 3396; x_wconf 87' lang='lat' dir='ltr'>V</span> <span class='ocrx_word' id='word_1_1635' title='bbox 511 3378 535 3405; x_wconf 80' lang='lat' dir='ltr'>S,</span> <span class='ocrx_word' id='word_1_1636' title='bbox 554 3377 578 3396; x_wconf 77' lang='lat' dir='ltr'>c’t</span> <span class='ocrx_word' id='word_1_1637' title='bbox 598 3376 624 3396; x_wconf 92' lang='lat' dir='ltr'>M</span> <span class='ocrx_word' id='word_1_1638' title='bbox 635 3375 654 3395; x_wconf 76' lang='lat' dir='ltr'><strong>E</strong></span> <span class='ocrx_word' id='word_1_1639' title='bbox 668 3375 686 3394; x_wconf 93' lang='lat' dir='ltr'>D</span> <span class='ocrx_word' id='word_1_1640' title='bbox 696 3375 705 3393; x_wconf 94' lang='lat' dir='ltr'>l</span> <span class='ocrx_word' id='word_1_1641' title='bbox 716 3375 740 3394; x_wconf 81' lang='lat' dir='ltr'>M</span> <span class='ocrx_word' id='word_1_1642' title='bbox 750 3376 771 3394; x_wconf 87' lang='grc' dir='ltr'>Ν</span> <span class='ocrx_word' id='word_1_1643' title='bbox 780 3375 801 3395; x_wconf 90' lang='lat' dir='ltr'>V</span> <span class='ocrx_word' id='word_1_1644' title='bbox 810 3376 847 3399; x_wconf 91' lang='lat' dir='ltr'>M,</span> <span class='ocrx_word' id='word_1_1645' title='bbox 863 3368 881 3395; x_wconf 88' lang='lat' dir='ltr'>i.</span> <span class='ocrx_word' id='word_1_1646' title='bbox 896 3367 1024 3403; x_wconf 71' lang='grc' dir='ltr'>[μέδιμνος]</span> <span class='ocrx_word' id='word_1_1647' title='bbox 1044 3366 1126 3391; x_wconf 81' lang='lat' dir='ltr'>Genus</span> <span class='ocrx_word' id='word_1_1648' title='bbox 1134 3362 1259 3396; x_wconf 69' lang='lat' dir='ltr'>›nerifitrae</span> <span class='ocrx_word' id='word_1_1649' title='bbox 1267 3365 1319 3388; x_wconf 75' lang='lat' dir='ltr'>ari-</span> 
     </span>
     <span class='ocr_line' id='line_1_181' title="bbox 620 3398 1318 3438; baseline -0.017 -4"><span class='ocrx_word' id='word_1_1650' title='bbox 620 3405 692 3438; x_wconf 73' lang='lat' dir='ltr'>Nep.</span> <span class='ocrx_word' id='word_1_1651' title='bbox 707 3413 745 3435; x_wconf 78' lang='lat'>25,</span> <span class='ocrx_word' id='word_1_1652' title='bbox 758 3414 781 3434; x_wconf 80' lang='lat'>2.</span> <span class='ocrx_word' id='word_1_1653' title='bbox 794 3405 809 3429; x_wconf 90' lang='lat'>6</span> <span class='ocrx_word' id='word_1_1654' title='bbox 836 3405 908 3431; x_wconf 88' lang='lat' dir='ltr'>Nam</span> <span class='ocrx_word' id='word_1_1655' title='bbox 927 3402 1067 3430; x_wconf 76' lang='lat' dir='ltr'>vniuersos</span> <span class='ocrx_word' id='word_1_1656' title='bbox 1087 3401 1225 3426; x_wconf 81' lang='lat' dir='ltr'>frumento</span> <span class='ocrx_word' id='word_1_1657' title='bbox 1238 3398 1318 3424; x_wconf 73' lang='lat' dir='ltr'>dona-</span> 
     </span>
     <span class='ocr_line' id='line_1_182' title="bbox 262 3435 1318 3475; baseline -0.009 -6"><span class='ocrx_word' id='word_1_1658' title='bbox 262 3443 312 3475; x_wconf 86' lang='lat' dir='ltr'>vit,</span> <span class='ocrx_word' id='word_1_1659' title='bbox 335 3442 370 3467; x_wconf 85' lang='lat' dir='ltr'>ita</span> <span class='ocrx_word' id='word_1_1660' title='bbox 383 3447 411 3467; x_wconf 87' lang='lat' dir='ltr'>vt</span> <span class='ocrx_word' id='word_1_1661' title='bbox 431 3440 534 3474; x_wconf 78' lang='lat' dir='ltr'>singulis</span> <span class='ocrx_word' id='word_1_1662' title='bbox 548 3443 589 3467; x_wconf 81' lang='lat' dir='ltr'>sex</span> <span class='ocrx_word' id='word_1_1663' title='bbox 605 3440 691 3468; x_wconf 90' lang='lat' dir='ltr'>modii</span> <span class='ocrx_word' id='word_1_1664' title='bbox 706 3440 789 3467; x_wconf 87' lang='lat' dir='ltr'>tritici</span> <span class='ocrx_word' id='word_1_1665' title='bbox 804 3439 940 3472; x_wconf 89' lang='lat' dir='ltr'>darentur,</span> <span class='ocrx_word' id='word_1_1666' title='bbox 957 3438 1002 3473; x_wconf 91' lang='lat' dir='ltr'>qui</span> <span class='ocrx_word' id='word_1_1667' title='bbox 1012 3437 1107 3464; x_wconf 82' lang='lat' dir='ltr'>modus</span> <span class='ocrx_word' id='word_1_1668' title='bbox 1117 3435 1254 3461; x_wconf 84' lang='lat' dir='ltr'>mensurae</span> <span class='ocrx_word' id='word_1_1669' title='bbox 1264 3435 1318 3460; x_wconf 84' lang='lat' dir='ltr'>Me-</span> 
     </span>
     <span class='ocr_line' id='line_1_183' title="bbox 735 3470 2069 3512; baseline -0.002 -10"><span class='ocrx_word' id='word_1_1670' title='bbox 735 3477 811 3512; x_wconf 81' lang='lat' dir='ltr'>Qoa&#39;</span> <span class='ocrx_word' id='word_1_1671' title='bbox 821 3477 886 3502; x_wconf 80' lang='lat' dir='ltr'>idem</span> <span class='ocrx_word' id='word_1_1672' title='bbox 893 3476 1003 3510; x_wconf 82' lang='lat' dir='ltr'>summae</span> <span class='ocrx_word' id='word_1_1673' title='bbox 1011 3472 1141 3507; x_wconf 73' lang='lat' dir='ltr'>frumenti</span> <span class='ocrx_word' id='word_1_1674' title='bbox 1151 3471 1178 3495; x_wconf 63' lang='lat'>¹¹⁷²</span> <span class='ocrx_word' id='word_1_1675' title='bbox 1194 3470 1317 3495; x_wconf 67' lang='lat' dir='ltr'>librom·</span> <span class='ocrx_word' id='word_1_1676' title='bbox 1333 3486 1366 3510; x_wconf 89' lang='lat'>90</span> <span class='ocrx_word' id='word_1_1677' title='bbox 1382 3485 1399 3505; x_wconf 88' lang='grc'>1,</span> <span class='ocrx_word' id='word_1_1678' title='bbox 1413 3483 1455 3506; x_wconf 80' lang='lat'>257</span> <span class='ocrx_word' id='word_1_1679' title='bbox 1474 3472 1616 3499; x_wconf 85' lang='lat' dir='ltr'>Accuratae</span> <span class='ocrx_word' id='word_1_1680' title='bbox 1630 3479 1655 3499; x_wconf 90' lang='lat' dir='ltr'>et</span> <span class='ocrx_word' id='word_1_1681' title='bbox 1669 3472 1809 3499; x_wconf 85' lang='lat' dir='ltr'>meditatae</span> <span class='ocrx_word' id='word_1_1682' title='bbox 1823 3473 2069 3499; x_wconf 79' lang='lat' dir='ltr'>commentationes.</span> 
     </span>
    </p>
   </div>
   <div class='ocr_carea' id='block_1_32' title="bbox 263 3407 548 3440">
    <p class='ocr_par' dir='ltr' id='par_1_50' title="bbox 263 3407 548 3440">
     <span class='ocr_line' id='line_1_184' title="bbox 263 3407 548 3440; baseline 0 -7"><span class='ocrx_word' id='word_1_1683' title='bbox 263 3408 348 3433; x_wconf 83' lang='lat' dir='ltr'>dorum</span> <span class='ocrx_word' id='word_1_1684' title='bbox 362 3408 429 3440; x_wconf 80' lang='lat' dir='ltr'>apud</span> <span class='ocrx_word' id='word_1_1685' title='bbox 443 3407 548 3433; x_wconf 72' lang='lat' dir='ltr'>Atticos.</span> 
     </span>
    </p>
   </div>
   <div class='ocr_carea' id='block_1_33' title="bbox 262 3477 664 3511">
    <p class='ocr_par' dir='ltr' id='par_1_51' title="bbox 262 3477 664 3511">
     <span class='ocr_line' id='line_1_185' title="bbox 262 3477 664 3511; baseline -0.005 -6"><span class='ocrx_word' id='word_1_1686' title='bbox 262 3478 370 3505; x_wconf 69' lang='lat' dir='ltr'>dimum</span> <span class='ocrx_word' id='word_1_1687' title='bbox 385 3477 496 3503; x_wconf 86' lang='lat' dir='ltr'>Athenis</span> <span class='ocrx_word' id='word_1_1688' title='bbox 509 3478 664 3511; x_wconf 78' lang='lat' dir='ltr'>appellatur.</span> 
     </span>
    </p>
   </div>
   <div class='ocr_carea' id='block_1_34' title="bbox 262 3505 1317 3548">
    <p class='ocr_par' dir='ltr' id='par_1_52' title="bbox 262 3505 1317 3548">
     <span class='ocr_line' id='line_1_186' title="bbox 262 3505 1317 3548; baseline -0.006 -9"><span class='ocrx_word' id='word_1_1689' title='bbox 262 3515 297 3540; x_wconf 82' lang='lat' dir='ltr'>tio</span> <span class='ocrx_word' id='word_1_1690' title='bbox 312 3514 339 3539; x_wconf 91' lang='lat' dir='ltr'>in</span> <span class='ocrx_word' id='word_1_1691' title='bbox 354 3514 466 3539; x_wconf 86' lang='lat' dir='ltr'>Verrem</span> <span class='ocrx_word' id='word_1_1692' title='bbox 480 3513 619 3539; x_wconf 80' lang='lat' dir='ltr'>Ciceronis</span> <span class='ocrx_word' id='word_1_1693' title='bbox 632 3513 766 3548; x_wconf 63' lang='lat' dir='ltr'>[fiendum.</span> <span class='ocrx_word' id='word_1_1694' title='bbox 1229 3505 1317 3531; x_wconf 82' lang='lat' dir='ltr'>Huius</span> 
     </span>
    </p>
   </div>
   <div class='ocr_carea' id='block_1_35' title="bbox 838 3509 1153 3543">
    <p class='ocr_par' dir='ltr' id='par_1_53' title="bbox 838 3509 1153 3543">
     <span class='ocr_line' id='line_1_187' title="bbox 838 3509 1153 3543; baseline -0.019 -5"><span class='ocrx_word' id='word_1_1695' title='bbox 838 3511 956 3538; x_wconf 85' lang='lat' dir='ltr'>Fannius</span> <span class='ocrx_word' id='word_1_1696' title='bbox 974 3511 1005 3535; x_wconf 82' lang='lat' dir='ltr'>de</span> <span class='ocrx_word' id='word_1_1697' title='bbox 1019 3509 1153 3543; x_wconf 79' lang='lat' dir='ltr'>Amphora.</span> 
     </span>
    </p>
   </div>
   <div class='ocr_carea' id='block_1_36' title="bbox 263 3541 1318 3586">
    <p class='ocr_par' dir='ltr' id='par_1_54' title="bbox 263 3541 1318 3586">
     <span class='ocr_line' id='line_1_188' title="bbox 263 3541 1318 3586; baseline -0.009 -11"><span class='ocrx_word' id='word_1_1698' title='bbox 263 3549 406 3575; x_wconf 88' lang='lat' dir='ltr'>dimidium</span> <span class='ocrx_word' id='word_1_1699' title='bbox 420 3549 471 3576; x_wconf 72' lang='lat' dir='ltr'>fert</span> <span class='ocrx_word' id='word_1_1700' title='bbox 484 3557 568 3581; x_wconf 77' lang='lat' dir='ltr'>vrna,</span> <span class='ocrx_word' id='word_1_1701' title='bbox 602 3555 631 3574; x_wconf 87' lang='lat' dir='ltr'>vt</span> <span class='ocrx_word' id='word_1_1702' title='bbox 645 3555 669 3574; x_wconf 87' lang='lat' dir='ltr'>et</span> <span class='ocrx_word' id='word_1_1703' title='bbox 682 3549 736 3583; x_wconf 88' lang='lat' dir='ltr'>ipsa</span> <span class='ocrx_word' id='word_1_1704' title='bbox 747 3547 876 3574; x_wconf 86' lang='lat' dir='ltr'>inedimni</span> <span class='ocrx_word' id='word_1_1705' title='bbox 893 3545 1046 3586; x_wconf 82' lang='lat' dir='ltr'>Amphora,</span> <span class='ocrx_word' id='word_1_1706' title='bbox 1066 3551 1159 3577; x_wconf 83' lang='lat' dir='ltr'>terque</span> <span class='ocrx_word' id='word_1_1707' title='bbox 1171 3541 1239 3576; x_wconf 87' lang='lat' dir='ltr'>capit</span> <span class='ocrx_word' id='word_1_1708' title='bbox 1262 3550 1318 3567; x_wconf 81' lang='lat' dir='ltr'>nio-</span> 
     </span>
    </p>
   </div>
   <div class='ocr_carea' id='block_1_37' title="bbox 417 3578 1318 3640">
    <p class='ocr_par' dir='ltr' id='par_1_55' title="bbox 417 3578 1318 3640">
     <span class='ocr_line' id='line_1_189' title="bbox 417 3578 1318 3640; baseline -0.01 -30"><span class='ocrx_word' id='word_1_1709' title='bbox 417 3585 500 3610; x_wconf 79' lang='lat' dir='ltr'>Lucil.</span> <span class='ocrx_word' id='word_1_1710' title='bbox 514 3585 563 3611; x_wconf 86' lang='lat' dir='ltr'>Sat.</span> <span class='ocrx_word' id='word_1_1711' title='bbox 578 3593 601 3613; x_wconf 81' lang='lat'>15</span> <span class='ocrx_word' id='word_1_1712' title='bbox 623 3585 808 3618; x_wconf 83' lang='lat' dir='ltr'>Practcrquam</span> <span class='ocrx_word' id='word_1_1713' title='bbox 823 3583 852 3610; x_wconf 87' lang='lat' dir='ltr'>in</span> <span class='ocrx_word' id='word_1_1714' title='bbox 865 3588 953 3618; x_wconf 87' lang='lat' dir='ltr'>pretio</span> <span class='ocrx_word' id='word_1_1715' title='bbox 973 3582 1074 3615; x_wconf 83' lang='lat' dir='ltr'>primus</span> <span class='ocrx_word' id='word_1_1716' title='bbox 1095 3578 1212 3640; x_wconf 60' lang='lat' dir='ltr'>tcmige,</span> <span class='ocrx_word' id='word_1_1717' title='bbox 1232 3578 1318 3638; x_wconf 33' lang='lat' dir='ltr'>secun.</span> 
     </span>
     <span class='ocr_line' id='line_1_190' title="bbox 1188 3622 1318 3639; baseline -0.008 0"><span class='ocrx_word' id='word_1_1718' title='bbox 1188 3623 1219 3639; x_wconf 67' lang='lat' dir='ltr'>lc.</span> <span class='ocrx_word' id='word_1_1719' title='bbox 1266 3622 1318 3638; x_wconf 77' lang='grc' dir='ltr'>Ε1Ὑ.</span> 
     </span>
    </p>
   </div>
   <div class='ocr_carea' id='block_1_38' title="bbox 262 3585 1089 3654">
    <p class='ocr_par' dir='ltr' id='par_1_56' title="bbox 262 3585 1089 3654">
     <span class='ocr_line' id='line_1_191' title="bbox 262 3585 346 3612; baseline 0.012 -1"><span class='ocrx_word' id='word_1_1720' title='bbox 262 3585 346 3612; x_wconf 83' lang='lat' dir='ltr'>dium.</span> 
     </span>
     <span class='ocr_line' id='line_1_192' title="bbox 263 3617 1089 3654; baseline -0.008 -6"><span class='ocrx_word' id='word_1_1721' title='bbox 263 3622 311 3648; x_wconf 88' lang='lat' dir='ltr'>dus</span> <span class='ocrx_word' id='word_1_1722' title='bbox 347 3621 451 3651; x_wconf 80' lang='lat' dir='ltr'>Numo,</span> <span class='ocrx_word' id='word_1_1723' title='bbox 470 3621 563 3646; x_wconf 82' lang='lat' dir='ltr'>tertius</span> <span class='ocrx_word' id='word_1_1724' title='bbox 579 3619 630 3646; x_wconf 88' lang='lat' dir='ltr'>iam</span> <span class='ocrx_word' id='word_1_1725' title='bbox 645 3619 733 3653; x_wconf 84' lang='lat' dir='ltr'>plures</span> <span class='ocrx_word' id='word_1_1726' title='bbox 749 3629 829 3654; x_wconf 84' lang='lat' dir='ltr'>quam</span> <span class='ocrx_word' id='word_1_1727' title='bbox 841 3625 911 3646; x_wconf 84' lang='lat' dir='ltr'>totus</span> <span class='ocrx_word' id='word_1_1728' title='bbox 929 3617 1089 3644; x_wconf 82' lang='lat' dir='ltr'>medimnus.</span> 
     </span>
    </p>
   </div>
   <div class='ocr_carea' id='block_1_39' title="bbox 1333 3114 1439 3148">
    <p class='ocr_par' dir='ltr' id='par_1_57' title="bbox 1333 3114 1439 3148">
     <span class='ocr_line' id='line_1_193' title="bbox 1333 3114 1439 3148; baseline 0 -9"><span class='ocrx_word' id='word_1_1729' title='bbox 1333 3124 1366 3148; x_wconf 78' lang='lat'>30</span> <span class='ocrx_word' id='word_1_1730' title='bbox 1379 3122 1400 3139; x_wconf 91' lang='lat' dir='ltr'>c.</span> <span class='ocrx_word' id='word_1_1731' title='bbox 1415 3114 1439 3139; x_wconf 85' lang='grc'>6.</span> 
     </span>
    </p>
   </div>
   <div class='ocr_carea' id='block_1_40' title="bbox 1376 2793 2445 3292">
    <p class='ocr_par' dir='ltr' id='par_1_58' title="bbox 1377 2793 1609 2815">
     <span class='ocr_line' id='line_1_194' title="bbox 1377 2793 1609 2815; baseline 0 0"><span class='ocrx_word' id='word_1_1732' title='bbox 1377 2794 1404 2815; x_wconf 85' lang='grc' dir='ltr'><strong>Μ</strong></span> <span class='ocrx_word' id='word_1_1733' title='bbox 1413 2793 1576 2814; x_wconf 74' lang='lat' dir='ltr'>EDiTATV</span> <span class='ocrx_word' id='word_1_1734' title='bbox 1584 2793 1609 2815; x_wconf 67' lang='lat' dir='ltr'>S·</span> 
     </span>
    </p>

    <p class='ocr_par' dir='ltr' id='par_1_59' title="bbox 1378 2821 2444 2931">
     <span class='ocr_line' id='line_1_195' title="bbox 1416 2821 2444 2859; baseline 0 -10"><span class='ocrx_word' id='word_1_1735' title='bbox 1416 2829 1441 2849; x_wconf 84' lang='lat' dir='ltr'><strong>M</strong></span> <span class='ocrx_word' id='word_1_1736' title='bbox 1451 2829 1467 2849; x_wconf 84' lang='lat' dir='ltr'>E</span> <span class='ocrx_word' id='word_1_1737' title='bbox 1479 2829 1498 2849; x_wconf 87' lang='lat' dir='ltr'>D</span> <span class='ocrx_word' id='word_1_1738' title='bbox 1509 2821 1522 2849; x_wconf 76' lang='lat' dir='ltr'><strong>f</strong></span> <span class='ocrx_word' id='word_1_1739' title='bbox 1533 2829 1555 2849; x_wconf 86' lang='lat' dir='ltr'>T</span> <span class='ocrx_word' id='word_1_1740' title='bbox 1565 2829 1587 2848; x_wconf 87' lang='lat' dir='ltr'>A</span> <span class='ocrx_word' id='word_1_1741' title='bbox 1596 2830 1618 2850; x_wconf 85' lang='lat' dir='ltr'>N</span> <span class='ocrx_word' id='word_1_1742' title='bbox 1627 2829 1656 2855; x_wconf 79' lang='lat' dir='ltr'>S,</span> <span class='ocrx_word' id='word_1_1743' title='bbox 1676 2823 1752 2850; x_wconf 86' lang='lat' dir='ltr'>antis.</span> <span class='ocrx_word' id='word_1_1744' title='bbox 1773 2824 1868 2851; x_wconf 86' lang='lat' dir='ltr'>Partic.</span> <span class='ocrx_word' id='word_1_1745' title='bbox 1891 2824 2032 2859; x_wconf 73' lang='grc' dir='ltr'><strong>[μελετῶν]</strong></span> <span class='ocrx_word' id='word_1_1746' title='bbox 2053 2823 2138 2851; x_wconf 68' lang='grc'>18111111</span> <span class='ocrx_word' id='word_1_1747' title='bbox 2155 2823 2298 2857; x_wconf 87' lang='lat' dir='ltr'>obliquum</span> <span class='ocrx_word' id='word_1_1748' title='bbox 2311 2822 2444 2850; x_wconf 71' lang='lat' dir='ltr'>meditans</span> 
     </span>
     <span class='ocr_line' id='line_1_196' title="bbox 1378 2859 2444 2899; baseline -0.001 -13"><span class='ocrx_word' id='word_1_1749' title='bbox 1378 2867 1441 2899; x_wconf 82' lang='lat' dir='ltr'>aper</span> <span class='ocrx_word' id='word_1_1750' title='bbox 1460 2859 1529 2886; x_wconf 86' lang='lat' dir='ltr'>Hor.</span> <span class='ocrx_word' id='word_1_1751' title='bbox 1546 2859 1634 2885; x_wconf 81' lang='lat' dir='ltr'>Carni.</span> <span class='ocrx_word' id='word_1_1752' title='bbox 1648 2869 1670 2894; x_wconf 86' lang='lat'>3,</span> <span class='ocrx_word' id='word_1_1753' title='bbox 1684 2869 1721 2895; x_wconf 80' lang='lat'>22,</span> <span class='ocrx_word' id='word_1_1754' title='bbox 1736 2870 1759 2893; x_wconf 89' lang='lat'>7.</span> <span class='ocrx_word' id='word_1_1755' title='bbox 1830 2861 1959 2895; x_wconf 75' lang='lat' dir='ltr'>Longam,</span> <span class='ocrx_word' id='word_1_1756' title='bbox 1979 2867 2004 2887; x_wconf 89' lang='lat' dir='ltr'>et</span> <span class='ocrx_word' id='word_1_1757' title='bbox 2017 2859 2170 2887; x_wconf 79' lang='lat' dir='ltr'>continuam</span> <span class='ocrx_word' id='word_1_1758' title='bbox 2187 2859 2330 2886; x_wconf 83' lang='lat' dir='ltr'>absentiam</span> <span class='ocrx_word' id='word_1_1759' title='bbox 2344 2859 2444 2894; x_wconf 86' lang='lat' dir='ltr'>paulla-</span> 
     </span>
     <span class='ocr_line' id='line_1_197' title="bbox 1378 2894 2444 2931; baseline 0.001 -9"><span class='ocrx_word' id='word_1_1760' title='bbox 1378 2902 1428 2922; x_wconf 80' lang='lat' dir='ltr'>tim</span> <span class='ocrx_word' id='word_1_1761' title='bbox 1443 2894 1571 2922; x_wconf 87' lang='lat' dir='ltr'>meditans</span> <span class='ocrx_word' id='word_1_1762' title='bbox 1593 2895 1682 2923; x_wconf 85' lang='lat' dir='ltr'>Tacit.</span> <span class='ocrx_word' id='word_1_1763' title='bbox 1697 2897 1766 2923; x_wconf 85' lang='lat' dir='ltr'>Ann.</span> <span class='ocrx_word' id='word_1_1764' title='bbox 1783 2905 1805 2931; x_wconf 81' lang='lat'>3,</span> <span class='ocrx_word' id='word_1_1765' title='bbox 1818 2906 1851 2930; x_wconf 80' lang='lat'>31,</span> <span class='ocrx_word' id='word_1_1766' title='bbox 1872 2907 1893 2923; x_wconf 71' lang='grc' dir='ltr'>ε.</span> <span class='ocrx_word' id='word_1_1767' title='bbox 1930 2899 2001 2923; x_wconf 83' lang='lat' dir='ltr'>Add.</span> <span class='ocrx_word' id='word_1_1768' title='bbox 2023 2897 2100 2931; x_wconf 84' lang='lat' dir='ltr'>Virg.</span> <span class='ocrx_word' id='word_1_1769' title='bbox 2121 2897 2170 2922; x_wconf 86' lang='lat' dir='ltr'>Ecl.</span> <span class='ocrx_word' id='word_1_1770' title='bbox 2185 2899 2209 2929; x_wconf 76' lang='lat'>6,</span> <span class='ocrx_word' id='word_1_1771' title='bbox 2224 2902 2260 2926; x_wconf 77' lang='lat'>82.</span> <span class='ocrx_word' id='word_1_1772' title='bbox 2298 2895 2444 2930; x_wconf 86' lang='lat' dir='ltr'>Gell.9,15.</span> 
     </span>
    </p>

    <p class='ocr_par' dir='ltr' id='par_1_60' title="bbox 1376 2931 2445 3292">
     <span class='ocr_line' id='line_1_198' title="bbox 1418 2931 2442 2971; baseline 0.001 -14"><span class='ocrx_word' id='word_1_1773' title='bbox 1418 2939 1449 2971; x_wconf 41' lang='grc' dir='ltr'>Μ.</span> <span class='ocrx_word' id='word_1_1774' title='bbox 1459 2937 1476 2957; x_wconf 82' lang='lat' dir='ltr'>E</span> <span class='ocrx_word' id='word_1_1775' title='bbox 1489 2937 1509 2958; x_wconf 91' lang='lat' dir='ltr'>D</span> <span class='ocrx_word' id='word_1_1776' title='bbox 1523 2932 1623 2958; x_wconf 72' lang='grc' dir='ltr'>ΙΤᾸΤ</span> <span class='ocrx_word' id='word_1_1777' title='bbox 1633 2939 1654 2957; x_wconf 83' lang='lat' dir='ltr'>V</span> <span class='ocrx_word' id='word_1_1778' title='bbox 1665 2939 1694 2965; x_wconf 83' lang='lat' dir='ltr'>S,</span> <span class='ocrx_word' id='word_1_1779' title='bbox 1720 2942 1749 2966; x_wconf 90' lang='lat' dir='ltr'>a,</span> <span class='ocrx_word' id='word_1_1780' title='bbox 1777 2942 1831 2959; x_wconf 88' lang='lat' dir='ltr'>uni.</span> <span class='ocrx_word' id='word_1_1781' title='bbox 1857 2933 1950 2959; x_wconf 86' lang='lat' dir='ltr'>Partic.</span> <span class='ocrx_word' id='word_1_1782' title='bbox 1978 2932 2150 2967; x_wconf 63' lang='grc' dir='ltr'>[μελετήσας]</span> <span class='ocrx_word' id='word_1_1783' title='bbox 2170 2933 2239 2959; x_wconf 88' lang='lat' dir='ltr'>Ter.</span> <span class='ocrx_word' id='word_1_1784' title='bbox 2253 2931 2335 2958; x_wconf 84' lang='lat' dir='ltr'>Andr.</span> <span class='ocrx_word' id='word_1_1785' title='bbox 2350 2941 2372 2965; x_wconf 83' lang='lat'>2,</span> <span class='ocrx_word' id='word_1_1786' title='bbox 2386 2940 2414 2965; x_wconf 85' lang='lat'>4,</span> <span class='ocrx_word' id='word_1_1787' title='bbox 2428 2942 2442 2965; x_wconf 83' lang='lat'><em>3</em></span> 
     </span>
     <span class='ocr_line' id='line_1_199' title="bbox 1381 2967 2443 3002; baseline -0.001 -7"><span class='ocrx_word' id='word_1_1788' title='bbox 1381 2969 1463 2995; x_wconf 90' lang='lat' dir='ltr'>Venit</span> <span class='ocrx_word' id='word_1_1789' title='bbox 1477 2967 1618 2994; x_wconf 85' lang='lat' dir='ltr'>meditatus</span> <span class='ocrx_word' id='word_1_1790' title='bbox 1633 2968 1755 2996; x_wconf 82' lang='lat' dir='ltr'>alicunde</span> <span class='ocrx_word' id='word_1_1791' title='bbox 1768 2978 1799 2995; x_wconf 88' lang='lat' dir='ltr'>ex</span> <span class='ocrx_word' id='word_1_1792' title='bbox 1823 2969 1881 2995; x_wconf 90' lang='lat' dir='ltr'>solo</span> <span class='ocrx_word' id='word_1_1793' title='bbox 1897 2969 1965 2996; x_wconf 87' lang='lat' dir='ltr'>loco.</span> <span class='ocrx_word' id='word_1_1794' title='bbox 2038 2969 2106 2996; x_wconf 86' lang='lat' dir='ltr'>Plin.</span> <span class='ocrx_word' id='word_1_1795' title='bbox 2123 2968 2152 2994; x_wconf 86' lang='lat' dir='ltr'>in</span> <span class='ocrx_word' id='word_1_1796' title='bbox 2172 2967 2265 3002; x_wconf 73' lang='lat' dir='ltr'>Paneg2</span> <span class='ocrx_word' id='word_1_1797' title='bbox 2285 2977 2306 2994; x_wconf 85' lang='lat' dir='ltr'>c.</span> <span class='ocrx_word' id='word_1_1798' title='bbox 2327 2978 2338 3000; x_wconf 83' lang='lat'>3</span> <span class='ocrx_word' id='word_1_1799' title='bbox 2356 2968 2443 3002; x_wconf 78' lang='lat' dir='ltr'>Igitur</span> 
     </span>
     <span class='ocr_line' id='line_1_200' title="bbox 1379 3003 2444 3040; baseline -0.001 -9"><span class='ocrx_word' id='word_1_1800' title='bbox 1379 3003 1452 3039; x_wconf 91' lang='lat' dir='ltr'>quod</span> <span class='ocrx_word' id='word_1_1801' title='bbox 1472 3009 1709 3038; x_wconf 85' lang='lat' dir='ltr'>temperamentum</span> <span class='ocrx_word' id='word_1_1802' title='bbox 1729 3014 1821 3031; x_wconf 87' lang='lat' dir='ltr'>omnes</span> <span class='ocrx_word' id='word_1_1803' title='bbox 1841 3005 1870 3031; x_wconf 88' lang='lat' dir='ltr'>in</span> <span class='ocrx_word' id='word_1_1804' title='bbox 1889 3005 1939 3031; x_wconf 92' lang='lat' dir='ltr'>illo</span> <span class='ocrx_word' id='word_1_1805' title='bbox 1952 3004 2040 3031; x_wconf 90' lang='lat' dir='ltr'>subito</span> <span class='ocrx_word' id='word_1_1806' title='bbox 2059 3005 2165 3040; x_wconf 84' lang='lat' dir='ltr'>pictatis</span> <span class='ocrx_word' id='word_1_1807' title='bbox 2185 3004 2271 3031; x_wconf 85' lang='lat' dir='ltr'>calore</span> <span class='ocrx_word' id='word_1_1808' title='bbox 2291 3003 2444 3038; x_wconf 72' lang='lat' dir='ltr'>struamus,</span> 
     </span>
     <span class='ocr_line' id='line_1_201' title="bbox 1380 3039 2444 3075; baseline -0.005 -7"><span class='ocrx_word' id='word_1_1809' title='bbox 1380 3040 1432 3068; x_wconf 84' lang='lat' dir='ltr'>hoc</span> <span class='ocrx_word' id='word_1_1810' title='bbox 1446 3039 1540 3074; x_wconf 74' lang='lat' dir='ltr'>singuli</span> <span class='ocrx_word' id='word_1_1811' title='bbox 1556 3049 1663 3075; x_wconf 82' lang='lat' dir='ltr'>quoque</span> <span class='ocrx_word' id='word_1_1812' title='bbox 1676 3041 1798 3068; x_wconf 84' lang='lat' dir='ltr'>meditati</span> <span class='ocrx_word' id='word_1_1813' title='bbox 1813 3048 1958 3075; x_wconf 84' lang='lat' dir='ltr'>teneamus,</span> <span class='ocrx_word' id='word_1_1814' title='bbox 1979 3049 2022 3069; x_wconf 82' lang='lat' dir='ltr'>etc.</span> <span class='ocrx_word' id='word_1_1815' title='bbox 2096 3040 2237 3074; x_wconf 87' lang='lat' dir='ltr'>Meditati,</span> <span class='ocrx_word' id='word_1_1816' title='bbox 2264 3042 2283 3066; x_wconf 80' lang='lat' dir='ltr'>i.</span> <span class='ocrx_word' id='word_1_1817' title='bbox 2306 3041 2444 3074; x_wconf 78' lang='lat' dir='ltr'>Praepara-</span> 
     </span>
     <span class='ocr_line' id='line_1_202' title="bbox 1379 3075 2443 3112; baseline -0.001 -10"><span class='ocrx_word' id='word_1_1818' title='bbox 1379 3084 1407 3102; x_wconf 84' lang='lat' dir='ltr'>ta</span> <span class='ocrx_word' id='word_1_1819' title='bbox 1418 3079 1539 3102; x_wconf 76' lang='lat' dir='ltr'>oratione.</span> <span class='ocrx_word' id='word_1_1820' title='bbox 1613 3077 1736 3103; x_wconf 87' lang='lat' dir='ltr'>Meditati</span> <span class='ocrx_word' id='word_1_1821' title='bbox 1752 3078 1783 3103; x_wconf 88' lang='lat' dir='ltr'>ad</span> <span class='ocrx_word' id='word_1_1822' title='bbox 1799 3077 1941 3104; x_wconf 84' lang='lat' dir='ltr'>dicendum</span> <span class='ocrx_word' id='word_1_1823' title='bbox 1957 3077 2094 3112; x_wconf 82' lang='lat' dir='ltr'>paratique</span> <span class='ocrx_word' id='word_1_1824' title='bbox 2108 3077 2233 3103; x_wconf 84' lang='lat' dir='ltr'>venimus</span> <span class='ocrx_word' id='word_1_1825' title='bbox 2259 3075 2315 3102; x_wconf 88' lang='lat' dir='ltr'>Cic.</span> <span class='ocrx_word' id='word_1_1826' title='bbox 2336 3076 2414 3102; x_wconf 91' lang='lat' dir='ltr'>Verr.</span> <span class='ocrx_word' id='word_1_1827' title='bbox 2429 3085 2443 3102; x_wconf 69' lang='grc' dir='ltr'>ε</span> 
     </span>
     <span class='ocr_line' id='line_1_203' title="bbox 1512 3111 2445 3148; baseline -0.002 -10"><span class='ocrx_word' id='word_1_1828' title='bbox 1512 3112 1586 3139; x_wconf 84' lang='lat' dir='ltr'>Ideni</span> <span class='ocrx_word' id='word_1_1829' title='bbox 1602 3122 1652 3147; x_wconf 89' lang='lat' dir='ltr'>pro</span> <span class='ocrx_word' id='word_1_1830' title='bbox 1666 3113 1760 3146; x_wconf 80' lang='lat' dir='ltr'>Qiint.</span> <span class='ocrx_word' id='word_1_1831' title='bbox 1773 3123 1801 3147; x_wconf 83' lang='lat'>39</span> <span class='ocrx_word' id='word_1_1832' title='bbox 1822 3115 1853 3141; x_wconf 92' lang='lat' dir='ltr'>In</span> <span class='ocrx_word' id='word_1_1833' title='bbox 1868 3113 1989 3140; x_wconf 85' lang='lat' dir='ltr'>Siciliain</span> <span class='ocrx_word' id='word_1_1834' title='bbox 2004 3120 2110 3148; x_wconf 86' lang='lat' dir='ltr'>paratus</span> <span class='ocrx_word' id='word_1_1835' title='bbox 2123 3113 2155 3138; x_wconf 89' lang='lat' dir='ltr'>ad</span> <span class='ocrx_word' id='word_1_1836' title='bbox 2175 3111 2314 3146; x_wconf 84' lang='lat' dir='ltr'>praedam,</span> <span class='ocrx_word' id='word_1_1837' title='bbox 2333 3111 2445 3137; x_wconf 87' lang='lat' dir='ltr'>medita-</span> 
     </span>
     <span class='ocr_line' id='line_1_204' title="bbox 1379 3147 2443 3184; baseline -0.003 -8"><span class='ocrx_word' id='word_1_1838' title='bbox 1379 3155 1472 3181; x_wconf 80' lang='lat' dir='ltr'>uisque</span> <span class='ocrx_word' id='word_1_1839' title='bbox 1486 3149 1581 3175; x_wconf 80' lang='lat' dir='ltr'>venire</span> <span class='ocrx_word' id='word_1_1840' title='bbox 1596 3149 1727 3184; x_wconf 85' lang='lat' dir='ltr'>cupiebat.</span> <span class='ocrx_word' id='word_1_1841' title='bbox 1970 3159 1982 3176; x_wconf 87' lang='lat'>2</span> <span class='ocrx_word' id='word_1_1842' title='bbox 2002 3149 2154 3181; x_wconf 84' lang='lat' dir='ltr'>Meditatus‚</span> <span class='ocrx_word' id='word_1_1843' title='bbox 2176 3148 2395 3181; x_wconf 66' lang='grc' dir='ltr'><strong>[μεμελετημένως]</strong></span> <span class='ocrx_word' id='word_1_1844' title='bbox 2414 3147 2443 3173; x_wconf 77' lang='lat' dir='ltr'>in</span> 
     </span>
     <span class='ocr_line' id='line_1_205' title="bbox 1376 3182 2445 3221; baseline 0 -11"><span class='ocrx_word' id='word_1_1845' title='bbox 1376 3183 1667 3221; x_wconf 55' lang='lat' dir='ltr'>paffiuastgnificatione</span> <span class='ocrx_word' id='word_1_1846' title='bbox 1682 3186 1750 3213; x_wconf 86' lang='lat' dir='ltr'>Ter.</span> <span class='ocrx_word' id='word_1_1847' title='bbox 1760 3184 1866 3213; x_wconf 88' lang='lat' dir='ltr'>Phorm.</span> <span class='ocrx_word' id='word_1_1848' title='bbox 1882 3197 1900 3217; x_wconf 94' lang='grc'>1,</span> <span class='ocrx_word' id='word_1_1849' title='bbox 1914 3194 1937 3219; x_wconf 85' lang='grc' dir='ltr'>ς,</span> <span class='ocrx_word' id='word_1_1850' title='bbox 1952 3191 1978 3215; x_wconf 81' lang='grc'>18</span> <span class='ocrx_word' id='word_1_1851' title='bbox 1998 3184 2126 3211; x_wconf 81' lang='lat' dir='ltr'>Meditata</span> <span class='ocrx_word' id='word_1_1852' title='bbox 2134 3183 2201 3209; x_wconf 91' lang='lat' dir='ltr'>mihi</span> <span class='ocrx_word' id='word_1_1853' title='bbox 2215 3184 2273 3209; x_wconf 88' lang='lat' dir='ltr'>sunt</span> <span class='ocrx_word' id='word_1_1854' title='bbox 2287 3182 2378 3209; x_wconf 89' lang='lat' dir='ltr'>omnia</span> <span class='ocrx_word' id='word_1_1855' title='bbox 2385 3191 2445 3210; x_wconf 77' lang='lat' dir='ltr'>mea</span> 
     </span>
     <span class='ocr_line' id='line_1_206' title="bbox 1378 3219 2442 3255; baseline -0.003 -7"><span class='ocrx_word' id='word_1_1856' title='bbox 1378 3220 1561 3248; x_wconf 82' lang='lat' dir='ltr'>incommoda.</span> <span class='ocrx_word' id='word_1_1857' title='bbox 1635 3221 1691 3247; x_wconf 92' lang='lat' dir='ltr'>Cic.</span> <span class='ocrx_word' id='word_1_1858' title='bbox 1707 3222 1759 3248; x_wconf 81' lang='lat' dir='ltr'>Off.</span> <span class='ocrx_word' id='word_1_1859' title='bbox 1783 3233 1806 3255; x_wconf 84' lang='grc'>1,</span> <span class='ocrx_word' id='word_1_1860' title='bbox 1826 3232 1852 3255; x_wconf 80' lang='lat'>27</span> <span class='ocrx_word' id='word_1_1861' title='bbox 1872 3221 1989 3250; x_wconf 81' lang='lat' dir='ltr'>Leuiora</span> <span class='ocrx_word' id='word_1_1862' title='bbox 2005 3220 2078 3246; x_wconf 89' lang='lat' dir='ltr'>enim</span> <span class='ocrx_word' id='word_1_1863' title='bbox 2094 3220 2152 3246; x_wconf 88' lang='lat' dir='ltr'>sunt</span> <span class='ocrx_word' id='word_1_1864' title='bbox 2166 3228 2205 3252; x_wconf 86' lang='lat' dir='ltr'>ea,</span> <span class='ocrx_word' id='word_1_1865' title='bbox 2218 3228 2284 3253; x_wconf 88' lang='lat' dir='ltr'>quae</span> <span class='ocrx_word' id='word_1_1866' title='bbox 2298 3219 2442 3254; x_wconf 85' lang='lat' dir='ltr'>repentino</span> 
     </span>
     <span class='ocr_line' id='line_1_207' title="bbox 1378 3255 2442 3292; baseline -0.003 -8"><span class='ocrx_word' id='word_1_1867' title='bbox 1378 3257 1469 3292; x_wconf 85' lang='lat' dir='ltr'>aliquo</span> <span class='ocrx_word' id='word_1_1868' title='bbox 1482 3263 1556 3282; x_wconf 86' lang='lat' dir='ltr'>motu</span> <span class='ocrx_word' id='word_1_1869' title='bbox 1571 3257 1703 3291; x_wconf 82' lang='lat' dir='ltr'>accidunt,</span> <span class='ocrx_word' id='word_1_1870' title='bbox 1723 3267 1802 3292; x_wconf 85' lang='lat' dir='ltr'>quain</span> <span class='ocrx_word' id='word_1_1871' title='bbox 1815 3267 1854 3290; x_wconf 86' lang='lat' dir='ltr'>ea,</span> <span class='ocrx_word' id='word_1_1872' title='bbox 1863 3266 1929 3292; x_wconf 84' lang='lat' dir='ltr'>quae</span> <span class='ocrx_word' id='word_1_1873' title='bbox 1944 3256 2068 3282; x_wconf 89' lang='lat' dir='ltr'>meditata</span> <span class='ocrx_word' id='word_1_1874' title='bbox 2081 3261 2107 3282; x_wconf 89' lang='lat' dir='ltr'>ct</span> <span class='ocrx_word' id='word_1_1875' title='bbox 2120 3262 2272 3290; x_wconf 85' lang='lat' dir='ltr'>praeparata</span> <span class='ocrx_word' id='word_1_1876' title='bbox 2279 3255 2442 3281; x_wconf 87' lang='lat' dir='ltr'>inferuntur.</span> 
     </span>
    </p>
   </div>
   <div class='ocr_carea' id='block_1_41' title="bbox 1336 3289 2442 3334">
    <p class='ocr_par' dir='ltr' id='par_1_61' title="bbox 1336 3289 2442 3334">
     <span class='ocr_line' id='line_1_208' title="bbox 1336 3289 2442 3334; baseline -0.005 -14"><span class='ocrx_word' id='word_1_1877' title='bbox 1336 3304 1365 3334; x_wconf 67' lang='grc'>8)-</span> <span class='ocrx_word' id='word_1_1878' title='bbox 1381 3295 1411 3320; x_wconf 87' lang='lat' dir='ltr'>Et</span> <span class='ocrx_word' id='word_1_1879' title='bbox 1431 3292 1509 3319; x_wconf 87' lang='lat' dir='ltr'>Catil.</span> <span class='ocrx_word' id='word_1_1880' title='bbox 1524 3302 1541 3326; x_wconf 90' lang='lat' dir='ltr'>i,</span> <span class='ocrx_word' id='word_1_1881' title='bbox 1556 3294 1585 3318; x_wconf 83' lang='lat'>26</span> <span class='ocrx_word' id='word_1_1882' title='bbox 1606 3303 1626 3320; x_wconf 84' lang='lat' dir='ltr'>c.</span> <span class='ocrx_word' id='word_1_1883' title='bbox 1644 3304 1671 3320; x_wconf 87' lang='grc'>10</span> <span class='ocrx_word' id='word_1_1884' title='bbox 1693 3294 1732 3321; x_wconf 89' lang='lat' dir='ltr'>Ad</span> <span class='ocrx_word' id='word_1_1885' title='bbox 1745 3294 1824 3320; x_wconf 85' lang='lat' dir='ltr'>huius</span> <span class='ocrx_word' id='word_1_1886' title='bbox 1838 3294 1909 3320; x_wconf 83' lang='lat' dir='ltr'>vitae</span> <span class='ocrx_word' id='word_1_1887' title='bbox 1925 3292 2041 3318; x_wconf 88' lang='lat' dir='ltr'>studium</span> <span class='ocrx_word' id='word_1_1888' title='bbox 2056 3291 2178 3318; x_wconf 84' lang='lat' dir='ltr'>meditati</span> <span class='ocrx_word' id='word_1_1889' title='bbox 2196 3291 2238 3318; x_wconf 93' lang='lat' dir='ltr'>illi</span> <span class='ocrx_word' id='word_1_1890' title='bbox 2253 3292 2324 3326; x_wconf 85' lang='lat' dir='ltr'>sunt,</span> <span class='ocrx_word' id='word_1_1891' title='bbox 2342 3291 2389 3325; x_wconf 86' lang='lat' dir='ltr'>qui</span> <span class='ocrx_word' id='word_1_1892' title='bbox 2403 3289 2442 3315; x_wconf 86' lang='lat' dir='ltr'>fe.</span> 
     </span>
    </p>
   </div>
   <div class='ocr_carea' id='block_1_42' title="bbox 1381 3326 2471 3653">
    <p class='ocr_par' dir='ltr' id='par_1_62' title="bbox 1381 3326 2471 3581">
     <span class='ocr_line' id='line_1_209' title="bbox 1382 3326 2471 3363; baseline -0.005 -6"><span class='ocrx_word' id='word_1_1893' title='bbox 1382 3335 1486 3361; x_wconf 77' lang='lat' dir='ltr'>runnu,</span> <span class='ocrx_word' id='word_1_1894' title='bbox 1508 3328 1612 3355; x_wconf 85' lang='lat' dir='ltr'>labores</span> <span class='ocrx_word' id='word_1_1895' title='bbox 1629 3330 1678 3357; x_wconf 86' lang='lat' dir='ltr'>tui.</span> <span class='ocrx_word' id='word_1_1896' title='bbox 1752 3332 1783 3355; x_wconf 79' lang='lat' dir='ltr'>Et</span> <span class='ocrx_word' id='word_1_1897' title='bbox 1796 3329 1828 3355; x_wconf 90' lang='lat' dir='ltr'>de</span> <span class='ocrx_word' id='word_1_1898' title='bbox 1843 3329 1934 3363; x_wconf 87' lang='lat' dir='ltr'>Arusp.</span> <span class='ocrx_word' id='word_1_1899' title='bbox 1955 3328 2031 3362; x_wconf 82' lang='lat' dir='ltr'>Resp.</span> <span class='ocrx_word' id='word_1_1900' title='bbox 2052 3338 2079 3359; x_wconf 84' lang='lat'>55</span> <span class='ocrx_word' id='word_1_1901' title='bbox 2105 3329 2287 3354; x_wconf 85' lang='lat' dir='ltr'>Veruntamen</span> <span class='ocrx_word' id='word_1_1902' title='bbox 2299 3326 2439 3353; x_wconf 60' lang='lat' dir='ltr'>noant-nis</span> <span class='ocrx_word' id='word_1_1903' title='bbox 2466 3329 2471 3335; x_wconf 65' lang='lat'>²</span> 
     </span>
     <span class='ocr_line' id='line_1_210' title="bbox 1382 3361 2441 3400; baseline -0.005 -8"><span class='ocrx_word' id='word_1_1904' title='bbox 1382 3364 1483 3400; x_wconf 80' lang='lat' dir='ltr'>vigiliis</span> <span class='ocrx_word' id='word_1_1905' title='bbox 1497 3364 1564 3390; x_wconf 89' lang='lat' dir='ltr'>illud</span> <span class='ocrx_word' id='word_1_1906' title='bbox 1579 3372 1734 3400; x_wconf 77' lang='lat' dir='ltr'>conceptum</span> <span class='ocrx_word' id='word_1_1907' title='bbox 1748 3374 1776 3391; x_wconf 88' lang='lat' dir='ltr'>ac</span> <span class='ocrx_word' id='word_1_1908' title='bbox 1790 3364 1946 3391; x_wconf 86' lang='lat' dir='ltr'>meditatum</span> <span class='ocrx_word' id='word_1_1909' title='bbox 1959 3363 2003 3390; x_wconf 85' lang='lat' dir='ltr'>est.</span> <span class='ocrx_word' id='word_1_1910' title='bbox 2074 3364 2112 3390; x_wconf 91' lang='lat' dir='ltr'>Id.</span> <span class='ocrx_word' id='word_1_1911' title='bbox 2127 3363 2193 3390; x_wconf 93' lang='lat' dir='ltr'>ibid.</span> <span class='ocrx_word' id='word_1_1912' title='bbox 2208 3373 2219 3396; x_wconf 86' lang='lat'><em>3</em></span> <span class='ocrx_word' id='word_1_1913' title='bbox 2238 3373 2258 3390; x_wconf 92' lang='lat' dir='ltr'>c.</span> <span class='ocrx_word' id='word_1_1914' title='bbox 2280 3374 2287 3390; x_wconf 92' lang='grc'>1</span> <span class='ocrx_word' id='word_1_1915' title='bbox 2309 3361 2387 3389; x_wconf 86' lang='lat' dir='ltr'>Nihil</span> <span class='ocrx_word' id='word_1_1916' title='bbox 2402 3362 2441 3388; x_wconf 84' lang='lat' dir='ltr'>fc-</span> 
     </span>
     <span class='ocr_line' id='line_1_211' title="bbox 1383 3397 2443 3432; baseline -0.003 -4"><span class='ocrx_word' id='word_1_1917' title='bbox 1383 3402 1476 3429; x_wconf 88' lang='lat' dir='ltr'>cinon</span> <span class='ocrx_word' id='word_1_1918' title='bbox 1489 3400 1534 3427; x_wconf 89' lang='lat' dir='ltr'>diu</span> <span class='ocrx_word' id='word_1_1919' title='bbox 1549 3401 1741 3428; x_wconf 67' lang='lat' dir='ltr'>consideratum</span> <span class='ocrx_word' id='word_1_1920' title='bbox 1754 3407 1780 3427; x_wconf 90' lang='lat' dir='ltr'>et</span> <span class='ocrx_word' id='word_1_1921' title='bbox 1801 3400 1887 3427; x_wconf 86' lang='lat' dir='ltr'>multo</span> <span class='ocrx_word' id='word_1_1922' title='bbox 1906 3407 1966 3426; x_wconf 87' lang='lat' dir='ltr'>ante</span> <span class='ocrx_word' id='word_1_1923' title='bbox 1986 3399 2152 3426; x_wconf 85' lang='lat' dir='ltr'>meditatum.</span> <span class='ocrx_word' id='word_1_1924' title='bbox 2226 3399 2263 3426; x_wconf 89' lang='lat' dir='ltr'>Id.</span> <span class='ocrx_word' id='word_1_1925' title='bbox 2283 3397 2396 3431; x_wconf 86' lang='lat' dir='ltr'>Philipp.</span> <span class='ocrx_word' id='word_1_1926' title='bbox 2418 3407 2443 3432; x_wconf 86' lang='lat'>2,</span> 
     </span>
     <span class='ocr_line' id='line_1_212' title="bbox 1381 3432 2442 3470; baseline -0.001 -7"><span class='ocrx_word' id='word_1_1927' title='bbox 1381 3445 1409 3469; x_wconf 81' lang='lat'>85</span> <span class='ocrx_word' id='word_1_1928' title='bbox 1422 3447 1443 3464; x_wconf 92' lang='lat' dir='ltr'>c.</span> <span class='ocrx_word' id='word_1_1929' title='bbox 1458 3446 1486 3469; x_wconf 80' lang='lat'>54</span> <span class='ocrx_word' id='word_1_1930' title='bbox 1506 3436 1635 3463; x_wconf 80' lang='lat' dir='ltr'>Attuleras</span> <span class='ocrx_word' id='word_1_1931' title='bbox 1650 3437 1732 3463; x_wconf 87' lang='lat' dir='ltr'>domo</span> <span class='ocrx_word' id='word_1_1932' title='bbox 1745 3437 1901 3463; x_wconf 84' lang='lat' dir='ltr'>meditatum</span> <span class='ocrx_word' id='word_1_1933' title='bbox 1915 3443 1940 3463; x_wconf 90' lang='lat' dir='ltr'>et</span> <span class='ocrx_word' id='word_1_1934' title='bbox 1954 3437 2100 3470; x_wconf 81' lang='lat' dir='ltr'>cogitatum</span> <span class='ocrx_word' id='word_1_1935' title='bbox 2114 3437 2204 3463; x_wconf 89' lang='lat' dir='ltr'>scelus.</span> <span class='ocrx_word' id='word_1_1936' title='bbox 2275 3433 2312 3461; x_wconf 83' lang='lat' dir='ltr'>Id.</span> <span class='ocrx_word' id='word_1_1937' title='bbox 2325 3432 2356 3459; x_wconf 75' lang='lat' dir='ltr'>de</span> <span class='ocrx_word' id='word_1_1938' title='bbox 2365 3435 2442 3461; x_wconf 84' lang='lat' dir='ltr'>Orat.</span> 
     </span>
     <span class='ocr_line' id='line_1_213' title="bbox 2144 3469 2441 3502; baseline -0.003 -4"><span class='ocrx_word' id='word_1_1939' title='bbox 2144 3473 2213 3498; x_wconf 83' lang='lat' dir='ltr'>Add.</span> <span class='ocrx_word' id='word_1_1940' title='bbox 2231 3469 2270 3497; x_wconf 88' lang='lat' dir='ltr'>Id.</span> <span class='ocrx_word' id='word_1_1941' title='bbox 2284 3469 2366 3497; x_wconf 83' lang='lat' dir='ltr'>Tusc.</span> <span class='ocrx_word' id='word_1_1942' title='bbox 2385 3479 2396 3502; x_wconf 87' lang='lat'>3</span> <span class='ocrx_word' id='word_1_1943' title='bbox 2418 3479 2441 3498; x_wconf 86' lang='lat' dir='ltr'>c.</span> 
     </span>
     <span class='ocr_line' id='line_1_214' title="bbox 1381 3504 2442 3544; baseline -0.001 -9"><span class='ocrx_word' id='word_1_1944' title='bbox 1381 3520 1412 3542; x_wconf 70' lang='lat'>¹4-</span> <span class='ocrx_word' id='word_1_1945' title='bbox 1485 3507 1610 3536; x_wconf 77' lang='lat' dir='ltr'>Meditata</span> <span class='ocrx_word' id='word_1_1946' title='bbox 1629 3509 1716 3535; x_wconf 82' lang='lat' dir='ltr'>oratio</span> <span class='ocrx_word' id='word_1_1947' title='bbox 1741 3509 1832 3535; x_wconf 80' lang='lat' dir='ltr'>Tacit.</span> <span class='ocrx_word' id='word_1_1948' title='bbox 1846 3511 1912 3535; x_wconf 80' lang='lat' dir='ltr'>Ann.</span> <span class='ocrx_word' id='word_1_1949' title='bbox 1937 3519 1976 3544; x_wconf 71' lang='lat'>¹4,</span> <span class='ocrx_word' id='word_1_1950' title='bbox 2004 3518 2040 3541; x_wconf 78' lang='lat'>55,</span> <span class='ocrx_word' id='word_1_1951' title='bbox 2058 3518 2075 3535; x_wconf 91' lang='grc'>1.</span> <span class='ocrx_word' id='word_1_1952' title='bbox 2169 3504 2314 3534; x_wconf 82' lang='lat' dir='ltr'>Consilium</span> <span class='ocrx_word' id='word_1_1953' title='bbox 2333 3517 2358 3539; x_wconf 79' lang='grc'>4,</span> <span class='ocrx_word' id='word_1_1954' title='bbox 2372 3515 2408 3539; x_wconf 86' lang='grc' dir='ltr'>ς7,</span> <span class='ocrx_word' id='word_1_1955' title='bbox 2422 3516 2442 3534; x_wconf 79' lang='lat' dir='ltr'>i.</span> 
     </span>
     <span class='ocr_line' id='line_1_215' title="bbox 1382 3540 2440 3581; baseline 0 -10"><span class='ocrx_word' id='word_1_1956' title='bbox 1382 3546 1497 3572; x_wconf 80' lang='lat' dir='ltr'>Carmen</span> <span class='ocrx_word' id='word_1_1957' title='bbox 1514 3543 1580 3571; x_wconf 89' lang='lat' dir='ltr'>Plin.</span> <span class='ocrx_word' id='word_1_1958' title='bbox 1596 3545 1655 3570; x_wconf 83' lang='lat' dir='ltr'>Pan.</span> <span class='ocrx_word' id='word_1_1959' title='bbox 1671 3554 1691 3576; x_wconf 83' lang='lat'>3.</span> <span class='ocrx_word' id='word_1_1960' title='bbox 1764 3545 1852 3572; x_wconf 87' lang='lat' dir='ltr'>Verba</span> <span class='ocrx_word' id='word_1_1961' title='bbox 1866 3545 1993 3572; x_wconf 87' lang='lat' dir='ltr'>meditata</span> <span class='ocrx_word' id='word_1_1962' title='bbox 2002 3552 2164 3581; x_wconf 84' lang='lat' dir='ltr'>componere</span> <span class='ocrx_word' id='word_1_1963' title='bbox 2177 3540 2257 3568; x_wconf 71' lang='lat' dir='ltr'>Ouid·</span> <span class='ocrx_word' id='word_1_1964' title='bbox 2273 3541 2336 3569; x_wconf 68' lang='lat' dir='ltr'>Met-</span> <span class='ocrx_word' id='word_1_1965' title='bbox 2351 3551 2377 3575; x_wconf 85' lang='lat'>9,</span> <span class='ocrx_word' id='word_1_1966' title='bbox 2384 3551 2440 3574; x_wconf 84' lang='lat'>520-</span> 
     </span>
    </p>

    <p class='ocr_par' dir='ltr' id='par_1_63' title="bbox 1381 3577 2440 3653">
     <span class='ocr_line' id='line_1_216' title="bbox 1418 3577 2440 3615; baseline -0.003 -8"><span class='ocrx_word' id='word_1_1967' title='bbox 1418 3588 1443 3607; x_wconf 84' lang='lat' dir='ltr'>M</span> <span class='ocrx_word' id='word_1_1968' title='bbox 1457 3588 1473 3607; x_wconf 80' lang='grc' dir='ltr'><strong>Ε</strong></span> <span class='ocrx_word' id='word_1_1969' title='bbox 1485 3586 1611 3607; x_wconf 82' lang='lat' dir='ltr'>Di&#39;rA&#39;r</span> <span class='ocrx_word' id='word_1_1970' title='bbox 1625 3586 1652 3607; x_wconf 84' lang='lat' dir='ltr'>E.</span> <span class='ocrx_word' id='word_1_1971' title='bbox 1676 3580 1741 3606; x_wconf 79' lang='lat' dir='ltr'>Adu-</span> <span class='ocrx_word' id='word_1_1972' title='bbox 1762 3581 1987 3615; x_wconf 70' lang='grc' dir='ltr'>[μεμελετημένως]</span> <span class='ocrx_word' id='word_1_1973' title='bbox 2009 3581 2088 3608; x_wconf 80' lang='lat' dir='ltr'>Plaut.</span> <span class='ocrx_word' id='word_1_1974' title='bbox 2103 3577 2193 3607; x_wconf 70' lang='lat' dir='ltr'>Baeth.</span> <span class='ocrx_word' id='word_1_1975' title='bbox 2216 3586 2236 3610; x_wconf 80' lang='lat'>3,</span> <span class='ocrx_word' id='word_1_1976' title='bbox 2256 3579 2280 3610; x_wconf 62' lang='lat' dir='ltr'>(i,</span> <span class='ocrx_word' id='word_1_1977' title='bbox 2301 3580 2327 3604; x_wconf 85' lang='grc'>16</span> <span class='ocrx_word' id='word_1_1978' title='bbox 2347 3578 2391 3604; x_wconf 79' lang='lat' dir='ltr'>Ne</span> <span class='ocrx_word' id='word_1_1979' title='bbox 2410 3584 2440 3604; x_wconf 70' lang='lat' dir='ltr'>nl</span> 
     </span>
     <span class='ocr_line' id='line_1_217' title="bbox 1381 3613 2440 3653; baseline -0.001 -10"><span class='ocrx_word' id='word_1_1980' title='bbox 1381 3616 1494 3643; x_wconf 89' lang='lat' dir='ltr'>illorum</span> <span class='ocrx_word' id='word_1_1981' title='bbox 1507 3624 1593 3644; x_wconf 76' lang='lat' dir='ltr'>mores</span> <span class='ocrx_word' id='word_1_1982' title='bbox 1608 3624 1736 3650; x_wconf 84' lang='lat' dir='ltr'>perquam</span> <span class='ocrx_word' id='word_1_1983' title='bbox 1751 3617 1876 3644; x_wconf 85' lang='lat' dir='ltr'>meditate</span> <span class='ocrx_word' id='word_1_1984' title='bbox 1891 3624 1974 3645; x_wconf 84' lang='lat' dir='ltr'>tenes.</span> <span class='ocrx_word' id='word_1_1985' title='bbox 2046 3614 2130 3653; x_wconf 76' lang='lat' dir='ltr'>Qast</span> <span class='ocrx_word' id='word_1_1986' title='bbox 2137 3615 2217 3643; x_wconf 70' lang='lat' dir='ltr'>dicat,</span> <span class='ocrx_word' id='word_1_1987' title='bbox 2233 3614 2310 3639; x_wconf 66' lang='lat' dir='ltr'>Probe</span> <span class='ocrx_word' id='word_1_1988' title='bbox 2324 3613 2394 3640; x_wconf 80' lang='lat' dir='ltr'>calles</span> <span class='ocrx_word' id='word_1_1989' title='bbox 2406 3614 2440 3639; x_wconf 87' lang='lat' dir='ltr'>il-</span> 
     </span>
    </p>
   </div>
   <div class='ocr_carea' id='block_1_43' title="bbox 263 3648 2440 3691">
    <p class='ocr_par' dir='ltr' id='par_1_64' title="bbox 263 3648 2440 3691">
     <span class='ocr_line' id='line_1_218' title="bbox 263 3648 2440 3691; baseline -0.005 -8"><span class='ocrx_word' id='word_1_1990' title='bbox 263 3667 284 3691; x_wconf 79' lang='lat'>3,</span> <span class='ocrx_word' id='word_1_1991' title='bbox 304 3666 338 3683; x_wconf 73' lang='grc'>113</span> <span class='ocrx_word' id='word_1_1992' title='bbox 357 3666 377 3684; x_wconf 84' lang='lat' dir='ltr'>c.</span> <span class='ocrx_word' id='word_1_1993' title='bbox 392 3666 419 3688; x_wconf 78' lang='grc'>47</span> <span class='ocrx_word' id='word_1_1994' title='bbox 442 3658 471 3682; x_wconf 79' lang='lat' dir='ltr'>ln</span> <span class='ocrx_word' id='word_1_1995' title='bbox 486 3656 576 3688; x_wconf 66' lang='lat' dir='ltr'>ingere</span> <span class='ocrx_word' id='word_1_1996' title='bbox 591 3655 718 3682; x_wconf 84' lang='lat' dir='ltr'>Leontini</span> <span class='ocrx_word' id='word_1_1997' title='bbox 737 3656 793 3689; x_wconf 73' lang='lat' dir='ltr'>agri</span> <span class='ocrx_word' id='word_1_1998' title='bbox 808 3655 974 3682; x_wconf 87' lang='lat' dir='ltr'>medimnum</span> <span class='ocrx_word' id='word_1_1999' title='bbox 991 3653 1047 3679; x_wconf 85' lang='lat' dir='ltr'>fere</span> <span class='ocrx_word' id='word_1_2000' title='bbox 1060 3649 1248 3678; x_wconf 76' lang='lat' dir='ltr'>triticiser&#39;itur</span> <span class='ocrx_word' id='word_1_2001' title='bbox 1263 3657 1319 3682; x_wconf 83' lang='lat' dir='ltr'>per·</span> <span class='ocrx_word' id='word_1_2002' title='bbox 1335 3663 1364 3687; x_wconf 70' lang='lat'>95</span> <span class='ocrx_word' id='word_1_2003' title='bbox 1380 3654 1459 3679; x_wconf 66' lang='lat' dir='ltr'>lorum</span> <span class='ocrx_word' id='word_1_2004' title='bbox 1478 3662 1569 3685; x_wconf 80' lang='lat' dir='ltr'>mores,</span> <span class='ocrx_word' id='word_1_2005' title='bbox 1591 3660 1618 3677; x_wconf 82' lang='lat' dir='ltr'>tu</span> <span class='ocrx_word' id='word_1_2006' title='bbox 1639 3652 1690 3678; x_wconf 73' lang='lat' dir='ltr'>illos</span> <span class='ocrx_word' id='word_1_2007' title='bbox 1708 3655 1743 3684; x_wconf 73' lang='lat' dir='ltr'>acl</span> <span class='ocrx_word' id='word_1_2008' title='bbox 1760 3663 1865 3689; x_wconf 67' lang='lat' dir='ltr'>*unguem</span> <span class='ocrx_word' id='word_1_2009' title='bbox 1882 3653 1958 3689; x_wconf 70' lang='lat' dir='ltr'>nisti,</span> <span class='ocrx_word' id='word_1_2010' title='bbox 1987 3663 2019 3679; x_wconf 73' lang='lat' dir='ltr'>ex</span> <span class='ocrx_word' id='word_1_2011' title='bbox 2036 3653 2108 3689; x_wconf 53' lang='lat' dir='ltr'>longa</span> <span class='ocrx_word' id='word_1_2012' title='bbox 2128 3648 2287 3675; x_wconf 71' lang='lat' dir='ltr'>nuditatione</span> <span class='ocrx_word' id='word_1_2013' title='bbox 2311 3655 2337 3675; x_wconf 80' lang='lat' dir='ltr'>et</span> <span class='ocrx_word' id='word_1_2014' title='bbox 2351 3649 2440 3685; x_wconf 84' lang='lat' dir='ltr'>vsufi.</span> 
     </span>
    </p>
   </div>
   <div class='ocr_carea' id='block_1_44' title="bbox 262 3686 1322 3822">
    <p class='ocr_par' dir='ltr' id='par_1_65' title="bbox 262 3686 1322 3822">
     <span class='ocr_line' id='line_1_219' title="bbox 262 3686 1319 3728; baseline -0.01 -9"><span class='ocrx_word' id='word_1_2015' title='bbox 262 3699 341 3728; x_wconf 86' lang='lat' dir='ltr'>petua</span> <span class='ocrx_word' id='word_1_2016' title='bbox 354 3698 430 3726; x_wconf 85' lang='lat' dir='ltr'>atquc</span> <span class='ocrx_word' id='word_1_2017' title='bbox 444 3690 577 3724; x_wconf 77' lang='lat' dir='ltr'>aequabili</span> <span class='ocrx_word' id='word_1_2018' title='bbox 591 3692 708 3721; x_wconf 75' lang='lat' dir='ltr'>saxione3</span> <span class='ocrx_word' id='word_1_2019' title='bbox 727 3699 788 3724; x_wconf 81' lang='lat' dir='ltr'>ager</span> <span class='ocrx_word' id='word_1_2020' title='bbox 801 3691 891 3724; x_wconf 71' lang='lat' dir='ltr'>efficit,</span> <span class='ocrx_word' id='word_1_2021' title='bbox 911 3699 971 3718; x_wconf 90' lang='lat' dir='ltr'>cum</span> <span class='ocrx_word' id='word_1_2022' title='bbox 984 3688 1082 3715; x_wconf 73' lang='grc'>0613110</span> <span class='ocrx_word' id='word_1_2023' title='bbox 1095 3686 1162 3712; x_wconf 84' lang='lat' dir='ltr'>bene</span> <span class='ocrx_word' id='word_1_2024' title='bbox 1178 3690 1319 3723; x_wconf 76' lang='lat' dir='ltr'>vtagatur:</span> 
     </span>
     <span class='ocr_line' id='line_1_220' title="bbox 264 3719 1320 3760; baseline -0.01 -5"><span class='ocrx_word' id='word_1_2025' title='bbox 264 3738 357 3756; x_wconf 83' lang='lat' dir='ltr'>verum</span> <span class='ocrx_word' id='word_1_2026' title='bbox 372 3734 399 3753; x_wconf 83' lang='lat' dir='ltr'>vt</span> <span class='ocrx_word' id='word_1_2027' title='bbox 414 3736 505 3753; x_wconf 69' lang='lat' dir='ltr'>onmes</span> <span class='ocrx_word' id='word_1_2028' title='bbox 519 3727 556 3752; x_wconf 88' lang='lat' dir='ltr'>dii</span> <span class='ocrx_word' id='word_1_2029' title='bbox 577 3727 718 3760; x_wconf 88' lang='lat' dir='ltr'>adiuuent,</span> <span class='ocrx_word' id='word_1_2030' title='bbox 740 3735 799 3752; x_wconf 87' lang='lat' dir='ltr'>cum</span> <span class='ocrx_word' id='word_1_2031' title='bbox 819 3726 940 3754; x_wconf 82' lang='lat' dir='ltr'>decimo:</span> <span class='ocrx_word' id='word_1_2032' title='bbox 975 3724 1047 3759; x_wconf 84' lang='lat' dir='ltr'>qnod</span> <span class='ocrx_word' id='word_1_2033' title='bbox 1063 3723 1196 3758; x_wconf 81' lang='lat' dir='ltr'>siquando</span> <span class='ocrx_word' id='word_1_2034' title='bbox 1215 3719 1320 3759; x_wconf 76' lang='lat' dir='ltr'>accidit,</span> 
     </span>
     <span class='ocr_line' id='line_1_221' title="bbox 265 3760 1320 3818; baseline -0.009 -26"><span class='ocrx_word' id='word_1_2035' title='bbox 265 3771 319 3792; x_wconf 83' lang='lat' dir='ltr'>tum</span> <span class='ocrx_word' id='word_1_2036' title='bbox 333 3764 372 3793; x_wconf 72' lang='lat' dir='ltr'>fit,</span> <span class='ocrx_word' id='word_1_2037' title='bbox 386 3771 414 3789; x_wconf 77' lang='lat' dir='ltr'>vt</span> <span class='ocrx_word' id='word_1_2038' title='bbox 430 3768 530 3789; x_wconf 79' lang='lat' dir='ltr'>tantum</span> <span class='ocrx_word' id='word_1_2039' title='bbox 544 3763 670 3789; x_wconf 82' lang='lat' dir='ltr'>decumae</span> <span class='ocrx_word' id='word_1_2040' title='bbox 685 3762 724 3796; x_wconf 87' lang='lat' dir='ltr'>sit,</span> <span class='ocrx_word' id='word_1_2041' title='bbox 746 3769 873 3796; x_wconf 85' lang='lat' dir='ltr'>quantum</span> <span class='ocrx_word' id='word_1_2042' title='bbox 888 3761 999 3790; x_wconf 83' lang='lat' dir='ltr'>seueris:</span> <span class='ocrx_word' id='word_1_2043' title='bbox 1019 3760 1069 3788; x_wconf 84' lang='lat' dir='ltr'>hoc</span> <span class='ocrx_word' id='word_1_2044' title='bbox 1086 3760 1137 3792; x_wconf 83' lang='lat' dir='ltr'>est,</span> <span class='ocrx_word' id='word_1_2045' title='bbox 1157 3765 1185 3785; x_wconf 79' lang='lat' dir='ltr'>vt</span> <span class='ocrx_word' id='word_1_2046' title='bbox 1200 3762 1320 3818; x_wconf 55' lang='lat' dir='ltr'>quoteni-</span> 
     </span>
     <span class='ocr_line' id='line_1_222' title="bbox 1101 3795 1322 3822; baseline -0.009 0"><span class='ocrx_word' id='word_1_2047' title='bbox 1101 3796 1198 3822; x_wconf 85' lang='lat' dir='ltr'>Auson.</span> <span class='ocrx_word' id='word_1_2048' title='bbox 1218 3795 1246 3821; x_wconf 79' lang='lat' dir='ltr'>in</span> <span class='ocrx_word' id='word_1_2049' title='bbox 1287 3800 1322 3817; x_wconf 77' lang='grc' dir='ltr'>Π-</span> 
     </span>
    </p>
   </div>
   <div class='ocr_carea' id='block_1_45' title="bbox 262 3797 1113 3938">
    <p class='ocr_par' dir='ltr' id='par_1_66' title="bbox 263 3797 1064 3835">
     <span class='ocr_line' id='line_1_223' title="bbox 263 3797 1064 3835; baseline -0.005 -8"><span class='ocrx_word' id='word_1_2050' title='bbox 263 3809 326 3835; x_wconf 68' lang='lat' dir='ltr'>gera</span> <span class='ocrx_word' id='word_1_2051' title='bbox 339 3801 397 3826; x_wconf 89' lang='lat' dir='ltr'>sunt</span> <span class='ocrx_word' id='word_1_2052' title='bbox 410 3800 469 3830; x_wconf 73' lang='lat' dir='ltr'>sata,</span> <span class='ocrx_word' id='word_1_2053' title='bbox 489 3799 601 3825; x_wconf 88' lang='lat' dir='ltr'>totidem</span> <span class='ocrx_word' id='word_1_2054' title='bbox 616 3799 752 3825; x_wconf 84' lang='lat' dir='ltr'>medimna</span> <span class='ocrx_word' id='word_1_2055' title='bbox 767 3797 891 3826; x_wconf 79' lang='lat' dir='ltr'>decumae</span> <span class='ocrx_word' id='word_1_2056' title='bbox 910 3798 1064 3828; x_wconf 82' lang='lat' dir='ltr'>debeantur,</span> 
     </span>
    </p>

    <p class='ocr_par' dir='ltr' id='par_1_67' title="bbox 262 3834 939 3904">
     <span class='ocr_line' id='line_1_224' title="bbox 262 3834 854 3872; baseline -0.003 -11"><span class='ocrx_word' id='word_1_2057' title='bbox 262 3834 495 3872; x_wconf 52' lang='lat' dir='ltr'>phffernariiiffi</span> <span class='ocrx_word' id='word_1_2058' title='bbox 515 3834 606 3861; x_wconf 83' lang='lat' dir='ltr'>Sicana</span> <span class='ocrx_word' id='word_1_2059' title='bbox 621 3834 754 3860; x_wconf 86' lang='lat' dir='ltr'>medimna</span> <span class='ocrx_word' id='word_1_2060' title='bbox 774 3841 854 3859; x_wconf 74' lang='grc' dir='ltr'>νοσαι.</span> 
     </span>
     <span class='ocr_line' id='line_1_225' title="bbox 301 3874 939 3904; baseline -0.006 -5"><span class='ocrx_word' id='word_1_2061' title='bbox 301 3874 562 3903; x_wconf 73' lang='lat' dir='ltr'>MEDIOCRIS,</span> <span class='ocrx_word' id='word_1_2062' title='bbox 613 3876 939 3904; x_wconf 74' lang='lat' dir='ltr'>MEDIOCRITAS,</span> 
     </span>
    </p>

    <p class='ocr_par' dir='ltr' id='par_1_68' title="bbox 271 3907 1113 3938">
     <span class='ocr_line' id='line_1_226' title="bbox 271 3907 1113 3938; baseline -0.004 -4"><span class='ocrx_word' id='word_1_2063' title='bbox 271 3912 458 3935; x_wconf 63' lang='lat' dir='ltr'>nii-:Dioxt</span> <span class='ocrx_word' id='word_1_2064' title='bbox 474 3912 538 3937; x_wconf 79' lang='grc' dir='ltr'>ΜΕ,</span> <span class='ocrx_word' id='word_1_2065' title='bbox 559 3911 841 3938; x_wconf 72' lang='lat' dir='ltr'>MEDIOXIMVS,</span> <span class='ocrx_word' id='word_1_2066' title='bbox 859 3907 914 3931; x_wconf 76' lang='lat' dir='ltr'>vi‘d.</span> <span class='ocrx_word' id='word_1_2067' title='bbox 935 3911 1113 3932; x_wconf 79' lang='lat' dir='ltr'>MEDivs.</span> 
     </span>
    </p>
   </div>
   <div class='ocr_carea' id='block_1_46' title="bbox 307 3939 1323 4010">
    <p class='ocr_par' dir='ltr' id='par_1_69' title="bbox 307 3939 1323 4010">
     <span class='ocr_line' id='line_1_227' title="bbox 307 3939 1323 3977; baseline -0.008 -6"><span class='ocrx_word' id='word_1_2068' title='bbox 307 3951 333 3971; x_wconf 87' lang='grc' dir='ltr'><strong><em>Μ</em></strong></span> <span class='ocrx_word' id='word_1_2069' title='bbox 341 3949 381 3970; x_wconf 83' lang='lat' dir='ltr'>ED</span> <span class='ocrx_word' id='word_1_2070' title='bbox 389 3950 398 3969; x_wconf 89' lang='lat'>1</span> <span class='ocrx_word' id='word_1_2071' title='bbox 407 3943 573 3969; x_wconf 65' lang='lat' dir='ltr'>OLA‘NVM.</span> <span class='ocrx_word' id='word_1_2072' title='bbox 592 3942 750 3974; x_wconf 61' lang='lat' dir='ltr'>[Medianum.</span> <span class='ocrx_word' id='word_1_2073' title='bbox 762 3943 929 3975; x_wconf 52' lang='lat' dir='ltr'>Muniam]</span> <span class='ocrx_word' id='word_1_2074' title='bbox 955 3943 1014 3967; x_wconf 72' lang='lat' dir='ltr'>Vrbs</span> <span class='ocrx_word' id='word_1_2075' title='bbox 1020 3941 1051 3977; x_wconf 85' lang='lat' dir='ltr'>est</span> <span class='ocrx_word' id='word_1_2076' title='bbox 1060 3940 1198 3968; x_wconf 64' lang='lat' dir='ltr'>Insubrium</span> <span class='ocrx_word' id='word_1_2077' title='bbox 1211 3939 1237 3964; x_wconf 84' lang='lat' dir='ltr'>in</span> <span class='ocrx_word' id='word_1_2078' title='bbox 1247 3940 1323 3974; x_wconf 72' lang='lat' dir='ltr'>Cisal.</span> 
     </span>
     <span class='ocr_line' id='line_1_228' title="bbox 758 3975 1322 4010; baseline -0.002 -8"><span class='ocrx_word' id='word_1_2079' title='bbox 758 3978 819 4003; x_wconf 85' lang='lat' dir='ltr'>Liu.</span> <span class='ocrx_word' id='word_1_2080' title='bbox 838 3986 859 4010; x_wconf 76' lang='grc' dir='ltr'>ς,</span> <span class='ocrx_word' id='word_1_2081' title='bbox 882 3985 911 4010; x_wconf 74' lang='lat'>34</span> <span class='ocrx_word' id='word_1_2082' title='bbox 932 3985 998 4003; x_wconf 71' lang='lat' dir='ltr'>extr.</span> <span class='ocrx_word' id='word_1_2083' title='bbox 1027 3977 1098 4004; x_wconf 76' lang='lat' dir='ltr'>Galli</span> <span class='ocrx_word' id='word_1_2084' title='bbox 1120 3984 1167 4010; x_wconf 90' lang='lat' dir='ltr'>per</span> <span class='ocrx_word' id='word_1_2085' title='bbox 1180 3975 1322 4002; x_wconf 77' lang='lat' dir='ltr'>Taurinos</span> 
     </span>
    </p>
   </div>
   <div class='ocr_carea' id='block_1_47' title="bbox 265 3977 718 4013">
    <p class='ocr_par' dir='ltr' id='par_1_70' title="bbox 265 3977 718 4013">
     <span class='ocr_line' id='line_1_229' title="bbox 265 3977 718 4013; baseline -0.004 -10"><span class='ocrx_word' id='word_1_2086' title='bbox 265 3979 326 4013; x_wconf 80' lang='lat' dir='ltr'>pina</span> <span class='ocrx_word' id='word_1_2087' title='bbox 342 3980 437 4011; x_wconf 69' lang='lat' dir='ltr'>Gallia,</span> <span class='ocrx_word' id='word_1_2088' title='bbox 458 3979 487 4003; x_wconf 78' lang='lat' dir='ltr'>de</span> <span class='ocrx_word' id='word_1_2089' title='bbox 512 3986 561 4011; x_wconf 76' lang='lat' dir='ltr'>qim</span> <span class='ocrx_word' id='word_1_2090' title='bbox 570 3977 635 4003; x_wconf 75' lang='lat' dir='ltr'>Ptin.</span> <span class='ocrx_word' id='word_1_2091' title='bbox 651 3987 670 4009; x_wconf 87' lang='lat'>3,</span> <span class='ocrx_word' id='word_1_2092' title='bbox 686 3987 718 4009; x_wconf 91' lang='grc'>17.</span> 
     </span>
    </p>
   </div>
   <div class='ocr_carea' id='block_1_48' title="bbox 984 3827 2122 3902">
    <p class='ocr_par' dir='ltr' id='par_1_71' title="bbox 984 3827 2122 3902">
     <span class='ocr_line' id='line_1_230' title="bbox 1332 3827 2122 3866; baseline -0.005 -7"><span class='ocrx_word' id='word_1_2093' title='bbox 1332 3841 1379 3859; x_wconf 85' lang='grc'>100</span> <span class='ocrx_word' id='word_1_2094' title='bbox 1387 3831 1510 3859; x_wconf 84' lang='lat' dir='ltr'>Tantum</span> <span class='ocrx_word' id='word_1_2095' title='bbox 1524 3831 1687 3865; x_wconf 78' lang='lat' dir='ltr'>exercitatio,</span> <span class='ocrx_word' id='word_1_2096' title='bbox 1707 3833 1856 3866; x_wconf 82' lang='lat' dir='ltr'>meditatio,</span> <span class='ocrx_word' id='word_1_2097' title='bbox 1875 3827 2036 3859; x_wconf 82' lang='lat' dir='ltr'>consuetudo</span> <span class='ocrx_word' id='word_1_2098' title='bbox 2044 3828 2122 3854; x_wconf 87' lang='lat' dir='ltr'>valet.</span> 
     </span>
     <span class='ocr_line' id='line_1_231' title="bbox 984 3873 1322 3902; baseline -0.006 -6"><span class='ocrx_word' id='word_1_2099' title='bbox 984 3873 1322 3902; x_wconf 76' lang='lat' dir='ltr'>MEDIOCRITER,</span> 
     </span>
    </p>
   </div>
   <div class='ocr_carea' id='block_1_49' title="bbox 1380 3695 2441 4004">
    <p class='ocr_par' dir='ltr' id='par_1_72' title="bbox 1380 3695 2061 3715">
     <span class='ocr_line' id='line_1_232' title="bbox 1380 3695 2061 3715; baseline 0.001 -2"><span class='ocrx_word' id='word_1_2100' title='bbox 1380 3698 1410 3714; x_wconf 76' lang='lat' dir='ltr'>ve</span> <span class='ocrx_word' id='word_1_2101' title='bbox 1422 3699 1453 3714; x_wconf 77' lang='lat' dir='ltr'>cx</span> <span class='ocrx_word' id='word_1_2102' title='bbox 1470 3695 1584 3715; x_wconf 72' lang='lat' dir='ltr'>ertentm.</span> <span class='ocrx_word' id='word_1_2103' title='bbox 2051 3710 2061 3714; x_wconf 72' lang='grc'>-</span> 
     </span>
    </p>

    <p class='ocr_par' dir='ltr' id='par_1_73' title="bbox 1383 3696 2441 4004">
     <span class='ocr_line' id='line_1_233' title="bbox 1419 3696 2440 3760; baseline -0.003 -11"><span class='ocrx_word' id='word_1_2104' title='bbox 1419 3696 1470 3750; x_wconf 52' lang='lat' dir='ltr'>ui}</span> <span class='ocrx_word' id='word_1_2105' title='bbox 1482 3731 1552 3751; x_wconf 77' lang='lat' dir='ltr'>Di&#39;r</span> <span class='ocrx_word' id='word_1_2106' title='bbox 1563 3731 1585 3750; x_wconf 85' lang='lat' dir='ltr'>A</span> <span class='ocrx_word' id='word_1_2107' title='bbox 1597 3730 1619 3750; x_wconf 89' lang='grc' dir='ltr'>Τ</span> <span class='ocrx_word' id='word_1_2108' title='bbox 1633 3730 1641 3749; x_wconf 82' lang='lat' dir='ltr'><strong>l</strong></span> <span class='ocrx_word' id='word_1_2109' title='bbox 1655 3731 1692 3757; x_wconf 88' lang='grc' dir='ltr'>ο,</span> <span class='ocrx_word' id='word_1_2110' title='bbox 1711 3724 1779 3751; x_wconf 75' lang='lat' dir='ltr'>onis.</span> <span class='ocrx_word' id='word_1_2111' title='bbox 1799 3725 1817 3751; x_wconf 91' lang='lat' dir='ltr'>f.</span> <span class='ocrx_word' id='word_1_2112' title='bbox 1837 3725 1953 3760; x_wconf 53' lang='lat' dir='ltr'>[urat-rm</span> <span class='ocrx_word' id='word_1_2113' title='bbox 1970 3721 2109 3757; x_wconf 67' lang='grc' dir='ltr'><strong>μελέτημα]</strong></span> <span class='ocrx_word' id='word_1_2114' title='bbox 2136 3719 2215 3747; x_wconf 87' lang='lat' dir='ltr'>Nihil</span> <span class='ocrx_word' id='word_1_2115' title='bbox 2236 3720 2273 3747; x_wconf 84' lang='lat' dir='ltr'>est</span> <span class='ocrx_word' id='word_1_2116' title='bbox 2293 3725 2347 3746; x_wconf 88' lang='lat' dir='ltr'>tam</span> <span class='ocrx_word' id='word_1_2117' title='bbox 2371 3718 2440 3747; x_wconf 85' lang='lat' dir='ltr'>diffi-</span> 
     </span>
     <span class='ocr_line' id='line_1_234' title="bbox 1383 3756 2440 3794; baseline -0.003 -9"><span class='ocrx_word' id='word_1_2118' title='bbox 1383 3760 1432 3786; x_wconf 86' lang='lat' dir='ltr'>cile</span> <span class='ocrx_word' id='word_1_2119' title='bbox 1450 3767 1475 3787; x_wconf 85' lang='lat' dir='ltr'>et</span> <span class='ocrx_word' id='word_1_2120' title='bbox 1486 3760 1607 3792; x_wconf 84' lang='lat' dir='ltr'>arduum,</span> <span class='ocrx_word' id='word_1_2121' title='bbox 1627 3760 1699 3794; x_wconf 85' lang='lat' dir='ltr'>quod</span> <span class='ocrx_word' id='word_1_2122' title='bbox 1713 3770 1765 3787; x_wconf 90' lang='lat' dir='ltr'>non</span> <span class='ocrx_word' id='word_1_2123' title='bbox 1787 3760 1903 3787; x_wconf 86' lang='lat' dir='ltr'>humana</span> <span class='ocrx_word' id='word_1_2124' title='bbox 1921 3767 1994 3787; x_wconf 84' lang='lat' dir='ltr'>niens</span> <span class='ocrx_word' id='word_1_2125' title='bbox 2006 3757 2110 3786; x_wconf 84' lang='lat' dir='ltr'>vincat,</span> <span class='ocrx_word' id='word_1_2126' title='bbox 2133 3763 2159 3782; x_wconf 92' lang='lat' dir='ltr'>et</span> <span class='ocrx_word' id='word_1_2127' title='bbox 2180 3757 2209 3782; x_wconf 93' lang='lat' dir='ltr'>in</span> <span class='ocrx_word' id='word_1_2128' title='bbox 2229 3756 2440 3782; x_wconf 82' lang='lat' dir='ltr'>familiaritatem</span> 
     </span>
     <span class='ocr_line' id='line_1_235' title="bbox 1385 3792 2439 3829; baseline -0.002 -7"><span class='ocrx_word' id='word_1_2129' title='bbox 1385 3796 1510 3829; x_wconf 82' lang='lat' dir='ltr'>perducat</span> <span class='ocrx_word' id='word_1_2130' title='bbox 1523 3795 1615 3823; x_wconf 81' lang='lat' dir='ltr'>allidua</span> <span class='ocrx_word' id='word_1_2131' title='bbox 1643 3796 1784 3823; x_wconf 74' lang='lat' dir='ltr'>Meditatio</span> <span class='ocrx_word' id='word_1_2132' title='bbox 1804 3798 1862 3823; x_wconf 86' lang='lat' dir='ltr'>Seri.</span> <span class='ocrx_word' id='word_1_2133' title='bbox 1877 3797 1908 3823; x_wconf 87' lang='lat' dir='ltr'>de</span> <span class='ocrx_word' id='word_1_2134' title='bbox 1920 3798 1960 3823; x_wconf 70' lang='lat' dir='ltr'>Ira</span> <span class='ocrx_word' id='word_1_2135' title='bbox 1973 3802 1995 3825; x_wconf 86' lang='lat'>2,</span> <span class='ocrx_word' id='word_1_2136' title='bbox 2011 3801 2041 3818; x_wconf 86' lang='lat'>¹2·</span> <span class='ocrx_word' id='word_1_2137' title='bbox 2115 3793 2169 3819; x_wconf 67' lang='lat' dir='ltr'>Cit-</span> <span class='ocrx_word' id='word_1_2138' title='bbox 2188 3792 2271 3819; x_wconf 70' lang='lat' dir='ltr'>Tusc-</span> <span class='ocrx_word' id='word_1_2139' title='bbox 2294 3801 2316 3821; x_wconf 78' lang='lat'>2,</span> <span class='ocrx_word' id='word_1_2140' title='bbox 2329 3802 2355 3823; x_wconf 71' lang='lat'>4¹</span> <span class='ocrx_word' id='word_1_2141' title='bbox 2377 3801 2398 3818; x_wconf 83' lang='lat' dir='ltr'>c.</span> <span class='ocrx_word' id='word_1_2142' title='bbox 2415 3801 2439 3824; x_wconf 83' lang='lat'>17</span> 
     </span>
     <span class='ocr_line' id='line_1_236' title="bbox 2194 3827 2441 3860; baseline -0.008 -5"><span class='ocrx_word' id='word_1_2143' title='bbox 2194 3828 2268 3855; x_wconf 85' lang='lat' dir='ltr'>Idem</span> <span class='ocrx_word' id='word_1_2144' title='bbox 2283 3827 2315 3854; x_wconf 88' lang='lat' dir='ltr'>de</span> <span class='ocrx_word' id='word_1_2145' title='bbox 2330 3828 2404 3854; x_wconf 86' lang='lat' dir='ltr'>Orat.</span> <span class='ocrx_word' id='word_1_2146' title='bbox 2418 3835 2441 3860; x_wconf 79' lang='lat'>2,</span> 
     </span>
     <span class='ocr_line' id='line_1_237' title="bbox 1386 3863 2441 3902; baseline -0.006 -8"><span class='ocrx_word' id='word_1_2147' title='bbox 1386 3873 1423 3898; x_wconf 86' lang='lat'>¹¹8</span> <span class='ocrx_word' id='word_1_2148' title='bbox 1447 3869 1521 3902; x_wconf 75' lang='lat' dir='ltr'>Quos</span> <span class='ocrx_word' id='word_1_2149' title='bbox 1536 3867 1643 3902; x_wconf 83' lang='lat' dir='ltr'>quidem</span> <span class='ocrx_word' id='word_1_2150' title='bbox 1657 3868 1729 3894; x_wconf 86' lang='lat' dir='ltr'>locos</span> <span class='ocrx_word' id='word_1_2151' title='bbox 1743 3869 1825 3895; x_wconf 89' lang='lat' dir='ltr'>multa</span> <span class='ocrx_word' id='word_1_2152' title='bbox 1839 3863 2068 3894; x_wconf 86' lang='lat' dir='ltr'>commendatione</span> <span class='ocrx_word' id='word_1_2153' title='bbox 2082 3873 2160 3898; x_wconf 83' lang='lat' dir='ltr'>atque</span> <span class='ocrx_word' id='word_1_2154' title='bbox 2173 3863 2347 3890; x_wconf 85' lang='lat' dir='ltr'>meditatione</span> <span class='ocrx_word' id='word_1_2155' title='bbox 2367 3871 2441 3898; x_wconf 85' lang='lat' dir='ltr'>para-</span> 
     </span>
     <span class='ocr_line' id='line_1_238' title="bbox 1385 3898 2441 3938; baseline -0.006 -8"><span class='ocrx_word' id='word_1_2156' title='bbox 1385 3909 1426 3930; x_wconf 80' lang='lat' dir='ltr'>tos</span> <span class='ocrx_word' id='word_1_2157' title='bbox 1442 3911 1519 3938; x_wconf 84' lang='lat' dir='ltr'>atque</span> <span class='ocrx_word' id='word_1_2158' title='bbox 1533 3903 1668 3938; x_wconf 79' lang='lat' dir='ltr'>expeditos</span> <span class='ocrx_word' id='word_1_2159' title='bbox 1682 3904 1777 3931; x_wconf 87' lang='lat' dir='ltr'>habere</span> <span class='ocrx_word' id='word_1_2160' title='bbox 1792 3903 1900 3938; x_wconf 31' lang='lat' dir='ltr'>debe-tis.</span> <span class='ocrx_word' id='word_1_2161' title='bbox 1955 3899 2027 3925; x_wconf 88' lang='lat' dir='ltr'>Idem</span> <span class='ocrx_word' id='word_1_2162' title='bbox 2040 3899 2071 3925; x_wconf 90' lang='lat' dir='ltr'>de</span> <span class='ocrx_word' id='word_1_2163' title='bbox 2087 3900 2180 3926; x_wconf 89' lang='lat' dir='ltr'>Diuin.</span> <span class='ocrx_word' id='word_1_2164' title='bbox 2197 3910 2218 3932; x_wconf 68' lang='grc' dir='ltr'>ε,</span> <span class='ocrx_word' id='word_1_2165' title='bbox 2233 3904 2265 3932; x_wconf 62' lang='lat' dir='ltr'>9‘i</span> <span class='ocrx_word' id='word_1_2166' title='bbox 2287 3909 2307 3927; x_wconf 56' lang='lat' dir='ltr'>c.</span> <span class='ocrx_word' id='word_1_2167' title='bbox 2325 3901 2349 3925; x_wconf 87' lang='grc'>16</span> <span class='ocrx_word' id='word_1_2168' title='bbox 2370 3898 2441 3925; x_wconf 80' lang='lat' dir='ltr'>Mul-</span> 
     </span>
     <span class='ocr_line' id='line_1_239' title="bbox 1385 3935 2441 3969; baseline -0.007 -3"><span class='ocrx_word' id='word_1_2169' title='bbox 1385 3940 1406 3965; x_wconf 86' lang='lat' dir='ltr'>ti</span> <span class='ocrx_word' id='word_1_2170' title='bbox 1421 3940 1502 3966; x_wconf 87' lang='lat' dir='ltr'>etiam</span> <span class='ocrx_word' id='word_1_2171' title='bbox 1521 3946 1628 3966; x_wconf 83' lang='lat' dir='ltr'>naturae</span> <span class='ocrx_word' id='word_1_2172' title='bbox 1650 3941 1747 3966; x_wconf 90' lang='lat' dir='ltr'>vitium</span> <span class='ocrx_word' id='word_1_2173' title='bbox 1767 3937 1940 3966; x_wconf 78' lang='lat' dir='ltr'>meditatione</span> <span class='ocrx_word' id='word_1_2174' title='bbox 1954 3942 2033 3969; x_wconf 83' lang='lat' dir='ltr'>atque</span> <span class='ocrx_word' id='word_1_2175' title='bbox 2058 3936 2249 3962; x_wconf 84' lang='lat' dir='ltr'>exercitatione</span> <span class='ocrx_word' id='word_1_2176' title='bbox 2269 3935 2441 3961; x_wconf 67' lang='lat' dir='ltr'>sustuleruntz</span> 
     </span>
     <span class='ocr_line' id='line_1_240' title="bbox 1386 3970 2441 4004; baseline -0.006 -2"><span class='ocrx_word' id='word_1_2177' title='bbox 1386 3982 1415 4002; x_wconf 87' lang='lat' dir='ltr'>vt</span> <span class='ocrx_word' id='word_1_2178' title='bbox 1428 3975 1631 4003; x_wconf 86' lang='lat' dir='ltr'>Demosthenem</span> <span class='ocrx_word' id='word_1_2179' title='bbox 1646 3976 1737 4003; x_wconf 73' lang='lat' dir='ltr'>scribit</span> <span class='ocrx_word' id='word_1_2180' title='bbox 1753 3975 1900 4004; x_wconf 84' lang='lat' dir='ltr'>Phalereus,</span> <span class='ocrx_word' id='word_1_2181' title='bbox 1920 3980 2012 4004; x_wconf 86' lang='lat' dir='ltr'>quum,</span> <span class='ocrx_word' id='word_1_2182' title='bbox 2032 3980 2076 3999; x_wconf 77' lang='lat' dir='ltr'>etc.</span> <span class='ocrx_word' id='word_1_2183' title='bbox 2167 3970 2240 3997; x_wconf 84' lang='lat' dir='ltr'>Idem</span> <span class='ocrx_word' id='word_1_2184' title='bbox 2263 3970 2375 4004; x_wconf 88' lang='lat' dir='ltr'>Philipp.</span> <span class='ocrx_word' id='word_1_2185' title='bbox 2389 3980 2414 4003; x_wconf 84' lang='lat'>9,</span> <span class='ocrx_word' id='word_1_2186' title='bbox 2429 3979 2441 3997; x_wconf 78' lang='lat' dir='ltr'>:i</span> 
     </span>
    </p>
   </div>
   <div class='ocr_carea' id='block_1_50' title="bbox 267 4006 2441 4049">
    <p class='ocr_par' dir='ltr' id='par_1_74' title="bbox 267 4006 2441 4049">
     <span class='ocr_line' id='line_1_241' title="bbox 267 4006 2441 4049; baseline -0.004 -10"><span class='ocrx_word' id='word_1_2187' title='bbox 267 4014 393 4048; x_wconf 68' lang='lat' dir='ltr'>[altusque</span> <span class='ocrx_word' id='word_1_2188' title='bbox 410 4013 494 4040; x_wconf 84' lang='lat' dir='ltr'>Iuliae</span> <span class='ocrx_word' id='word_1_2189' title='bbox 509 4012 582 4047; x_wconf 78' lang='lat' dir='ltr'>Alpis</span> <span class='ocrx_word' id='word_1_2190' title='bbox 602 4011 832 4039; x_wconf 79' lang='lat' dir='ltr'>transcenderunt:</span> <span class='ocrx_word' id='word_1_2191' title='bbox 852 4012 966 4047; x_wconf 80' lang='lat' dir='ltr'>fusisque</span> <span class='ocrx_word' id='word_1_2192' title='bbox 974 4014 1029 4040; x_wconf 79' lang='lat' dir='ltr'>acie</span> <span class='ocrx_word' id='word_1_2193' title='bbox 1037 4012 1136 4040; x_wconf 82' lang='lat' dir='ltr'>Tuscis</span> <span class='ocrx_word' id='word_1_2194' title='bbox 1145 4010 1214 4040; x_wconf 73' lang='lat' dir='ltr'>hand</span> <span class='ocrx_word' id='word_1_2195' title='bbox 1229 4012 1322 4046; x_wconf 80' lang='lat' dir='ltr'>procul</span> <span class='ocrx_word' id='word_1_2196' title='bbox 1338 4019 1378 4044; x_wconf 65' lang='lat'>105</span> <span class='ocrx_word' id='word_1_2197' title='bbox 1386 4012 1494 4039; x_wconf 73' lang='lat' dir='ltr'>Seruius</span> <span class='ocrx_word' id='word_1_2198' title='bbox 1506 4011 1536 4038; x_wconf 87' lang='lat' dir='ltr'>in</span> <span class='ocrx_word' id='word_1_2199' title='bbox 1548 4011 1673 4049; x_wconf 66' lang='lat' dir='ltr'>ipiacura</span> <span class='ocrx_word' id='word_1_2200' title='bbox 1686 4018 1711 4039; x_wconf 90' lang='lat' dir='ltr'>ct</span> <span class='ocrx_word' id='word_1_2201' title='bbox 1725 4008 1897 4039; x_wconf 79' lang='lat' dir='ltr'>meditatione</span> <span class='ocrx_word' id='word_1_2202' title='bbox 1910 4007 2029 4034; x_wconf 83' lang='lat' dir='ltr'>obeundi</span> <span class='ocrx_word' id='word_1_2203' title='bbox 2042 4007 2081 4035; x_wconf 88' lang='lat' dir='ltr'>sui</span> <span class='ocrx_word' id='word_1_2204' title='bbox 2091 4007 2209 4035; x_wconf 78' lang='lat' dir='ltr'>muneris</span> <span class='ocrx_word' id='word_1_2205' title='bbox 2217 4007 2295 4036; x_wconf 80' lang='lat' dir='ltr'>obiit.</span> <span class='ocrx_word' id='word_1_2206' title='bbox 2330 4006 2441 4039; x_wconf 82' lang='lat' dir='ltr'>Campe-</span> 
     </span>
    </p>
   </div>
   <div class='ocr_carea' id='block_1_51' title="bbox 2384 4040 2442 4068">
    <p class='ocr_par' dir='ltr' id='par_1_75' title="bbox 2384 4040 2442 4068">
     <span class='ocr_line' id='line_1_242' title="bbox 2384 4040 2442 4068; baseline -0.052 0"><span class='ocrx_word' id='word_1_2207' title='bbox 2384 4040 2442 4068; x_wconf 79' lang='lat' dir='ltr'>stris</span> 
     </span>
    </p>
   </div>
  </div>
 </body>
</html>
