<?xml version="1.0" encoding="UTF-8"?>
<!DOCTYPE html PUBLIC "-//W3C//DTD XHTML 1.0 Transitional//EN"
    "http://www.w3.org/TR/xhtml1/DTD/xhtml1-transitional.dtd">
<html xmlns="http://www.w3.org/1999/xhtml" xml:lang="en" lang="en">
 <head>
  <title>
</title>
<meta http-equiv="Content-Type" content="text/html;charset=utf-8" />
  <meta name='ocr-system' content='tesseract 3.04.00' />
  <meta name='ocr-capabilities' content='ocr_page ocr_carea ocr_par ocr_line ocrx_word'/>
</head>
<body>
  <div class='ocr_page' id='page_1' title='image "./novuslinguaeeter03gesn_0187.png"; bbox 0 0 2517 4231; ppageno 0'>
   <div class='ocr_carea' id='block_1_1' title="bbox 42 215 701 277">
    <p class='ocr_par' dir='ltr' id='par_1_1' title="bbox 42 215 701 277">
     <span class='ocr_line' id='line_1_1' title="bbox 42 215 701 277; baseline -0.027 -1"><span class='ocrx_word' id='word_1_1' title='bbox 42 234 111 277; x_wconf 74' lang='lat'>35⁷</span> <span class='ocrx_word' id='word_1_2' title='bbox 444 217 496 261; x_wconf 93' lang='grc' dir='ltr'><strong>Μ</strong></span> <span class='ocrx_word' id='word_1_3' title='bbox 555 217 595 259; x_wconf 93' lang='lat' dir='ltr'>V</span> <span class='ocrx_word' id='word_1_4' title='bbox 654 215 701 260; x_wconf 76' lang='lat' dir='ltr'>L&#39;‘</span> 
     </span>
    </p>
   </div>
   <div class='ocr_carea' id='block_1_2' title="bbox 14 292 1097 413">
    <p class='ocr_par' dir='ltr' id='par_1_2' title="bbox 14 292 1097 413">
     <span class='ocr_line' id='line_1_2' title="bbox 76 292 1097 346; baseline -0.005 -8"><span class='ocrx_word' id='word_1_5' title='bbox 76 295 105 338; x_wconf 57' lang='lat' dir='ltr'>rvi</span> <span class='ocrx_word' id='word_1_6' title='bbox 114 317 136 337; x_wconf 93' lang='lat' dir='ltr'>v</span> <span class='ocrx_word' id='word_1_7' title='bbox 147 316 163 337; x_wconf 89' lang='lat' dir='ltr'>L</span> <span class='ocrx_word' id='word_1_8' title='bbox 171 316 193 337; x_wconf 88' lang='grc' dir='ltr'>Τ</span> <span class='ocrx_word' id='word_1_9' title='bbox 203 317 213 338; x_wconf 89' lang='lat'>1</span> <span class='ocrx_word' id='word_1_10' title='bbox 225 316 242 338; x_wconf 69' lang='grc' dir='ltr'>ι’</span> <span class='ocrx_word' id='word_1_11' title='bbox 254 315 272 338; x_wconf 86' lang='lat' dir='ltr'>L</span> <span class='ocrx_word' id='word_1_12' title='bbox 280 316 291 336; x_wconf 88' lang='grc' dir='ltr'>ῐ</span> <span class='ocrx_word' id='word_1_13' title='bbox 300 313 317 337; x_wconf 86' lang='lat' dir='ltr'>C</span> <span class='ocrx_word' id='word_1_14' title='bbox 330 311 353 337; x_wconf 73' lang='lat' dir='ltr'>&#39;A</span> <span class='ocrx_word' id='word_1_15' title='bbox 365 314 382 336; x_wconf 82' lang='lat' dir='ltr'>B</span> <span class='ocrx_word' id='word_1_16' title='bbox 395 306 409 336; x_wconf 73' lang='lat'>1⁰</span> <span class='ocrx_word' id='word_1_17' title='bbox 418 314 435 336; x_wconf 87' lang='lat' dir='ltr'>L</span> <span class='ocrx_word' id='word_1_18' title='bbox 443 317 453 337; x_wconf 83' lang='grc' dir='ltr'>Ι</span> <span class='ocrx_word' id='word_1_19' title='bbox 463 315 490 341; x_wconf 79' lang='lat'>8,</span> <span class='ocrx_word' id='word_1_20' title='bbox 509 317 533 337; x_wconf 84' lang='lat' dir='ltr'>e.</span> <span class='ocrx_word' id='word_1_21' title='bbox 569 292 630 336; x_wconf 73' lang='lat' dir='ltr'>Adi.</span> <span class='ocrx_word' id='word_1_22' title='bbox 667 306 902 340; x_wconf 51' lang='lat' dir='ltr'>[matta-memrot]</span> <span class='ocrx_word' id='word_1_23' title='bbox 938 306 1015 346; x_wconf 61' lang='lat' dir='ltr'>Qua(</span> <span class='ocrx_word' id='word_1_24' title='bbox 1022 306 1097 343; x_wconf 65' lang='lat' dir='ltr'>potofi</span> 
     </span>
     <span class='ocr_line' id='line_1_3' title="bbox 39 341 1097 382; baseline -0.003 -9"><span class='ocrx_word' id='word_1_25' title='bbox 39 347 209 382; x_wconf 77' lang='lat' dir='ltr'>multiplicari.</span> <span class='ocrx_word' id='word_1_26' title='bbox 264 345 319 372; x_wconf 87' lang='lat' dir='ltr'>Cic.</span> <span class='ocrx_word' id='word_1_27' title='bbox 333 345 416 373; x_wconf 83' lang='lat' dir='ltr'>Tusc.</span> <span class='ocrx_word' id='word_1_28' title='bbox 435 355 462 378; x_wconf 86' lang='lat'>2,</span> <span class='ocrx_word' id='word_1_29' title='bbox 482 355 508 372; x_wconf 78' lang='lat'>22</span> <span class='ocrx_word' id='word_1_30' title='bbox 529 354 581 379; x_wconf 94' lang='lat' dir='ltr'>c.9</span> <span class='ocrx_word' id='word_1_31' title='bbox 609 343 681 371; x_wconf 89' lang='lat' dir='ltr'>Haec</span> <span class='ocrx_word' id='word_1_32' title='bbox 694 341 831 369; x_wconf 73' lang='lat' dir='ltr'>interemit</span> <span class='ocrx_word' id='word_1_33' title='bbox 850 348 922 369; x_wconf 85' lang='lat' dir='ltr'>tortu</span> <span class='ocrx_word' id='word_1_34' title='bbox 939 342 1097 378; x_wconf 76' lang='lat' dir='ltr'>multiplica-</span> 
     </span>
     <span class='ocr_line' id='line_1_4' title="bbox 14 377 1096 413; baseline -0.001 -6"><span class='ocrx_word' id='word_1_35' title='bbox 14 402 16 407; x_wconf 66' lang='lat'>.</span> <span class='ocrx_word' id='word_1_36' title='bbox 39 382 91 410; x_wconf 87' lang='lat' dir='ltr'>bili</span> <span class='ocrx_word' id='word_1_37' title='bbox 125 382 275 409; x_wconf 80' lang='lat' dir='ltr'>Draconem</span> <span class='ocrx_word' id='word_1_38' title='bbox 288 381 435 409; x_wconf 74' lang='lat' dir='ltr'>auriferam</span> <span class='ocrx_word' id='word_1_39' title='bbox 448 381 544 409; x_wconf 85' lang='lat' dir='ltr'>obtutu</span> <span class='ocrx_word' id='word_1_40' title='bbox 563 380 734 407; x_wconf 80' lang='lat' dir='ltr'>afferuantem</span> <span class='ocrx_word' id='word_1_41' title='bbox 751 377 884 405; x_wconf 79' lang='lat' dir='ltr'><strong>arborem.</strong></span> <span class='ocrx_word' id='word_1_42' title='bbox 939 380 977 405; x_wconf 54' lang='grc' dir='ltr'>,ἢν</span> <span class='ocrx_word' id='word_1_43' title='bbox 993 381 1096 413; x_wconf 74' lang='lat' dir='ltr'>qmdam</span> 
     </span>
    </p>
   </div>
   <div class='ocr_carea' id='block_1_3' title="bbox 40 419 125 446">
    <p class='ocr_par' dir='ltr' id='par_1_3' title="bbox 40 419 125 446">
     <span class='ocr_line' id='line_1_5' title="bbox 40 419 125 446; baseline 0 -2"><span class='ocrx_word' id='word_1_44' title='bbox 40 419 125 446; x_wconf 58' lang='lat' dir='ltr'>Poeta.</span> 
     </span>
    </p>
   </div>
   <div class='ocr_carea' id='block_1_4' title="bbox 1564 218 2223 281">
    <p class='ocr_par' dir='ltr' id='par_1_4' title="bbox 1564 218 2223 281">
     <span class='ocr_line' id='line_1_6' title="bbox 1564 218 2223 281; baseline 0.005 -20"><span class='ocrx_word' id='word_1_45' title='bbox 1564 218 1799 262; x_wconf 91' lang='lat' dir='ltr'>MVL</span> <span class='ocrx_word' id='word_1_46' title='bbox 2156 237 2223 281; x_wconf 78' lang='lat'>353</span> 
     </span>
    </p>
   </div>
   <div class='ocr_carea' id='block_1_5' title="bbox 1160 307 2220 455">
    <p class='ocr_par' dir='ltr' id='par_1_5' title="bbox 1160 307 2220 455">
     <span class='ocr_line' id='line_1_7' title="bbox 1161 307 2219 353; baseline 0.012 -19"><span class='ocrx_word' id='word_1_47' title='bbox 1161 307 1231 343; x_wconf 88' lang='lat' dir='ltr'>quod</span> <span class='ocrx_word' id='word_1_48' title='bbox 1248 307 1336 336; x_wconf 85' lang='lat' dir='ltr'>vomit</span> <span class='ocrx_word' id='word_1_49' title='bbox 1347 318 1380 337; x_wconf 88' lang='lat' dir='ltr'>eo</span> <span class='ocrx_word' id='word_1_50' title='bbox 1393 308 1454 345; x_wconf 86' lang='lat' dir='ltr'>plus</span> <span class='ocrx_word' id='word_1_51' title='bbox 1472 314 1578 338; x_wconf 84' lang='lat' dir='ltr'>terram.</span> <span class='ocrx_word' id='word_1_52' title='bbox 1777 307 1800 353; x_wconf 58' lang='lat' dir='ltr'><strong>ff</strong></span> <span class='ocrx_word' id='word_1_53' title='bbox 1821 320 1831 344; x_wconf 83' lang='lat'>3</span> <span class='ocrx_word' id='word_1_54' title='bbox 1870 312 1997 341; x_wconf 79' lang='lat' dir='ltr'>Formulae</span> <span class='ocrx_word' id='word_1_55' title='bbox 2019 319 2098 346; x_wconf 73' lang='lat' dir='ltr'>aliae:</span> <span class='ocrx_word' id='word_1_56' title='bbox 2151 319 2219 346; x_wconf 82' lang='lat' dir='ltr'>Ter.</span> 
     </span>
     <span class='ocr_line' id='line_1_8' title="bbox 1160 343 2220 389; baseline 0.008 -18"><span class='ocrx_word' id='word_1_57' title='bbox 1160 343 1266 371; x_wconf 86' lang='lat' dir='ltr'>Phorm.</span> <span class='ocrx_word' id='word_1_58' title='bbox 1282 355 1301 377; x_wconf 65' lang='grc' dir='ltr'><strong>ς,</strong></span> <span class='ocrx_word' id='word_1_59' title='bbox 1317 354 1337 379; x_wconf 82' lang='lat'>3,</span> <span class='ocrx_word' id='word_1_60' title='bbox 1351 355 1373 372; x_wconf 66' lang='grc' dir='ltr'>ει</span> <span class='ocrx_word' id='word_1_61' title='bbox 1397 347 1440 373; x_wconf 84' lang='lat' dir='ltr'>Ne</span> <span class='ocrx_word' id='word_1_62' title='bbox 1454 346 1518 381; x_wconf 88' lang='lat' dir='ltr'>quid</span> <span class='ocrx_word' id='word_1_63' title='bbox 1531 347 1588 382; x_wconf 88' lang='lat' dir='ltr'>plus</span> <span class='ocrx_word' id='word_1_64' title='bbox 1605 346 1728 374; x_wconf 83' lang='lat' dir='ltr'>minusue</span> <span class='ocrx_word' id='word_1_65' title='bbox 1741 346 1818 382; x_wconf 79' lang='lat' dir='ltr'>faxit,</span> <span class='ocrx_word' id='word_1_66' title='bbox 1839 348 1910 382; x_wconf 88' lang='lat' dir='ltr'>quod</span> <span class='ocrx_word' id='word_1_67' title='bbox 1924 358 1972 376; x_wconf 86' lang='lat' dir='ltr'>nos</span> <span class='ocrx_word' id='word_1_68' title='bbox 1984 354 2040 385; x_wconf 82' lang='lat' dir='ltr'>post</span> <span class='ocrx_word' id='word_1_69' title='bbox 2053 355 2220 389; x_wconf 66' lang='lat' dir='ltr'>pigeatGem,</span> 
     </span>
     <span class='ocr_line' id='line_1_9' title="bbox 1161 378 2220 418; baseline 0.008 -14"><span class='ocrx_word' id='word_1_70' title='bbox 1161 378 1293 406; x_wconf 83' lang='lat' dir='ltr'>Omnibus</span> <span class='ocrx_word' id='word_1_71' title='bbox 1308 381 1354 407; x_wconf 77' lang='lat' dir='ltr'>illa</span> <span class='ocrx_word' id='word_1_72' title='bbox 1367 382 1436 408; x_wconf 89' lang='lat' dir='ltr'>Deus</span> <span class='ocrx_word' id='word_1_73' title='bbox 1450 382 1542 418; x_wconf 85' lang='lat' dir='ltr'>plusne</span> <span class='ocrx_word' id='word_1_74' title='bbox 1555 383 1678 410; x_wconf 87' lang='lat' dir='ltr'>minusue</span> <span class='ocrx_word' id='word_1_75' title='bbox 1691 382 1764 411; x_wconf 82' lang='lat' dir='ltr'>dedit</span> <span class='ocrx_word' id='word_1_76' title='bbox 1778 383 1860 411; x_wconf 87' lang='lat' dir='ltr'>Ouid.</span> <span class='ocrx_word' id='word_1_77' title='bbox 1875 384 1905 411; x_wconf 78' lang='lat' dir='ltr'>R.</span> <span class='ocrx_word' id='word_1_78' title='bbox 1923 386 1953 412; x_wconf 78' lang='lat' dir='ltr'>A.</span> <span class='ocrx_word' id='word_1_79' title='bbox 1973 395 1998 412; x_wconf 90' lang='grc' dir='ltr'>ν.</span> <span class='ocrx_word' id='word_1_80' title='bbox 2019 390 2076 418; x_wconf 76' lang='lat'>560.</span> <span class='ocrx_word' id='word_1_81' title='bbox 2150 390 2220 418; x_wconf 72' lang='lat' dir='ltr'>Plus.</span> 
     </span>
     <span class='ocr_line' id='line_1_10' title="bbox 1160 414 2219 455; baseline 0.012 -16"><span class='ocrx_word' id='word_1_82' title='bbox 1160 423 1194 440; x_wconf 87' lang='lat' dir='ltr'>ve</span> <span class='ocrx_word' id='word_1_83' title='bbox 1208 414 1331 441; x_wconf 85' lang='lat' dir='ltr'>minusue</span> <span class='ocrx_word' id='word_1_84' title='bbox 1351 417 1464 444; x_wconf 88' lang='lat' dir='ltr'>Martial.</span> <span class='ocrx_word' id='word_1_85' title='bbox 1480 425 1504 451; x_wconf 76' lang='lat'>8,</span> <span class='ocrx_word' id='word_1_86' title='bbox 1517 428 1550 451; x_wconf 87' lang='lat'>71.</span> <span class='ocrx_word' id='word_1_87' title='bbox 1571 419 1590 446; x_wconf 87' lang='lat' dir='ltr'>i.</span> <span class='ocrx_word' id='word_1_88' title='bbox 1604 419 1722 445; x_wconf 61' lang='lat' dir='ltr'>Cin-citur.</span> <span class='ocrx_word' id='word_1_89' title='bbox 1794 419 1854 447; x_wconf 85' lang='lat' dir='ltr'>Plus</span> <span class='ocrx_word' id='word_1_90' title='bbox 1867 420 1967 455; x_wconf 85' lang='lat' dir='ltr'>minus,</span> <span class='ocrx_word' id='word_1_91' title='bbox 1978 421 2034 454; x_wconf 79' lang='lat' dir='ltr'>fine</span> <span class='ocrx_word' id='word_1_92' title='bbox 2055 425 2219 453; x_wconf 75' lang='lat' dir='ltr'>conium‘h&#39;om·</span> 
     </span>
    </p>
   </div>
   <div class='ocr_carea' id='block_1_6' title="bbox 77 449 2218 494">
    <p class='ocr_par' dir='ltr' id='par_1_6' title="bbox 77 449 2218 494">
     <span class='ocr_line' id='line_1_11' title="bbox 77 449 2218 494; baseline 0.004 -14"><span class='ocrx_word' id='word_1_93' title='bbox 77 459 327 488; x_wconf 71' lang='lat' dir='ltr'>MVLTIPLICVS,</span> <span class='ocrx_word' id='word_1_94' title='bbox 341 462 365 486; x_wconf 87' lang='lat' dir='ltr'>a,</span> <span class='ocrx_word' id='word_1_95' title='bbox 385 463 439 481; x_wconf 87' lang='lat' dir='ltr'>um.</span> <span class='ocrx_word' id='word_1_96' title='bbox 459 451 519 479; x_wconf 80' lang='lat' dir='ltr'>Adi.</span> <span class='ocrx_word' id='word_1_97' title='bbox 557 452 596 477; x_wconf 79' lang='lat' dir='ltr'>Ex</span> <span class='ocrx_word' id='word_1_98' title='bbox 607 450 693 476; x_wconf 72' lang='lat' dir='ltr'>multis</span> <span class='ocrx_word' id='word_1_99' title='bbox 706 449 853 484; x_wconf 71' lang='lat' dir='ltr'>compqfitus.</span> <span class='ocrx_word' id='word_1_100' title='bbox 892 450 960 476; x_wconf 87' lang='lat' dir='ltr'>Gcll.</span> <span class='ocrx_word' id='word_1_101' title='bbox 976 460 1017 484; x_wconf 88' lang='lat'>19,</span> <span class='ocrx_word' id='word_1_102' title='bbox 1034 459 1047 482; x_wconf 91' lang='lat'><strong><em>7</em></strong></span> <span class='ocrx_word' id='word_1_103' title='bbox 1066 451 1097 490; x_wconf 72' lang='grc' dir='ltr'>ιζε</span> <span class='ocrx_word' id='word_1_104' title='bbox 1120 450 1135 478; x_wconf 85' lang='grc'><em>5</em></span> <span class='ocrx_word' id='word_1_105' title='bbox 1152 450 1313 489; x_wconf 56' lang='lat' dir='ltr'>frequentius</span> <span class='ocrx_word' id='word_1_106' title='bbox 1327 452 1430 486; x_wconf 71' lang='lat' dir='ltr'>legitur,</span> <span class='ocrx_word' id='word_1_107' title='bbox 1448 460 1492 488; x_wconf 82' lang='lat' dir='ltr'>pro</span> <span class='ocrx_word' id='word_1_108' title='bbox 1506 455 1564 481; x_wconf 86' lang='lat' dir='ltr'>Plus</span> <span class='ocrx_word' id='word_1_109' title='bbox 1577 455 1710 488; x_wconf 82' lang='lat' dir='ltr'>minusue,</span> <span class='ocrx_word' id='word_1_110' title='bbox 1731 455 1772 482; x_wconf 79' lang='lat' dir='ltr'>boc</span> <span class='ocrx_word' id='word_1_111' title='bbox 1788 456 1824 492; x_wconf 79' lang='lat' dir='ltr'>est</span> <span class='ocrx_word' id='word_1_112' title='bbox 1837 456 1962 482; x_wconf 65' lang='lat' dir='ltr'>Cirr-iter:</span> <span class='ocrx_word' id='word_1_113' title='bbox 1982 465 2011 483; x_wconf 86' lang='lat' dir='ltr'>vt</span> <span class='ocrx_word' id='word_1_114' title='bbox 2025 459 2086 485; x_wconf 84' lang='lat' dir='ltr'>Dies</span> <span class='ocrx_word' id='word_1_115' title='bbox 2100 461 2156 494; x_wconf 87' lang='lat' dir='ltr'>plus</span> <span class='ocrx_word' id='word_1_116' title='bbox 2170 463 2218 488; x_wconf 90' lang='lat' dir='ltr'>mi-</span> 
     </span>
    </p>
   </div>
   <div class='ocr_carea' id='block_1_7' title="bbox 37 485 1116 631">
    <p class='ocr_par' dir='ltr' id='par_1_7' title="bbox 37 485 1116 631">
     <span class='ocr_line' id='line_1_12' title="bbox 37 485 1116 527; baseline -0.006 -10"><span class='ocrx_word' id='word_1_117' title='bbox 37 490 137 522; x_wconf 85' lang='lat' dir='ltr'>Laeuio,</span> <span class='ocrx_word' id='word_1_118' title='bbox 156 489 186 516; x_wconf 88' lang='lat' dir='ltr'>Et</span> <span class='ocrx_word' id='word_1_119' title='bbox 201 497 267 523; x_wconf 78' lang='lat' dir='ltr'>quae</span> <span class='ocrx_word' id='word_1_120' title='bbox 281 489 431 524; x_wconf 86' lang='lat' dir='ltr'>multiplica</span> <span class='ocrx_word' id='word_1_121' title='bbox 446 487 537 515; x_wconf 88' lang='lat' dir='ltr'>ludens</span> <span class='ocrx_word' id='word_1_122' title='bbox 551 485 709 520; x_wconf 71' lang='lat' dir='ltr'>composuit,</span> <span class='ocrx_word' id='word_1_123' title='bbox 729 485 806 520; x_wconf 83' lang='lat' dir='ltr'>quale</span> <span class='ocrx_word' id='word_1_124' title='bbox 819 485 884 526; x_wconf 77' lang='lat' dir='ltr'>illud</span> <span class='ocrx_word' id='word_1_125' title='bbox 902 486 937 527; x_wconf 84' lang='lat' dir='ltr'>cst</span> <span class='ocrx_word' id='word_1_126' title='bbox 947 507 954 519; x_wconf 87' lang='lat'>,</span> <span class='ocrx_word' id='word_1_127' title='bbox 973 486 1045 527; x_wconf 73' lang='lat' dir='ltr'>quod</span> <span class='ocrx_word' id='word_1_128' title='bbox 1058 493 1116 525; x_wconf 62' lang='lat' dir='ltr'>vr.-</span> 
     </span>
     <span class='ocr_line' id='line_1_13' title="bbox 39 520 1095 566; baseline -0.007 -14"><span class='ocrx_word' id='word_1_129' title='bbox 39 531 180 560; x_wconf 82' lang='lat' dir='ltr'>tuperoncs</span> <span class='ocrx_word' id='word_1_130' title='bbox 194 525 390 566; x_wconf 39' lang='lat' dir='ltr'>suos-subducti</span> <span class='ocrx_word' id='word_1_131' title='bbox 404 522 539 560; x_wconf 84' lang='lat' dir='ltr'>supercilii</span> <span class='ocrx_word' id='word_1_132' title='bbox 553 530 686 557; x_wconf 75' lang='lat' dir='ltr'>carptores</span> <span class='ocrx_word' id='word_1_133' title='bbox 699 520 849 556; x_wconf 80' lang='lat' dir='ltr'>appellauit.</span> <span class='ocrx_word' id='word_1_134' title='bbox 888 524 929 550; x_wconf 60' lang='lat' dir='ltr'>Sta·</span> <span class='ocrx_word' id='word_1_135' title='bbox 942 523 1027 558; x_wconf 73' lang='lat' dir='ltr'>optime</span> <span class='ocrx_word' id='word_1_136' title='bbox 1042 529 1095 556; x_wconf 81' lang='lat' dir='ltr'>qm.</span> 
     </span>
     <span class='ocr_line' id='line_1_14' title="bbox 37 561 1094 631; baseline -0.007 -9"><span class='ocrx_word' id='word_1_137' title='bbox 37 570 100 622; x_wconf 54' lang='lat' dir='ltr'>quiri</span> <span class='ocrx_word' id='word_1_138' title='bbox 112 561 359 625; x_wconf 44' lang='lat' dir='ltr'>xuoInTlttllkll’lgp&#39;lgclng</span> <span class='ocrx_word' id='word_1_139' title='bbox 365 602 389 628; x_wconf 81' lang='lat' dir='ltr'>S,</span> <span class='ocrx_word' id='word_1_140' title='bbox 408 594 484 622; x_wconf 77' lang='lat' dir='ltr'>entis.</span> <span class='ocrx_word' id='word_1_141' title='bbox 521 592 582 620; x_wconf 82' lang='lat' dir='ltr'>Adi.</span> <span class='ocrx_word' id='word_1_142' title='bbox 619 594 800 630; x_wconf 65' lang='grc' dir='ltr'>[πλυδροινὴς]</span> <span class='ocrx_word' id='word_1_143' title='bbox 836 593 891 631; x_wconf 77' lang='lat' dir='ltr'>Qi</span> <span class='ocrx_word' id='word_1_144' title='bbox 902 588 1094 625; x_wconf 70' lang='lat' dir='ltr'>multumpotrst.</span> 
     </span>
    </p>
   </div>
   <div class='ocr_carea' id='block_1_8' title="bbox 35 625 1140 667">
    <p class='ocr_par' dir='ltr' id='par_1_8' title="bbox 35 625 1140 667">
     <span class='ocr_line' id='line_1_15' title="bbox 35 625 1140 667; baseline -0.005 -9"><span class='ocrx_word' id='word_1_145' title='bbox 35 631 116 658; x_wconf 84' lang='lat' dir='ltr'>Plaut.</span> <span class='ocrx_word' id='word_1_146' title='bbox 130 631 223 659; x_wconf 82' lang='lat' dir='ltr'><strong>Bacch.</strong></span> <span class='ocrx_word' id='word_1_147' title='bbox 237 643 261 666; x_wconf 76' lang='lat'>4,</span> <span class='ocrx_word' id='word_1_148' title='bbox 275 641 303 666; x_wconf 88' lang='lat'>4,</span> <span class='ocrx_word' id='word_1_149' title='bbox 315 641 330 667; x_wconf 89' lang='lat'>9</span> <span class='ocrx_word' id='word_1_150' title='bbox 367 629 426 658; x_wconf 76' lang='lat' dir='ltr'>Nisi</span> <span class='ocrx_word' id='word_1_151' title='bbox 443 629 522 657; x_wconf 88' lang='lat' dir='ltr'>habet</span> <span class='ocrx_word' id='word_1_152' title='bbox 536 628 627 664; x_wconf 69' lang='lat' dir='ltr'>peetus</span> <span class='ocrx_word' id='word_1_153' title='bbox 642 630 824 665; x_wconf 78' lang='lat' dir='ltr'><strong>multipotens.</strong></span> <span class='ocrx_word' id='word_1_154' title='bbox 861 628 930 657; x_wconf 64' lang='grc' dir='ltr'>ΑΜ.</span> <span class='ocrx_word' id='word_1_155' title='bbox 949 625 987 654; x_wconf 89' lang='lat' dir='ltr'>Id.</span> <span class='ocrx_word' id='word_1_156' title='bbox 1009 626 1094 654; x_wconf 85' lang='lat' dir='ltr'>Trin.</span> <span class='ocrx_word' id='word_1_157' title='bbox 1111 630 1140 649; x_wconf 90' lang='lat'>10</span> 
     </span>
    </p>
   </div>
   <div class='ocr_carea' id='block_1_9' title="bbox 6 677 881 736">
    <p class='ocr_par' dir='ltr' id='par_1_9' title="bbox 6 677 881 736">
     <span class='ocr_line' id='line_1_16' title="bbox 6 677 881 736; baseline -0.008 -4"><span class='ocrx_word' id='word_1_158' title='bbox 6 680 13 687; x_wconf 44' lang='grc' dir='ltr'><em>Ι</em></span> <span class='ocrx_word' id='word_1_159' title='bbox 35 677 152 731; x_wconf 57' lang='lat' dir='ltr'>4&#39;wi’viJ</span> <span class='ocrx_word' id='word_1_160' title='bbox 164 709 186 731; x_wconf 80' lang='grc' dir='ltr'><strong>Τ</strong></span> <span class='ocrx_word' id='word_1_161' title='bbox 199 710 210 730; x_wconf 85' lang='lat'>1</span> <span class='ocrx_word' id='word_1_162' title='bbox 222 703 363 735; x_wconf 53' lang='lat' dir='ltr'>nxntx,</span> <span class='ocrx_word' id='word_1_163' title='bbox 391 700 449 728; x_wconf 84' lang='lat' dir='ltr'>icis.</span> <span class='ocrx_word' id='word_1_164' title='bbox 489 701 543 727; x_wconf 76' lang='lat' dir='ltr'>vid.</span> <span class='ocrx_word' id='word_1_165' title='bbox 562 701 639 736; x_wconf 81' lang='lat' dir='ltr'>Apul.</span> <span class='ocrx_word' id='word_1_166' title='bbox 660 701 692 727; x_wconf 82' lang='lat' dir='ltr'>de</span> <span class='ocrx_word' id='word_1_167' title='bbox 707 700 793 728; x_wconf 86' lang='lat' dir='ltr'>Herb.</span> <span class='ocrx_word' id='word_1_168' title='bbox 811 709 833 728; x_wconf 92' lang='lat' dir='ltr'>c.</span> <span class='ocrx_word' id='word_1_169' title='bbox 845 702 881 732; x_wconf 73' lang='lat'>35.</span> 
     </span>
    </p>
   </div>
   <div class='ocr_carea' id='block_1_10' title="bbox 34 732 1092 808">
    <p class='ocr_par' dir='ltr' id='par_1_10' title="bbox 34 732 1092 808">
     <span class='ocr_line' id='line_1_17' title="bbox 70 732 1092 773; baseline -0.006 -7"><span class='ocrx_word' id='word_1_170' title='bbox 70 740 308 773; x_wconf 63' lang='grc' dir='ltr'>ΜνιτιιὶᾹΜιε,</span> <span class='ocrx_word' id='word_1_171' title='bbox 327 746 350 764; x_wconf 89' lang='lat' dir='ltr'>e.</span> <span class='ocrx_word' id='word_1_172' title='bbox 363 737 424 764; x_wconf 84' lang='lat' dir='ltr'>Adi.</span> <span class='ocrx_word' id='word_1_173' title='bbox 459 736 579 772; x_wconf 74' lang='lat' dir='ltr'>Apude</span> <span class='ocrx_word' id='word_1_174' title='bbox 587 737 673 765; x_wconf 87' lang='lat' dir='ltr'>Herb.</span> <span class='ocrx_word' id='word_1_175' title='bbox 686 746 731 771; x_wconf 75' lang='lat' dir='ltr'>c.4</span> <span class='ocrx_word' id='word_1_176' title='bbox 751 732 945 770; x_wconf 79' lang='lat' dir='ltr'>symphoniaca</span> <span class='ocrx_word' id='word_1_177' title='bbox 956 732 1092 765; x_wconf 87' lang='lat' dir='ltr'>thyrsocst</span> 
     </span>
     <span class='ocr_line' id='line_1_18' title="bbox 34 773 348 808; baseline -0.013 -6"><span class='ocrx_word' id='word_1_178' title='bbox 34 775 172 808; x_wconf 81' lang='lat' dir='ltr'>fruticoso,</span> <span class='ocrx_word' id='word_1_179' title='bbox 193 773 348 802; x_wconf 86' lang='lat' dir='ltr'>multirami.</span> 
     </span>
    </p>
   </div>
   <div class='ocr_carea' id='block_1_11' title="bbox 36 803 1137 844">
    <p class='ocr_par' dir='ltr' id='par_1_11' title="bbox 36 803 1137 844">
     <span class='ocr_line' id='line_1_19' title="bbox 36 803 1137 844; baseline -0.005 -7"><span class='ocrx_word' id='word_1_180' title='bbox 36 834 40 837; x_wconf 72' lang='grc'><strong>,</strong></span> <span class='ocrx_word' id='word_1_181' title='bbox 69 815 290 842; x_wconf 70' lang='grc' dir='ltr'>Μνιτιεεινε,</span> <span class='ocrx_word' id='word_1_182' title='bbox 309 817 332 842; x_wconf 85' lang='lat' dir='ltr'>a,</span> <span class='ocrx_word' id='word_1_183' title='bbox 351 817 405 835; x_wconf 88' lang='lat' dir='ltr'>um.</span> <span class='ocrx_word' id='word_1_184' title='bbox 420 809 480 836; x_wconf 74' lang='lat' dir='ltr'>Adi.</span> <span class='ocrx_word' id='word_1_185' title='bbox 519 808 594 844; x_wconf 85' lang='lat' dir='ltr'>Apul.</span> <span class='ocrx_word' id='word_1_186' title='bbox 607 809 696 842; x_wconf 82' lang='lat' dir='ltr'>Met.9</span> <span class='ocrx_word' id='word_1_187' title='bbox 714 813 828 842; x_wconf 73' lang='lat' dir='ltr'>p.223‚13</span> <span class='ocrx_word' id='word_1_188' title='bbox 849 805 879 830; x_wconf 86' lang='lat' dir='ltr'>Et</span> <span class='ocrx_word' id='word_1_189' title='bbox 894 803 1013 830; x_wconf 77' lang='lat' dir='ltr'>siminus</span> <span class='ocrx_word' id='word_1_190' title='bbox 1029 812 1090 838; x_wconf 85' lang='lat' dir='ltr'>pru-</span> <span class='ocrx_word' id='word_1_191' title='bbox 1110 809 1137 836; x_wconf 78' lang='grc' dir='ltr'>ις</span> 
     </span>
    </p>
   </div>
   <div class='ocr_carea' id='block_1_12' title="bbox 31 839 1090 987">
    <p class='ocr_par' dir='ltr' id='par_1_12' title="bbox 33 839 1090 882">
     <span class='ocr_line' id='line_1_20' title="bbox 33 839 1090 882; baseline -0.006 -9"><span class='ocrx_word' id='word_1_192' title='bbox 33 845 148 879; x_wconf 81' lang='lat' dir='ltr'>dentem,</span> <span class='ocrx_word' id='word_1_193' title='bbox 163 845 322 872; x_wconf 75' lang='lat' dir='ltr'>multiscium</span> <span class='ocrx_word' id='word_1_194' title='bbox 337 851 408 871; x_wconf 85' lang='lat' dir='ltr'>certe</span> <span class='ocrx_word' id='word_1_195' title='bbox 420 845 546 872; x_wconf 83' lang='lat' dir='ltr'><strong>reddidit.</strong></span> <span class='ocrx_word' id='word_1_196' title='bbox 600 844 639 872; x_wconf 90' lang='lat' dir='ltr'>Id.</span> <span class='ocrx_word' id='word_1_197' title='bbox 652 844 729 878; x_wconf 84' lang='lat' dir='ltr'>Apul.</span> <span class='ocrx_word' id='word_1_198' title='bbox 741 839 818 875; x_wconf 82' lang='lat' dir='ltr'>Apol.</span> <span class='ocrx_word' id='word_1_199' title='bbox 833 849 857 881; x_wconf 54' lang='lat' dir='ltr'>p.</span> <span class='ocrx_word' id='word_1_200' title='bbox 871 849 923 872; x_wconf 65' lang='lat'>204,</span> <span class='ocrx_word' id='word_1_201' title='bbox 938 849 967 873; x_wconf 77' lang='lat'>29</span> <span class='ocrx_word' id='word_1_202' title='bbox 989 841 1090 882; x_wconf 61' lang='lat' dir='ltr'>riome-</span> 
     </span>
    </p>

    <p class='ocr_par' dir='ltr' id='par_1_13' title="bbox 31 876 1090 917">
     <span class='ocr_line' id='line_1_21' title="bbox 31 876 1090 917; baseline -0.005 -9"><span class='ocrx_word' id='word_1_203' title='bbox 31 889 77 908; x_wconf 76' lang='lat' dir='ltr'>rus</span> <span class='ocrx_word' id='word_1_204' title='bbox 97 882 176 908; x_wconf 68' lang='lat' dir='ltr'>Poeta</span> <span class='ocrx_word' id='word_1_205' title='bbox 194 879 348 907; x_wconf 81' lang='lat' dir='ltr'>multiscius.</span> <span class='ocrx_word' id='word_1_206' title='bbox 368 880 442 908; x_wconf 82' lang='lat' dir='ltr'>Idem</span> <span class='ocrx_word' id='word_1_207' title='bbox 461 882 533 909; x_wconf 88' lang='lat' dir='ltr'>Flor.</span> <span class='ocrx_word' id='word_1_208' title='bbox 548 890 574 917; x_wconf 86' lang='lat' dir='ltr'>p.</span> <span class='ocrx_word' id='word_1_209' title='bbox 587 881 646 914; x_wconf 73' lang='lat'>34⁶&gt;</span> <span class='ocrx_word' id='word_1_210' title='bbox 665 886 696 912; x_wconf 86' lang='lat'>30</span> <span class='ocrx_word' id='word_1_211' title='bbox 714 876 1090 904; x_wconf 78' lang='lat' dir='ltr'>Numerolaartemultilcius.</span> 
     </span>
    </p>

    <p class='ocr_par' dir='ltr' id='par_1_14' title="bbox 34 917 1090 987">
     <span class='ocr_line' id='line_1_22' title="bbox 34 917 1071 952; baseline -0.006 -8"><span class='ocrx_word' id='word_1_212' title='bbox 34 921 438 950; x_wconf 48' lang='lat' dir='ltr'>*MVL‘rlsIGNlQm</span> <span class='ocrx_word' id='word_1_213' title='bbox 468 918 530 945; x_wconf 82' lang='lat' dir='ltr'>Adi.</span> <span class='ocrx_word' id='word_1_214' title='bbox 567 917 661 942; x_wconf 81' lang='lat' dir='ltr'>Varro,</span> <span class='ocrx_word' id='word_1_215' title='bbox 894 947 899 952; x_wconf 35' lang='lat'>⁸</span> <span class='ocrx_word' id='word_1_216' title='bbox 1067 947 1071 952; x_wconf 32' lang='lat'>⁵</span> 
     </span>
     <span class='ocr_line' id='line_1_23' title="bbox 64 948 1090 987; baseline -0.005 -9"><span class='ocrx_word' id='word_1_217' title='bbox 64 957 223 979; x_wconf 79' lang='lat' dir='ltr'>MVL&#39;rts</span> <span class='ocrx_word' id='word_1_218' title='bbox 234 950 255 978; x_wconf 81' lang='grc' dir='ltr'><strong><em>ὁ</em></strong></span> <span class='ocrx_word' id='word_1_219' title='bbox 267 958 288 978; x_wconf 83' lang='grc' dir='ltr'><strong>Ν</strong></span> <span class='ocrx_word' id='word_1_220' title='bbox 302 959 322 978; x_wconf 85' lang='lat' dir='ltr'>v</span> <span class='ocrx_word' id='word_1_221' title='bbox 336 958 349 979; x_wconf 85' lang='lat' dir='ltr'>S</span> <span class='ocrx_word' id='word_1_222' title='bbox 361 973 371 987; x_wconf 90' lang='lat'><strong>‚</strong></span> <span class='ocrx_word' id='word_1_223' title='bbox 387 961 418 984; x_wconf 86' lang='lat' dir='ltr'>a,</span> <span class='ocrx_word' id='word_1_224' title='bbox 437 961 492 980; x_wconf 87' lang='lat' dir='ltr'>um.</span> <span class='ocrx_word' id='word_1_225' title='bbox 530 950 590 979; x_wconf 79' lang='lat' dir='ltr'>Adi.</span> <span class='ocrx_word' id='word_1_226' title='bbox 625 948 783 984; x_wconf 55' lang='grc' dir='ltr'>[πολεμικῆς]</span> <span class='ocrx_word' id='word_1_227' title='bbox 820 948 935 974; x_wconf 79' lang='lat' dir='ltr'>Martial.</span> <span class='ocrx_word' id='word_1_228' title='bbox 951 958 968 981; x_wconf 86' lang='grc' dir='ltr'><strong>ι,</strong></span> <span class='ocrx_word' id='word_1_229' title='bbox 984 957 1010 980; x_wconf 75' lang='lat'>54</span> <span class='ocrx_word' id='word_1_230' title='bbox 1048 949 1090 974; x_wconf 81' lang='lat' dir='ltr'>Sic</span> 
     </span>
    </p>
   </div>
   <div class='ocr_carea' id='block_1_13' title="bbox 26 983 1137 1016">
    <p class='ocr_par' dir='ltr' id='par_1_15' title="bbox 26 983 1137 1016">
     <span class='ocr_line' id='line_1_24' title="bbox 26 983 1137 1016; baseline -0.005 -2"><span class='ocrx_word' id='word_1_231' title='bbox 26 985 75 1014; x_wconf 86' lang='lat' dir='ltr'>vbi</span> <span class='ocrx_word' id='word_1_232' title='bbox 93 987 236 1015; x_wconf 88' lang='lat' dir='ltr'>multisona</span> <span class='ocrx_word' id='word_1_233' title='bbox 249 987 336 1015; x_wconf 89' lang='lat' dir='ltr'>feruet</span> <span class='ocrx_word' id='word_1_234' title='bbox 349 989 420 1016; x_wconf 83' lang='lat' dir='ltr'>sacer</span> <span class='ocrx_word' id='word_1_235' title='bbox 429 986 538 1016; x_wconf 80' lang='lat' dir='ltr'>Atthide</span> <span class='ocrx_word' id='word_1_236' title='bbox 551 985 625 1012; x_wconf 86' lang='lat' dir='ltr'>lucus</span> <span class='ocrx_word' id='word_1_237' title='bbox 698 984 812 1010; x_wconf 81' lang='lat' dir='ltr'>Catenae</span> <span class='ocrx_word' id='word_1_238' title='bbox 844 984 905 1011; x_wconf 83' lang='lat' dir='ltr'>Stat.</span> <span class='ocrx_word' id='word_1_239' title='bbox 914 983 1005 1012; x_wconf 85' lang='lat' dir='ltr'><strong>Theb.</strong></span> <span class='ocrx_word' id='word_1_240' title='bbox 1015 991 1038 1016; x_wconf 74' lang='lat'>8,</span> <span class='ocrx_word' id='word_1_241' title='bbox 1051 993 1088 1014; x_wconf 68' lang='grc' dir='ltr'>ες.</span> <span class='ocrx_word' id='word_1_242' title='bbox 1105 991 1137 1008; x_wconf 84' lang='lat'>20</span> 
     </span>
    </p>
   </div>
   <div class='ocr_carea' id='block_1_14' title="bbox 24 1022 1089 1169">
    <p class='ocr_par' dir='ltr' id='par_1_16' title="bbox 27 1022 614 1061">
     <span class='ocr_line' id='line_1_25' title="bbox 27 1022 614 1061; baseline 0 -11"><span class='ocrx_word' id='word_1_243' title='bbox 27 1022 139 1051; x_wconf 77' lang='lat' dir='ltr'>sistrum</span> <span class='ocrx_word' id='word_1_244' title='bbox 166 1023 204 1050; x_wconf 86' lang='lat' dir='ltr'>Id.</span> <span class='ocrx_word' id='word_1_245' title='bbox 217 1024 312 1057; x_wconf 83' lang='lat' dir='ltr'>Silu.3,</span> <span class='ocrx_word' id='word_1_246' title='bbox 323 1033 345 1057; x_wconf 87' lang='lat'>2,</span> <span class='ocrx_word' id='word_1_247' title='bbox 361 1033 410 1056; x_wconf 87' lang='lat'>¹03·</span> <span class='ocrx_word' id='word_1_248' title='bbox 608 1056 614 1061; x_wconf 45' lang='lat'><strong>·</strong></span> 
     </span>
    </p>

    <p class='ocr_par' dir='ltr' id='par_1_17' title="bbox 24 1054 1089 1132">
     <span class='ocr_line' id='line_1_26' title="bbox 62 1054 1089 1091; baseline -0.005 -5"><span class='ocrx_word' id='word_1_249' title='bbox 62 1065 88 1086; x_wconf 85' lang='lat' dir='ltr'>M</span> <span class='ocrx_word' id='word_1_250' title='bbox 98 1065 120 1085; x_wconf 92' lang='lat' dir='ltr'><strong>v</strong></span> <span class='ocrx_word' id='word_1_251' title='bbox 130 1066 147 1086; x_wconf 85' lang='lat'>1.</span> <span class='ocrx_word' id='word_1_252' title='bbox 162 1065 185 1086; x_wconf 81' lang='lat' dir='ltr'>&#39;r</span> <span class='ocrx_word' id='word_1_253' title='bbox 196 1067 206 1086; x_wconf 90' lang='lat'>1</span> <span class='ocrx_word' id='word_1_254' title='bbox 216 1066 229 1086; x_wconf 93' lang='lat' dir='ltr'>s</span> <span class='ocrx_word' id='word_1_255' title='bbox 239 1065 258 1086; x_wconf 96' lang='lat' dir='ltr'>o</span> <span class='ocrx_word' id='word_1_256' title='bbox 268 1067 290 1086; x_wconf 77' lang='lat' dir='ltr'>N</span> <span class='ocrx_word' id='word_1_257' title='bbox 300 1062 320 1087; x_wconf 79' lang='grc' dir='ltr'>ό</span> <span class='ocrx_word' id='word_1_258' title='bbox 329 1067 347 1086; x_wconf 82' lang='lat' dir='ltr'>R</span> <span class='ocrx_word' id='word_1_259' title='bbox 356 1066 376 1085; x_wconf 94' lang='lat' dir='ltr'>v</span> <span class='ocrx_word' id='word_1_260' title='bbox 385 1065 408 1091; x_wconf 92' lang='lat' dir='ltr'>s,</span> <span class='ocrx_word' id='word_1_261' title='bbox 427 1066 451 1091; x_wconf 78' lang='lat' dir='ltr'>a,</span> <span class='ocrx_word' id='word_1_262' title='bbox 471 1067 527 1084; x_wconf 85' lang='lat' dir='ltr'>um.</span> <span class='ocrx_word' id='word_1_263' title='bbox 563 1055 625 1083; x_wconf 77' lang='lat' dir='ltr'>Adl-</span> <span class='ocrx_word' id='word_1_264' title='bbox 664 1056 822 1090; x_wconf 60' lang='grc' dir='ltr'><strong><em>[πολυυκῆς]</em></strong></span> <span class='ocrx_word' id='word_1_265' title='bbox 860 1055 954 1083; x_wconf 81' lang='lat' dir='ltr'>Claud.</span> <span class='ocrx_word' id='word_1_266' title='bbox 963 1054 994 1082; x_wconf 83' lang='lat' dir='ltr'>dc</span> <span class='ocrx_word' id='word_1_267' title='bbox 1003 1054 1089 1082; x_wconf 83' lang='lat' dir='ltr'>Mula.</span> 
     </span>
     <span class='ocr_line' id='line_1_27' title="bbox 24 1091 859 1132; baseline -0.006 -10"><span class='ocrx_word' id='word_1_268' title='bbox 24 1092 74 1122; x_wconf 79' lang='lat' dir='ltr'>bus</span> <span class='ocrx_word' id='word_1_269' title='bbox 95 1094 164 1122; x_wconf 88' lang='lat' dir='ltr'>Gall.</span> <span class='ocrx_word' id='word_1_270' title='bbox 185 1105 212 1122; x_wconf 85' lang='lat' dir='ltr'>v.</span> <span class='ocrx_word' id='word_1_271' title='bbox 228 1101 250 1125; x_wconf 83' lang='lat'>18</span> <span class='ocrx_word' id='word_1_272' title='bbox 287 1093 376 1129; x_wconf 72' lang='lat' dir='ltr'>Ess‘eda</span> <span class='ocrx_word' id='word_1_273' title='bbox 387 1093 531 1120; x_wconf 82' lang='lat' dir='ltr'>concordes</span> <span class='ocrx_word' id='word_1_274' title='bbox 545 1092 724 1119; x_wconf 75' lang='lat' dir='ltr'>multisonora</span> <span class='ocrx_word' id='word_1_275' title='bbox 740 1091 859 1132; x_wconf 67' lang='lat' dir='ltr'>trahunt.</span> 
     </span>
    </p>

    <p class='ocr_par' dir='ltr' id='par_1_18' title="bbox 59 1127 1089 1169">
     <span class='ocr_line' id='line_1_28' title="bbox 59 1127 1089 1169; baseline -0.006 -11"><span class='ocrx_word' id='word_1_276' title='bbox 59 1137 88 1158; x_wconf 88' lang='lat' dir='ltr'>M</span> <span class='ocrx_word' id='word_1_277' title='bbox 98 1137 119 1157; x_wconf 93' lang='lat' dir='ltr'><strong>v</strong></span> <span class='ocrx_word' id='word_1_278' title='bbox 131 1138 147 1158; x_wconf 98' lang='lat' dir='ltr'>L</span> <span class='ocrx_word' id='word_1_279' title='bbox 160 1137 182 1158; x_wconf 85' lang='lat' dir='ltr'>&#39;r</span> <span class='ocrx_word' id='word_1_280' title='bbox 195 1139 204 1157; x_wconf 92' lang='lat'>1</span> <span class='ocrx_word' id='word_1_281' title='bbox 214 1137 235 1157; x_wconf 95' lang='lat' dir='ltr'>v</span> <span class='ocrx_word' id='word_1_282' title='bbox 247 1129 294 1157; x_wconf 56' lang='lat' dir='ltr'>HG</span> <span class='ocrx_word' id='word_1_283' title='bbox 303 1136 324 1156; x_wconf 92' lang='lat' dir='ltr'><strong>v</strong></span> <span class='ocrx_word' id='word_1_284' title='bbox 333 1136 357 1160; x_wconf 89' lang='lat' dir='ltr'>s,</span> <span class='ocrx_word' id='word_1_285' title='bbox 377 1137 400 1161; x_wconf 83' lang='lat' dir='ltr'>a,</span> <span class='ocrx_word' id='word_1_286' title='bbox 419 1138 474 1157; x_wconf 86' lang='lat' dir='ltr'>um.</span> <span class='ocrx_word' id='word_1_287' title='bbox 494 1129 555 1156; x_wconf 82' lang='lat' dir='ltr'>Adi.</span> <span class='ocrx_word' id='word_1_288' title='bbox 592 1129 782 1163; x_wconf 68' lang='grc' dir='ltr'>[πολυπλανὴς]</span> <span class='ocrx_word' id='word_1_289' title='bbox 821 1127 887 1169; x_wconf 78' lang='lat' dir='ltr'>Plin.</span> <span class='ocrx_word' id='word_1_290' title='bbox 898 1136 933 1160; x_wconf 83' lang='lat'>10,</span> <span class='ocrx_word' id='word_1_291' title='bbox 944 1136 968 1159; x_wconf 81' lang='lat'>37</span> <span class='ocrx_word' id='word_1_292' title='bbox 989 1127 1089 1153; x_wconf 86' lang='lat' dir='ltr'>Ferunt</span> 
     </span>
    </p>
   </div>
   <div class='ocr_carea' id='block_1_15' title="bbox 1152 490 2219 1174">
    <p class='ocr_par' dir='ltr' id='par_1_19' title="bbox 1152 490 2219 1174">
     <span class='ocr_line' id='line_1_29' title="bbox 1158 490 2218 531; baseline 0.011 -21"><span class='ocrx_word' id='word_1_293' title='bbox 1158 493 1207 511; x_wconf 79' lang='lat' dir='ltr'>nus</span> <span class='ocrx_word' id='word_1_294' title='bbox 1223 491 1346 520; x_wconf 77' lang='lat' dir='ltr'>triginta3</span> <span class='ocrx_word' id='word_1_295' title='bbox 1362 494 1407 521; x_wconf 86' lang='lat' dir='ltr'>pro</span> <span class='ocrx_word' id='word_1_296' title='bbox 1420 498 1454 521; x_wconf 81' lang='lat' dir='ltr'>eo,</span> <span class='ocrx_word' id='word_1_297' title='bbox 1468 492 1532 522; x_wconf 82' lang='lat' dir='ltr'>quod</span> <span class='ocrx_word' id='word_1_298' title='bbox 1544 490 1575 525; x_wconf 76' lang='lat' dir='ltr'>est</span> <span class='ocrx_word' id='word_1_299' title='bbox 1583 492 1671 517; x_wconf 84' lang='lat' dir='ltr'>Paullo</span> <span class='ocrx_word' id='word_1_300' title='bbox 1701 492 1750 524; x_wconf 87' lang='lat' dir='ltr'>lus,</span> <span class='ocrx_word' id='word_1_301' title='bbox 1764 499 1808 517; x_wconf 77' lang='lat' dir='ltr'>aut</span> <span class='ocrx_word' id='word_1_302' title='bbox 1823 492 1912 518; x_wconf 72' lang='lat' dir='ltr'>Paullo</span> <span class='ocrx_word' id='word_1_303' title='bbox 1929 493 2020 526; x_wconf 80' lang='lat' dir='ltr'>minus,</span> <span class='ocrx_word' id='word_1_304' title='bbox 2039 495 2082 520; x_wconf 80' lang='lat' dir='ltr'>hoc</span> <span class='ocrx_word' id='word_1_305' title='bbox 2093 494 2126 531; x_wconf 84' lang='lat' dir='ltr'>est</span> <span class='ocrx_word' id='word_1_306' title='bbox 2140 499 2218 523; x_wconf 65' lang='lat' dir='ltr'>Ltrci-</span> 
     </span>
     <span class='ocr_line' id='line_1_30' title="bbox 1157 521 2219 564; baseline 0.012 -19"><span class='ocrx_word' id='word_1_307' title='bbox 1157 528 1204 546; x_wconf 77' lang='lat' dir='ltr'>ter.</span> <span class='ocrx_word' id='word_1_308' title='bbox 1277 521 1344 548; x_wconf 87' lang='lat' dir='ltr'>Plin.</span> <span class='ocrx_word' id='word_1_309' title='bbox 1361 524 1396 554; x_wconf 89' lang='lat'>16,</span> <span class='ocrx_word' id='word_1_310' title='bbox 1410 526 1425 549; x_wconf 90' lang='lat'>6</span> <span class='ocrx_word' id='word_1_311' title='bbox 1446 524 1626 552; x_wconf 71' lang='lat' dir='ltr'>Continentur</span> <span class='ocrx_word' id='word_1_312' title='bbox 1641 526 1668 553; x_wconf 87' lang='lat' dir='ltr'>hi</span> <span class='ocrx_word' id='word_1_313' title='bbox 1681 525 1745 562; x_wconf 84' lang='lat' dir='ltr'>pido</span> <span class='ocrx_word' id='word_1_314' title='bbox 1757 526 1853 561; x_wconf 79' lang='lat' dir='ltr'>calyce,</span> <span class='ocrx_word' id='word_1_315' title='bbox 1875 536 1922 562; x_wconf 85' lang='lat' dir='ltr'>per</span> <span class='ocrx_word' id='word_1_316' title='bbox 1933 536 2032 562; x_wconf 86' lang='lat' dir='ltr'>genera</span> <span class='ocrx_word' id='word_1_317' title='bbox 2053 529 2111 564; x_wconf 79' lang='lat' dir='ltr'>plus</span> <span class='ocrx_word' id='word_1_318' title='bbox 2131 531 2219 559; x_wconf 74' lang='lat' dir='ltr'>minus</span> 
     </span>
     <span class='ocr_line' id='line_1_31' title="bbox 1158 556 2219 598; baseline 0.011 -17"><span class='ocrx_word' id='word_1_319' title='bbox 1158 556 1360 591; x_wconf 62' lang='lat' dir='ltr'>compleciente.</span> <span class='ocrx_word' id='word_1_320' title='bbox 1433 559 1493 585; x_wconf 83' lang='lat' dir='ltr'>Plus</span> <span class='ocrx_word' id='word_1_321' title='bbox 1507 560 1594 587; x_wconf 86' lang='lat' dir='ltr'>minus</span> <span class='ocrx_word' id='word_1_322' title='bbox 1608 562 1698 588; x_wconf 84' lang='lat' dir='ltr'>decem</span> <span class='ocrx_word' id='word_1_323' title='bbox 1718 563 1822 590; x_wconf 81' lang='lat' dir='ltr'>vetulae</span> <span class='ocrx_word' id='word_1_324' title='bbox 1845 563 1960 590; x_wconf 82' lang='lat' dir='ltr'>Martial.</span> <span class='ocrx_word' id='word_1_325' title='bbox 1983 573 2016 598; x_wconf 87' lang='lat'>9,</span> <span class='ocrx_word' id='word_1_326' title='bbox 2035 574 2085 598; x_wconf 82' lang='lat'>103.</span> <span class='ocrx_word' id='word_1_327' title='bbox 2160 569 2219 594; x_wconf 80' lang='lat' dir='ltr'>Cum</span> 
     </span>
     <span class='ocr_line' id='line_1_32' title="bbox 1156 592 2217 634; baseline 0.011 -17"><span class='ocrx_word' id='word_1_328' title='bbox 1156 592 1240 618; x_wconf 75' lang='lat' dir='ltr'>verbo.</span> <span class='ocrx_word' id='word_1_329' title='bbox 1280 593 1361 619; x_wconf 89' lang='lat' dir='ltr'>Plaut.</span> <span class='ocrx_word' id='word_1_330' title='bbox 1377 593 1459 620; x_wconf 72' lang='lat' dir='ltr'>Mei-c.</span> <span class='ocrx_word' id='word_1_331' title='bbox 1473 604 1497 626; x_wconf 76' lang='lat'>4,</span> <span class='ocrx_word' id='word_1_332' title='bbox 1512 604 1536 627; x_wconf 81' lang='lat'>2,</span> <span class='ocrx_word' id='word_1_333' title='bbox 1550 605 1576 628; x_wconf 85' lang='lat'>27</span> <span class='ocrx_word' id='word_1_334' title='bbox 1597 596 1654 622; x_wconf 87' lang='lat' dir='ltr'>Plus</span> <span class='ocrx_word' id='word_1_335' title='bbox 1668 597 1755 625; x_wconf 87' lang='lat' dir='ltr'>minus</span> <span class='ocrx_word' id='word_1_336' title='bbox 1768 608 1834 633; x_wconf 86' lang='lat' dir='ltr'>opus</span> <span class='ocrx_word' id='word_1_337' title='bbox 1847 608 1926 634; x_wconf 83' lang='lat' dir='ltr'>quam</span> <span class='ocrx_word' id='word_1_338' title='bbox 1948 607 2020 633; x_wconf 86' lang='lat' dir='ltr'>crat,</span> <span class='ocrx_word' id='word_1_339' title='bbox 2040 600 2126 628; x_wconf 88' lang='lat' dir='ltr'>multo</span> <span class='ocrx_word' id='word_1_340' title='bbox 2147 602 2217 629; x_wconf 84' lang='lat' dir='ltr'>dixe·</span> 
     </span>
     <span class='ocr_line' id='line_1_33' title="bbox 1156 628 2218 669; baseline 0.009 -15"><span class='ocrx_word' id='word_1_341' title='bbox 1156 636 1213 654; x_wconf 88' lang='lat' dir='ltr'>ram</span> <span class='ocrx_word' id='word_1_342' title='bbox 1229 628 1446 662; x_wconf 80' lang='lat' dir='ltr'>controuersiam,</span> <span class='ocrx_word' id='word_1_343' title='bbox 1467 636 1494 655; x_wconf 85' lang='lat' dir='ltr'>vt</span> <span class='ocrx_word' id='word_1_344' title='bbox 1509 630 1613 664; x_wconf 81' lang='lat' dir='ltr'>sponfio</span> <span class='ocrx_word' id='word_1_345' title='bbox 1627 632 1709 659; x_wconf 76' lang='lat' dir='ltr'>ficret.</span> <span class='ocrx_word' id='word_1_346' title='bbox 1783 636 1840 662; x_wconf 89' lang='lat' dir='ltr'>Cic.</span> <span class='ocrx_word' id='word_1_347' title='bbox 1852 637 1904 663; x_wconf 80' lang='lat' dir='ltr'>Att.</span> <span class='ocrx_word' id='word_1_348' title='bbox 1920 637 1946 669; x_wconf 81' lang='lat'>6,</span> <span class='ocrx_word' id='word_1_349' title='bbox 1960 644 1972 662; x_wconf 89' lang='lat'>2</span> <span class='ocrx_word' id='word_1_350' title='bbox 1992 635 2051 664; x_wconf 88' lang='lat' dir='ltr'>Nec</span> <span class='ocrx_word' id='word_1_351' title='bbox 2066 636 2074 663; x_wconf 88' lang='lat' dir='ltr'>i</span> <span class='ocrx_word' id='word_1_352' title='bbox 2097 637 2152 664; x_wconf 86' lang='lat' dir='ltr'>sum</span> <span class='ocrx_word' id='word_1_353' title='bbox 2161 638 2218 665; x_wconf 88' lang='lat' dir='ltr'>odi-</span> 
     </span>
     <span class='ocr_line' id='line_1_34' title="bbox 1155 646 2219 709; baseline 0.011 -20"><span class='ocrx_word' id='word_1_354' title='bbox 1155 672 1224 697; x_wconf 85' lang='lat' dir='ltr'>mus,</span> <span class='ocrx_word' id='word_1_355' title='bbox 1238 669 1264 690; x_wconf 84' lang='lat' dir='ltr'>et</span> <span class='ocrx_word' id='word_1_356' title='bbox 1279 664 1390 690; x_wconf 83' lang='lat' dir='ltr'>Brutum</span> <span class='ocrx_word' id='word_1_357' title='bbox 1404 673 1531 700; x_wconf 84' lang='lat' dir='ltr'>amamus,</span> <span class='ocrx_word' id='word_1_358' title='bbox 1552 672 1578 692; x_wconf 87' lang='lat' dir='ltr'>et</span> <span class='ocrx_word' id='word_1_359' title='bbox 1594 667 1733 701; x_wconf 86' lang='lat' dir='ltr'>Pompeius</span> <span class='ocrx_word' id='word_1_360' title='bbox 1748 670 1863 698; x_wconf 71' lang='lat' dir='ltr'>mirifice</span> <span class='ocrx_word' id='word_1_361' title='bbox 1876 680 1890 700; x_wconf 86' lang='lat' dir='ltr'>a</span> <span class='ocrx_word' id='word_1_362' title='bbox 1904 680 1946 698; x_wconf 88' lang='lat' dir='ltr'>me</span> <span class='ocrx_word' id='word_1_363' title='bbox 1966 646 2119 704; x_wconf 70' lang='lat' dir='ltr'>contendit,</span> <span class='ocrx_word' id='word_1_364' title='bbox 2138 682 2219 709; x_wconf 80' lang='lat' dir='ltr'>quem</span> 
     </span>
     <span class='ocr_line' id='line_1_35' title="bbox 1155 699 2219 745; baseline 0.012 -20"><span class='ocrx_word' id='word_1_365' title='bbox 1155 708 1200 726; x_wconf 86' lang='lat' dir='ltr'>me</span> <span class='ocrx_word' id='word_1_366' title='bbox 1212 699 1320 726; x_wconf 83' lang='lat' dir='ltr'>hercule</span> <span class='ocrx_word' id='word_1_367' title='bbox 1334 700 1392 734; x_wconf 87' lang='lat' dir='ltr'>plus</span> <span class='ocrx_word' id='word_1_368' title='bbox 1424 700 1462 727; x_wconf 87' lang='lat' dir='ltr'>lus</span> <span class='ocrx_word' id='word_1_369' title='bbox 1483 710 1517 727; x_wconf 86' lang='lat' dir='ltr'>ue</span> <span class='ocrx_word' id='word_1_370' title='bbox 1530 701 1558 727; x_wconf 87' lang='lat' dir='ltr'>in</span> <span class='ocrx_word' id='word_1_371' title='bbox 1575 701 1630 728; x_wconf 84' lang='lat' dir='ltr'>dics</span> <span class='ocrx_word' id='word_1_372' title='bbox 1645 703 1737 737; x_wconf 80' lang='lat' dir='ltr'>diligo.</span> <span class='ocrx_word' id='word_1_373' title='bbox 1773 708 1843 732; x_wconf 64' lang='lat' dir='ltr'>Ami.</span> <span class='ocrx_word' id='word_1_374' title='bbox 1860 707 2036 742; x_wconf 81' lang='lat' dir='ltr'>Plaut.Aul.3,</span> <span class='ocrx_word' id='word_1_375' title='bbox 2048 710 2120 745; x_wconf 83' lang='lat'>6,10.</span> <span class='ocrx_word' id='word_1_376' title='bbox 2158 710 2219 737; x_wconf 74' lang='lat' dir='ltr'>Pius</span> 
     </span>
     <span class='ocr_line' id='line_1_36' title="bbox 1156 710 2218 776; baseline 0.013 -16"><span class='ocrx_word' id='word_1_377' title='bbox 1156 743 1247 770; x_wconf 86' lang='lat' dir='ltr'>quarn,</span> <span class='ocrx_word' id='word_1_378' title='bbox 1267 735 1343 761; x_wconf 78' lang='lat' dir='ltr'>vnica</span> <span class='ocrx_word' id='word_1_379' title='bbox 1357 736 1400 760; x_wconf 59' lang='lat' dir='ltr'>dist·</span> <span class='ocrx_word' id='word_1_380' title='bbox 1410 737 1431 762; x_wconf 81' lang='lat' dir='ltr'>io</span> <span class='ocrx_word' id='word_1_381' title='bbox 1444 710 1485 773; x_wconf 59' lang='lat' dir='ltr'>‘st’</span> <span class='ocrx_word' id='word_1_382' title='bbox 1501 738 1543 762; x_wconf 78' lang='lat' dir='ltr'>vel</span> <span class='ocrx_word' id='word_1_383' title='bbox 1555 738 1627 763; x_wconf 77' lang='lat' dir='ltr'>duae.</span> <span class='ocrx_word' id='word_1_384' title='bbox 1666 738 1736 766; x_wconf 88' lang='lat' dir='ltr'>Tcr.</span> <span class='ocrx_word' id='word_1_385' title='bbox 1751 739 1856 769; x_wconf 80' lang='lat' dir='ltr'>Phorui.</span> <span class='ocrx_word' id='word_1_386' title='bbox 1875 753 1895 775; x_wconf 85' lang='lat'>5,</span> <span class='ocrx_word' id='word_1_387' title='bbox 1909 753 1930 775; x_wconf 82' lang='lat'>3,</span> <span class='ocrx_word' id='word_1_388' title='bbox 1945 752 1968 776; x_wconf 73' lang='lat'>¹4</span> <span class='ocrx_word' id='word_1_389' title='bbox 1990 744 2042 771; x_wconf 79' lang='lat' dir='ltr'>Hei</span> <span class='ocrx_word' id='word_1_390' title='bbox 2054 744 2135 772; x_wconf 88' lang='lat' dir='ltr'>video</span> <span class='ocrx_word' id='word_1_391' title='bbox 2153 754 2218 773; x_wconf 88' lang='lat' dir='ltr'>vxo-</span> 
     </span>
     <span class='ocr_line' id='line_1_37' title="bbox 1156 771 2218 813; baseline 0.009 -17"><span class='ocrx_word' id='word_1_392' title='bbox 1156 780 1230 801; x_wconf 83' lang='lat' dir='ltr'>rem;</span> <span class='ocrx_word' id='word_1_393' title='bbox 1252 780 1334 806; x_wconf 71' lang='lat' dir='ltr'>paene</span> <span class='ocrx_word' id='word_1_394' title='bbox 1350 771 1407 806; x_wconf 87' lang='lat' dir='ltr'>plus</span> <span class='ocrx_word' id='word_1_395' title='bbox 1421 780 1501 806; x_wconf 87' lang='lat' dir='ltr'>quam</span> <span class='ocrx_word' id='word_1_396' title='bbox 1515 773 1551 799; x_wconf 87' lang='lat' dir='ltr'>sat</span> <span class='ocrx_word' id='word_1_397' title='bbox 1563 778 1628 799; x_wconf 85' lang='lat' dir='ltr'>crat.</span> <span class='ocrx_word' id='word_1_398' title='bbox 1667 774 1724 800; x_wconf 83' lang='lat' dir='ltr'>Cic.</span> <span class='ocrx_word' id='word_1_399' title='bbox 1739 774 1771 801; x_wconf 90' lang='lat' dir='ltr'>de</span> <span class='ocrx_word' id='word_1_400' title='bbox 1787 777 1893 805; x_wconf 77' lang='lat' dir='ltr'>Amicit.</span> <span class='ocrx_word' id='word_1_401' title='bbox 1913 784 1940 810; x_wconf 62' lang='grc'>48</span> <span class='ocrx_word' id='word_1_402' title='bbox 1967 780 2153 813; x_wconf 74' lang='lat' dir='ltr'>Quamobrem</span> <span class='ocrx_word' id='word_1_403' title='bbox 2172 789 2218 808; x_wconf 80' lang='lat' dir='ltr'>an.</span> 
     </span>
     <span class='ocr_line' id='line_1_38' title="bbox 1155 807 2218 850; baseline 0.013 -18"><span class='ocrx_word' id='word_1_404' title='bbox 1155 816 1205 842; x_wconf 89' lang='lat' dir='ltr'>gor</span> <span class='ocrx_word' id='word_1_405' title='bbox 1218 807 1275 840; x_wconf 85' lang='lat' dir='ltr'>iste,</span> <span class='ocrx_word' id='word_1_406' title='bbox 1290 808 1336 841; x_wconf 90' lang='lat' dir='ltr'>qui</span> <span class='ocrx_word' id='word_1_407' title='bbox 1352 816 1402 842; x_wconf 87' lang='lat' dir='ltr'>pro</span> <span class='ocrx_word' id='word_1_408' title='bbox 1411 808 1497 834; x_wconf 87' lang='lat' dir='ltr'>amico</span> <span class='ocrx_word' id='word_1_409' title='bbox 1515 809 1588 843; x_wconf 84' lang='lat' dir='ltr'>saepe</span> <span class='ocrx_word' id='word_1_410' title='bbox 1597 808 1740 843; x_wconf 84' lang='lat' dir='ltr'>capiendus</span> <span class='ocrx_word' id='word_1_411' title='bbox 1749 811 1794 844; x_wconf 85' lang='lat' dir='ltr'>est,</span> <span class='ocrx_word' id='word_1_412' title='bbox 1817 820 1871 838; x_wconf 90' lang='lat' dir='ltr'>non</span> <span class='ocrx_word' id='word_1_413' title='bbox 1887 820 1988 841; x_wconf 81' lang='lat' dir='ltr'>tautum</span> <span class='ocrx_word' id='word_1_414' title='bbox 2005 817 2083 850; x_wconf 87' lang='lat' dir='ltr'>valet,</span> <span class='ocrx_word' id='word_1_415' title='bbox 2098 822 2128 844; x_wconf 89' lang='lat' dir='ltr'>vt</span> <span class='ocrx_word' id='word_1_416' title='bbox 2141 817 2218 845; x_wconf 84' lang='lat' dir='ltr'>tollat</span> 
     </span>
     <span class='ocr_line' id='line_1_39' title="bbox 1155 842 2219 883; baseline 0.011 -13"><span class='ocrx_word' id='word_1_417' title='bbox 1155 851 1170 870; x_wconf 86' lang='lat' dir='ltr'>e</span> <span class='ocrx_word' id='word_1_418' title='bbox 1183 842 1236 870; x_wconf 82' lang='lat' dir='ltr'>vita</span> <span class='ocrx_word' id='word_1_419' title='bbox 1250 843 1407 877; x_wconf 78' lang='lat' dir='ltr'>amicitiam,</span> <span class='ocrx_word' id='word_1_420' title='bbox 1427 853 1482 871; x_wconf 88' lang='lat' dir='ltr'>non</span> <span class='ocrx_word' id='word_1_421' title='bbox 1497 844 1554 879; x_wconf 84' lang='lat' dir='ltr'>plus</span> <span class='ocrx_word' id='word_1_422' title='bbox 1569 853 1649 879; x_wconf 86' lang='lat' dir='ltr'>quam</span> <span class='ocrx_word' id='word_1_423' title='bbox 1664 851 1690 871; x_wconf 92' lang='lat' dir='ltr'>vt</span> <span class='ocrx_word' id='word_1_424' title='bbox 1713 845 1840 879; x_wconf 81' lang='lat' dir='ltr'>virtutes,</span> <span class='ocrx_word' id='word_1_425' title='bbox 1861 849 1923 883; x_wconf 87' lang='lat' dir='ltr'>quia</span> <span class='ocrx_word' id='word_1_426' title='bbox 1943 852 2083 879; x_wconf 83' lang='lat' dir='ltr'>nonnullas</span> <span class='ocrx_word' id='word_1_427' title='bbox 2105 862 2179 880; x_wconf 82' lang='lat' dir='ltr'>curas</span> <span class='ocrx_word' id='word_1_428' title='bbox 2191 860 2219 882; x_wconf 82' lang='lat' dir='ltr'>et</span> 
     </span>
     <span class='ocr_line' id='line_1_40' title="bbox 1156 878 2218 917; baseline 0.01 -11"><span class='ocrx_word' id='word_1_429' title='bbox 1156 878 1288 907; x_wconf 84' lang='lat' dir='ltr'>molestias</span> <span class='ocrx_word' id='word_1_430' title='bbox 1303 879 1427 914; x_wconf 83' lang='lat' dir='ltr'>afferunt,</span> <span class='ocrx_word' id='word_1_431' title='bbox 1450 880 1634 915; x_wconf 80' lang='lat' dir='ltr'>repudientur.</span> <span class='ocrx_word' id='word_1_432' title='bbox 1671 881 1736 908; x_wconf 92' lang='lat' dir='ltr'>Non</span> <span class='ocrx_word' id='word_1_433' title='bbox 1752 882 1809 917; x_wconf 88' lang='lat' dir='ltr'>plus</span> <span class='ocrx_word' id='word_1_434' title='bbox 1824 891 1903 917; x_wconf 84' lang='lat' dir='ltr'>quam</span> <span class='ocrx_word' id='word_1_435' title='bbox 1925 884 2043 914; x_wconf 84' lang='lat' dir='ltr'>Scribou.</span> <span class='ocrx_word' id='word_1_436' title='bbox 2067 897 2111 916; x_wconf 70' lang='grc' dir='ltr'>ιω.</span> <span class='ocrx_word' id='word_1_437' title='bbox 2155 890 2218 916; x_wconf 83' lang='lat' dir='ltr'>Plus</span> 
     </span>
     <span class='ocr_line' id='line_1_41' title="bbox 1153 915 2218 961; baseline 0.011 -20"><span class='ocrx_word' id='word_1_438' title='bbox 1153 924 1207 941; x_wconf 81' lang='lat' dir='ltr'>cum</span> <span class='ocrx_word' id='word_1_439' title='bbox 1218 915 1342 950; x_wconf 81' lang='lat' dir='ltr'>posttitu&#39;s,</span> <span class='ocrx_word' id='word_1_440' title='bbox 1362 917 1413 942; x_wconf 86' lang='lat' dir='ltr'>loco</span> <span class='ocrx_word' id='word_1_441' title='bbox 1426 917 1657 951; x_wconf 48' lang='lat' dir='ltr'>comparationum.</span> <span class='ocrx_word' id='word_1_442' title='bbox 1696 917 1756 944; x_wconf 88' lang='lat' dir='ltr'>Plus</span> <span class='ocrx_word' id='word_1_443' title='bbox 1770 918 1903 945; x_wconf 80' lang='lat' dir='ltr'>formosus</span> <span class='ocrx_word' id='word_1_444' title='bbox 1920 920 2067 950; x_wconf 78' lang='lat' dir='ltr'>Nemesian.</span> <span class='ocrx_word' id='word_1_445' title='bbox 2078 925 2131 952; x_wconf 85' lang='lat' dir='ltr'>Ecl.</span> <span class='ocrx_word' id='word_1_446' title='bbox 2147 932 2218 961; x_wconf 73' lang='lat'>4‚72.</span> 
     </span>
     <span class='ocr_line' id='line_1_42' title="bbox 1153 951 2218 995; baseline 0.011 -19"><span class='ocrx_word' id='word_1_447' title='bbox 1153 952 1171 977; x_wconf 86' lang='lat' dir='ltr'>i.</span> <span class='ocrx_word' id='word_1_448' title='bbox 1183 951 1325 984; x_wconf 77' lang='lat' dir='ltr'>formosior.</span> <span class='ocrx_word' id='word_1_449' title='bbox 1400 951 1458 978; x_wconf 84' lang='lat' dir='ltr'>Plus</span> <span class='ocrx_word' id='word_1_450' title='bbox 1473 952 1542 984; x_wconf 79' lang='lat' dir='ltr'>satis,</span> <span class='ocrx_word' id='word_1_451' title='bbox 1563 961 1612 987; x_wconf 89' lang='lat' dir='ltr'>pro</span> <span class='ocrx_word' id='word_1_452' title='bbox 1627 953 1702 986; x_wconf 87' lang='lat' dir='ltr'>Satis,</span> <span class='ocrx_word' id='word_1_453' title='bbox 1722 954 1804 988; x_wconf 77' lang='lat' dir='ltr'>inquit</span> <span class='ocrx_word' id='word_1_454' title='bbox 1817 954 1913 983; x_wconf 83' lang='lat' dir='ltr'>Donat.</span> <span class='ocrx_word' id='word_1_455' title='bbox 1969 957 2038 985; x_wconf 86' lang='lat' dir='ltr'>Ter.</span> <span class='ocrx_word' id='word_1_456' title='bbox 2053 960 2119 987; x_wconf 81' lang='lat' dir='ltr'>Eun.</span> <span class='ocrx_word' id='word_1_457' title='bbox 2135 970 2154 994; x_wconf 85' lang='lat'>1,</span> <span class='ocrx_word' id='word_1_458' title='bbox 2168 970 2191 995; x_wconf 85' lang='lat'>2,</span> <span class='ocrx_word' id='word_1_459' title='bbox 2204 971 2218 993; x_wconf 86' lang='grc' dir='ltr'><em>ς</em></span> 
     </span>
     <span class='ocr_line' id='line_1_43' title="bbox 1153 986 2217 1030; baseline 0.011 -18"><span class='ocrx_word' id='word_1_460' title='bbox 1153 986 1254 1013; x_wconf 83' lang='lat' dir='ltr'><strong>Accede</strong></span> <span class='ocrx_word' id='word_1_461' title='bbox 1269 987 1300 1013; x_wconf 84' lang='lat' dir='ltr'>ad</span> <span class='ocrx_word' id='word_1_462' title='bbox 1313 987 1403 1021; x_wconf 82' lang='lat' dir='ltr'>ignem</span> <span class='ocrx_word' id='word_1_463' title='bbox 1418 987 1498 1021; x_wconf 88' lang='lat' dir='ltr'>hunc,</span> <span class='ocrx_word' id='word_1_464' title='bbox 1519 987 1572 1014; x_wconf 85' lang='lat' dir='ltr'>iam</span> <span class='ocrx_word' id='word_1_465' title='bbox 1589 989 1698 1015; x_wconf 79' lang='lat' dir='ltr'>calesces</span> <span class='ocrx_word' id='word_1_466' title='bbox 1715 988 1772 1024; x_wconf 83' lang='lat' dir='ltr'>plus</span> <span class='ocrx_word' id='word_1_467' title='bbox 1785 990 1854 1018; x_wconf 86' lang='lat' dir='ltr'>satis.</span> <span class='ocrx_word' id='word_1_468' title='bbox 1927 992 2020 1018; x_wconf 82' lang='lat' dir='ltr'>Malim</span> <span class='ocrx_word' id='word_1_469' title='bbox 2037 995 2217 1030; x_wconf 63' lang='lat' dir='ltr'>interpretatus</span> 
     </span>
     <span class='ocr_line' id='line_1_44' title="bbox 1152 1022 2216 1066; baseline 0.007 -18"><span class='ocrx_word' id='word_1_470' title='bbox 1152 1022 1209 1056; x_wconf 62' lang='lat' dir='ltr'>astet</span> <span class='ocrx_word' id='word_1_471' title='bbox 1231 1022 1290 1048; x_wconf 91' lang='lat' dir='ltr'>Plus</span> <span class='ocrx_word' id='word_1_472' title='bbox 1305 1031 1386 1056; x_wconf 88' lang='lat' dir='ltr'>quam</span> <span class='ocrx_word' id='word_1_473' title='bbox 1401 1023 1460 1050; x_wconf 84' lang='lat' dir='ltr'>satis</span> <span class='ocrx_word' id='word_1_474' title='bbox 1474 1024 1518 1051; x_wconf 83' lang='lat' dir='ltr'>est.</span> <span class='ocrx_word' id='word_1_475' title='bbox 1591 1023 1688 1055; x_wconf 88' lang='lat' dir='ltr'>Pluris,</span> <span class='ocrx_word' id='word_1_476' title='bbox 1711 1026 1851 1060; x_wconf 65' lang='lat' dir='ltr'>Geminus,</span> <span class='ocrx_word' id='word_1_477' title='bbox 1865 1028 1947 1053; x_wconf 78' lang='lat' dir='ltr'>verbis</span> <span class='ocrx_word' id='word_1_478' title='bbox 1963 1029 2110 1061; x_wconf 70' lang='lat' dir='ltr'>aestimandi</span> <span class='ocrx_word' id='word_1_479' title='bbox 2125 1040 2148 1057; x_wconf 75' lang='lat' dir='ltr'>e:</span> <span class='ocrx_word' id='word_1_480' title='bbox 2161 1038 2216 1066; x_wconf 78' lang='lat' dir='ltr'>pre.</span> 
     </span>
     <span class='ocr_line' id='line_1_45' title="bbox 1152 1057 2217 1102; baseline 0.012 -20"><span class='ocrx_word' id='word_1_481' title='bbox 1152 1058 1185 1083; x_wconf 73' lang='lat' dir='ltr'>tii</span> <span class='ocrx_word' id='word_1_482' title='bbox 1193 1057 1346 1093; x_wconf 68' lang='lat' dir='ltr'>fi’equenter</span> <span class='ocrx_word' id='word_1_483' title='bbox 1359 1060 1485 1094; x_wconf 75' lang='lat' dir='ltr'>iungitur.</span> <span class='ocrx_word' id='word_1_484' title='bbox 1557 1059 1614 1086; x_wconf 86' lang='lat' dir='ltr'>Cic.</span> <span class='ocrx_word' id='word_1_485' title='bbox 1629 1060 1701 1087; x_wconf 86' lang='lat' dir='ltr'>Fam.</span> <span class='ocrx_word' id='word_1_486' title='bbox 1717 1063 1753 1093; x_wconf 83' lang='lat'>16,</span> <span class='ocrx_word' id='word_1_487' title='bbox 1774 1070 1801 1087; x_wconf 90' lang='lat'>10</span> <span class='ocrx_word' id='word_1_488' title='bbox 1826 1061 1885 1089; x_wconf 84' lang='lat' dir='ltr'>Nos</span> <span class='ocrx_word' id='word_1_489' title='bbox 1903 1059 2005 1097; x_wconf 76' lang='lat' dir='ltr'>agimus</span> <span class='ocrx_word' id='word_1_490' title='bbox 2024 1065 2092 1092; x_wconf 87' lang='lat' dir='ltr'>nihil</span> <span class='ocrx_word' id='word_1_491' title='bbox 2113 1068 2217 1102; x_wconf 86' lang='lat' dir='ltr'>cupide,</span> 
     </span>
     <span class='ocr_line' id='line_1_46' title="bbox 1152 1093 2215 1137; baseline 0.011 -18"><span class='ocrx_word' id='word_1_492' title='bbox 1152 1102 1239 1127; x_wconf 86' lang='lat' dir='ltr'>eoque</span> <span class='ocrx_word' id='word_1_493' title='bbox 1253 1093 1290 1120; x_wconf 87' lang='lat' dir='ltr'>cst</span> <span class='ocrx_word' id='word_1_494' title='bbox 1303 1094 1391 1121; x_wconf 79' lang='lat' dir='ltr'>nostra</span> <span class='ocrx_word' id='word_1_495' title='bbox 1406 1094 1491 1129; x_wconf 83' lang='lat' dir='ltr'>pluris</span> <span class='ocrx_word' id='word_1_496' title='bbox 1504 1094 1658 1124; x_wconf 68' lang='lat' dir='ltr'>auctoritas.</span> <span class='ocrx_word' id='word_1_497' title='bbox 1732 1097 1878 1124; x_wconf 75' lang='lat' dir='ltr'>Aestimate</span> <span class='ocrx_word' id='word_1_498' title='bbox 1886 1098 1978 1133; x_wconf 79' lang='lat' dir='ltr'>pluris.</span> <span class='ocrx_word' id='word_1_499' title='bbox 2015 1102 2135 1130; x_wconf 77' lang='lat' dir='ltr'>Cic.0ff.</span> <span class='ocrx_word' id='word_1_500' title='bbox 2152 1111 2215 1137; x_wconf 80' lang='lat'>3,18.</span> 
     </span>
     <span class='ocr_line' id='line_1_47' title="bbox 1152 1128 2216 1174; baseline 0.009 -18"><span class='ocrx_word' id='word_1_501' title='bbox 1152 1128 1226 1156; x_wconf 85' lang='lat' dir='ltr'>Idem</span> <span class='ocrx_word' id='word_1_502' title='bbox 1240 1128 1273 1155; x_wconf 86' lang='lat' dir='ltr'>de</span> <span class='ocrx_word' id='word_1_503' title='bbox 1287 1129 1376 1157; x_wconf 87' lang='lat' dir='ltr'>Finib.</span> <span class='ocrx_word' id='word_1_504' title='bbox 1394 1141 1412 1163; x_wconf 67' lang='grc' dir='ltr'><strong>ς,</strong></span> <span class='ocrx_word' id='word_1_505' title='bbox 1429 1140 1458 1163; x_wconf 69' lang='lat'>47</span> <span class='ocrx_word' id='word_1_506' title='bbox 1477 1131 1535 1157; x_wconf 89' lang='lat' dir='ltr'>Nec</span> <span class='ocrx_word' id='word_1_507' title='bbox 1549 1140 1616 1158; x_wconf 82' lang='lat' dir='ltr'>vcro</span> <span class='ocrx_word' id='word_1_508' title='bbox 1628 1132 1687 1159; x_wconf 90' lang='lat' dir='ltr'>satis</span> <span class='ocrx_word' id='word_1_509' title='bbox 1698 1139 1773 1159; x_wconf 84' lang='lat' dir='ltr'>acute</span> <span class='ocrx_word' id='word_1_510' title='bbox 1785 1134 1886 1167; x_wconf 87' lang='lat' dir='ltr'>dicunt,</span> <span class='ocrx_word' id='word_1_511' title='bbox 1904 1134 1921 1161; x_wconf 85' lang='lat' dir='ltr'>fi</span> <span class='ocrx_word' id='word_1_512' title='bbox 1938 1135 2006 1162; x_wconf 89' lang='lat' dir='ltr'>bona</span> <span class='ocrx_word' id='word_1_513' title='bbox 2022 1137 2146 1165; x_wconf 70' lang='lat' dir='ltr'>valetudo</span> <span class='ocrx_word' id='word_1_514' title='bbox 2159 1139 2216 1174; x_wconf 84' lang='lat' dir='ltr'>plu-</span> 
     </span>
    </p>
   </div>
   <div class='ocr_carea' id='block_1_16' title="bbox 24 1163 2216 1209">
    <p class='ocr_par' dir='ltr' id='par_1_20' title="bbox 24 1163 2216 1209">
     <span class='ocr_line' id='line_1_48' title="bbox 24 1163 2216 1209; baseline 0.003 -17"><span class='ocrx_word' id='word_1_515' title='bbox 24 1174 81 1194; x_wconf 82' lang='lat' dir='ltr'>non</span> <span class='ocrx_word' id='word_1_516' title='bbox 93 1172 196 1194; x_wconf 87' lang='lat' dir='ltr'>mutare</span> <span class='ocrx_word' id='word_1_517' title='bbox 209 1165 294 1193; x_wconf 86' lang='lat' dir='ltr'>sedem</span> <span class='ocrx_word' id='word_1_518' title='bbox 307 1163 462 1200; x_wconf 81' lang='lat' dir='ltr'>columbas,</span> <span class='ocrx_word' id='word_1_519' title='bbox 478 1165 626 1199; x_wconf 80' lang='lat' dir='ltr'>multiuaga</span> <span class='ocrx_word' id='word_1_520' title='bbox 640 1163 746 1197; x_wconf 86' lang='lat' dir='ltr'>alioqui</span> <span class='ocrx_word' id='word_1_521' title='bbox 762 1172 820 1191; x_wconf 88' lang='lat' dir='ltr'>aue.</span> <span class='ocrx_word' id='word_1_522' title='bbox 859 1174 878 1190; x_wconf 81' lang='grc' dir='ltr'>ι.</span> <span class='ocrx_word' id='word_1_523' title='bbox 896 1165 969 1199; x_wconf 66' lang='lat' dir='ltr'>Qae</span> <span class='ocrx_word' id='word_1_524' title='bbox 983 1163 1087 1188; x_wconf 71' lang='lat' dir='ltr'>multum</span> <span class='ocrx_word' id='word_1_525' title='bbox 1106 1167 1135 1193; x_wconf 69' lang='grc' dir='ltr'>ες</span> <span class='ocrx_word' id='word_1_526' title='bbox 1152 1165 1189 1191; x_wconf 86' lang='lat' dir='ltr'>ris</span> <span class='ocrx_word' id='word_1_527' title='bbox 1202 1165 1361 1192; x_wconf 72' lang='lat' dir='ltr'>aestimanda</span> <span class='ocrx_word' id='word_1_528' title='bbox 1372 1166 1403 1193; x_wconf 80' lang='lat' dir='ltr'>fit</span> <span class='ocrx_word' id='word_1_529' title='bbox 1418 1167 1496 1201; x_wconf 71' lang='lat' dir='ltr'>longa</span> <span class='ocrx_word' id='word_1_530' title='bbox 1511 1176 1590 1202; x_wconf 81' lang='lat' dir='ltr'>quam</span> <span class='ocrx_word' id='word_1_531' title='bbox 1606 1167 1706 1200; x_wconf 86' lang='lat' dir='ltr'>breuis,</span> <span class='ocrx_word' id='word_1_532' title='bbox 1737 1169 1880 1203; x_wconf 78' lang='lat' dir='ltr'>sapientiae</span> <span class='ocrx_word' id='word_1_533' title='bbox 1901 1178 2006 1206; x_wconf 79' lang='lat' dir='ltr'>quoque</span> <span class='ocrx_word' id='word_1_534' title='bbox 2028 1174 2086 1199; x_wconf 88' lang='lat' dir='ltr'>vsus</span> <span class='ocrx_word' id='word_1_535' title='bbox 2101 1175 2216 1209; x_wconf 79' lang='lat' dir='ltr'>longiffi.</span> 
     </span>
    </p>
   </div>
   <div class='ocr_carea' id='block_1_17' title="bbox 20 1198 2217 1383">
    <p class='ocr_par' dir='ltr' id='par_1_21' title="bbox 20 1198 2217 1315">
     <span class='ocr_line' id='line_1_49' title="bbox 25 1198 2214 1243; baseline 0.001 -9"><span class='ocrx_word' id='word_1_536' title='bbox 25 1210 145 1238; x_wconf 69' lang='lat' dir='ltr'><em>v‘lgatffl‘·</em></span> <span class='ocrx_word' id='word_1_537' title='bbox 217 1201 318 1228; x_wconf 71' lang='lat' dir='ltr'>DOmUS</span> <span class='ocrx_word' id='word_1_538' title='bbox 332 1199 493 1236; x_wconf 63' lang='lat' dir='ltr'>mlllfil-fflgae</span> <span class='ocrx_word' id='word_1_539' title='bbox 504 1199 660 1233; x_wconf 66' lang='lat' dir='ltr'>Scytharum</span> <span class='ocrx_word' id='word_1_540' title='bbox 697 1200 787 1226; x_wconf 66' lang='lat' dir='ltr'>Senec-</span> <span class='ocrx_word' id='word_1_541' title='bbox 802 1200 942 1226; x_wconf 69' lang='lat' dir='ltr'>Herc-fur·</span> <span class='ocrx_word' id='word_1_542' title='bbox 957 1198 975 1224; x_wconf 88' lang='lat' dir='ltr'>s-</span> <span class='ocrx_word' id='word_1_543' title='bbox 985 1207 997 1230; x_wconf 95' lang='lat'><em>7</em></span> <span class='ocrx_word' id='word_1_544' title='bbox 1015 1199 1087 1234; x_wconf 68' lang='lat' dir='ltr'>Qss&#39;a</span> <span class='ocrx_word' id='word_1_545' title='bbox 1151 1210 1209 1227; x_wconf 73' lang='lat' dir='ltr'>tuus</span> <span class='ocrx_word' id='word_1_546' title='bbox 1225 1202 1338 1236; x_wconf 85' lang='lat' dir='ltr'>quisque</span> <span class='ocrx_word' id='word_1_547' title='bbox 1352 1202 1381 1228; x_wconf 84' lang='lat' dir='ltr'>fit</span> <span class='ocrx_word' id='word_1_548' title='bbox 1395 1203 1515 1236; x_wconf 85' lang='lat' dir='ltr'>plurimi.</span> <span class='ocrx_word' id='word_1_549' title='bbox 1591 1203 1730 1230; x_wconf 84' lang='lat' dir='ltr'>Addicitur</span> <span class='ocrx_word' id='word_1_550' title='bbox 1744 1205 1828 1239; x_wconf 88' lang='lat' dir='ltr'>pluris</span> <span class='ocrx_word' id='word_1_551' title='bbox 1842 1205 1956 1233; x_wconf 83' lang='lat' dir='ltr'>dimidio</span> <span class='ocrx_word' id='word_1_552' title='bbox 1978 1208 2034 1235; x_wconf 85' lang='lat' dir='ltr'>Cic.</span> <span class='ocrx_word' id='word_1_553' title='bbox 2050 1210 2127 1236; x_wconf 86' lang='lat' dir='ltr'>Verr.</span> <span class='ocrx_word' id='word_1_554' title='bbox 2143 1219 2163 1242; x_wconf 78' lang='lat'>3,</span> <span class='ocrx_word' id='word_1_555' title='bbox 2178 1220 2214 1243; x_wconf 90' lang='lat'>77.</span> 
     </span>
     <span class='ocr_line' id='line_1_50' title="bbox 20 1234 2217 1280; baseline 0.004 -16"><span class='ocrx_word' id='word_1_556' title='bbox 20 1238 140 1274; x_wconf 72' lang='lat' dir='ltr'>plaustr-it</span> <span class='ocrx_word' id='word_1_557' title='bbox 153 1238 375 1268; x_wconf 64' lang='lat' dir='ltr'>circumuehuntur.</span> <span class='ocrx_word' id='word_1_558' title='bbox 413 1237 508 1265; x_wconf 84' lang='lat' dir='ltr'>Flexus</span> <span class='ocrx_word' id='word_1_559' title='bbox 521 1236 683 1271; x_wconf 81' lang='lat' dir='ltr'>multiuagus</span> <span class='ocrx_word' id='word_1_560' title='bbox 698 1236 776 1263; x_wconf 84' lang='lat' dir='ltr'>lunae</span> <span class='ocrx_word' id='word_1_561' title='bbox 797 1234 893 1270; x_wconf 87' lang='lat' dir='ltr'>Plin.2,</span> <span class='ocrx_word' id='word_1_562' title='bbox 909 1244 946 1261; x_wconf 87' lang='lat'>10.</span> <span class='ocrx_word' id='word_1_563' title='bbox 983 1235 1087 1261; x_wconf 82' lang='lat' dir='ltr'>Gradus</span> <span class='ocrx_word' id='word_1_564' title='bbox 1152 1237 1328 1264; x_wconf 82' lang='lat' dir='ltr'>Aedificamus</span> <span class='ocrx_word' id='word_1_565' title='bbox 1342 1238 1436 1273; x_wconf 81' lang='lat' dir='ltr'>pluris,</span> <span class='ocrx_word' id='word_1_566' title='bbox 1453 1245 1499 1273; x_wconf 88' lang='lat' dir='ltr'>pro</span> <span class='ocrx_word' id='word_1_567' title='bbox 1514 1239 1604 1264; x_wconf 68' lang='lat' dir='ltr'>Caritas</span> <span class='ocrx_word' id='word_1_568' title='bbox 1623 1239 1757 1267; x_wconf 85' lang='lat' dir='ltr'>Columcl.</span> <span class='ocrx_word' id='word_1_569' title='bbox 1774 1250 1792 1273; x_wconf 87' lang='lat'>1,</span> <span class='ocrx_word' id='word_1_570' title='bbox 1806 1250 1830 1273; x_wconf 81' lang='lat'>4·</span> <span class='ocrx_word' id='word_1_571' title='bbox 1902 1242 1943 1268; x_wconf 78' lang='lat' dir='ltr'>Est</span> <span class='ocrx_word' id='word_1_572' title='bbox 1957 1243 2040 1278; x_wconf 82' lang='lat' dir='ltr'>pluris</span> <span class='ocrx_word' id='word_1_573' title='bbox 2053 1245 2217 1280; x_wconf 81' lang='lat' dir='ltr'>eloquentia,</span> 
     </span>
     <span class='ocr_line' id='line_1_51' title="bbox 24 1273 2215 1315; baseline 0.006 -20"><span class='ocrx_word' id='word_1_574' title='bbox 24 1273 85 1301; x_wconf 65' lang='lat' dir='ltr'>Stat,</span> <span class='ocrx_word' id='word_1_575' title='bbox 95 1273 188 1300; x_wconf 72' lang='lat' dir='ltr'>Theb,</span> <span class='ocrx_word' id='word_1_576' title='bbox 201 1274 226 1306; x_wconf 77' lang='lat'>6,</span> <span class='ocrx_word' id='word_1_577' title='bbox 242 1281 260 1299; x_wconf 78' lang='grc' dir='ltr'>ι.</span> <span class='ocrx_word' id='word_1_578' title='bbox 1151 1281 1232 1307; x_wconf 87' lang='lat' dir='ltr'>quam</span> <span class='ocrx_word' id='word_1_579' title='bbox 1245 1274 1313 1300; x_wconf 87' lang='lat' dir='ltr'>iuris</span> <span class='ocrx_word' id='word_1_580' title='bbox 1327 1274 1416 1300; x_wconf 90' lang='lat' dir='ltr'>ciuilis</span> <span class='ocrx_word' id='word_1_581' title='bbox 1431 1274 1540 1301; x_wconf 84' lang='lat' dir='ltr'>scientia</span> <span class='ocrx_word' id='word_1_582' title='bbox 1561 1275 1617 1302; x_wconf 87' lang='lat' dir='ltr'>Cic.</span> <span class='ocrx_word' id='word_1_583' title='bbox 1631 1275 1659 1301; x_wconf 88' lang='lat' dir='ltr'>in</span> <span class='ocrx_word' id='word_1_584' title='bbox 1673 1276 1774 1310; x_wconf 84' lang='lat' dir='ltr'>Topic.</span> <span class='ocrx_word' id='word_1_585' title='bbox 1791 1282 1829 1307; x_wconf 87' lang='lat'>85.</span> <span class='ocrx_word' id='word_1_586' title='bbox 1902 1278 1944 1304; x_wconf 83' lang='lat' dir='ltr'>Est</span> <span class='ocrx_word' id='word_1_587' title='bbox 1957 1280 2042 1307; x_wconf 88' lang='lat' dir='ltr'>multo</span> <span class='ocrx_word' id='word_1_588' title='bbox 2055 1281 2138 1315; x_wconf 86' lang='lat' dir='ltr'>pluris</span> <span class='ocrx_word' id='word_1_589' title='bbox 2146 1291 2215 1308; x_wconf 87' lang='lat' dir='ltr'>nunc</span> 
     </span>
    </p>

    <p class='ocr_par' dir='ltr' id='par_1_22' title="bbox 22 1306 2216 1383">
     <span class='ocr_line' id='line_1_52' title="bbox 58 1306 2215 1351; baseline 0.002 -16"><span class='ocrx_word' id='word_1_590' title='bbox 58 1307 288 1344; x_wconf 76' lang='lat' dir='ltr'>MVLTtviDVS‚</span> <span class='ocrx_word' id='word_1_591' title='bbox 308 1317 334 1343; x_wconf 83' lang='lat' dir='ltr'>a,</span> <span class='ocrx_word' id='word_1_592' title='bbox 354 1317 409 1336; x_wconf 87' lang='lat' dir='ltr'>um.</span> <span class='ocrx_word' id='word_1_593' title='bbox 422 1332 433 1335; x_wconf 46' lang='lat' dir='ltr'>c</span> <span class='ocrx_word' id='word_1_594' title='bbox 446 1308 508 1337; x_wconf 84' lang='lat' dir='ltr'>Adi.</span> <span class='ocrx_word' id='word_1_595' title='bbox 527 1309 608 1337; x_wconf 84' lang='lat' dir='ltr'>Mart.</span> <span class='ocrx_word' id='word_1_596' title='bbox 621 1308 722 1345; x_wconf 85' lang='lat' dir='ltr'>Capell.</span> <span class='ocrx_word' id='word_1_597' title='bbox 737 1317 751 1335; x_wconf 85' lang='lat'><em>²</em></span> <span class='ocrx_word' id='word_1_598' title='bbox 764 1317 789 1344; x_wconf 89' lang='lat' dir='ltr'>p.</span> <span class='ocrx_word' id='word_1_599' title='bbox 798 1314 832 1343; x_wconf 81' lang='lat'>27</span> <span class='ocrx_word' id='word_1_600' title='bbox 853 1307 916 1334; x_wconf 87' lang='lat' dir='ltr'>Alio</span> <span class='ocrx_word' id='word_1_601' title='bbox 929 1306 1026 1334; x_wconf 85' lang='lat' dir='ltr'>mentis</span> <span class='ocrx_word' id='word_1_602' title='bbox 1040 1307 1088 1333; x_wconf 86' lang='lat' dir='ltr'>flu·</span> <span class='ocrx_word' id='word_1_603' title='bbox 1150 1318 1223 1343; x_wconf 86' lang='lat' dir='ltr'>ager,</span> <span class='ocrx_word' id='word_1_604' title='bbox 1244 1319 1324 1344; x_wconf 87' lang='lat' dir='ltr'>quam</span> <span class='ocrx_word' id='word_1_605' title='bbox 1339 1316 1401 1336; x_wconf 92' lang='lat' dir='ltr'>tunc</span> <span class='ocrx_word' id='word_1_606' title='bbox 1414 1310 1466 1337; x_wconf 87' lang='lat' dir='ltr'>suit</span> <span class='ocrx_word' id='word_1_607' title='bbox 1486 1310 1559 1336; x_wconf 86' lang='lat' dir='ltr'>Idem</span> <span class='ocrx_word' id='word_1_608' title='bbox 1572 1320 1621 1345; x_wconf 92' lang='lat' dir='ltr'>pro</span> <span class='ocrx_word' id='word_1_609' title='bbox 1634 1311 1710 1338; x_wconf 87' lang='lat' dir='ltr'>Rosc.</span> <span class='ocrx_word' id='word_1_610' title='bbox 1725 1312 1801 1339; x_wconf 90' lang='lat' dir='ltr'>Com.</span> <span class='ocrx_word' id='word_1_611' title='bbox 1815 1323 1848 1346; x_wconf 83' lang='lat'>33.</span> <span class='ocrx_word' id='word_1_612' title='bbox 1921 1315 1963 1341; x_wconf 79' lang='lat' dir='ltr'>Est</span> <span class='ocrx_word' id='word_1_613' title='bbox 1978 1316 2077 1351; x_wconf 77' lang='lat' dir='ltr'>pluriS‚</span> <span class='ocrx_word' id='word_1_614' title='bbox 2100 1318 2215 1345; x_wconf 68' lang='lat' dir='ltr'>confide.</span> 
     </span>
     <span class='ocr_line' id='line_1_53' title="bbox 22 1343 2216 1383; baseline 0.006 -16"><span class='ocrx_word' id='word_1_615' title='bbox 22 1343 69 1371; x_wconf 67' lang='grc' dir='ltr'>ἂι]</span> <span class='ocrx_word' id='word_1_616' title='bbox 81 1344 237 1372; x_wconf 66' lang='lat' dir='ltr'>mustiaida,</span> <span class='ocrx_word' id='word_1_617' title='bbox 332 1347 341 1352; x_wconf 95' lang='grc'><em>“</em></span> <span class='ocrx_word' id='word_1_618' title='bbox 1105 1346 1138 1371; x_wconf 78' lang='grc'>30</span> <span class='ocrx_word' id='word_1_619' title='bbox 1150 1352 1207 1372; x_wconf 89' lang='lat' dir='ltr'>rate</span> <span class='ocrx_word' id='word_1_620' title='bbox 1223 1354 1309 1380; x_wconf 84' lang='lat' dir='ltr'>agere,</span> <span class='ocrx_word' id='word_1_621' title='bbox 1329 1355 1408 1380; x_wconf 88' lang='lat' dir='ltr'>quam</span> <span class='ocrx_word' id='word_1_622' title='bbox 1423 1347 1541 1381; x_wconf 73' lang='lat' dir='ltr'>cogitare</span> <span class='ocrx_word' id='word_1_623' title='bbox 1561 1346 1707 1381; x_wconf 86' lang='lat' dir='ltr'>prudenter</span> <span class='ocrx_word' id='word_1_624' title='bbox 1740 1348 1797 1375; x_wconf 85' lang='lat' dir='ltr'>Cic.</span> <span class='ocrx_word' id='word_1_625' title='bbox 1818 1349 1873 1376; x_wconf 82' lang='lat' dir='ltr'>Off.</span> <span class='ocrx_word' id='word_1_626' title='bbox 1896 1359 1919 1383; x_wconf 86' lang='lat'>1,</span> <span class='ocrx_word' id='word_1_627' title='bbox 1941 1353 1994 1378; x_wconf 86' lang='lat'>160.</span> <span class='ocrx_word' id='word_1_628' title='bbox 2067 1354 2129 1379; x_wconf 88' lang='lat' dir='ltr'>Mea</span> <span class='ocrx_word' id='word_1_629' title='bbox 2147 1352 2216 1380; x_wconf 88' lang='lat' dir='ltr'>mihi</span> 
     </span>
    </p>
   </div>
   <div class='ocr_carea' id='block_1_18' title="bbox 21 1377 1097 1524">
    <p class='ocr_par' dir='ltr' id='par_1_23' title="bbox 21 1377 1097 1456">
     <span class='ocr_line' id='line_1_54' title="bbox 56 1377 1086 1413; baseline -0.001 -6"><span class='ocrx_word' id='word_1_630' title='bbox 56 1387 115 1408; x_wconf 85' lang='lat' dir='ltr'>MV</span> <span class='ocrx_word' id='word_1_631' title='bbox 127 1388 144 1408; x_wconf 86' lang='lat'>1.</span> <span class='ocrx_word' id='word_1_632' title='bbox 159 1387 181 1409; x_wconf 81' lang='grc' dir='ltr'><strong>Τ</strong></span> <span class='ocrx_word' id='word_1_633' title='bbox 192 1387 205 1409; x_wconf 84' lang='lat' dir='ltr'>l</span> <span class='ocrx_word' id='word_1_634' title='bbox 214 1387 236 1407; x_wconf 82' lang='lat' dir='ltr'>v</span> <span class='ocrx_word' id='word_1_635' title='bbox 245 1377 260 1407; x_wconf 76' lang='lat'>1⁰</span> <span class='ocrx_word' id='word_1_636' title='bbox 269 1386 290 1407; x_wconf 71' lang='lat' dir='ltr'>R</span> <span class='ocrx_word' id='word_1_637' title='bbox 300 1386 339 1413; x_wconf 85' lang='lat' dir='ltr'>A,</span> <span class='ocrx_word' id='word_1_638' title='bbox 357 1389 396 1407; x_wconf 83' lang='lat' dir='ltr'>ac.</span> <span class='ocrx_word' id='word_1_639' title='bbox 414 1379 434 1407; x_wconf 81' lang='lat' dir='ltr'>f.</span> <span class='ocrx_word' id='word_1_640' title='bbox 471 1381 612 1408; x_wconf 71' lang='lat' dir='ltr'>Multorum</span> <span class='ocrx_word' id='word_1_641' title='bbox 624 1381 737 1408; x_wconf 77' lang='lat' dir='ltr'>virorum</span> <span class='ocrx_word' id='word_1_642' title='bbox 750 1379 850 1407; x_wconf 79' lang='lat' dir='ltr'>mulier.</span> <span class='ocrx_word' id='word_1_643' title='bbox 889 1379 991 1406; x_wconf 80' lang='lat' dir='ltr'>Minue.</span> <span class='ocrx_word' id='word_1_644' title='bbox 1009 1379 1086 1406; x_wconf 77' lang='lat' dir='ltr'>Felix</span> 
     </span>
     <span class='ocr_line' id='line_1_55' title="bbox 21 1414 1097 1456; baseline -0.001 -14"><span class='ocrx_word' id='word_1_645' title='bbox 21 1414 51 1442; x_wconf 90' lang='lat' dir='ltr'>in</span> <span class='ocrx_word' id='word_1_646' title='bbox 65 1416 181 1444; x_wconf 65' lang='lat' dir='ltr'>Octauio</span> <span class='ocrx_word' id='word_1_647' title='bbox 200 1426 225 1452; x_wconf 87' lang='lat' dir='ltr'>p.</span> <span class='ocrx_word' id='word_1_648' title='bbox 239 1417 290 1443; x_wconf 85' lang='lat'>226</span> <span class='ocrx_word' id='word_1_649' title='bbox 310 1415 369 1443; x_wconf 78' lang='lat' dir='ltr'>Alia</span> <span class='ocrx_word' id='word_1_650' title='bbox 382 1417 451 1443; x_wconf 86' lang='lat' dir='ltr'>sacra</span> <span class='ocrx_word' id='word_1_651' title='bbox 464 1423 576 1443; x_wconf 86' lang='lat' dir='ltr'>coronat</span> <span class='ocrx_word' id='word_1_652' title='bbox 589 1416 709 1449; x_wconf 84' lang='lat' dir='ltr'>vniuira,</span> <span class='ocrx_word' id='word_1_653' title='bbox 723 1416 776 1443; x_wconf 85' lang='lat' dir='ltr'>alia</span> <span class='ocrx_word' id='word_1_654' title='bbox 795 1415 952 1456; x_wconf 45' lang='lat' dir='ltr'>multiuira3</span> <span class='ocrx_word' id='word_1_655' title='bbox 977 1451 993 1456; x_wconf 91' lang='lat'>..</span> <span class='ocrx_word' id='word_1_656' title='bbox 1018 1450 1024 1455; x_wconf 44' lang='grc'><strong>,</strong></span> <span class='ocrx_word' id='word_1_657' title='bbox 1094 1420 1097 1422; x_wconf 81' lang='grc'><em>·</em></span> 
     </span>
    </p>

    <p class='ocr_par' dir='ltr' id='par_1_24' title="bbox 21 1452 1086 1524">
     <span class='ocr_line' id='line_1_56' title="bbox 58 1452 1086 1487; baseline -0.002 -8"><span class='ocrx_word' id='word_1_658' title='bbox 58 1459 84 1479; x_wconf 87' lang='grc' dir='ltr'><strong><em>Μ</em></strong></span> <span class='ocrx_word' id='word_1_659' title='bbox 93 1458 114 1478; x_wconf 87' lang='lat' dir='ltr'>v</span> <span class='ocrx_word' id='word_1_660' title='bbox 122 1459 139 1479; x_wconf 86' lang='lat' dir='ltr'>L</span> <span class='ocrx_word' id='word_1_661' title='bbox 152 1459 175 1480; x_wconf 84' lang='lat' dir='ltr'>&#39;r</span> <span class='ocrx_word' id='word_1_662' title='bbox 186 1460 196 1480; x_wconf 88' lang='lat'><em>1</em></span> <span class='ocrx_word' id='word_1_663' title='bbox 206 1459 227 1479; x_wconf 87' lang='lat' dir='ltr'>v</span> <span class='ocrx_word' id='word_1_664' title='bbox 237 1459 247 1479; x_wconf 85' lang='lat'>1</span> <span class='ocrx_word' id='word_1_665' title='bbox 259 1457 280 1479; x_wconf 88' lang='lat' dir='ltr'>v</span> <span class='ocrx_word' id='word_1_666' title='bbox 292 1457 305 1479; x_wconf 85' lang='lat' dir='ltr'>s</span> <span class='ocrx_word' id='word_1_667' title='bbox 315 1472 325 1485; x_wconf 91' lang='lat'>,</span> <span class='ocrx_word' id='word_1_668' title='bbox 344 1460 369 1486; x_wconf 83' lang='lat' dir='ltr'>a,</span> <span class='ocrx_word' id='word_1_669' title='bbox 390 1460 445 1480; x_wconf 86' lang='lat' dir='ltr'>um.</span> <span class='ocrx_word' id='word_1_670' title='bbox 463 1452 533 1479; x_wconf 46' lang='lat' dir='ltr'>Adi..</span> <span class='ocrx_word' id='word_1_671' title='bbox 544 1452 620 1487; x_wconf 85' lang='lat' dir='ltr'>Apul.</span> <span class='ocrx_word' id='word_1_672' title='bbox 629 1453 719 1487; x_wconf 86' lang='lat' dir='ltr'>Met.9</span> <span class='ocrx_word' id='word_1_673' title='bbox 738 1461 762 1487; x_wconf 80' lang='lat' dir='ltr'>p.</span> <span class='ocrx_word' id='word_1_674' title='bbox 772 1459 826 1485; x_wconf 85' lang='lat'>221,</span> <span class='ocrx_word' id='word_1_675' title='bbox 834 1452 996 1486; x_wconf 41' lang='lat' dir='ltr'>34¹Multiuu</span> <span class='ocrx_word' id='word_1_676' title='bbox 1003 1459 1086 1477; x_wconf 78' lang='lat' dir='ltr'>circu-</span> 
     </span>
     <span class='ocr_line' id='line_1_57' title="bbox 21 1486 262 1524; baseline -0.004 -10"><span class='ocrx_word' id='word_1_677' title='bbox 21 1486 85 1518; x_wconf 78' lang='lat' dir='ltr'>itus,</span> <span class='ocrx_word' id='word_1_678' title='bbox 103 1490 135 1514; x_wconf 74' lang='lat' dir='ltr'>de</span> <span class='ocrx_word' id='word_1_679' title='bbox 144 1488 262 1524; x_wconf 65' lang='lat' dir='ltr'>pistrino.</span> 
     </span>
    </p>
   </div>
   <div class='ocr_carea' id='block_1_19' title="bbox 1149 1381 2216 1459">
    <p class='ocr_par' dir='ltr' id='par_1_25' title="bbox 1149 1381 2216 1459">
     <span class='ocr_line' id='line_1_58' title="bbox 1150 1381 2216 1422; baseline 0.008 -15"><span class='ocrx_word' id='word_1_680' title='bbox 1150 1382 1311 1408; x_wconf 82' lang='lat' dir='ltr'>conscientia</span> <span class='ocrx_word' id='word_1_681' title='bbox 1324 1381 1409 1417; x_wconf 82' lang='lat' dir='ltr'>pluris</span> <span class='ocrx_word' id='word_1_682' title='bbox 1423 1383 1474 1416; x_wconf 73' lang='lat' dir='ltr'>fin,</span> <span class='ocrx_word' id='word_1_683' title='bbox 1494 1391 1572 1417; x_wconf 85' lang='lat' dir='ltr'>quam</span> <span class='ocrx_word' id='word_1_684' title='bbox 1589 1383 1711 1409; x_wconf 90' lang='lat' dir='ltr'>omnium</span> <span class='ocrx_word' id='word_1_685' title='bbox 1726 1383 1869 1412; x_wconf 89' lang='lat' dir='ltr'>hominum</span> <span class='ocrx_word' id='word_1_686' title='bbox 1881 1387 1968 1413; x_wconf 84' lang='lat' dir='ltr'>sermo</span> <span class='ocrx_word' id='word_1_687' title='bbox 1993 1388 2048 1415; x_wconf 89' lang='lat' dir='ltr'>Cic.</span> <span class='ocrx_word' id='word_1_688' title='bbox 2063 1389 2116 1416; x_wconf 82' lang='lat' dir='ltr'>Att.</span> <span class='ocrx_word' id='word_1_689' title='bbox 2132 1398 2164 1422; x_wconf 68' lang='grc' dir='ltr'>ιε,</span> <span class='ocrx_word' id='word_1_690' title='bbox 2178 1394 2216 1420; x_wconf 82' lang='lat'>28.</span> 
     </span>
     <span class='ocr_line' id='line_1_59' title="bbox 1149 1417 2216 1459; baseline 0.009 -16"><span class='ocrx_word' id='word_1_691' title='bbox 1149 1417 1212 1444; x_wconf 88' lang='lat' dir='ltr'>Feci</span> <span class='ocrx_word' id='word_1_692' title='bbox 1225 1418 1311 1452; x_wconf 89' lang='lat' dir='ltr'>pluris</span> <span class='ocrx_word' id='word_1_693' title='bbox 1325 1418 1453 1452; x_wconf 85' lang='lat' dir='ltr'>teipsum,</span> <span class='ocrx_word' id='word_1_694' title='bbox 1467 1427 1499 1444; x_wconf 88' lang='lat' dir='ltr'>ex</span> <span class='ocrx_word' id='word_1_695' title='bbox 1513 1427 1567 1452; x_wconf 88' lang='lat' dir='ltr'>quo</span> <span class='ocrx_word' id='word_1_696' title='bbox 1583 1425 1704 1459; x_wconf 77' lang='lat' dir='ltr'>tempore</span> <span class='ocrx_word' id='word_1_697' title='bbox 1716 1426 1745 1447; x_wconf 84' lang='lat' dir='ltr'>tu</span> <span class='ocrx_word' id='word_1_698' title='bbox 1758 1430 1801 1447; x_wconf 84' lang='lat' dir='ltr'>me</span> <span class='ocrx_word' id='word_1_699' title='bbox 1811 1421 1923 1457; x_wconf 83' lang='lat' dir='ltr'>diligere</span> <span class='ocrx_word' id='word_1_700' title='bbox 1932 1424 2041 1458; x_wconf 72' lang='lat' dir='ltr'>cotpisti</span> <span class='ocrx_word' id='word_1_701' title='bbox 2062 1424 2135 1452; x_wconf 89' lang='lat' dir='ltr'>Idem</span> <span class='ocrx_word' id='word_1_702' title='bbox 2143 1425 2216 1452; x_wconf 86' lang='lat' dir='ltr'>Fam.</span> 
     </span>
    </p>
   </div>
   <div class='ocr_carea' id='block_1_20' title="bbox 1148 1453 2216 1530">
    <p class='ocr_par' dir='ltr' id='par_1_26' title="bbox 1148 1453 2216 1530">
     <span class='ocr_line' id='line_1_60' title="bbox 1148 1453 2216 1498; baseline 0.01 -20"><span class='ocrx_word' id='word_1_703' title='bbox 1148 1462 1170 1485; x_wconf 81' lang='lat'>3,</span> <span class='ocrx_word' id='word_1_704' title='bbox 1184 1463 1218 1492; x_wconf 72' lang='grc' dir='ltr'>4.ι</span> <span class='ocrx_word' id='word_1_705' title='bbox 1252 1453 1331 1480; x_wconf 89' lang='lat' dir='ltr'>Facio</span> <span class='ocrx_word' id='word_1_706' title='bbox 1347 1454 1430 1488; x_wconf 85' lang='lat' dir='ltr'>pluris</span> <span class='ocrx_word' id='word_1_707' title='bbox 1444 1454 1567 1480; x_wconf 79' lang='lat' dir='ltr'>omnium</span> <span class='ocrx_word' id='word_1_708' title='bbox 1579 1454 1722 1482; x_wconf 82' lang='lat' dir='ltr'>hommum</span> <span class='ocrx_word' id='word_1_709' title='bbox 1736 1457 1873 1484; x_wconf 75' lang='lat' dir='ltr'>neminem</span> <span class='ocrx_word' id='word_1_710' title='bbox 1893 1458 1966 1485; x_wconf 87' lang='lat' dir='ltr'>Idem</span> <span class='ocrx_word' id='word_1_711' title='bbox 1980 1461 2031 1487; x_wconf 86' lang='lat' dir='ltr'>Att.</span> <span class='ocrx_word' id='word_1_712' title='bbox 2047 1467 2071 1494; x_wconf 82' lang='lat'>8,</span> <span class='ocrx_word' id='word_1_713' title='bbox 2085 1471 2107 1488; x_wconf 86' lang='lat'>2.</span> <span class='ocrx_word' id='word_1_714' title='bbox 2154 1461 2216 1498; x_wconf 71' lang='lat' dir='ltr'>Fuit</span> 
     </span>
     <span class='ocr_line' id='line_1_61' title="bbox 1148 1488 2216 1530; baseline 0.009 -16"><span class='ocrx_word' id='word_1_715' title='bbox 1148 1488 1233 1523; x_wconf 80' lang='lat' dir='ltr'>pluris</span> <span class='ocrx_word' id='word_1_716' title='bbox 1248 1489 1389 1524; x_wconf 82' lang='lat' dir='ltr'>Annibale,</span> <span class='ocrx_word' id='word_1_717' title='bbox 1409 1489 1532 1523; x_wconf 82' lang='lat' dir='ltr'>confilio,</span> <span class='ocrx_word' id='word_1_718' title='bbox 1551 1490 1661 1527; x_wconf 86' lang='lat' dir='ltr'>virtute,</span> <span class='ocrx_word' id='word_1_719' title='bbox 1683 1491 1762 1518; x_wconf 83' lang='lat' dir='ltr'>rebus</span> <span class='ocrx_word' id='word_1_720' title='bbox 1776 1493 1854 1528; x_wconf 87' lang='lat' dir='ltr'>gestis</span> <span class='ocrx_word' id='word_1_721' title='bbox 1868 1503 1949 1521; x_wconf 86' lang='lat' dir='ltr'>nemo</span> <span class='ocrx_word' id='word_1_722' title='bbox 1968 1495 2216 1530; x_wconf 77' lang='lat' dir='ltr'>Carthaginenfium</span> 
     </span>
    </p>
   </div>
   <div class='ocr_carea' id='block_1_21' title="bbox 58 1521 2215 1568">
    <p class='ocr_par' dir='ltr' id='par_1_27' title="bbox 58 1521 2215 1568">
     <span class='ocr_line' id='line_1_62' title="bbox 58 1521 2215 1568; baseline 0.005 -19"><span class='ocrx_word' id='word_1_723' title='bbox 58 1529 84 1550; x_wconf 80' lang='grc' dir='ltr'>Μ</span> <span class='ocrx_word' id='word_1_724' title='bbox 93 1530 115 1549; x_wconf 90' lang='lat' dir='ltr'>V</span> <span class='ocrx_word' id='word_1_725' title='bbox 127 1530 145 1551; x_wconf 84' lang='lat' dir='ltr'>L</span> <span class='ocrx_word' id='word_1_726' title='bbox 154 1530 176 1550; x_wconf 85' lang='lat' dir='ltr'>T</span> <span class='ocrx_word' id='word_1_727' title='bbox 186 1531 196 1550; x_wconf 82' lang='lat'>1</span> <span class='ocrx_word' id='word_1_728' title='bbox 205 1530 226 1550; x_wconf 90' lang='lat' dir='ltr'><strong>v</strong></span> <span class='ocrx_word' id='word_1_729' title='bbox 235 1521 256 1550; x_wconf 81' lang='grc' dir='ltr'><strong>ὅ</strong></span> <span class='ocrx_word' id='word_1_730' title='bbox 266 1529 284 1550; x_wconf 88' lang='lat' dir='ltr'>L</span> <span class='ocrx_word' id='word_1_731' title='bbox 294 1530 316 1551; x_wconf 91' lang='lat' dir='ltr'>v</span> <span class='ocrx_word' id='word_1_732' title='bbox 325 1529 349 1559; x_wconf 84' lang='lat' dir='ltr'>S,</span> <span class='ocrx_word' id='word_1_733' title='bbox 363 1532 387 1557; x_wconf 90' lang='lat' dir='ltr'>a,</span> <span class='ocrx_word' id='word_1_734' title='bbox 404 1532 458 1550; x_wconf 88' lang='lat' dir='ltr'>um.</span> <span class='ocrx_word' id='word_1_735' title='bbox 468 1522 527 1550; x_wconf 85' lang='lat' dir='ltr'>Adi.</span> <span class='ocrx_word' id='word_1_736' title='bbox 546 1524 703 1559; x_wconf 59' lang='grc' dir='ltr'>[πολυθέων]</span> <span class='ocrx_word' id='word_1_737' title='bbox 722 1523 860 1559; x_wconf 77' lang='lat' dir='ltr'>Qimulta</span> <span class='ocrx_word' id='word_1_738' title='bbox 874 1523 941 1553; x_wconf 74' lang='lat' dir='ltr'>vult,</span> <span class='ocrx_word' id='word_1_739' title='bbox 961 1523 1005 1548; x_wconf 83' lang='lat' dir='ltr'>vel</span> <span class='ocrx_word' id='word_1_740' title='bbox 1010 1522 1085 1557; x_wconf 82' lang='lat' dir='ltr'>cupit.</span> <span class='ocrx_word' id='word_1_741' title='bbox 1103 1527 1131 1554; x_wconf 77' lang='lat'>35</span> <span class='ocrx_word' id='word_1_742' title='bbox 1147 1524 1223 1551; x_wconf 83' lang='lat' dir='ltr'>Idem</span> <span class='ocrx_word' id='word_1_743' title='bbox 1236 1533 1287 1560; x_wconf 89' lang='lat' dir='ltr'>pro</span> <span class='ocrx_word' id='word_1_744' title='bbox 1301 1526 1369 1552; x_wconf 84' lang='lat' dir='ltr'>Sext.</span> <span class='ocrx_word' id='word_1_745' title='bbox 1386 1534 1431 1558; x_wconf 73' lang='lat'>142.</span> <span class='ocrx_word' id='word_1_746' title='bbox 1505 1526 1628 1553; x_wconf 81' lang='lat' dir='ltr'>Habetur</span> <span class='ocrx_word' id='word_1_747' title='bbox 1642 1527 1726 1562; x_wconf 86' lang='lat' dir='ltr'>pluris</span> <span class='ocrx_word' id='word_1_748' title='bbox 1740 1527 1794 1562; x_wconf 89' lang='lat' dir='ltr'>hic,</span> <span class='ocrx_word' id='word_1_749' title='bbox 1814 1538 1892 1564; x_wconf 87' lang='lat' dir='ltr'>quam</span> <span class='ocrx_word' id='word_1_750' title='bbox 1905 1531 1971 1557; x_wconf 88' lang='lat' dir='ltr'>alius</span> <span class='ocrx_word' id='word_1_751' title='bbox 1991 1532 2046 1558; x_wconf 85' lang='lat' dir='ltr'>Cic.</span> <span class='ocrx_word' id='word_1_752' title='bbox 2060 1533 2174 1568; x_wconf 85' lang='lat' dir='ltr'>Philipp.</span> <span class='ocrx_word' id='word_1_753' title='bbox 2190 1536 2215 1567; x_wconf 77' lang='lat'>6,</span> 
     </span>
    </p>
   </div>
   <div class='ocr_carea' id='block_1_22' title="bbox 21 1558 1083 1628">
    <p class='ocr_par' dir='ltr' id='par_1_28' title="bbox 21 1558 1083 1628">
     <span class='ocr_line' id='line_1_63' title="bbox 21 1558 953 1595; baseline -0.001 -9"><span class='ocrx_word' id='word_1_754' title='bbox 21 1558 117 1586; x_wconf 86' lang='lat' dir='ltr'>Catull.</span> <span class='ocrx_word' id='word_1_755' title='bbox 130 1561 165 1586; x_wconf 89' lang='lat'>66</span> <span class='ocrx_word' id='word_1_756' title='bbox 183 1561 239 1593; x_wconf 88' lang='lat'>(69)</span> <span class='ocrx_word' id='word_1_757' title='bbox 259 1564 301 1590; x_wconf 85' lang='lat'>128</span> <span class='ocrx_word' id='word_1_758' title='bbox 323 1560 461 1594; x_wconf 80' lang='lat' dir='ltr'>Qtantum</span> <span class='ocrx_word' id='word_1_759' title='bbox 474 1559 616 1595; x_wconf 81' lang='lat' dir='ltr'>praecipue</span> <span class='ocrx_word' id='word_1_760' title='bbox 630 1560 771 1586; x_wconf 86' lang='lat' dir='ltr'>multiuola</span> <span class='ocrx_word' id='word_1_761' title='bbox 788 1558 823 1585; x_wconf 90' lang='lat' dir='ltr'>est</span> <span class='ocrx_word' id='word_1_762' title='bbox 846 1559 953 1585; x_wconf 88' lang='lat' dir='ltr'>mulier.</span> 
     </span>
     <span class='ocr_line' id='line_1_64' title="bbox 58 1593 1083 1628; baseline -0.003 -6"><span class='ocrx_word' id='word_1_763' title='bbox 58 1601 85 1622; x_wconf 87' lang='grc' dir='ltr'><strong>Μ</strong></span> <span class='ocrx_word' id='word_1_764' title='bbox 95 1602 116 1622; x_wconf 92' lang='lat' dir='ltr'>V</span> <span class='ocrx_word' id='word_1_765' title='bbox 126 1602 143 1622; x_wconf 84' lang='lat'>1.</span> <span class='ocrx_word' id='word_1_766' title='bbox 153 1601 175 1623; x_wconf 83' lang='grc' dir='ltr'><strong>Τ</strong></span> <span class='ocrx_word' id='word_1_767' title='bbox 188 1602 200 1622; x_wconf 83' lang='lat'>1</span> <span class='ocrx_word' id='word_1_768' title='bbox 211 1601 233 1622; x_wconf 84' lang='lat' dir='ltr'>V</span> <span class='ocrx_word' id='word_1_769' title='bbox 245 1601 266 1623; x_wconf 94' lang='grc'><strong>0</strong></span> <span class='ocrx_word' id='word_1_770' title='bbox 279 1601 301 1622; x_wconf 78' lang='lat' dir='ltr'>R</span> <span class='ocrx_word' id='word_1_771' title='bbox 310 1601 362 1623; x_wconf 81' lang='lat' dir='ltr'>AN</span> <span class='ocrx_word' id='word_1_772' title='bbox 372 1601 394 1623; x_wconf 83' lang='grc' dir='ltr'>Τ</span> <span class='ocrx_word' id='word_1_773' title='bbox 403 1603 461 1628; x_wconf 70' lang='lat' dir='ltr'>LA,</span> <span class='ocrx_word' id='word_1_774' title='bbox 482 1603 520 1621; x_wconf 77' lang='lat' dir='ltr'>ae.</span> <span class='ocrx_word' id='word_1_775' title='bbox 539 1594 561 1622; x_wconf 84' lang='lat' dir='ltr'>f.</span> <span class='ocrx_word' id='word_1_776' title='bbox 598 1594 718 1622; x_wconf 86' lang='lat' dir='ltr'>Tertull.</span> <span class='ocrx_word' id='word_1_777' title='bbox 732 1602 825 1622; x_wconf 80' lang='lat' dir='ltr'>contra</span> <span class='ocrx_word' id='word_1_778' title='bbox 837 1593 926 1626; x_wconf 87' lang='lat' dir='ltr'>Psych.</span> <span class='ocrx_word' id='word_1_779' title='bbox 946 1603 968 1620; x_wconf 94' lang='lat' dir='ltr'>c.</span> <span class='ocrx_word' id='word_1_780' title='bbox 982 1602 992 1620; x_wconf 88' lang='lat'><em>1</em></span> <span class='ocrx_word' id='word_1_781' title='bbox 1010 1593 1083 1620; x_wconf 81' lang='lat' dir='ltr'>Tam</span> 
     </span>
    </p>
   </div>
   <div class='ocr_carea' id='block_1_23' title="bbox 23 1630 317 1664">
    <p class='ocr_par' dir='ltr' id='par_1_29' title="bbox 23 1630 317 1664">
     <span class='ocr_line' id='line_1_65' title="bbox 23 1630 317 1664; baseline 0.003 -7"><span class='ocrx_word' id='word_1_782' title='bbox 23 1630 252 1664; x_wconf 84' lang='lat' dir='ltr'>multiuorantiae,</span> <span class='ocrx_word' id='word_1_783' title='bbox 271 1638 317 1658; x_wconf 83' lang='lat' dir='ltr'>etc.</span> 
     </span>
    </p>
   </div>
   <div class='ocr_carea' id='block_1_24' title="bbox 1147 1561 2215 1673">
    <p class='ocr_par' dir='ltr' id='par_1_30' title="bbox 1147 1561 2215 1673">
     <span class='ocr_line' id='line_1_66' title="bbox 1147 1561 2214 1600; baseline 0.008 -13"><span class='ocrx_word' id='word_1_784' title='bbox 1147 1569 1186 1587; x_wconf 87' lang='lat'>10.</span> <span class='ocrx_word' id='word_1_785' title='bbox 1260 1561 1355 1588; x_wconf 78' lang='lat' dir='ltr'>Putate</span> <span class='ocrx_word' id='word_1_786' title='bbox 1369 1561 1452 1596; x_wconf 87' lang='lat' dir='ltr'>pluris</span> <span class='ocrx_word' id='word_1_787' title='bbox 1467 1561 1539 1596; x_wconf 90' lang='lat' dir='ltr'>quod</span> <span class='ocrx_word' id='word_1_788' title='bbox 1554 1563 1618 1589; x_wconf 90' lang='lat' dir='ltr'>vtile</span> <span class='ocrx_word' id='word_1_789' title='bbox 1633 1562 1764 1595; x_wconf 85' lang='lat' dir='ltr'>videatur,</span> <span class='ocrx_word' id='word_1_790' title='bbox 1786 1573 1864 1599; x_wconf 83' lang='lat' dir='ltr'>quam</span> <span class='ocrx_word' id='word_1_791' title='bbox 1880 1567 1953 1600; x_wconf 90' lang='lat' dir='ltr'>quod</span> <span class='ocrx_word' id='word_1_792' title='bbox 1974 1566 2113 1595; x_wconf 79' lang='lat' dir='ltr'>honestum</span> <span class='ocrx_word' id='word_1_793' title='bbox 2139 1569 2214 1596; x_wconf 88' lang='lat' dir='ltr'>ldcm</span> 
     </span>
     <span class='ocr_line' id='line_1_67' title="bbox 1148 1596 2212 1637; baseline 0.009 -15"><span class='ocrx_word' id='word_1_794' title='bbox 1148 1596 1203 1622; x_wconf 85' lang='lat' dir='ltr'>Off.</span> <span class='ocrx_word' id='word_1_795' title='bbox 1217 1605 1238 1628; x_wconf 83' lang='lat'>3,</span> <span class='ocrx_word' id='word_1_796' title='bbox 1255 1603 1288 1626; x_wconf 83' lang='lat'>18.</span> <span class='ocrx_word' id='word_1_797' title='bbox 1361 1598 1456 1625; x_wconf 86' lang='lat' dir='ltr'>Putare</span> <span class='ocrx_word' id='word_1_798' title='bbox 1469 1599 1495 1633; x_wconf 80' lang='lat' dir='ltr'>se</span> <span class='ocrx_word' id='word_1_799' title='bbox 1511 1598 1596 1632; x_wconf 87' lang='lat' dir='ltr'>pluris</span> <span class='ocrx_word' id='word_1_800' title='bbox 1613 1608 1692 1634; x_wconf 86' lang='lat' dir='ltr'>quam</span> <span class='ocrx_word' id='word_1_801' title='bbox 1704 1600 1845 1637; x_wconf 82' lang='lat' dir='ltr'>mundum,</span> <span class='ocrx_word' id='word_1_802' title='bbox 1865 1603 2012 1636; x_wconf 82' lang='lat' dir='ltr'>arrogantis</span> <span class='ocrx_word' id='word_1_803' title='bbox 2026 1604 2062 1630; x_wconf 84' lang='lat' dir='ltr'>cst</span> <span class='ocrx_word' id='word_1_804' title='bbox 2081 1604 2158 1632; x_wconf 83' lang='lat' dir='ltr'>Idem</span> <span class='ocrx_word' id='word_1_805' title='bbox 2179 1604 2212 1632; x_wconf 87' lang='lat' dir='ltr'>dc</span> 
     </span>
     <span class='ocr_line' id='line_1_68' title="bbox 1147 1631 2215 1673; baseline 0.009 -15"><span class='ocrx_word' id='word_1_806' title='bbox 1147 1631 1210 1658; x_wconf 87' lang='lat' dir='ltr'>Nat.</span> <span class='ocrx_word' id='word_1_807' title='bbox 1224 1633 1304 1660; x_wconf 89' lang='lat' dir='ltr'>Deor.</span> <span class='ocrx_word' id='word_1_808' title='bbox 1320 1643 1341 1667; x_wconf 83' lang='lat'>3,</span> <span class='ocrx_word' id='word_1_809' title='bbox 1354 1636 1392 1660; x_wconf 80' lang='lat'>26.</span> <span class='ocrx_word' id='word_1_810' title='bbox 1449 1634 1522 1660; x_wconf 88' lang='lat' dir='ltr'>Pluri</span> <span class='ocrx_word' id='word_1_811' title='bbox 1537 1635 1623 1668; x_wconf 87' lang='lat' dir='ltr'>succo,</span> <span class='ocrx_word' id='word_1_812' title='bbox 1641 1644 1674 1660; x_wconf 71' lang='lat' dir='ltr'>an</span> <span class='ocrx_word' id='word_1_813' title='bbox 1689 1635 1751 1661; x_wconf 63' lang='lat' dir='ltr'>recise</span> <span class='ocrx_word' id='word_1_814' title='bbox 1764 1637 1873 1669; x_wconf 69' lang='lat' dir='ltr'>dicatur,</span> <span class='ocrx_word' id='word_1_815' title='bbox 1893 1639 2003 1673; x_wconf 70' lang='lat' dir='ltr'>disputat</span> <span class='ocrx_word' id='word_1_816' title='bbox 2017 1640 2117 1667; x_wconf 73' lang='lat' dir='ltr'>Goclen.</span> <span class='ocrx_word' id='word_1_817' title='bbox 2133 1641 2215 1668; x_wconf 78' lang='lat' dir='ltr'>Probl.</span> 
     </span>
    </p>
   </div>
   <div class='ocr_carea' id='block_1_25' title="bbox 15 1664 2216 1778">
    <p class='ocr_par' dir='ltr' id='par_1_31' title="bbox 15 1664 2216 1778">
     <span class='ocr_line' id='line_1_69' title="bbox 60 1664 2214 1710; baseline 0.007 -21"><span class='ocrx_word' id='word_1_818' title='bbox 60 1672 87 1694; x_wconf 70' lang='grc' dir='ltr'>Μ</span> <span class='ocrx_word' id='word_1_819' title='bbox 102 1672 124 1693; x_wconf 82' lang='grc' dir='ltr'><strong><em>ν</em></strong></span> <span class='ocrx_word' id='word_1_820' title='bbox 136 1673 154 1694; x_wconf 79' lang='grc' dir='ltr'><strong>ῑ,</strong></span> <span class='ocrx_word' id='word_1_821' title='bbox 166 1673 188 1694; x_wconf 80' lang='grc' dir='ltr'><strong>Τ</strong></span> <span class='ocrx_word' id='word_1_822' title='bbox 199 1673 219 1694; x_wconf 94' lang='lat' dir='ltr'>o</span> <span class='ocrx_word' id='word_1_823' title='bbox 229 1673 244 1693; x_wconf 71' lang='grc' dir='ltr'><strong>Ρ</strong></span> <span class='ocrx_word' id='word_1_824' title='bbox 253 1664 271 1694; x_wconf 67' lang='grc' dir='ltr'>ἑ</span> <span class='ocrx_word' id='word_1_825' title='bbox 280 1673 300 1693; x_wconf 76' lang='lat' dir='ltr'>R</span> <span class='ocrx_word' id='word_1_826' title='bbox 311 1673 338 1695; x_wconf 79' lang='grc' dir='ltr'><strong>ε,</strong></span> <span class='ocrx_word' id='word_1_827' title='bbox 358 1666 426 1693; x_wconf 86' lang='lat' dir='ltr'>Adu.</span> <span class='ocrx_word' id='word_1_828' title='bbox 447 1666 596 1700; x_wconf 67' lang='grc' dir='ltr'><strong><em>[μεγάλως]</em></strong></span> <span class='ocrx_word' id='word_1_829' title='bbox 611 1666 743 1698; x_wconf 75' lang='lat' dir='ltr'>Eafhrma</span> <span class='ocrx_word' id='word_1_830' title='bbox 754 1666 823 1691; x_wconf 80' lang='lat' dir='ltr'>dixit</span> <span class='ocrx_word' id='word_1_831' title='bbox 830 1665 945 1697; x_wconf 88' lang='lat' dir='ltr'>Plautus,</span> <span class='ocrx_word' id='word_1_832' title='bbox 965 1673 1014 1703; x_wconf 53' lang='lat' dir='ltr'>quq</span> <span class='ocrx_word' id='word_1_833' title='bbox 1027 1665 1085 1689; x_wconf 83' lang='lat' dir='ltr'>Ma.</span> <span class='ocrx_word' id='word_1_834' title='bbox 1148 1668 1259 1696; x_wconf 68' lang='lat' dir='ltr'>Gramm.</span> <span class='ocrx_word' id='word_1_835' title='bbox 1274 1679 1294 1701; x_wconf 75' lang='lat'>3,</span> <span class='ocrx_word' id='word_1_836' title='bbox 1309 1679 1351 1701; x_wconf 65' lang='lat'>30.</span> <span class='ocrx_word' id='word_1_837' title='bbox 1425 1669 1502 1696; x_wconf 88' lang='lat' dir='ltr'>Plure</span> <span class='ocrx_word' id='word_1_838' title='bbox 1518 1670 1603 1696; x_wconf 85' lang='lat' dir='ltr'>altero</span> <span class='ocrx_word' id='word_1_839' title='bbox 1620 1676 1704 1704; x_wconf 84' lang='lat' dir='ltr'>tanto,</span> <span class='ocrx_word' id='word_1_840' title='bbox 1724 1678 1823 1705; x_wconf 85' lang='lat' dir='ltr'>quanto</span> <span class='ocrx_word' id='word_1_841' title='bbox 1836 1672 1893 1699; x_wconf 82' lang='lat' dir='ltr'>eius</span> <span class='ocrx_word' id='word_1_842' title='bbox 1906 1673 2004 1700; x_wconf 84' lang='lat' dir='ltr'>fundus</span> <span class='ocrx_word' id='word_1_843' title='bbox 2017 1675 2053 1701; x_wconf 87' lang='lat' dir='ltr'>est</span> <span class='ocrx_word' id='word_1_844' title='bbox 2074 1676 2157 1703; x_wconf 88' lang='lat' dir='ltr'>Plaut.</span> <span class='ocrx_word' id='word_1_845' title='bbox 2173 1682 2214 1710; x_wconf 75' lang='lat' dir='ltr'>ap.</span> 
     </span>
     <span class='ocr_line' id='line_1_70' title="bbox 15 1699 2216 1740; baseline 0.005 -13"><span class='ocrx_word' id='word_1_846' title='bbox 15 1708 127 1737; x_wconf 76' lang='lat' dir='ltr'>gnopere</span> <span class='ocrx_word' id='word_1_847' title='bbox 147 1703 264 1730; x_wconf 63' lang='lat' dir='ltr'>dicimun</span> <span class='ocrx_word' id='word_1_848' title='bbox 302 1703 330 1730; x_wconf 90' lang='lat' dir='ltr'>in</span> <span class='ocrx_word' id='word_1_849' title='bbox 347 1704 428 1730; x_wconf 80' lang='lat' dir='ltr'>Merc.</span> <span class='ocrx_word' id='word_1_850' title='bbox 449 1710 475 1734; x_wconf 88' lang='lat'>1,</span> <span class='ocrx_word' id='word_1_851' title='bbox 495 1708 528 1734; x_wconf 86' lang='lat'>2,</span> <span class='ocrx_word' id='word_1_852' title='bbox 546 1703 577 1730; x_wconf 90' lang='lat'>65</span> <span class='ocrx_word' id='word_1_853' title='bbox 597 1700 750 1735; x_wconf 80' lang='lat' dir='ltr'>Multopere</span> <span class='ocrx_word' id='word_1_854' title='bbox 766 1701 795 1727; x_wconf 90' lang='lat' dir='ltr'>in</span> <span class='ocrx_word' id='word_1_855' title='bbox 816 1701 916 1728; x_wconf 89' lang='lat' dir='ltr'>mundo</span> <span class='ocrx_word' id='word_1_856' title='bbox 937 1699 1036 1727; x_wconf 82' lang='lat' dir='ltr'>rustico</span> <span class='ocrx_word' id='word_1_857' title='bbox 1057 1700 1082 1725; x_wconf 87' lang='lat' dir='ltr'>se</span> <span class='ocrx_word' id='word_1_858' title='bbox 1096 1708 1134 1734; x_wconf 89' lang='lat'>40</span> <span class='ocrx_word' id='word_1_859' title='bbox 1148 1703 1251 1731; x_wconf 82' lang='lat' dir='ltr'>Charis.</span> <span class='ocrx_word' id='word_1_860' title='bbox 1267 1715 1292 1740; x_wconf 89' lang='lat' dir='ltr'>p.</span> <span class='ocrx_word' id='word_1_861' title='bbox 1308 1712 1357 1739; x_wconf 83' lang='lat'>189.</span> <span class='ocrx_word' id='word_1_862' title='bbox 1432 1704 1511 1737; x_wconf 83' lang='lat' dir='ltr'>Plure</span> <span class='ocrx_word' id='word_1_863' title='bbox 1526 1706 1597 1731; x_wconf 84' lang='lat' dir='ltr'>foras</span> <span class='ocrx_word' id='word_1_864' title='bbox 1614 1707 1732 1732; x_wconf 86' lang='lat' dir='ltr'>vendunt</span> <span class='ocrx_word' id='word_1_865' title='bbox 1746 1707 1831 1734; x_wconf 86' lang='lat' dir='ltr'>Lucil.</span> <span class='ocrx_word' id='word_1_866' title='bbox 1848 1707 1884 1735; x_wconf 93' lang='lat' dir='ltr'>ib.</span> <span class='ocrx_word' id='word_1_867' title='bbox 1923 1708 2001 1735; x_wconf 90' lang='lat' dir='ltr'>Plure</span> <span class='ocrx_word' id='word_1_868' title='bbox 2014 1710 2089 1737; x_wconf 88' lang='lat' dir='ltr'>venit</span> <span class='ocrx_word' id='word_1_869' title='bbox 2109 1712 2167 1738; x_wconf 74' lang='lat' dir='ltr'>Cic.</span> <span class='ocrx_word' id='word_1_870' title='bbox 2178 1711 2216 1738; x_wconf 77' lang='lat' dir='ltr'>ib.</span> 
     </span>
     <span class='ocr_line' id='line_1_71' title="bbox 20 1737 2215 1778; baseline 0.013 -33"><span class='ocrx_word' id='word_1_871' title='bbox 20 1737 180 1765; x_wconf 53' lang='lat' dir='ltr'><strong>‘xero-mm·</strong></span> <span class='ocrx_word' id='word_1_872' title='bbox 1147 1749 1173 1774; x_wconf 76' lang='lat' dir='ltr'>p.</span> <span class='ocrx_word' id='word_1_873' title='bbox 1188 1745 1227 1772; x_wconf 76' lang='grc'><strong>84,</strong></span> <span class='ocrx_word' id='word_1_874' title='bbox 1375 1738 1396 1777; x_wconf 64' lang='lat' dir='ltr'>q</span> <span class='ocrx_word' id='word_1_875' title='bbox 1412 1750 1423 1773; x_wconf 83' lang='lat'>3</span> <span class='ocrx_word' id='word_1_876' title='bbox 1444 1740 1533 1767; x_wconf 84' lang='lat' dir='ltr'>Plures</span> <span class='ocrx_word' id='word_1_877' title='bbox 1546 1748 1592 1776; x_wconf 79' lang='lat' dir='ltr'>pro</span> <span class='ocrx_word' id='word_1_878' title='bbox 1606 1743 1696 1775; x_wconf 73' lang='lat' dir='ltr'>Multi,</span> <span class='ocrx_word' id='word_1_879' title='bbox 1716 1741 1802 1777; x_wconf 80' lang='lat' dir='ltr'>paffim</span> <span class='ocrx_word' id='word_1_880' title='bbox 1816 1745 1999 1778; x_wconf 67' lang='lat' dir='ltr'>apudaus‘lores</span> <span class='ocrx_word' id='word_1_881' title='bbox 2006 1745 2109 1777; x_wconf 63' lang='lat' dir='ltr'>lecitur.</span> <span class='ocrx_word' id='word_1_882' title='bbox 2147 1747 2215 1774; x_wconf 88' lang='lat' dir='ltr'>Plin.</span> 
     </span>
    </p>
   </div>
   <div class='ocr_carea' id='block_1_26' title="bbox 17 1769 1083 1877">
    <p class='ocr_par' dir='ltr' id='par_1_32' title="bbox 17 1769 1083 1877">
     <span class='ocr_line' id='line_1_72' title="bbox 56 1769 1083 1806; baseline -0.001 -8"><span class='ocrx_word' id='word_1_883' title='bbox 56 1778 111 1798; x_wconf 83' lang='lat' dir='ltr'>MV</span> <span class='ocrx_word' id='word_1_884' title='bbox 120 1779 137 1799; x_wconf 82' lang='lat' dir='ltr'>L</span> <span class='ocrx_word' id='word_1_885' title='bbox 147 1779 169 1798; x_wconf 83' lang='grc' dir='ltr'><strong>Τ</strong></span> <span class='ocrx_word' id='word_1_886' title='bbox 179 1779 199 1799; x_wconf 94' lang='lat'>0</span> <span class='ocrx_word' id='word_1_887' title='bbox 211 1779 234 1800; x_wconf 79' lang='lat' dir='ltr'>&#39;r</span> <span class='ocrx_word' id='word_1_888' title='bbox 245 1779 255 1799; x_wconf 87' lang='lat'>1</span> <span class='ocrx_word' id='word_1_889' title='bbox 264 1779 311 1799; x_wconf 79' lang='lat' dir='ltr'>Es.</span> <span class='ocrx_word' id='word_1_890' title='bbox 330 1770 398 1798; x_wconf 79' lang='lat' dir='ltr'>Adu.</span> <span class='ocrx_word' id='word_1_891' title='bbox 436 1769 497 1797; x_wconf 87' lang='lat' dir='ltr'>Liu.</span> <span class='ocrx_word' id='word_1_892' title='bbox 517 1770 638 1805; x_wconf 85' lang='lat' dir='ltr'>Epitome</span> <span class='ocrx_word' id='word_1_893' title='bbox 646 1777 675 1804; x_wconf 71' lang='lat'>58</span> <span class='ocrx_word' id='word_1_894' title='bbox 695 1771 725 1796; x_wconf 83' lang='lat' dir='ltr'>de</span> <span class='ocrx_word' id='word_1_895' title='bbox 739 1771 851 1806; x_wconf 78' lang='lat' dir='ltr'>Scipione</span> <span class='ocrx_word' id='word_1_896' title='bbox 857 1770 995 1805; x_wconf 75' lang='lat' dir='ltr'>Afi-icano,</span> <span class='ocrx_word' id='word_1_897' title='bbox 1013 1771 1083 1798; x_wconf 81' lang='lat' dir='ltr'>Mul-</span> 
     </span>
     <span class='ocr_line' id='line_1_73' title="bbox 17 1805 1082 1842; baseline -0.001 -8"><span class='ocrx_word' id='word_1_898' title='bbox 17 1806 98 1834; x_wconf 78' lang='lat' dir='ltr'>toties</span> <span class='ocrx_word' id='word_1_899' title='bbox 111 1812 203 1839; x_wconf 83' lang='lat' dir='ltr'>contra</span> <span class='ocrx_word' id='word_1_900' title='bbox 215 1807 332 1833; x_wconf 86' lang='lat' dir='ltr'>hostium</span> <span class='ocrx_word' id='word_1_901' title='bbox 345 1805 500 1842; x_wconf 81' lang='lat' dir='ltr'>eruptiones</span> <span class='ocrx_word' id='word_1_902' title='bbox 512 1805 629 1833; x_wconf 86' lang='lat' dir='ltr'>feliciter</span> <span class='ocrx_word' id='word_1_903' title='bbox 641 1806 779 1841; x_wconf 84' lang='lat' dir='ltr'>pugnauit.</span> <span class='ocrx_word' id='word_1_904' title='bbox 821 1807 877 1834; x_wconf 79' lang='lat' dir='ltr'>Vid.</span> <span class='ocrx_word' id='word_1_905' title='bbox 896 1806 959 1842; x_wconf 63' lang='lat' dir='ltr'>Vqffi</span> <span class='ocrx_word' id='word_1_906' title='bbox 981 1809 1011 1833; x_wconf 76' lang='lat' dir='ltr'>de</span> <span class='ocrx_word' id='word_1_907' title='bbox 1031 1807 1082 1835; x_wconf 72' lang='lat' dir='ltr'>Vir.</span> 
     </span>
     <span class='ocr_line' id='line_1_74' title="bbox 17 1841 568 1877; baseline -0.004 -7"><span class='ocrx_word' id='word_1_908' title='bbox 17 1844 45 1872; x_wconf 79' lang='lat' dir='ltr'>l..</span> <span class='ocrx_word' id='word_1_909' title='bbox 58 1843 88 1869; x_wconf 91' lang='lat' dir='ltr'>L.</span> <span class='ocrx_word' id='word_1_910' title='bbox 108 1849 182 1875; x_wconf 62' lang='lat'>1525.</span> <span class='ocrx_word' id='word_1_911' title='bbox 218 1841 307 1871; x_wconf 81' lang='lat' dir='ltr'>Cellar.</span> <span class='ocrx_word' id='word_1_912' title='bbox 321 1844 381 1868; x_wconf 84' lang='lat' dir='ltr'>Cur.</span> <span class='ocrx_word' id='word_1_913' title='bbox 396 1841 459 1875; x_wconf 69' lang='lat' dir='ltr'>Pefi.</span> <span class='ocrx_word' id='word_1_914' title='bbox 474 1848 500 1877; x_wconf 89' lang='lat' dir='ltr'>p.</span> <span class='ocrx_word' id='word_1_915' title='bbox 519 1850 568 1874; x_wconf 79' lang='lat'>3¹3·</span> 
     </span>
    </p>
   </div>
   <div class='ocr_carea' id='block_1_27' title="bbox 1145 1775 2216 1886">
    <p class='ocr_par' dir='ltr' id='par_1_33' title="bbox 1145 1775 2216 1886">
     <span class='ocr_line' id='line_1_75' title="bbox 1146 1775 2216 1816; baseline 0.008 -15"><span class='ocrx_word' id='word_1_916' title='bbox 1146 1786 1173 1809; x_wconf 85' lang='lat'>9,</span> <span class='ocrx_word' id='word_1_917' title='bbox 1189 1784 1212 1802; x_wconf 90' lang='lat'>12</span> <span class='ocrx_word' id='word_1_918' title='bbox 1233 1775 1399 1810; x_wconf 81' lang='lat' dir='ltr'>Aquatiliutu</span> <span class='ocrx_word' id='word_1_919' title='bbox 1413 1782 1546 1811; x_wconf 85' lang='lat' dir='ltr'>tegmenta</span> <span class='ocrx_word' id='word_1_920' title='bbox 1559 1776 1634 1811; x_wconf 86' lang='lat' dir='ltr'>plura</span> <span class='ocrx_word' id='word_1_921' title='bbox 1649 1777 1715 1805; x_wconf 88' lang='lat' dir='ltr'>sunt.</span> <span class='ocrx_word' id='word_1_922' title='bbox 1754 1779 1842 1805; x_wconf 86' lang='lat' dir='ltr'>Plures</span> <span class='ocrx_word' id='word_1_923' title='bbox 1857 1780 1978 1806; x_wconf 84' lang='lat' dir='ltr'>ciuitates</span> <span class='ocrx_word' id='word_1_924' title='bbox 1998 1780 2070 1808; x_wconf 83' lang='lat' dir='ltr'>Caes.</span> <span class='ocrx_word' id='word_1_925' title='bbox 2091 1782 2120 1808; x_wconf 83' lang='lat' dir='ltr'>B.</span> <span class='ocrx_word' id='word_1_926' title='bbox 2140 1783 2173 1810; x_wconf 92' lang='lat' dir='ltr'>G.</span> <span class='ocrx_word' id='word_1_927' title='bbox 2194 1793 2216 1816; x_wconf 86' lang='lat'>3,</span> 
     </span>
     <span class='ocr_line' id='line_1_76' title="bbox 1146 1812 2215 1850; baseline 0.005 -12"><span class='ocrx_word' id='word_1_928' title='bbox 1146 1821 1185 1838; x_wconf 89' lang='lat'>10.</span> <span class='ocrx_word' id='word_1_929' title='bbox 1207 1812 1224 1838; x_wconf 87' lang='lat' dir='ltr'>i.</span> <span class='ocrx_word' id='word_1_930' title='bbox 1238 1813 1372 1845; x_wconf 65' lang='lat' dir='ltr'>pum-imae.</span> <span class='ocrx_word' id='word_1_931' title='bbox 1447 1812 1504 1839; x_wconf 91' lang='lat' dir='ltr'>Cic.</span> <span class='ocrx_word' id='word_1_932' title='bbox 1520 1821 1570 1848; x_wconf 87' lang='lat' dir='ltr'>pro</span> <span class='ocrx_word' id='word_1_933' title='bbox 1586 1814 1656 1847; x_wconf 87' lang='lat' dir='ltr'>Lege</span> <span class='ocrx_word' id='word_1_934' title='bbox 1669 1813 1764 1840; x_wconf 90' lang='lat' dir='ltr'>Manil.</span> <span class='ocrx_word' id='word_1_935' title='bbox 1781 1822 1808 1848; x_wconf 89' lang='lat'>19</span> <span class='ocrx_word' id='word_1_936' title='bbox 1828 1815 1894 1842; x_wconf 92' lang='lat' dir='ltr'>Non</span> <span class='ocrx_word' id='word_1_937' title='bbox 1908 1817 2011 1850; x_wconf 72' lang='lat' dir='ltr'>potsunt</span> <span class='ocrx_word' id='word_1_938' title='bbox 2022 1826 2073 1844; x_wconf 86' lang='lat' dir='ltr'>vna</span> <span class='ocrx_word' id='word_1_939' title='bbox 2086 1818 2114 1844; x_wconf 92' lang='lat' dir='ltr'>in</span> <span class='ocrx_word' id='word_1_940' title='bbox 2122 1818 2215 1845; x_wconf 85' lang='lat' dir='ltr'>ciuita.</span> 
     </span>
     <span class='ocr_line' id='line_1_77' title="bbox 1145 1848 2216 1886; baseline 0.007 -13"><span class='ocrx_word' id='word_1_941' title='bbox 1145 1854 1171 1874; x_wconf 87' lang='lat' dir='ltr'>te</span> <span class='ocrx_word' id='word_1_942' title='bbox 1187 1848 1265 1874; x_wconf 88' lang='lat' dir='ltr'>multi</span> <span class='ocrx_word' id='word_1_943' title='bbox 1280 1857 1337 1874; x_wconf 84' lang='lat' dir='ltr'>rem</span> <span class='ocrx_word' id='word_1_944' title='bbox 1351 1854 1430 1883; x_wconf 87' lang='lat' dir='ltr'>atque</span> <span class='ocrx_word' id='word_1_945' title='bbox 1444 1848 1566 1875; x_wconf 76' lang='lat' dir='ltr'>fortunas</span> <span class='ocrx_word' id='word_1_946' title='bbox 1579 1849 1710 1883; x_wconf 86' lang='lat' dir='ltr'>amittere,</span> <span class='ocrx_word' id='word_1_947' title='bbox 1729 1855 1758 1876; x_wconf 81' lang='lat' dir='ltr'>vt</span> <span class='ocrx_word' id='word_1_948' title='bbox 1771 1859 1826 1877; x_wconf 87' lang='lat' dir='ltr'>non</span> <span class='ocrx_word' id='word_1_949' title='bbox 1840 1851 1928 1886; x_wconf 86' lang='lat' dir='ltr'>plures</span> <span class='ocrx_word' id='word_1_950' title='bbox 1947 1853 2035 1878; x_wconf 90' lang='lat' dir='ltr'>secum</span> <span class='ocrx_word' id='word_1_951' title='bbox 2055 1853 2084 1880; x_wconf 88' lang='lat' dir='ltr'>in</span> <span class='ocrx_word' id='word_1_952' title='bbox 2104 1855 2216 1882; x_wconf 86' lang='lat' dir='ltr'>eandem</span> 
     </span>
    </p>
   </div>
   <div class='ocr_carea' id='block_1_28' title="bbox 54 1877 2213 1919">
    <p class='ocr_par' dir='ltr' id='par_1_34' title="bbox 54 1877 2213 1919">
     <span class='ocr_line' id='line_1_78' title="bbox 54 1877 2213 1919; baseline 0.006 -14"><span class='ocrx_word' id='word_1_953' title='bbox 54 1884 82 1906; x_wconf 76' lang='grc' dir='ltr'>Μ</span> <span class='ocrx_word' id='word_1_954' title='bbox 92 1884 115 1904; x_wconf 87' lang='lat' dir='ltr'>V</span> <span class='ocrx_word' id='word_1_955' title='bbox 124 1884 141 1905; x_wconf 84' lang='lat' dir='ltr'>L</span> <span class='ocrx_word' id='word_1_956' title='bbox 154 1883 177 1905; x_wconf 84' lang='grc' dir='ltr'><strong>Τ</strong></span> <span class='ocrx_word' id='word_1_957' title='bbox 189 1884 200 1904; x_wconf 89' lang='lat'>1</span> <span class='ocrx_word' id='word_1_958' title='bbox 210 1883 232 1904; x_wconf 85' lang='lat' dir='ltr'>T</span> <span class='ocrx_word' id='word_1_959' title='bbox 242 1884 252 1904; x_wconf 91' lang='lat'>1</span> <span class='ocrx_word' id='word_1_960' title='bbox 262 1883 285 1904; x_wconf 98' lang='lat' dir='ltr'>A</span> <span class='ocrx_word' id='word_1_961' title='bbox 294 1898 303 1911; x_wconf 92' lang='lat'>,</span> <span class='ocrx_word' id='word_1_962' title='bbox 317 1877 344 1914; x_wconf 88' lang='lat' dir='ltr'>s.</span> <span class='ocrx_word' id='word_1_963' title='bbox 362 1884 389 1905; x_wconf 84' lang='lat' dir='ltr'>M</span> <span class='ocrx_word' id='word_1_964' title='bbox 398 1884 419 1904; x_wconf 93' lang='lat' dir='ltr'><strong>v</strong></span> <span class='ocrx_word' id='word_1_965' title='bbox 430 1883 447 1904; x_wconf 89' lang='lat' dir='ltr'>L</span> <span class='ocrx_word' id='word_1_966' title='bbox 459 1884 499 1904; x_wconf 80' lang='lat'>&#39;1&#39;1</span> <span class='ocrx_word' id='word_1_967' title='bbox 509 1883 528 1905; x_wconf 86' lang='lat' dir='ltr'>C</span> <span class='ocrx_word' id='word_1_968' title='bbox 539 1885 549 1905; x_wconf 92' lang='lat'>1</span> <span class='ocrx_word' id='word_1_969' title='bbox 558 1884 580 1905; x_wconf 89' lang='lat' dir='ltr'>A</span> <span class='ocrx_word' id='word_1_970' title='bbox 589 1898 599 1912; x_wconf 83' lang='lat'>‚</span> <span class='ocrx_word' id='word_1_971' title='bbox 619 1881 708 1907; x_wconf 76' lang='lat' dir='ltr'>orum.</span> <span class='ocrx_word' id='word_1_972' title='bbox 729 1887 756 1906; x_wconf 86' lang='lat' dir='ltr'>n.</span> <span class='ocrx_word' id='word_1_973' title='bbox 795 1879 868 1905; x_wconf 83' lang='lat' dir='ltr'>Plur.</span> <span class='ocrx_word' id='word_1_974' title='bbox 892 1886 997 1906; x_wconf 71' lang='lat' dir='ltr'>tantum.</span> <span class='ocrx_word' id='word_1_975' title='bbox 1041 1881 1083 1905; x_wconf 88' lang='lat' dir='ltr'>In·</span> <span class='ocrx_word' id='word_1_976' title='bbox 1095 1888 1130 1915; x_wconf 77' lang='lat'>45</span> <span class='ocrx_word' id='word_1_977' title='bbox 1146 1883 1322 1910; x_wconf 80' lang='lat' dir='ltr'>calamitatem</span> <span class='ocrx_word' id='word_1_978' title='bbox 1335 1884 1450 1912; x_wconf 81' lang='lat' dir='ltr'>trahant.</span> <span class='ocrx_word' id='word_1_979' title='bbox 1523 1885 1613 1912; x_wconf 89' lang='lat' dir='ltr'>Plures</span> <span class='ocrx_word' id='word_1_980' title='bbox 1629 1893 1649 1911; x_wconf 77' lang='lat' dir='ltr'>et</span> <span class='ocrx_word' id='word_1_981' title='bbox 1667 1886 1755 1917; x_wconf 82' lang='lat' dir='ltr'>Pauci,</span> <span class='ocrx_word' id='word_1_982' title='bbox 1775 1890 1912 1914; x_wconf 59' lang='lat' dir='ltr'>contraria.</span> <span class='ocrx_word' id='word_1_983' title='bbox 1950 1888 2054 1916; x_wconf 68' lang='lat' dir='ltr'>Auetor</span> <span class='ocrx_word' id='word_1_984' title='bbox 2067 1889 2099 1916; x_wconf 87' lang='lat' dir='ltr'>ad</span> <span class='ocrx_word' id='word_1_985' title='bbox 2112 1890 2213 1919; x_wconf 79' lang='lat' dir='ltr'>Hcren.</span> 
     </span>
    </p>
   </div>
   <div class='ocr_carea' id='block_1_29' title="bbox 12 1912 1082 2056">
    <p class='ocr_par' dir='ltr' id='par_1_35' title="bbox 12 1912 1082 2056">
     <span class='ocr_line' id='line_1_79' title="bbox 16 1912 1081 1956; baseline 0.001 -16"><span class='ocrx_word' id='word_1_986' title='bbox 16 1914 133 1947; x_wconf 61' lang='lat' dir='ltr'>figmenta</span> <span class='ocrx_word' id='word_1_987' title='bbox 148 1913 296 1940; x_wconf 73' lang='lat' dir='ltr'>dicebantur</span> <span class='ocrx_word' id='word_1_988' title='bbox 308 1912 476 1947; x_wconf 74' lang='lat' dir='ltr'>minutiffi‘mis</span> <span class='ocrx_word' id='word_1_989' title='bbox 484 1914 540 1949; x_wconf 86' lang='lat' dir='ltr'>filis</span> <span class='ocrx_word' id='word_1_990' title='bbox 553 1922 678 1942; x_wconf 75' lang='lat' dir='ltr'>contexta.</span> <span class='ocrx_word' id='word_1_991' title='bbox 719 1915 788 1940; x_wconf 81' lang='lat' dir='ltr'>Vnde</span> <span class='ocrx_word' id='word_1_992' title='bbox 800 1925 816 1940; x_wconf 87' lang='lat' dir='ltr'>a</span> <span class='ocrx_word' id='word_1_993' title='bbox 829 1914 923 1941; x_wconf 87' lang='lat' dir='ltr'>Multis</span> <span class='ocrx_word' id='word_1_994' title='bbox 930 1914 982 1941; x_wconf 77' lang='lat' dir='ltr'>filis</span> <span class='ocrx_word' id='word_1_995' title='bbox 994 1921 1019 1941; x_wconf 82' lang='lat' dir='ltr'>et</span> <span class='ocrx_word' id='word_1_996' title='bbox 1025 1922 1081 1956; x_wconf 73' lang='lat' dir='ltr'>pro-</span> 
     </span>
     <span class='ocr_line' id='line_1_80' title="bbox 12 1948 1081 2011; baseline 0.001 -35"><span class='ocrx_word' id='word_1_997' title='bbox 12 1955 101 1986; x_wconf 72' lang='lat' dir='ltr'>pterea</span> <span class='ocrx_word' id='word_1_998' title='bbox 94 1948 256 2011; x_wconf 67' lang='lat' dir='ltr'>ffifubtilibus,</span> <span class='ocrx_word' id='word_1_999' title='bbox 275 1958 361 1975; x_wconf 80' lang='lat' dir='ltr'>nomm</span> <span class='ocrx_word' id='word_1_1000' title='bbox 374 1950 492 1976; x_wconf 75' lang='lat' dir='ltr'>inditum.</span> <span class='ocrx_word' id='word_1_1001' title='bbox 527 1951 649 1983; x_wconf 75' lang='lat' dir='ltr'>Budaeus,</span> <span class='ocrx_word' id='word_1_1002' title='bbox 665 1949 794 1984; x_wconf 88' lang='lat' dir='ltr'>Multitia‚</span> <span class='ocrx_word' id='word_1_1003' title='bbox 813 1950 896 1977; x_wconf 83' lang='lat' dir='ltr'>vestes</span> <span class='ocrx_word' id='word_1_1004' title='bbox 913 1951 971 1977; x_wconf 90' lang='lat' dir='ltr'>sunt</span> <span class='ocrx_word' id='word_1_1005' title='bbox 984 1952 1081 1978; x_wconf 79' lang='lat' dir='ltr'>sericae</span> 
     </span>
     <span class='ocr_line' id='line_1_81' title="bbox 15 1984 1082 2021; baseline 0.002 -10"><span class='ocrx_word' id='word_1_1006' title='bbox 15 1984 91 2012; x_wconf 83' lang='lat' dir='ltr'>tenui</span> <span class='ocrx_word' id='word_1_1007' title='bbox 120 1993 177 2012; x_wconf 85' lang='lat' dir='ltr'>mae</span> <span class='ocrx_word' id='word_1_1008' title='bbox 189 1984 311 2012; x_wconf 83' lang='lat' dir='ltr'>aestiuae.</span> <span class='ocrx_word' id='word_1_1009' title='bbox 360 1985 481 2012; x_wconf 86' lang='lat' dir='ltr'>quenal.</span> <span class='ocrx_word' id='word_1_1010' title='bbox 505 1985 555 2012; x_wconf 87' lang='lat' dir='ltr'>Sat.</span> <span class='ocrx_word' id='word_1_1011' title='bbox 575 1994 600 2019; x_wconf 83' lang='lat'>2,</span> <span class='ocrx_word' id='word_1_1012' title='bbox 613 1990 648 2021; x_wconf 81' lang='lat'>76</span> <span class='ocrx_word' id='word_1_1013' title='bbox 675 1987 784 2020; x_wconf 82' lang='lat' dir='ltr'>Qaero</span> <span class='ocrx_word' id='word_1_1014' title='bbox 796 1994 829 2012; x_wconf 83' lang='lat' dir='ltr'>an</span> <span class='ocrx_word' id='word_1_1015' title='bbox 844 1986 951 2014; x_wconf 85' lang='lat' dir='ltr'>deceant</span> <span class='ocrx_word' id='word_1_1016' title='bbox 963 1986 1082 2013; x_wconf 86' lang='lat' dir='ltr'>multitia</span> 
     </span>
     <span class='ocr_line' id='line_1_82' title="bbox 14 2020 1082 2056; baseline -0.001 -8"><span class='ocrx_word' id='word_1_1017' title='bbox 14 2021 116 2048; x_wconf 71' lang='lat' dir='ltr'>testem.</span> <span class='ocrx_word' id='word_1_1018' title='bbox 152 2021 221 2048; x_wconf 75' lang='lat' dir='ltr'>Add.</span> <span class='ocrx_word' id='word_1_1019' title='bbox 235 2020 309 2048; x_wconf 85' lang='lat' dir='ltr'>Idem</span> <span class='ocrx_word' id='word_1_1020' title='bbox 321 2020 423 2048; x_wconf 84' lang='lat' dir='ltr'>ibidem</span> <span class='ocrx_word' id='word_1_1021' title='bbox 437 2022 480 2048; x_wconf 90' lang='lat'>66.</span> <span class='ocrx_word' id='word_1_1022' title='bbox 555 2023 575 2047; x_wconf 85' lang='grc' dir='ltr'><em>Ε</em></span> <span class='ocrx_word' id='word_1_1023' title='bbox 569 2022 596 2056; x_wconf 90' lang='lat' dir='ltr'><em>st</em></span> <span class='ocrx_word' id='word_1_1024' title='bbox 609 2030 692 2056; x_wconf 74' lang='lat' dir='ltr'>nempe</span> <span class='ocrx_word' id='word_1_1025' title='bbox 712 2030 796 2046; x_wconf 74' lang='lat' dir='ltr'>nomen</span> <span class='ocrx_word' id='word_1_1026' title='bbox 809 2022 977 2049; x_wconf 68' lang='lat' dir='ltr'>Adiet‘liuum,</span> <span class='ocrx_word' id='word_1_1027' title='bbox 1018 2023 1082 2052; x_wconf 88' lang='lat' dir='ltr'>Syn-</span> 
     </span>
    </p>
   </div>
   <div class='ocr_carea' id='block_1_30' title="bbox 1147 1920 2214 1960">
    <p class='ocr_par' dir='ltr' id='par_1_36' title="bbox 1147 1920 2214 1960">
     <span class='ocr_line' id='line_1_83' title="bbox 1147 1920 2214 1960; baseline 0.007 -14"><span class='ocrx_word' id='word_1_1028' title='bbox 1147 1930 1172 1953; x_wconf 80' lang='grc'>4,</span> <span class='ocrx_word' id='word_1_1029' title='bbox 1186 1922 1215 1947; x_wconf 83' lang='lat'>26</span> <span class='ocrx_word' id='word_1_1030' title='bbox 1242 1920 1299 1954; x_wconf 75' lang='lat' dir='ltr'>Qri</span> <span class='ocrx_word' id='word_1_1031' title='bbox 1318 1929 1401 1954; x_wconf 83' lang='lat' dir='ltr'>quum</span> <span class='ocrx_word' id='word_1_1032' title='bbox 1423 1921 1510 1955; x_wconf 65' lang='lat' dir='ltr'>plures</span> <span class='ocrx_word' id='word_1_1033' title='bbox 1530 1928 1622 1954; x_wconf 79' lang='lat' dir='ltr'>erant,</span> <span class='ocrx_word' id='word_1_1034' title='bbox 1641 1923 1730 1956; x_wconf 80' lang='lat' dir='ltr'>paucis</span> <span class='ocrx_word' id='word_1_1035' title='bbox 1751 1921 1830 1949; x_wconf 85' lang='lat' dir='ltr'>nobis</span> <span class='ocrx_word' id='word_1_1036' title='bbox 1843 1925 1984 1958; x_wconf 85' lang='lat' dir='ltr'>exaequari</span> <span class='ocrx_word' id='word_1_1037' title='bbox 2007 1934 2062 1952; x_wconf 85' lang='lat' dir='ltr'>non</span> <span class='ocrx_word' id='word_1_1038' title='bbox 2081 1933 2214 1960; x_wconf 85' lang='lat' dir='ltr'>poterant.</span> 
     </span>
    </p>
   </div>
   <div class='ocr_carea' id='block_1_31' title="bbox 1144 1956 2215 2064">
    <p class='ocr_par' dir='ltr' id='par_1_37' title="bbox 1144 1956 2215 2064">
     <span class='ocr_line' id='line_1_84' title="bbox 1145 1956 2215 1993; baseline 0.007 -11"><span class='ocrx_word' id='word_1_1039' title='bbox 1145 1956 1215 1983; x_wconf 85' lang='lat' dir='ltr'>Eunt</span> <span class='ocrx_word' id='word_1_1040' title='bbox 1227 1956 1315 1991; x_wconf 80' lang='lat' dir='ltr'>plures</span> <span class='ocrx_word' id='word_1_1041' title='bbox 1328 1957 1419 1984; x_wconf 83' lang='lat' dir='ltr'>multis</span> <span class='ocrx_word' id='word_1_1042' title='bbox 1435 1957 1554 1991; x_wconf 70' lang='lat' dir='ltr'>partibus</span> <span class='ocrx_word' id='word_1_1043' title='bbox 1568 1957 1596 1982; x_wconf 89' lang='lat' dir='ltr'>in</span> <span class='ocrx_word' id='word_1_1044' title='bbox 1610 1957 1683 1983; x_wconf 87' lang='lat' dir='ltr'>illius</span> <span class='ocrx_word' id='word_1_1045' title='bbox 1696 1959 1852 1985; x_wconf 80' lang='lat' dir='ltr'>se..tentiam</span> <span class='ocrx_word' id='word_1_1046' title='bbox 1874 1960 1929 1985; x_wconf 89' lang='lat' dir='ltr'>Cic.</span> <span class='ocrx_word' id='word_1_1047' title='bbox 1942 1960 2013 1986; x_wconf 83' lang='lat' dir='ltr'>Fam.</span> <span class='ocrx_word' id='word_1_1048' title='bbox 2029 1970 2047 1993; x_wconf 93' lang='lat'>1,</span> <span class='ocrx_word' id='word_1_1049' title='bbox 2060 1970 2081 1987; x_wconf 84' lang='lat'>2.</span> <span class='ocrx_word' id='word_1_1050' title='bbox 2155 1963 2215 1989; x_wconf 86' lang='lat' dir='ltr'>Plu-</span> 
     </span>
     <span class='ocr_line' id='line_1_85' title="bbox 1145 1992 2212 2028; baseline 0.007 -10"><span class='ocrx_word' id='word_1_1051' title='bbox 1145 2000 1175 2018; x_wconf 83' lang='lat' dir='ltr'>ra</span> <span class='ocrx_word' id='word_1_1052' title='bbox 1189 1992 1274 2018; x_wconf 90' lang='lat' dir='ltr'>dicam</span> <span class='ocrx_word' id='word_1_1053' title='bbox 1286 1992 1318 2018; x_wconf 88' lang='lat' dir='ltr'>de</span> <span class='ocrx_word' id='word_1_1054' title='bbox 1334 1993 1444 2026; x_wconf 83' lang='lat' dir='ltr'>pcccatis</span> <span class='ocrx_word' id='word_1_1055' title='bbox 1459 1993 1510 2018; x_wconf 84' lang='lat' dir='ltr'>tuis</span> <span class='ocrx_word' id='word_1_1056' title='bbox 1531 1993 1600 2018; x_wconf 85' lang='lat' dir='ltr'>Ter.</span> <span class='ocrx_word' id='word_1_1057' title='bbox 1617 1993 1643 2017; x_wconf 85' lang='lat' dir='ltr'>in</span> <span class='ocrx_word' id='word_1_1058' title='bbox 1660 1993 1728 2019; x_wconf 89' lang='lat' dir='ltr'>Prol.</span> <span class='ocrx_word' id='word_1_1059' title='bbox 1742 1993 1836 2020; x_wconf 88' lang='lat' dir='ltr'>Heaut.</span> <span class='ocrx_word' id='word_1_1060' title='bbox 1851 2003 1885 2025; x_wconf 83' lang='lat'>33.</span> <span class='ocrx_word' id='word_1_1061' title='bbox 1959 1995 2005 2021; x_wconf 91' lang='lat' dir='ltr'>Te</span> <span class='ocrx_word' id='word_1_1062' title='bbox 2021 1996 2095 2028; x_wconf 88' lang='lat' dir='ltr'>plura</span> <span class='ocrx_word' id='word_1_1063' title='bbox 2119 1996 2148 2024; x_wconf 87' lang='lat' dir='ltr'>in</span> <span class='ocrx_word' id='word_1_1064' title='bbox 2164 1998 2212 2025; x_wconf 86' lang='lat' dir='ltr'>hac</span> 
     </span>
     <span class='ocr_line' id='line_1_86' title="bbox 1144 2026 2213 2064; baseline 0.009 -14"><span class='ocrx_word' id='word_1_1065' title='bbox 1144 2035 1175 2051; x_wconf 86' lang='lat' dir='ltr'>re</span> <span class='ocrx_word' id='word_1_1066' title='bbox 1188 2035 1295 2058; x_wconf 77' lang='lat' dir='ltr'>peccare</span> <span class='ocrx_word' id='word_1_1067' title='bbox 1309 2028 1444 2051; x_wconf 85' lang='lat' dir='ltr'>ostendam</span> <span class='ocrx_word' id='word_1_1068' title='bbox 1458 2027 1526 2051; x_wconf 79' lang='lat' dir='ltr'>Ter.</span> <span class='ocrx_word' id='word_1_1069' title='bbox 1540 2026 1652 2060; x_wconf 85' lang='lat' dir='ltr'>Adelph.</span> <span class='ocrx_word' id='word_1_1070' title='bbox 1669 2037 1685 2060; x_wconf 78' lang='lat' dir='ltr'>v,</span> <span class='ocrx_word' id='word_1_1071' title='bbox 1693 2036 1716 2059; x_wconf 85' lang='lat'>2,</span> <span class='ocrx_word' id='word_1_1072' title='bbox 1730 2037 1771 2059; x_wconf 71' lang='grc'>44.</span> <span class='ocrx_word' id='word_1_1073' title='bbox 1845 2029 1958 2055; x_wconf 82' lang='lat' dir='ltr'>Colores</span> <span class='ocrx_word' id='word_1_1074' title='bbox 1972 2030 2062 2064; x_wconf 86' lang='lat' dir='ltr'>plures</span> <span class='ocrx_word' id='word_1_1075' title='bbox 2076 2032 2104 2058; x_wconf 86' lang='lat' dir='ltr'>iu</span> <span class='ocrx_word' id='word_1_1076' title='bbox 2111 2032 2213 2060; x_wconf 83' lang='lat' dir='ltr'>colum-</span> 
     </span>
    </p>
   </div>
   <div class='ocr_carea' id='block_1_32' title="bbox 15 2055 2213 2102">
    <p class='ocr_par' dir='ltr' id='par_1_38' title="bbox 15 2055 2213 2102">
     <span class='ocr_line' id='line_1_87' title="bbox 15 2055 2213 2102; baseline 0.004 -19"><span class='ocrx_word' id='word_1_1077' title='bbox 15 2055 93 2084; x_wconf 76' lang='lat' dir='ltr'>thefis</span> <span class='ocrx_word' id='word_1_1078' title='bbox 114 2056 235 2083; x_wconf 87' lang='lat' dir='ltr'>multicia</span> <span class='ocrx_word' id='word_1_1079' title='bbox 253 2056 375 2083; x_wconf 74' lang='lat' dir='ltr'>Ter-tull.</span> <span class='ocrx_word' id='word_1_1080' title='bbox 390 2056 422 2082; x_wconf 89' lang='lat' dir='ltr'>de</span> <span class='ocrx_word' id='word_1_1081' title='bbox 441 2056 502 2083; x_wconf 79' lang='lat' dir='ltr'>Pau.</span> <span class='ocrx_word' id='word_1_1082' title='bbox 527 2056 654 2082; x_wconf 80' lang='lat' dir='ltr'>Tunicae</span> <span class='ocrx_word' id='word_1_1083' title='bbox 666 2056 803 2084; x_wconf 81' lang='lat' dir='ltr'>multiciae</span> <span class='ocrx_word' id='word_1_1084' title='bbox 823 2056 917 2081; x_wconf 84' lang='lat' dir='ltr'>viriles</span> <span class='ocrx_word' id='word_1_1085' title='bbox 933 2056 1037 2089; x_wconf 84' lang='lat' dir='ltr'>Vopisc.</span> <span class='ocrx_word' id='word_1_1086' title='bbox 1052 2056 1080 2081; x_wconf 90' lang='lat' dir='ltr'>in</span> <span class='ocrx_word' id='word_1_1087' title='bbox 1095 2066 1128 2092; x_wconf 80' lang='lat'>50</span> <span class='ocrx_word' id='word_1_1088' title='bbox 1145 2059 1178 2085; x_wconf 77' lang='lat' dir='ltr'>ba</span> <span class='ocrx_word' id='word_1_1089' title='bbox 1193 2060 1280 2085; x_wconf 81' lang='lat' dir='ltr'>videri</span> <span class='ocrx_word' id='word_1_1090' title='bbox 1296 2060 1391 2092; x_wconf 65' lang='lat' dir='ltr'>sentio,</span> <span class='ocrx_word' id='word_1_1091' title='bbox 1414 2069 1460 2086; x_wconf 82' lang='lat' dir='ltr'>nec</span> <span class='ocrx_word' id='word_1_1092' title='bbox 1474 2061 1522 2086; x_wconf 72' lang='lat' dir='ltr'>effe</span> <span class='ocrx_word' id='word_1_1093' title='bbox 1538 2060 1596 2094; x_wconf 79' lang='lat' dir='ltr'>plus</span> <span class='ocrx_word' id='word_1_1094' title='bbox 1618 2070 1674 2088; x_wconf 88' lang='lat' dir='ltr'>vno</span> <span class='ocrx_word' id='word_1_1095' title='bbox 1694 2062 1750 2089; x_wconf 88' lang='lat' dir='ltr'>Cic.</span> <span class='ocrx_word' id='word_1_1096' title='bbox 1772 2063 1851 2090; x_wconf 83' lang='lat' dir='ltr'>Acad.</span> <span class='ocrx_word' id='word_1_1097' title='bbox 1870 2074 1904 2099; x_wconf 90' lang='lat'>4,</span> <span class='ocrx_word' id='word_1_1098' title='bbox 1925 2074 1966 2099; x_wconf 86' lang='lat'>79.</span> <span class='ocrx_word' id='word_1_1099' title='bbox 2040 2067 2103 2094; x_wconf 80' lang='lat' dir='ltr'>Dies</span> <span class='ocrx_word' id='word_1_1100' title='bbox 2124 2069 2213 2102; x_wconf 74' lang='lat' dir='ltr'>plures</span> 
     </span>
    </p>
   </div>
   <div class='ocr_carea' id='block_1_33' title="bbox 14 2089 1081 2237">
    <p class='ocr_par' dir='ltr' id='par_1_39' title="bbox 14 2089 844 2125">
     <span class='ocr_line' id='line_1_88' title="bbox 14 2089 844 2125; baseline -0.006 -6"><span class='ocrx_word' id='word_1_1101' title='bbox 14 2091 162 2119; x_wconf 79' lang='lat' dir='ltr'>Aureliano</span> <span class='ocrx_word' id='word_1_1102' title='bbox 177 2100 198 2117; x_wconf 88' lang='lat' dir='ltr'>c.</span> <span class='ocrx_word' id='word_1_1103' title='bbox 213 2100 247 2118; x_wconf 70' lang='grc' dir='ltr'>ιε.</span> <span class='ocrx_word' id='word_1_1104' title='bbox 266 2092 314 2117; x_wconf 79' lang='lat' dir='ltr'>alii</span> <span class='ocrx_word' id='word_1_1105' title='bbox 335 2092 360 2118; x_wconf 87' lang='lat' dir='ltr'>h.</span> <span class='ocrx_word' id='word_1_1106' title='bbox 374 2093 391 2118; x_wconf 92' lang='lat' dir='ltr'>l.</span> <span class='ocrx_word' id='word_1_1107' title='bbox 411 2092 458 2125; x_wconf 77' lang='lat' dir='ltr'>leg.</span> <span class='ocrx_word' id='word_1_1108' title='bbox 478 2089 651 2117; x_wconf 84' lang='lat' dir='ltr'>multiliciae:</span> <span class='ocrx_word' id='word_1_1109' title='bbox 671 2093 727 2116; x_wconf 74' lang='lat' dir='ltr'>md.</span> <span class='ocrx_word' id='word_1_1110' title='bbox 739 2090 844 2125; x_wconf 85' lang='lat' dir='ltr'>Salmas.</span> 
     </span>
    </p>

    <p class='ocr_par' dir='ltr' id='par_1_40' title="bbox 15 2124 1081 2237">
     <span class='ocr_line' id='line_1_89' title="bbox 55 2124 1081 2160; baseline -0.003 -7"><span class='ocrx_word' id='word_1_1111' title='bbox 55 2133 71 2154; x_wconf 75' lang='lat' dir='ltr'>P</span> <span class='ocrx_word' id='word_1_1112' title='bbox 83 2132 132 2153; x_wconf 87' lang='lat' dir='ltr'>LV</span> <span class='ocrx_word' id='word_1_1113' title='bbox 143 2131 169 2153; x_wconf 74' lang='lat' dir='ltr'>S.</span> <span class='ocrx_word' id='word_1_1114' title='bbox 189 2135 216 2152; x_wconf 91' lang='lat' dir='ltr'>n.</span> <span class='ocrx_word' id='word_1_1115' title='bbox 253 2127 359 2160; x_wconf 63' lang='lat' dir='ltr'>[ruis-w,</span> <span class='ocrx_word' id='word_1_1116' title='bbox 371 2127 459 2155; x_wconf 71' lang='grc' dir='ltr'><strong>πλεῖον,</strong></span> <span class='ocrx_word' id='word_1_1117' title='bbox 479 2126 568 2160; x_wconf 66' lang='grc' dir='ltr'><strong><em>πλέον]</em></strong></span> <span class='ocrx_word' id='word_1_1118' title='bbox 604 2127 635 2151; x_wconf 79' lang='lat' dir='ltr'>ln</span> <span class='ocrx_word' id='word_1_1119' title='bbox 642 2124 772 2160; x_wconf 65' lang='lat' dir='ltr'>singulari</span> <span class='ocrx_word' id='word_1_1120' title='bbox 786 2134 900 2155; x_wconf 54' lang='lat' dir='ltr'>numeru</span> <span class='ocrx_word' id='word_1_1121' title='bbox 937 2125 964 2150; x_wconf 88' lang='lat' dir='ltr'>in</span> <span class='ocrx_word' id='word_1_1122' title='bbox 983 2125 1081 2159; x_wconf 81' lang='lat' dir='ltr'>plurali</span> 
     </span>
     <span class='ocr_line' id='line_1_90' title="bbox 15 2160 1080 2200; baseline -0.003 -11"><span class='ocrx_word' id='word_1_1123' title='bbox 15 2172 75 2189; x_wconf 76' lang='lat' dir='ltr'>vero</span> <span class='ocrx_word' id='word_1_1124' title='bbox 88 2162 119 2188; x_wconf 89' lang='lat' dir='ltr'>hi</span> <span class='ocrx_word' id='word_1_1125' title='bbox 134 2169 157 2188; x_wconf 76' lang='lat' dir='ltr'>et</span> <span class='ocrx_word' id='word_1_1126' title='bbox 168 2161 217 2188; x_wconf 84' lang='lat' dir='ltr'>hae</span> <span class='ocrx_word' id='word_1_1127' title='bbox 230 2161 331 2196; x_wconf 81' lang='lat' dir='ltr'>Plures,</span> <span class='ocrx_word' id='word_1_1128' title='bbox 344 2168 367 2187; x_wconf 83' lang='lat' dir='ltr'>et</span> <span class='ocrx_word' id='word_1_1129' title='bbox 380 2160 445 2187; x_wconf 83' lang='lat' dir='ltr'>haec</span> <span class='ocrx_word' id='word_1_1130' title='bbox 460 2160 544 2200; x_wconf 83' lang='lat' dir='ltr'>plura.</span> <span class='ocrx_word' id='word_1_1131' title='bbox 583 2160 771 2196; x_wconf 55' lang='lat' dir='ltr'>Compar-miuus</span> <span class='ocrx_word' id='word_1_1132' title='bbox 774 2162 872 2194; x_wconf 79' lang='lat' dir='ltr'>gradus</span> <span class='ocrx_word' id='word_1_1133' title='bbox 886 2160 921 2195; x_wconf 81' lang='lat' dir='ltr'>est</span> <span class='ocrx_word' id='word_1_1134' title='bbox 935 2171 951 2186; x_wconf 80' lang='lat' dir='ltr'>a</span> <span class='ocrx_word' id='word_1_1135' title='bbox 970 2161 1080 2186; x_wconf 86' lang='lat' dir='ltr'>Multus.</span> 
     </span>
     <span class='ocr_line' id='line_1_91' title="bbox 17 2194 1080 2237; baseline -0.004 -11"><span class='ocrx_word' id='word_1_1136' title='bbox 17 2199 74 2226; x_wconf 87' lang='lat' dir='ltr'>Cic.</span> <span class='ocrx_word' id='word_1_1137' title='bbox 87 2198 120 2225; x_wconf 86' lang='lat' dir='ltr'>de</span> <span class='ocrx_word' id='word_1_1138' title='bbox 140 2196 247 2224; x_wconf 82' lang='lat' dir='ltr'>Amicit.</span> <span class='ocrx_word' id='word_1_1139' title='bbox 270 2207 294 2237; x_wconf 67' lang='lat'>⁴1¹</span> <span class='ocrx_word' id='word_1_1140' title='bbox 321 2196 412 2223; x_wconf 88' lang='lat' dir='ltr'>Plures</span> <span class='ocrx_word' id='word_1_1141' title='bbox 430 2204 503 2223; x_wconf 84' lang='lat' dir='ltr'>enim</span> <span class='ocrx_word' id='word_1_1142' title='bbox 523 2195 622 2222; x_wconf 85' lang='lat' dir='ltr'>discent</span> <span class='ocrx_word' id='word_1_1143' title='bbox 644 2194 867 2230; x_wconf 82' lang='lat' dir='ltr'>quemadmodum</span> <span class='ocrx_word' id='word_1_1144' title='bbox 890 2196 968 2228; x_wconf 82' lang='lat' dir='ltr'>fiant,</span> <span class='ocrx_word' id='word_1_1145' title='bbox 1000 2205 1080 2230; x_wconf 89' lang='lat' dir='ltr'>quam</span> 
     </span>
    </p>
   </div>
   <div class='ocr_carea' id='block_1_34' title="bbox 1143 2094 2214 2244">
    <p class='ocr_par' dir='ltr' id='par_1_41' title="bbox 1143 2094 2214 2244">
     <span class='ocr_line' id='line_1_92' title="bbox 1144 2094 2214 2139; baseline 0.009 -20"><span class='ocrx_word' id='word_1_1146' title='bbox 1144 2095 1262 2120; x_wconf 80' lang='lat' dir='ltr'>summus</span> <span class='ocrx_word' id='word_1_1147' title='bbox 1278 2094 1357 2121; x_wconf 85' lang='lat' dir='ltr'>dolor</span> <span class='ocrx_word' id='word_1_1148' title='bbox 1370 2104 1478 2121; x_wconf 80' lang='lat' dir='ltr'>manere</span> <span class='ocrx_word' id='word_1_1149' title='bbox 1492 2105 1547 2123; x_wconf 88' lang='lat' dir='ltr'>non</span> <span class='ocrx_word' id='word_1_1150' title='bbox 1561 2097 1646 2131; x_wconf 82' lang='lat' dir='ltr'>potest</span> <span class='ocrx_word' id='word_1_1151' title='bbox 1662 2097 1734 2125; x_wconf 83' lang='lat' dir='ltr'>Idem</span> <span class='ocrx_word' id='word_1_1152' title='bbox 1749 2097 1781 2124; x_wconf 84' lang='lat' dir='ltr'>de</span> <span class='ocrx_word' id='word_1_1153' title='bbox 1796 2099 1885 2126; x_wconf 72' lang='lat' dir='ltr'>Finib.</span> <span class='ocrx_word' id='word_1_1154' title='bbox 1900 2110 1922 2133; x_wconf 82' lang='lat'>2,</span> <span class='ocrx_word' id='word_1_1155' title='bbox 1938 2110 1973 2133; x_wconf 72' lang='lat'>9³·</span> <span class='ocrx_word' id='word_1_1156' title='bbox 2047 2103 2142 2130; x_wconf 83' lang='lat' dir='ltr'>Oscula</span> <span class='ocrx_word' id='word_1_1157' title='bbox 2156 2106 2214 2139; x_wconf 81' lang='lat' dir='ltr'>plu-</span> 
     </span>
     <span class='ocr_line' id='line_1_93' title="bbox 1144 2131 2212 2170; baseline 0.012 -15"><span class='ocrx_word' id='word_1_1158' title='bbox 1144 2138 1172 2156; x_wconf 87' lang='lat' dir='ltr'>ra</span> <span class='ocrx_word' id='word_1_1159' title='bbox 1194 2131 1263 2157; x_wconf 76' lang='lat' dir='ltr'>Hor.</span> <span class='ocrx_word' id='word_1_1160' title='bbox 1277 2131 1366 2157; x_wconf 87' lang='lat' dir='ltr'>Carm.</span> <span class='ocrx_word' id='word_1_1161' title='bbox 1382 2142 1397 2164; x_wconf 84' lang='grc' dir='ltr'><strong>ι,</strong></span> <span class='ocrx_word' id='word_1_1162' title='bbox 1418 2134 1457 2163; x_wconf 64' lang='grc'><strong>56,</strong></span> <span class='ocrx_word' id='word_1_1163' title='bbox 1472 2134 1496 2159; x_wconf 81' lang='lat'>6.</span> <span class='ocrx_word' id='word_1_1164' title='bbox 1569 2132 1720 2160; x_wconf 67' lang='lat' dir='ltr'>Simultates</span> <span class='ocrx_word' id='word_1_1165' title='bbox 1742 2135 1829 2161; x_wconf 76' lang='lat' dir='ltr'>nimio</span> <span class='ocrx_word' id='word_1_1166' title='bbox 1850 2136 1938 2170; x_wconf 80' lang='lat' dir='ltr'>plures</span> <span class='ocrx_word' id='word_1_1167' title='bbox 1957 2146 2132 2165; x_wconf 67' lang='lat' dir='ltr'>exercuerunt</span> <span class='ocrx_word' id='word_1_1168' title='bbox 2151 2150 2212 2168; x_wconf 85' lang='lat' dir='ltr'>cum</span> 
     </span>
     <span class='ocr_line' id='line_1_94' title="bbox 1143 2166 2212 2206; baseline 0.011 -15"><span class='ocrx_word' id='word_1_1169' title='bbox 1143 2166 1204 2192; x_wconf 86' lang='lat' dir='ltr'>Liu.</span> <span class='ocrx_word' id='word_1_1170' title='bbox 1226 2176 1262 2199; x_wconf 77' lang='lat'>39,</span> <span class='ocrx_word' id='word_1_1171' title='bbox 1287 2175 1329 2199; x_wconf 70' lang='lat'>40.</span> <span class='ocrx_word' id='word_1_1172' title='bbox 1355 2169 1385 2192; x_wconf 64' lang='lat' dir='ltr'>«ic</span> <span class='ocrx_word' id='word_1_1173' title='bbox 1405 2170 1506 2194; x_wconf 72' lang='lat' dir='ltr'>Catone.</span> <span class='ocrx_word' id='word_1_1174' title='bbox 1580 2168 1703 2195; x_wconf 80' lang='lat' dir='ltr'>Numero</span> <span class='ocrx_word' id='word_1_1175' title='bbox 1723 2169 1811 2204; x_wconf 88' lang='lat' dir='ltr'>plures</span> <span class='ocrx_word' id='word_1_1176' title='bbox 1833 2171 1952 2198; x_wconf 53' lang='lat' dir='ltr'>scribon.</span> <span class='ocrx_word' id='word_1_1177' title='bbox 1974 2182 2013 2206; x_wconf 83' lang='lat'>97.</span> <span class='ocrx_word' id='word_1_1178' title='bbox 2087 2175 2212 2204; x_wconf 74' lang='lat' dir='ltr'>Pluribus</span> 
     </span>
     <span class='ocr_line' id='line_1_95' title="bbox 1143 2200 2211 2244; baseline 0.01 -17"><span class='ocrx_word' id='word_1_1179' title='bbox 1143 2200 1237 2228; x_wconf 84' lang='lat' dir='ltr'>diebus</span> <span class='ocrx_word' id='word_1_1180' title='bbox 1252 2211 1286 2233; x_wconf 73' lang='lat'>23.</span> <span class='ocrx_word' id='word_1_1181' title='bbox 1359 2202 1455 2229; x_wconf 70' lang='lat' dir='ltr'>Verbis</span> <span class='ocrx_word' id='word_1_1182' title='bbox 1470 2202 1592 2237; x_wconf 76' lang='lat' dir='ltr'>pluribus</span> <span class='ocrx_word' id='word_1_1183' title='bbox 1606 2204 1709 2238; x_wconf 86' lang='lat' dir='ltr'>aliquid</span> <span class='ocrx_word' id='word_1_1184' title='bbox 1723 2212 1812 2239; x_wconf 85' lang='lat' dir='ltr'>petere</span> <span class='ocrx_word' id='word_1_1185' title='bbox 1840 2207 1896 2234; x_wconf 87' lang='lat' dir='ltr'>Cic.</span> <span class='ocrx_word' id='word_1_1186' title='bbox 1912 2209 1988 2235; x_wconf 85' lang='lat' dir='ltr'>Verr.</span> <span class='ocrx_word' id='word_1_1187' title='bbox 2010 2221 2033 2244; x_wconf 77' lang='grc'><strong>4,</strong></span> <span class='ocrx_word' id='word_1_1188' title='bbox 2054 2212 2093 2244; x_wconf 65' lang='grc'>64.</span> <span class='ocrx_word' id='word_1_1189' title='bbox 2115 2226 2120 2230; x_wconf 65' lang='grc'><strong>»</strong></span> <span class='ocrx_word' id='word_1_1190' title='bbox 2152 2214 2211 2238; x_wconf 73' lang='lat' dir='ltr'>Ali-</span> 
     </span>
    </p>
   </div>
   <div class='ocr_carea' id='block_1_35' title="bbox 16 2229 2210 2278">
    <p class='ocr_par' dir='ltr' id='par_1_42' title="bbox 16 2229 2210 2278">
     <span class='ocr_line' id='line_1_96' title="bbox 16 2229 2210 2278; baseline 0.003 -17"><span class='ocrx_word' id='word_1_1191' title='bbox 16 2232 240 2269; x_wconf 72' lang='lat' dir='ltr'>quemadmodum</span> <span class='ocrx_word' id='word_1_1192' title='bbox 253 2232 295 2259; x_wconf 78' lang='lat' dir='ltr'>his</span> <span class='ocrx_word' id='word_1_1193' title='bbox 313 2231 451 2258; x_wconf 83' lang='lat' dir='ltr'>resistatur.</span> <span class='ocrx_word' id='word_1_1194' title='bbox 523 2231 580 2257; x_wconf 91' lang='lat' dir='ltr'>Cic.</span> <span class='ocrx_word' id='word_1_1195' title='bbox 601 2232 654 2257; x_wconf 87' lang='lat' dir='ltr'>Att.</span> <span class='ocrx_word' id='word_1_1196' title='bbox 668 2237 694 2265; x_wconf 83' lang='lat'>7,</span> <span class='ocrx_word' id='word_1_1197' title='bbox 709 2239 721 2263; x_wconf 82' lang='lat'>3</span> <span class='ocrx_word' id='word_1_1198' title='bbox 743 2229 774 2257; x_wconf 90' lang='lat' dir='ltr'>Id</span> <span class='ocrx_word' id='word_1_1199' title='bbox 788 2229 805 2256; x_wconf 83' lang='lat' dir='ltr'>fi</span> <span class='ocrx_word' id='word_1_1200' title='bbox 818 2231 975 2265; x_wconf 82' lang='lat' dir='ltr'>praestaret,</span> <span class='ocrx_word' id='word_1_1201' title='bbox 997 2240 1078 2266; x_wconf 80' lang='lat' dir='ltr'>quan.</span> <span class='ocrx_word' id='word_1_1202' title='bbox 1094 2243 1123 2269; x_wconf 73' lang='lat'>53</span> <span class='ocrx_word' id='word_1_1203' title='bbox 1142 2240 1241 2272; x_wconf 74' lang='lat' dir='ltr'>quando</span> <span class='ocrx_word' id='word_1_1204' title='bbox 1260 2238 1344 2263; x_wconf 60' lang='lat' dir='ltr'>Verbis</span> <span class='ocrx_word' id='word_1_1205' title='bbox 1356 2238 1572 2272; x_wconf 55' lang='lat' dir='ltr'>subintesligsitm³</span> <span class='ocrx_word' id='word_1_1206' title='bbox 1592 2247 1621 2264; x_wconf 77' lang='lat' dir='ltr'>vt</span> <span class='ocrx_word' id='word_1_1207' title='bbox 1635 2243 1703 2274; x_wconf 69' lang='lat' dir='ltr'>apae!</span> <span class='ocrx_word' id='word_1_1208' title='bbox 1726 2240 1809 2267; x_wconf 82' lang='lat' dir='ltr'>Ouid.</span> <span class='ocrx_word' id='word_1_1209' title='bbox 1830 2242 1916 2269; x_wconf 83' lang='lat' dir='ltr'>Trist.</span> <span class='ocrx_word' id='word_1_1210' title='bbox 1936 2253 1959 2277; x_wconf 84' lang='lat'>5,</span> <span class='ocrx_word' id='word_1_1211' title='bbox 1976 2254 2008 2278; x_wconf 70' lang='lat'>¹4,</span> <span class='ocrx_word' id='word_1_1212' title='bbox 2024 2256 2054 2273; x_wconf 77' lang='grc' dir='ltr'>ιι,</span> <span class='ocrx_word' id='word_1_1213' title='bbox 2129 2247 2210 2276; x_wconf 60' lang='lat' dir='ltr'>Nihil</span> 
     </span>
    </p>
   </div>
   <div class='ocr_carea' id='block_1_36' title="bbox 15 2265 1077 2411">
    <p class='ocr_par' dir='ltr' id='par_1_43' title="bbox 15 2265 1077 2411">
     <span class='ocr_line' id='line_1_97' title="bbox 15 2265 1077 2301; baseline -0.005 -3"><span class='ocrx_word' id='word_1_1214' title='bbox 15 2276 74 2298; x_wconf 80' lang='lat' dir='ltr'>tum</span> <span class='ocrx_word' id='word_1_1215' title='bbox 85 2269 155 2296; x_wconf 86' lang='lat' dir='ltr'>mihi</span> <span class='ocrx_word' id='word_1_1216' title='bbox 165 2268 235 2295; x_wconf 85' lang='lat' dir='ltr'>aeris</span> <span class='ocrx_word' id='word_1_1217' title='bbox 249 2267 330 2294; x_wconf 83' lang='lat' dir='ltr'>alieni</span> <span class='ocrx_word' id='word_1_1218' title='bbox 345 2266 393 2293; x_wconf 76' lang='lat' dir='ltr'>etse</span> <span class='ocrx_word' id='word_1_1219' title='bbox 408 2265 448 2292; x_wconf 88' lang='lat' dir='ltr'>ibi</span> <span class='ocrx_word' id='word_1_1220' title='bbox 461 2265 556 2299; x_wconf 87' lang='lat' dir='ltr'>edidit,</span> <span class='ocrx_word' id='word_1_1221' title='bbox 579 2272 698 2299; x_wconf 88' lang='lat' dir='ltr'>tantum,</span> <span class='ocrx_word' id='word_1_1222' title='bbox 717 2272 743 2292; x_wconf 86' lang='lat' dir='ltr'>et</span> <span class='ocrx_word' id='word_1_1223' title='bbox 756 2265 813 2300; x_wconf 89' lang='lat' dir='ltr'>plus</span> <span class='ocrx_word' id='word_1_1224' title='bbox 829 2266 909 2293; x_wconf 85' lang='lat' dir='ltr'>etiam</span> <span class='ocrx_word' id='word_1_1225' title='bbox 929 2267 984 2301; x_wconf 91' lang='lat' dir='ltr'>ipse</span> <span class='ocrx_word' id='word_1_1226' title='bbox 1008 2267 1077 2293; x_wconf 85' lang='lat' dir='ltr'>mihi</span> 
     </span>
     <span class='ocr_line' id='line_1_98' title="bbox 17 2301 1076 2337; baseline -0.001 -7"><span class='ocrx_word' id='word_1_1227' title='bbox 17 2305 134 2333; x_wconf 77' lang='lat' dir='ltr'>deberet.</span> <span class='ocrx_word' id='word_1_1228' title='bbox 206 2303 365 2329; x_wconf 76' lang='lat' dir='ltr'>Nominatiuo</span> <span class='ocrx_word' id='word_1_1229' title='bbox 379 2302 514 2336; x_wconf 82' lang='lat' dir='ltr'>aliquando</span> <span class='ocrx_word' id='word_1_1230' title='bbox 529 2302 653 2337; x_wconf 78' lang='lat' dir='ltr'>iungitur,</span> <span class='ocrx_word' id='word_1_1231' title='bbox 665 2301 750 2336; x_wconf 65' lang='lat' dir='ltr'>onusta</span> <span class='ocrx_word' id='word_1_1232' title='bbox 762 2309 842 2335; x_wconf 78' lang='lat' dir='ltr'>quam</span> <span class='ocrx_word' id='word_1_1233' title='bbox 846 2304 992 2337; x_wconf 70' lang='lat' dir='ltr'>partI&#39;cula:</span> <span class='ocrx_word' id='word_1_1234' title='bbox 1014 2303 1076 2329; x_wconf 89' lang='lat' dir='ltr'>Liu.</span> 
     </span>
     <span class='ocr_line' id='line_1_99' title="bbox 17 2337 1076 2372; baseline -0.005 -3"><span class='ocrx_word' id='word_1_1235' title='bbox 17 2341 50 2370; x_wconf 84' lang='lat' dir='ltr'>de</span> <span class='ocrx_word' id='word_1_1236' title='bbox 61 2341 127 2368; x_wconf 89' lang='lat' dir='ltr'>Bell.</span> <span class='ocrx_word' id='word_1_1237' title='bbox 139 2338 241 2366; x_wconf 84' lang='lat' dir='ltr'>Maced.</span> <span class='ocrx_word' id='word_1_1238' title='bbox 255 2338 346 2365; x_wconf 84' lang='lat' dir='ltr'>Paullo</span> <span class='ocrx_word' id='word_1_1239' title='bbox 359 2338 416 2372; x_wconf 81' lang='lat' dir='ltr'>plus</span> <span class='ocrx_word' id='word_1_1240' title='bbox 429 2344 542 2364; x_wconf 89' lang='lat' dir='ltr'>trecenta</span> <span class='ocrx_word' id='word_1_1241' title='bbox 557 2337 679 2364; x_wconf 88' lang='lat' dir='ltr'>vehicula</span> <span class='ocrx_word' id='word_1_1242' title='bbox 694 2337 791 2364; x_wconf 78' lang='lat' dir='ltr'>amissa.</span> <span class='ocrx_word' id='word_1_1243' title='bbox 865 2338 947 2364; x_wconf 85' lang='lat' dir='ltr'>Plaut.</span> <span class='ocrx_word' id='word_1_1244' title='bbox 966 2338 1026 2365; x_wconf 90' lang='lat' dir='ltr'>Mil.</span> <span class='ocrx_word' id='word_1_1245' title='bbox 1046 2347 1076 2371; x_wconf 79' lang='lat'>4,</span> 
     </span>
     <span class='ocr_line' id='line_1_100' title="bbox 17 2370 1075 2411; baseline -0.006 -6"><span class='ocrx_word' id='word_1_1246' title='bbox 17 2370 42 2411; x_wconf 56' lang='lat' dir='ltr'>a,</span> <span class='ocrx_word' id='word_1_1247' title='bbox 54 2387 82 2410; x_wconf 87' lang='lat'>72</span> <span class='ocrx_word' id='word_1_1248' title='bbox 104 2376 164 2403; x_wconf 80' lang='lat' dir='ltr'>Plus</span> <span class='ocrx_word' id='word_1_1249' title='bbox 177 2374 246 2402; x_wconf 83' lang='lat' dir='ltr'>mihi</span> <span class='ocrx_word' id='word_1_1250' title='bbox 258 2374 317 2401; x_wconf 84' lang='lat' dir='ltr'>auri</span> <span class='ocrx_word' id='word_1_1251' title='bbox 331 2373 405 2400; x_wconf 84' lang='lat' dir='ltr'>mille</span> <span class='ocrx_word' id='word_1_1252' title='bbox 416 2373 453 2400; x_wconf 87' lang='lat' dir='ltr'>est</span> <span class='ocrx_word' id='word_1_1253' title='bbox 467 2374 622 2400; x_wconf 87' lang='lat' dir='ltr'>modiorum</span> <span class='ocrx_word' id='word_1_1254' title='bbox 642 2373 769 2408; x_wconf 84' lang='lat' dir='ltr'>Philippi.</span> <span class='ocrx_word' id='word_1_1255' title='bbox 841 2374 884 2399; x_wconf 81' lang='lat' dir='ltr'>Sic</span> <span class='ocrx_word' id='word_1_1256' title='bbox 901 2374 974 2400; x_wconf 66' lang='lat' dir='ltr'>etiam</span> <span class='ocrx_word' id='word_1_1257' title='bbox 995 2377 1075 2400; x_wconf 73' lang='lat' dir='ltr'>Accu-</span> 
     </span>
    </p>
   </div>
   <div class='ocr_carea' id='block_1_37' title="bbox 1139 2272 2211 2419">
    <p class='ocr_par' dir='ltr' id='par_1_44' title="bbox 1139 2272 2211 2419">
     <span class='ocr_line' id='line_1_101' title="bbox 1141 2272 2211 2319; baseline 0.013 -22"><span class='ocrx_word' id='word_1_1258' title='bbox 1141 2281 1209 2307; x_wconf 81' lang='lat' dir='ltr'>opus</span> <span class='ocrx_word' id='word_1_1259' title='bbox 1231 2272 1266 2298; x_wconf 82' lang='lat' dir='ltr'>est</span> <span class='ocrx_word' id='word_1_1260' title='bbox 1285 2272 1407 2307; x_wconf 81' lang='lat' dir='ltr'>pluribus</span> <span class='ocrx_word' id='word_1_1261' title='bbox 1428 2273 1518 2300; x_wconf 84' lang='lat' dir='ltr'>verbis</span> <span class='ocrx_word' id='word_1_1262' title='bbox 1538 2283 1751 2302; x_wconf 79' lang='lat' dir='ltr'>commemorare</span> <span class='ocrx_word' id='word_1_1263' title='bbox 1777 2277 1846 2312; x_wconf 83' lang='lat' dir='ltr'>Nep.</span> <span class='ocrx_word' id='word_1_1264' title='bbox 1862 2288 1898 2311; x_wconf 82' lang='lat'>25,</span> <span class='ocrx_word' id='word_1_1265' title='bbox 1913 2288 1946 2314; x_wconf 84' lang='lat'>21,</span> <span class='ocrx_word' id='word_1_1266' title='bbox 1959 2289 1981 2310; x_wconf 83' lang='lat'>5.</span> <span class='ocrx_word' id='word_1_1267' title='bbox 2056 2282 2148 2313; x_wconf 89' lang='lat' dir='ltr'>Plura,</span> <span class='ocrx_word' id='word_1_1268' title='bbox 2165 2291 2211 2319; x_wconf 71' lang='lat' dir='ltr'>pro</span> 
     </span>
     <span class='ocr_line' id='line_1_102' title="bbox 1139 2308 2209 2353; baseline 0.013 -21"><span class='ocrx_word' id='word_1_1269' title='bbox 1139 2308 1268 2342; x_wconf 79' lang='lat' dir='ltr'>Amplius.</span> <span class='ocrx_word' id='word_1_1270' title='bbox 1305 2309 1410 2335; x_wconf 85' lang='lat' dir='ltr'>Lueret.</span> <span class='ocrx_word' id='word_1_1271' title='bbox 1426 2318 1448 2339; x_wconf 75' lang='grc' dir='ltr'><strong>ς,</strong></span> <span class='ocrx_word' id='word_1_1272' title='bbox 1462 2317 1497 2341; x_wconf 76' lang='lat'>92.</span> <span class='ocrx_word' id='word_1_1273' title='bbox 1518 2310 1600 2343; x_wconf 72' lang='lat' dir='ltr'>Qlod</span> <span class='ocrx_word' id='word_1_1274' title='bbox 1617 2311 1740 2345; x_wconf 85' lang='lat' dir='ltr'>superest,</span> <span class='ocrx_word' id='word_1_1275' title='bbox 1760 2321 1794 2338; x_wconf 88' lang='lat' dir='ltr'>ne</span> <span class='ocrx_word' id='word_1_1276' title='bbox 1808 2319 1834 2340; x_wconf 86' lang='lat' dir='ltr'>te</span> <span class='ocrx_word' id='word_1_1277' title='bbox 1848 2315 1877 2340; x_wconf 89' lang='lat' dir='ltr'>in</span> <span class='ocrx_word' id='word_1_1278' title='bbox 1890 2316 2019 2350; x_wconf 79' lang='lat' dir='ltr'>promillis</span> <span class='ocrx_word' id='word_1_1279' title='bbox 2034 2318 2108 2353; x_wconf 88' lang='lat' dir='ltr'>plura</span> <span class='ocrx_word' id='word_1_1280' title='bbox 2122 2328 2209 2346; x_wconf 87' lang='lat' dir='ltr'>more-</span> 
     </span>
     <span class='ocr_line' id='line_1_103' title="bbox 1140 2343 2207 2389; baseline 0.013 -21"><span class='ocrx_word' id='word_1_1281' title='bbox 1140 2352 1212 2376; x_wconf 80' lang='lat' dir='ltr'>mur,</span> <span class='ocrx_word' id='word_1_1282' title='bbox 1233 2351 1280 2370; x_wconf 83' lang='lat' dir='ltr'>etc.</span> <span class='ocrx_word' id='word_1_1283' title='bbox 1316 2346 1384 2370; x_wconf 78' lang='lat' dir='ltr'>Add.</span> <span class='ocrx_word' id='word_1_1284' title='bbox 1404 2343 1442 2370; x_wconf 86' lang='lat' dir='ltr'>Id.</span> <span class='ocrx_word' id='word_1_1285' title='bbox 1458 2347 1483 2378; x_wconf 85' lang='lat'>6,</span> <span class='ocrx_word' id='word_1_1286' title='bbox 1498 2354 1559 2378; x_wconf 84' lang='lat'>244.</span> <span class='ocrx_word' id='word_1_1287' title='bbox 1633 2347 1738 2381; x_wconf 77' lang='lat' dir='ltr'>Plutia,</span> <span class='ocrx_word' id='word_1_1288' title='bbox 1759 2348 1825 2376; x_wconf 84' lang='lat' dir='ltr'>ium.</span> <span class='ocrx_word' id='word_1_1289' title='bbox 1846 2359 1871 2377; x_wconf 91' lang='lat' dir='ltr'>n..</span> <span class='ocrx_word' id='word_1_1290' title='bbox 1903 2353 1941 2386; x_wconf 84' lang='lat' dir='ltr'>pl.</span> <span class='ocrx_word' id='word_1_1291' title='bbox 1960 2362 1976 2377; x_wconf 81' lang='lat' dir='ltr'>a</span> <span class='ocrx_word' id='word_1_1292' title='bbox 1986 2353 2119 2389; x_wconf 52' lang='lat' dir='ltr'>stbgulari</span> <span class='ocrx_word' id='word_1_1293' title='bbox 2139 2357 2207 2382; x_wconf 68' lang='lat' dir='ltr'>Plus.</span> 
     </span>
     <span class='ocr_line' id='line_1_104' title="bbox 1139 2379 2207 2419; baseline 0.012 -15"><span class='ocrx_word' id='word_1_1294' title='bbox 1139 2379 1244 2406; x_wconf 87' lang='lat' dir='ltr'>Lucret.</span> <span class='ocrx_word' id='word_1_1295' title='bbox 1261 2389 1282 2412; x_wconf 80' lang='lat'>2,</span> <span class='ocrx_word' id='word_1_1296' title='bbox 1299 2388 1350 2413; x_wconf 83' lang='lat'>1134</span> <span class='ocrx_word' id='word_1_1297' title='bbox 1371 2379 1458 2407; x_wconf 73' lang='lat' dir='ltr'>Plutia</span> <span class='ocrx_word' id='word_1_1298' title='bbox 1472 2389 1505 2407; x_wconf 82' lang='lat' dir='ltr'>co</span> <span class='ocrx_word' id='word_1_1299' title='bbox 1520 2381 1658 2416; x_wconf 76' lang='lat' dir='ltr'>dispergit,</span> <span class='ocrx_word' id='word_1_1300' title='bbox 1675 2388 1700 2409; x_wconf 89' lang='lat' dir='ltr'>et</span> <span class='ocrx_word' id='word_1_1301' title='bbox 1715 2392 1727 2409; x_wconf 91' lang='lat' dir='ltr'>a</span> <span class='ocrx_word' id='word_1_1302' title='bbox 1742 2384 1767 2410; x_wconf 89' lang='lat' dir='ltr'>se</span> <span class='ocrx_word' id='word_1_1303' title='bbox 1780 2394 1893 2419; x_wconf 83' lang='lat' dir='ltr'>corpora</span> <span class='ocrx_word' id='word_1_1304' title='bbox 1906 2387 1998 2415; x_wconf 90' lang='lat' dir='ltr'>mittit.</span> <span class='ocrx_word' id='word_1_1305' title='bbox 2070 2390 2112 2415; x_wconf 68' lang='lat' dir='ltr'>Sis</span> <span class='ocrx_word' id='word_1_1306' title='bbox 2127 2399 2207 2418; x_wconf 74' lang='lat' dir='ltr'>autem</span> 
     </span>
    </p>
   </div>
   <div class='ocr_carea' id='block_1_38' title="bbox 13 2409 2205 2453">
    <p class='ocr_par' dir='ltr' id='par_1_45' title="bbox 13 2409 2205 2453">
     <span class='ocr_line' id='line_1_105' title="bbox 13 2409 2205 2453; baseline 0.007 -15"><span class='ocrx_word' id='word_1_1307' title='bbox 13 2412 108 2448; x_wconf 63' lang='lat' dir='ltr'>satiat),</span> <span class='ocrx_word' id='word_1_1308' title='bbox 125 2418 155 2437; x_wconf 75' lang='lat' dir='ltr'>vt</span> <span class='ocrx_word' id='word_1_1309' title='bbox 186 2411 247 2437; x_wconf 83' lang='lat' dir='ltr'>atim</span> <span class='ocrx_word' id='word_1_1310' title='bbox 260 2409 397 2446; x_wconf 79' lang='lat' dir='ltr'>apparebit.</span> <span class='ocrx_word' id='word_1_1311' title='bbox 435 2409 548 2435; x_wconf 77' lang='lat' dir='ltr'>Genieiuo</span> <span class='ocrx_word' id='word_1_1312' title='bbox 558 2409 696 2444; x_wconf 73' lang='lat' dir='ltr'>secundum</span> <span class='ocrx_word' id='word_1_1313' title='bbox 715 2409 828 2444; x_wconf 78' lang='lat' dir='ltr'>regulam</span> <span class='ocrx_word' id='word_1_1314' title='bbox 846 2419 1009 2435; x_wconf 73' lang='lat' dir='ltr'>communem:</span> <span class='ocrx_word' id='word_1_1315' title='bbox 1035 2417 1075 2443; x_wconf 81' lang='lat' dir='ltr'>vt,</span> <span class='ocrx_word' id='word_1_1316' title='bbox 1090 2415 1125 2439; x_wconf 80' lang='lat'>60</span> <span class='ocrx_word' id='word_1_1317' title='bbox 1138 2415 1278 2450; x_wconf 62' lang='lat' dir='ltr'>Agendum,</span> <span class='ocrx_word' id='word_1_1318' title='bbox 1299 2425 1346 2441; x_wconf 78' lang='lat' dir='ltr'>non</span> <span class='ocrx_word' id='word_1_1319' title='bbox 1360 2424 1389 2441; x_wconf 79' lang='lat' dir='ltr'>vt</span> <span class='ocrx_word' id='word_1_1320' title='bbox 1405 2416 1431 2440; x_wconf 84' lang='lat' dir='ltr'>in</span> <span class='ocrx_word' id='word_1_1321' title='bbox 1448 2417 1568 2451; x_wconf 68' lang='lat' dir='ltr'>vulgatis,</span> <span class='ocrx_word' id='word_1_1322' title='bbox 1589 2418 1664 2445; x_wconf 87' lang='lat' dir='ltr'>Plura</span> <span class='ocrx_word' id='word_1_1323' title='bbox 1679 2419 1771 2447; x_wconf 82' lang='lat' dir='ltr'>modo.</span> <span class='ocrx_word' id='word_1_1324' title='bbox 1827 2422 1914 2450; x_wconf 75' lang='lat' dir='ltr'>Pluria</span> <span class='ocrx_word' id='word_1_1325' title='bbox 1928 2431 2015 2450; x_wconf 87' lang='lat' dir='ltr'>autem</span> <span class='ocrx_word' id='word_1_1326' title='bbox 2029 2424 2120 2452; x_wconf 73' lang='lat' dir='ltr'>dixisse</span> <span class='ocrx_word' id='word_1_1327' title='bbox 2134 2434 2205 2453; x_wconf 87' lang='lat' dir='ltr'>vete-</span> 
     </span>
    </p>
   </div>
   <div class='ocr_carea' id='block_1_39' title="bbox 13 2444 1074 2589">
    <p class='ocr_par' dir='ltr' id='par_1_46' title="bbox 13 2444 1074 2589">
     <span class='ocr_line' id='line_1_106' title="bbox 16 2444 1074 2482; baseline -0.003 -7"><span class='ocrx_word' id='word_1_1328' title='bbox 16 2447 80 2475; x_wconf 77' lang='lat' dir='ltr'>Plus</span> <span class='ocrx_word' id='word_1_1329' title='bbox 91 2448 151 2482; x_wconf 84' lang='lat' dir='ltr'>plau</span> <span class='ocrx_word' id='word_1_1330' title='bbox 173 2454 267 2472; x_wconf 79' lang='lat' dir='ltr'>rorum</span> <span class='ocrx_word' id='word_1_1331' title='bbox 286 2446 366 2472; x_wconf 83' lang='lat' dir='ltr'>Plaut.</span> <span class='ocrx_word' id='word_1_1332' title='bbox 379 2444 438 2471; x_wconf 87' lang='lat' dir='ltr'>Aul.</span> <span class='ocrx_word' id='word_1_1333' title='bbox 452 2453 476 2477; x_wconf 78' lang='lat'>3,</span> <span class='ocrx_word' id='word_1_1334' title='bbox 491 2452 514 2478; x_wconf 76' lang='grc' dir='ltr'><strong>ς,</strong></span> <span class='ocrx_word' id='word_1_1335' title='bbox 526 2453 559 2477; x_wconf 83' lang='lat'>31.</span> <span class='ocrx_word' id='word_1_1336' title='bbox 631 2445 783 2471; x_wconf 86' lang='lat' dir='ltr'>Literarum</span> <span class='ocrx_word' id='word_1_1337' title='bbox 798 2444 856 2479; x_wconf 86' lang='lat' dir='ltr'>plus</span> <span class='ocrx_word' id='word_1_1338' title='bbox 877 2445 992 2472; x_wconf 89' lang='lat' dir='ltr'>Varr.de</span> <span class='ocrx_word' id='word_1_1339' title='bbox 1007 2446 1074 2473; x_wconf 90' lang='lat' dir='ltr'>L.L.</span> 
     </span>
     <span class='ocr_line' id='line_1_107' title="bbox 14 2479 1074 2517; baseline -0.003 -7"><span class='ocrx_word' id='word_1_1340' title='bbox 14 2491 32 2517; x_wconf 82' lang='grc'><em>5</em></span> <span class='ocrx_word' id='word_1_1341' title='bbox 54 2483 140 2510; x_wconf 82' lang='lat' dir='ltr'>statim</span> <span class='ocrx_word' id='word_1_1342' title='bbox 152 2482 181 2508; x_wconf 87' lang='lat' dir='ltr'>in</span> <span class='ocrx_word' id='word_1_1343' title='bbox 194 2481 283 2508; x_wconf 80' lang='lat' dir='ltr'>initio.</span> <span class='ocrx_word' id='word_1_1344' title='bbox 353 2480 448 2508; x_wconf 81' lang='lat' dir='ltr'>Mensis</span> <span class='ocrx_word' id='word_1_1345' title='bbox 463 2479 597 2507; x_wconf 88' lang='lat' dir='ltr'>dimidiati</span> <span class='ocrx_word' id='word_1_1346' title='bbox 610 2480 667 2516; x_wconf 87' lang='lat' dir='ltr'>plus</span> <span class='ocrx_word' id='word_1_1347' title='bbox 681 2481 754 2508; x_wconf 86' lang='lat' dir='ltr'>ferre</span> <span class='ocrx_word' id='word_1_1348' title='bbox 766 2480 868 2508; x_wconf 83' lang='lat' dir='ltr'>cibaria</span> <span class='ocrx_word' id='word_1_1349' title='bbox 887 2481 943 2508; x_wconf 87' lang='lat' dir='ltr'>Cic.</span> <span class='ocrx_word' id='word_1_1350' title='bbox 957 2482 1040 2508; x_wconf 81' lang='lat' dir='ltr'>Tusc.</span> <span class='ocrx_word' id='word_1_1351' title='bbox 1050 2490 1074 2514; x_wconf 84' lang='lat'>2,</span> 
     </span>
     <span class='ocr_line' id='line_1_108' title="bbox 14 2515 1074 2552; baseline 0.001 -10"><span class='ocrx_word' id='word_1_1352' title='bbox 14 2527 28 2552; x_wconf 65' lang='grc' dir='ltr'><strong><em>ς</em></strong></span> <span class='ocrx_word' id='word_1_1353' title='bbox 45 2538 52 2546; x_wconf 84' lang='grc'><strong><em>.</em></strong></span> <span class='ocrx_word' id='word_1_1354' title='bbox 123 2516 268 2551; x_wconf 74' lang='lat' dir='ltr'>Sapientiae</span> <span class='ocrx_word' id='word_1_1355' title='bbox 281 2515 339 2551; x_wconf 90' lang='lat' dir='ltr'>plus</span> <span class='ocrx_word' id='word_1_1356' title='bbox 359 2516 442 2543; x_wconf 88' lang='lat' dir='ltr'>Plaut.</span> <span class='ocrx_word' id='word_1_1357' title='bbox 457 2516 539 2543; x_wconf 87' lang='lat' dir='ltr'>Milit.</span> <span class='ocrx_word' id='word_1_1358' title='bbox 554 2526 579 2550; x_wconf 86' lang='lat'>2,</span> <span class='ocrx_word' id='word_1_1359' title='bbox 592 2525 617 2550; x_wconf 88' lang='lat'>2,</span> <span class='ocrx_word' id='word_1_1360' title='bbox 631 2522 664 2548; x_wconf 84' lang='lat'>81.</span> <span class='ocrx_word' id='word_1_1361' title='bbox 736 2517 844 2543; x_wconf 81' lang='lat' dir='ltr'>Virium</span> <span class='ocrx_word' id='word_1_1362' title='bbox 854 2516 999 2552; x_wconf 76' lang='lat' dir='ltr'>plushabet</span> <span class='ocrx_word' id='word_1_1363' title='bbox 1007 2518 1074 2544; x_wconf 84' lang='lat' dir='ltr'>alius</span> 
     </span>
     <span class='ocr_line' id='line_1_109' title="bbox 13 2551 1072 2589; baseline -0.003 -8"><span class='ocrx_word' id='word_1_1364' title='bbox 13 2554 70 2582; x_wconf 72' lang='lat' dir='ltr'>alio</span> <span class='ocrx_word' id='word_1_1365' title='bbox 88 2553 143 2581; x_wconf 90' lang='lat' dir='ltr'>Cic.</span> <span class='ocrx_word' id='word_1_1366' title='bbox 155 2552 187 2579; x_wconf 86' lang='lat' dir='ltr'>de</span> <span class='ocrx_word' id='word_1_1367' title='bbox 199 2551 291 2586; x_wconf 86' lang='lat' dir='ltr'>Legib.</span> <span class='ocrx_word' id='word_1_1368' title='bbox 307 2561 326 2585; x_wconf 88' lang='lat'>1,</span> <span class='ocrx_word' id='word_1_1369' title='bbox 339 2554 354 2579; x_wconf 87' lang='lat'><em>6</em></span> <span class='ocrx_word' id='word_1_1370' title='bbox 374 2561 395 2579; x_wconf 90' lang='lat' dir='ltr'>c.</span> <span class='ocrx_word' id='word_1_1371' title='bbox 410 2560 433 2580; x_wconf 83' lang='lat'>2.</span> <span class='ocrx_word' id='word_1_1372' title='bbox 469 2552 618 2588; x_wconf 62' lang='lat' dir='ltr'>Acctffatiuo</span> <span class='ocrx_word' id='word_1_1373' title='bbox 642 2560 689 2588; x_wconf 81' lang='lat' dir='ltr'>per</span> <span class='ocrx_word' id='word_1_1374' title='bbox 706 2552 799 2588; x_wconf 75' lang='lat' dir='ltr'>ellspfin</span> <span class='ocrx_word' id='word_1_1375' title='bbox 820 2562 897 2587; x_wconf 87' lang='lat' dir='ltr'>quam</span> <span class='ocrx_word' id='word_1_1376' title='bbox 924 2563 950 2580; x_wconf 66' lang='lat' dir='ltr'>v.</span> <span class='ocrx_word' id='word_1_1377' title='bbox 969 2563 997 2589; x_wconf 78' lang='lat' dir='ltr'>g.</span> <span class='ocrx_word' id='word_1_1378' title='bbox 1019 2555 1072 2580; x_wconf 89' lang='lat' dir='ltr'>An-</span> 
     </span>
    </p>
   </div>
   <div class='ocr_carea' id='block_1_40' title="bbox 1135 2451 2207 2600">
    <p class='ocr_par' dir='ltr' id='par_1_47' title="bbox 1135 2451 2207 2600">
     <span class='ocr_line' id='line_1_110' title="bbox 1137 2451 2207 2494; baseline 0.011 -17"><span class='ocrx_word' id='word_1_1379' title='bbox 1137 2459 1180 2477; x_wconf 90' lang='lat' dir='ltr'>res</span> <span class='ocrx_word' id='word_1_1380' title='bbox 1193 2451 1317 2486; x_wconf 66' lang='lat' dir='ltr'>nstantia·</span> <span class='ocrx_word' id='word_1_1381' title='bbox 1336 2452 1368 2478; x_wconf 83' lang='grc' dir='ltr'>Α.</span> <span class='ocrx_word' id='word_1_1382' title='bbox 1384 2451 1489 2478; x_wconf 87' lang='lat' dir='ltr'>Gellius</span> <span class='ocrx_word' id='word_1_1383' title='bbox 1509 2461 1530 2486; x_wconf 86' lang='lat'>5,</span> <span class='ocrx_word' id='word_1_1384' title='bbox 1540 2462 1574 2480; x_wconf 85' lang='lat'>21.</span> <span class='ocrx_word' id='word_1_1385' title='bbox 1596 2462 1618 2480; x_wconf 84' lang='lat' dir='ltr'>et</span> <span class='ocrx_word' id='word_1_1386' title='bbox 1632 2454 1765 2482; x_wconf 70' lang='lat' dir='ltr'>Charisius</span> <span class='ocrx_word' id='word_1_1387' title='bbox 1779 2466 1798 2483; x_wconf 73' lang='grc' dir='ltr'>ι.</span> <span class='ocrx_word' id='word_1_1388' title='bbox 1819 2459 1914 2484; x_wconf 74' lang='lat' dir='ltr'>etiamr</span> <span class='ocrx_word' id='word_1_1389' title='bbox 1928 2459 2033 2487; x_wconf 69' lang='lat' dir='ltr'>Lucrct⁴</span> <span class='ocrx_word' id='word_1_1390' title='bbox 2043 2467 2123 2494; x_wconf 70' lang='lat' dir='ltr'>4‚55t7</span> <span class='ocrx_word' id='word_1_1391' title='bbox 2137 2463 2207 2489; x_wconf 86' lang='lat' dir='ltr'>Vna-</span> 
     </span>
     <span class='ocr_line' id='line_1_111' title="bbox 1137 2486 2204 2532; baseline 0.013 -21"><span class='ocrx_word' id='word_1_1392' title='bbox 1137 2495 1189 2520; x_wconf 89' lang='lat' dir='ltr'>que</span> <span class='ocrx_word' id='word_1_1393' title='bbox 1206 2496 1248 2513; x_wconf 75' lang='lat' dir='ltr'>res</span> <span class='ocrx_word' id='word_1_1394' title='bbox 1263 2486 1326 2513; x_wconf 83' lang='lat' dir='ltr'>haec</span> <span class='ocrx_word' id='word_1_1395' title='bbox 1340 2487 1385 2520; x_wconf 83' lang='lat' dir='ltr'>est,</span> <span class='ocrx_word' id='word_1_1396' title='bbox 1404 2487 1480 2513; x_wconf 77' lang='lat' dir='ltr'>cuius</span> <span class='ocrx_word' id='word_1_1397' title='bbox 1494 2497 1573 2523; x_wconf 86' lang='lat' dir='ltr'>quam</span> <span class='ocrx_word' id='word_1_1398' title='bbox 1594 2491 1683 2524; x_wconf 88' lang='lat' dir='ltr'>pluria</span> <span class='ocrx_word' id='word_1_1399' title='bbox 1703 2491 1847 2525; x_wconf 82' lang='lat' dir='ltr'>habemus,</span> <span class='ocrx_word' id='word_1_1400' title='bbox 1885 2494 1959 2522; x_wconf 83' lang='lat' dir='ltr'>Tam</span> <span class='ocrx_word' id='word_1_1401' title='bbox 1978 2497 2062 2531; x_wconf 81' lang='lat' dir='ltr'>magis</span> <span class='ocrx_word' id='word_1_1402' title='bbox 2082 2497 2204 2532; x_wconf 73' lang='lat' dir='ltr'>ardescit,</span> 
     </span>
     <span class='ocr_line' id='line_1_112' title="bbox 1135 2523 2205 2562; baseline 0.01 -15"><span class='ocrx_word' id='word_1_1403' title='bbox 1135 2530 1183 2549; x_wconf 79' lang='lat' dir='ltr'>etc.</span> <span class='ocrx_word' id='word_1_1404' title='bbox 1228 2524 1266 2548; x_wconf 81' lang='lat' dir='ltr'>Ex</span> <span class='ocrx_word' id='word_1_1405' title='bbox 1280 2523 1405 2550; x_wconf 79' lang='lat' dir='ltr'>Lambino.</span> <span class='ocrx_word' id='word_1_1406' title='bbox 1443 2525 1512 2551; x_wconf 67' lang='lat' dir='ltr'>Ada.</span> <span class='ocrx_word' id='word_1_1407' title='bbox 1531 2526 1635 2553; x_wconf 84' lang='lat' dir='ltr'>Lucret.</span> <span class='ocrx_word' id='word_1_1408' title='bbox 1654 2537 1673 2560; x_wconf 85' lang='lat'>1,</span> <span class='ocrx_word' id='word_1_1409' title='bbox 1687 2531 1741 2560; x_wconf 86' lang='lat'>876.</span> <span class='ocrx_word' id='word_1_1410' title='bbox 1780 2540 1807 2562; x_wconf 73' lang='grc'>4,</span> <span class='ocrx_word' id='word_1_1411' title='bbox 1828 2536 1894 2560; x_wconf 82' lang='lat'>1082.</span> <span class='ocrx_word' id='word_1_1412' title='bbox 1931 2532 1961 2558; x_wconf 87' lang='lat' dir='ltr'>it.</span> <span class='ocrx_word' id='word_1_1413' title='bbox 1982 2533 2050 2558; x_wconf 63' lang='lat' dir='ltr'>Aina</span> <span class='ocrx_word' id='word_1_1414' title='bbox 2068 2533 2095 2557; x_wconf 83' lang='lat' dir='ltr'>in</span> <span class='ocrx_word' id='word_1_1415' title='bbox 2118 2540 2205 2561; x_wconf 83' lang='lat' dir='ltr'>COM-</span> 
     </span>
     <span class='ocr_line' id='line_1_113' title="bbox 1139 2559 2203 2600; baseline 0.014 -17"><span class='ocrx_word' id='word_1_1416' title='bbox 1139 2564 1277 2585; x_wconf 68' lang='lat' dir='ltr'>PLVRtTS.</span> <span class='ocrx_word' id='word_1_1417' title='bbox 1351 2559 1481 2592; x_wconf 71' lang='lat' dir='ltr'>plurium,</span> <span class='ocrx_word' id='word_1_1418' title='bbox 1497 2568 1544 2595; x_wconf 78' lang='lat' dir='ltr'>pro</span> <span class='ocrx_word' id='word_1_1419' title='bbox 1558 2563 1705 2589; x_wconf 76' lang='lat' dir='ltr'>Multarum.</span> <span class='ocrx_word' id='word_1_1420' title='bbox 1744 2565 1835 2592; x_wconf 77' lang='lat' dir='ltr'>Tacit.</span> <span class='ocrx_word' id='word_1_1421' title='bbox 1852 2568 1920 2594; x_wconf 88' lang='lat' dir='ltr'>Ann.</span> <span class='ocrx_word' id='word_1_1422' title='bbox 1937 2577 1968 2600; x_wconf 68' lang='grc' dir='ltr'><strong>ιτ,</strong></span> <span class='ocrx_word' id='word_1_1423' title='bbox 1983 2577 2011 2600; x_wconf 73' lang='lat'>47</span> <span class='ocrx_word' id='word_1_1424' title='bbox 2037 2568 2129 2596; x_wconf 86' lang='lat' dir='ltr'>Genua</span> <span class='ocrx_word' id='word_1_1425' title='bbox 2151 2570 2203 2597; x_wconf 85' lang='lat' dir='ltr'>Mi-</span> 
     </span>
    </p>
   </div>
   <div class='ocr_carea' id='block_1_41' title="bbox 14 2587 2202 2639">
    <p class='ocr_par' dir='ltr' id='par_1_48' title="bbox 14 2587 2202 2639">
     <span class='ocr_line' id='line_1_114' title="bbox 14 2587 2202 2639; baseline 0.007 -22"><span class='ocrx_word' id='word_1_1426' title='bbox 14 2589 88 2619; x_wconf 78' lang='lat' dir='ltr'>eillas</span> <span class='ocrx_word' id='word_1_1427' title='bbox 104 2590 190 2616; x_wconf 86' lang='lat' dir='ltr'>secum</span> <span class='ocrx_word' id='word_1_1428' title='bbox 201 2587 376 2623; x_wconf 83' lang='lat' dir='ltr'>adduxitplus</span> <span class='ocrx_word' id='word_1_1429' title='bbox 389 2587 480 2615; x_wconf 85' lang='lat' dir='ltr'>decem</span> <span class='ocrx_word' id='word_1_1430' title='bbox 488 2588 518 2614; x_wconf 90' lang='lat' dir='ltr'>T</span> <span class='ocrx_word' id='word_1_1431' title='bbox 520 2597 557 2615; x_wconf 80' lang='lat' dir='ltr'>er·</span> <span class='ocrx_word' id='word_1_1432' title='bbox 566 2589 662 2616; x_wconf 86' lang='lat' dir='ltr'>Heaut.</span> <span class='ocrx_word' id='word_1_1433' title='bbox 676 2599 698 2622; x_wconf 81' lang='lat'>3,</span> <span class='ocrx_word' id='word_1_1434' title='bbox 714 2598 733 2622; x_wconf 85' lang='lat'>¹,</span> <span class='ocrx_word' id='word_1_1435' title='bbox 742 2598 778 2621; x_wconf 77' lang='lat'>42·</span> <span class='ocrx_word' id='word_1_1436' title='bbox 817 2589 974 2623; x_wconf 66' lang='lat' dir='ltr'>Id·l³1d&lt;¹!}‘h-</span> <span class='ocrx_word' id='word_1_1437' title='bbox 984 2598 1033 2622; x_wconf 71' lang='lat'>221,</span> <span class='ocrx_word' id='word_1_1438' title='bbox 1042 2591 1072 2621; x_wconf 79' lang='lat'>46</span> <span class='ocrx_word' id='word_1_1439' title='bbox 1091 2592 1122 2625; x_wconf 80' lang='grc'>6,·</span> <span class='ocrx_word' id='word_1_1440' title='bbox 1136 2593 1259 2620; x_wconf 85' lang='lat' dir='ltr'>thridatis</span> <span class='ocrx_word' id='word_1_1441' title='bbox 1271 2594 1387 2628; x_wconf 84' lang='lat' dir='ltr'>inuadit,</span> <span class='ocrx_word' id='word_1_1442' title='bbox 1406 2596 1546 2631; x_wconf 87' lang='lat' dir='ltr'>ipsumque</span> <span class='ocrx_word' id='word_1_1443' title='bbox 1555 2598 1713 2632; x_wconf 81' lang='lat' dir='ltr'>prosternit:</span> <span class='ocrx_word' id='word_1_1444' title='bbox 1733 2600 1863 2636; x_wconf 69' lang='lat' dir='ltr'>simulque</span> <span class='ocrx_word' id='word_1_1445' title='bbox 1877 2604 2006 2630; x_wconf 86' lang='lat' dir='ltr'>concursu</span> <span class='ocrx_word' id='word_1_1446' title='bbox 2014 2604 2134 2639; x_wconf 85' lang='lat' dir='ltr'>plurium</span> <span class='ocrx_word' id='word_1_1447' title='bbox 2143 2607 2202 2633; x_wconf 77' lang='lat' dir='ltr'>vin·</span> 
     </span>
    </p>
   </div>
   <div class='ocr_carea' id='block_1_42' title="bbox 13 2623 1073 2768">
    <p class='ocr_par' dir='ltr' id='par_1_49' title="bbox 13 2623 1073 2768">
     <span class='ocr_line' id='line_1_115' title="bbox 13 2623 1072 2660; baseline -0.001 -8"><span class='ocrx_word' id='word_1_1448' title='bbox 13 2625 74 2653; x_wconf 81' lang='lat' dir='ltr'>Plus</span> <span class='ocrx_word' id='word_1_1449' title='bbox 87 2625 244 2660; x_wconf 74' lang='lat' dir='ltr'>quingentos</span> <span class='ocrx_word' id='word_1_1450' title='bbox 253 2623 498 2659; x_wconf 82' lang='lat' dir='ltr'>colaphosinfregit</span> <span class='ocrx_word' id='word_1_1451' title='bbox 511 2624 589 2651; x_wconf 88' lang='lat' dir='ltr'>mihi.</span> <span class='ocrx_word' id='word_1_1452' title='bbox 626 2625 693 2651; x_wconf 88' lang='lat' dir='ltr'>Cato</span> <span class='ocrx_word' id='word_1_1453' title='bbox 701 2624 733 2650; x_wconf 88' lang='lat' dir='ltr'>dc</span> <span class='ocrx_word' id='word_1_1454' title='bbox 741 2625 771 2650; x_wconf 87' lang='lat' dir='ltr'>R.</span> <span class='ocrx_word' id='word_1_1455' title='bbox 781 2625 812 2651; x_wconf 82' lang='lat' dir='ltr'>R.</span> <span class='ocrx_word' id='word_1_1456' title='bbox 834 2625 876 2651; x_wconf 87' lang='lat' dir='ltr'>Ne</span> <span class='ocrx_word' id='word_1_1457' title='bbox 890 2625 947 2659; x_wconf 84' lang='lat' dir='ltr'>plus</span> <span class='ocrx_word' id='word_1_1458' title='bbox 956 2632 1072 2659; x_wconf 86' lang='lat' dir='ltr'>quatuor</span> 
     </span>
     <span class='ocr_line' id='line_1_116' title="bbox 14 2660 1073 2698; baseline -0.001 -10"><span class='ocrx_word' id='word_1_1459' title='bbox 14 2660 112 2698; x_wconf 76' lang='lat' dir='ltr'>digitos</span> <span class='ocrx_word' id='word_1_1460' title='bbox 124 2660 283 2688; x_wconf 76' lang='lat' dir='ltr'>transuersos</span> <span class='ocrx_word' id='word_1_1461' title='bbox 297 2660 438 2687; x_wconf 88' lang='lat' dir='ltr'>emineant.</span> <span class='ocrx_word' id='word_1_1462' title='bbox 476 2661 581 2687; x_wconf 85' lang='lat' dir='ltr'>Annum</span> <span class='ocrx_word' id='word_1_1463' title='bbox 596 2660 653 2695; x_wconf 91' lang='lat' dir='ltr'>plus</span> <span class='ocrx_word' id='word_1_1464' title='bbox 672 2660 796 2688; x_wconf 89' lang='lat' dir='ltr'>obtinere</span> <span class='ocrx_word' id='word_1_1465' title='bbox 823 2661 989 2696; x_wconf 83' lang='lat' dir='ltr'>prouinciam</span> <span class='ocrx_word' id='word_1_1466' title='bbox 1016 2662 1073 2688; x_wconf 86' lang='lat' dir='ltr'>Cic.</span> 
     </span>
     <span class='ocr_line' id='line_1_117' title="bbox 15 2696 1072 2732; baseline -0.001 -8"><span class='ocrx_word' id='word_1_1467' title='bbox 15 2698 69 2724; x_wconf 80' lang='lat' dir='ltr'>Att.</span> <span class='ocrx_word' id='word_1_1468' title='bbox 81 2699 106 2730; x_wconf 91' lang='grc'>6,</span> <span class='ocrx_word' id='word_1_1469' title='bbox 118 2697 143 2724; x_wconf 82' lang='lat'>6.</span> <span class='ocrx_word' id='word_1_1470' title='bbox 213 2697 254 2722; x_wconf 81' lang='lat' dir='ltr'>Sic</span> <span class='ocrx_word' id='word_1_1471' title='bbox 267 2697 297 2722; x_wconf 86' lang='lat' dir='ltr'>de</span> <span class='ocrx_word' id='word_1_1472' title='bbox 308 2697 407 2722; x_wconf 73' lang='lat' dir='ltr'>Nomin.</span> <span class='ocrx_word' id='word_1_1473' title='bbox 421 2697 538 2723; x_wconf 79' lang='lat' dir='ltr'>vidimus.</span> <span class='ocrx_word' id='word_1_1474' title='bbox 574 2698 701 2724; x_wconf 75' lang='lat' dir='ltr'>Ao&#39;latiuo.</span> <span class='ocrx_word' id='word_1_1475' title='bbox 740 2698 829 2723; x_wconf 89' lang='lat' dir='ltr'>Annos</span> <span class='ocrx_word' id='word_1_1476' title='bbox 843 2696 977 2732; x_wconf 80' lang='lat' dir='ltr'>sexaginta</span> <span class='ocrx_word' id='word_1_1477' title='bbox 997 2704 1072 2724; x_wconf 86' lang='lat' dir='ltr'>natus</span> 
     </span>
     <span class='ocr_line' id='line_1_118' title="bbox 15 2732 1073 2768; baseline -0.001 -8"><span class='ocrx_word' id='word_1_1478' title='bbox 15 2741 51 2766; x_wconf 82' lang='lat' dir='ltr'>es,</span> <span class='ocrx_word' id='word_1_1479' title='bbox 66 2732 213 2767; x_wconf 89' lang='lat' dir='ltr'>autpluseo</span> <span class='ocrx_word' id='word_1_1480' title='bbox 233 2732 303 2759; x_wconf 87' lang='lat' dir='ltr'>Ter.</span> <span class='ocrx_word' id='word_1_1481' title='bbox 325 2732 421 2759; x_wconf 83' lang='lat' dir='ltr'>Heaut.</span> <span class='ocrx_word' id='word_1_1482' title='bbox 435 2741 457 2764; x_wconf 89' lang='lat'>1,</span> <span class='ocrx_word' id='word_1_1483' title='bbox 471 2742 490 2765; x_wconf 93' lang='lat'>1,</span> <span class='ocrx_word' id='word_1_1484' title='bbox 505 2741 543 2759; x_wconf 91' lang='lat'>10.</span> <span class='ocrx_word' id='word_1_1485' title='bbox 582 2733 651 2761; x_wconf 88' lang='lat' dir='ltr'>Ter.</span> <span class='ocrx_word' id='word_1_1486' title='bbox 671 2733 738 2759; x_wconf 83' lang='lat' dir='ltr'>Hec.</span> <span class='ocrx_word' id='word_1_1487' title='bbox 757 2741 780 2766; x_wconf 76' lang='lat'>3,</span> <span class='ocrx_word' id='word_1_1488' title='bbox 794 2742 822 2766; x_wconf 90' lang='lat'>4,</span> <span class='ocrx_word' id='word_1_1489' title='bbox 839 2740 856 2767; x_wconf 87' lang='lat'><em>7</em></span> <span class='ocrx_word' id='word_1_1490' title='bbox 876 2733 937 2759; x_wconf 83' lang='lat' dir='ltr'>Dies</span> <span class='ocrx_word' id='word_1_1491' title='bbox 952 2734 1073 2768; x_wconf 81' lang='lat' dir='ltr'>triginta,</span> 
     </span>
    </p>
   </div>
   <div class='ocr_carea' id='block_1_43' title="bbox 12 2767 1122 2808">
    <p class='ocr_par' dir='ltr' id='par_1_50' title="bbox 12 2767 1122 2808">
     <span class='ocr_line' id='line_1_119' title="bbox 12 2767 1122 2808; baseline 0.001 -13"><span class='ocrx_word' id='word_1_1492' title='bbox 12 2769 127 2804; x_wconf 85' lang='lat' dir='ltr'>autplus</span> <span class='ocrx_word' id='word_1_1493' title='bbox 141 2777 173 2794; x_wconf 89' lang='lat' dir='ltr'>eo</span> <span class='ocrx_word' id='word_1_1494' title='bbox 188 2767 218 2794; x_wconf 88' lang='lat' dir='ltr'>in</span> <span class='ocrx_word' id='word_1_1495' title='bbox 230 2767 293 2794; x_wconf 85' lang='lat' dir='ltr'>naui</span> <span class='ocrx_word' id='word_1_1496' title='bbox 312 2767 363 2794; x_wconf 90' lang='lat' dir='ltr'>fui.</span> <span class='ocrx_word' id='word_1_1497' title='bbox 434 2768 491 2796; x_wconf 87' lang='lat' dir='ltr'>Cic.</span> <span class='ocrx_word' id='word_1_1498' title='bbox 505 2777 555 2803; x_wconf 87' lang='lat' dir='ltr'>pro</span> <span class='ocrx_word' id='word_1_1499' title='bbox 579 2769 674 2802; x_wconf 78' lang='lat' dir='ltr'>Qiint.</span> <span class='ocrx_word' id='word_1_1500' title='bbox 701 2778 730 2803; x_wconf 80' lang='lat'>41</span> <span class='ocrx_word' id='word_1_1501' title='bbox 751 2778 773 2796; x_wconf 91' lang='lat' dir='ltr'>c.</span> <span class='ocrx_word' id='word_1_1502' title='bbox 795 2778 818 2795; x_wconf 90' lang='lat'>12</span> <span class='ocrx_word' id='word_1_1503' title='bbox 839 2770 873 2795; x_wconf 87' lang='lat' dir='ltr'>At</span> <span class='ocrx_word' id='word_1_1504' title='bbox 894 2775 980 2796; x_wconf 88' lang='lat' dir='ltr'>tecum</span> <span class='ocrx_word' id='word_1_1505' title='bbox 1000 2778 1069 2796; x_wconf 84' lang='lat' dir='ltr'>anno</span> <span class='ocrx_word' id='word_1_1506' title='bbox 1086 2779 1122 2808; x_wconf 87' lang='lat'>70</span> 
     </span>
    </p>
   </div>
   <div class='ocr_carea' id='block_1_44' title="bbox 9 2804 1071 2948">
    <p class='ocr_par' dir='ltr' id='par_1_51' title="bbox 9 2804 1071 2948">
     <span class='ocr_line' id='line_1_120' title="bbox 11 2804 1070 2847; baseline 0 -15"><span class='ocrx_word' id='word_1_1507' title='bbox 11 2805 72 2840; x_wconf 79' lang='lat' dir='ltr'>plus</span> <span class='ocrx_word' id='word_1_1508' title='bbox 85 2804 163 2831; x_wconf 85' lang='lat' dir='ltr'>vixit.</span> <span class='ocrx_word' id='word_1_1509' title='bbox 234 2804 293 2831; x_wconf 89' lang='lat' dir='ltr'>Plus</span> <span class='ocrx_word' id='word_1_1510' title='bbox 308 2812 391 2830; x_wconf 86' lang='lat' dir='ltr'>annos</span> <span class='ocrx_word' id='word_1_1511' title='bbox 404 2809 509 2831; x_wconf 89' lang='lat' dir='ltr'>centum</span> <span class='ocrx_word' id='word_1_1512' title='bbox 524 2805 611 2831; x_wconf 89' lang='lat' dir='ltr'>Varro</span> <span class='ocrx_word' id='word_1_1513' title='bbox 627 2805 658 2831; x_wconf 81' lang='lat' dir='ltr'>R.</span> <span class='ocrx_word' id='word_1_1514' title='bbox 674 2805 706 2832; x_wconf 84' lang='lat' dir='ltr'>R.</span> <span class='ocrx_word' id='word_1_1515' title='bbox 727 2815 747 2838; x_wconf 83' lang='lat'>1,</span> <span class='ocrx_word' id='word_1_1516' title='bbox 763 2812 812 2840; x_wconf 82' lang='lat'>57,</span> <span class='ocrx_word' id='word_1_1517' title='bbox 828 2813 852 2831; x_wconf 83' lang='lat'>2.</span> <span class='ocrx_word' id='word_1_1518' title='bbox 927 2806 991 2832; x_wconf 92' lang='lat' dir='ltr'>Non</span> <span class='ocrx_word' id='word_1_1519' title='bbox 1011 2806 1070 2847; x_wconf 87' lang='lat' dir='ltr'>plus</span> 
     </span>
     <span class='ocr_line' id='line_1_121' title="bbox 10 2839 1070 2876; baseline 0.002 -10"><span class='ocrx_word' id='word_1_1520' title='bbox 10 2840 158 2869; x_wconf 70' lang='lat' dir='ltr'>triennium</span> <span class='ocrx_word' id='word_1_1521' title='bbox 169 2840 266 2867; x_wconf 88' lang='lat' dir='ltr'>viuunt</span> <span class='ocrx_word' id='word_1_1522' title='bbox 284 2839 357 2866; x_wconf 80' lang='lat' dir='ltr'>Idem</span> <span class='ocrx_word' id='word_1_1523' title='bbox 371 2849 395 2873; x_wconf 81' lang='lat'>2,</span> <span class='ocrx_word' id='word_1_1524' title='bbox 409 2848 428 2873; x_wconf 88' lang='lat'>1,</span> <span class='ocrx_word' id='word_1_1525' title='bbox 444 2848 480 2874; x_wconf 88' lang='lat'>19.</span> <span class='ocrx_word' id='word_1_1526' title='bbox 555 2840 612 2867; x_wconf 89' lang='lat' dir='ltr'>Cic.</span> <span class='ocrx_word' id='word_1_1527' title='bbox 628 2841 660 2868; x_wconf 88' lang='lat' dir='ltr'>de</span> <span class='ocrx_word' id='word_1_1528' title='bbox 673 2841 779 2868; x_wconf 84' lang='lat' dir='ltr'>Amicit.</span> <span class='ocrx_word' id='word_1_1529' title='bbox 800 2847 827 2872; x_wconf 83' lang='lat'>58</span> <span class='ocrx_word' id='word_1_1530' title='bbox 858 2841 954 2876; x_wconf 87' lang='lat' dir='ltr'>Neque</span> <span class='ocrx_word' id='word_1_1531' title='bbox 976 2849 1070 2868; x_wconf 77' lang='lat' dir='ltr'>vet-en·</span> 
     </span>
     <span class='ocr_line' id='line_1_122' title="bbox 12 2875 1071 2911; baseline 0.001 -8"><span class='ocrx_word' id='word_1_1532' title='bbox 12 2875 76 2903; x_wconf 86' lang='lat' dir='ltr'>d&#39;um</span> <span class='ocrx_word' id='word_1_1533' title='bbox 89 2876 142 2910; x_wconf 82' lang='lat' dir='ltr'>est,</span> <span class='ocrx_word' id='word_1_1534' title='bbox 173 2885 206 2903; x_wconf 89' lang='lat' dir='ltr'>ne</span> <span class='ocrx_word' id='word_1_1535' title='bbox 225 2875 290 2910; x_wconf 89' lang='lat' dir='ltr'>quid</span> <span class='ocrx_word' id='word_1_1536' title='bbox 310 2875 427 2909; x_wconf 78' lang='lat' dir='ltr'>excidat,</span> <span class='ocrx_word' id='word_1_1537' title='bbox 462 2881 506 2902; x_wconf 89' lang='lat' dir='ltr'>aut</span> <span class='ocrx_word' id='word_1_1538' title='bbox 520 2885 553 2902; x_wconf 86' lang='lat' dir='ltr'>ne</span> <span class='ocrx_word' id='word_1_1539' title='bbox 575 2877 639 2910; x_wconf 90' lang='lat' dir='ltr'>quid</span> <span class='ocrx_word' id='word_1_1540' title='bbox 660 2877 690 2903; x_wconf 87' lang='lat' dir='ltr'>in</span> <span class='ocrx_word' id='word_1_1541' title='bbox 709 2883 807 2904; x_wconf 87' lang='lat' dir='ltr'>terram</span> <span class='ocrx_word' id='word_1_1542' title='bbox 821 2877 934 2911; x_wconf 82' lang='lat' dir='ltr'>defluat,</span> <span class='ocrx_word' id='word_1_1543' title='bbox 967 2885 1011 2905; x_wconf 82' lang='lat' dir='ltr'>aut</span> <span class='ocrx_word' id='word_1_1544' title='bbox 1037 2887 1071 2904; x_wconf 86' lang='lat' dir='ltr'>ne</span> 
     </span>
     <span class='ocr_line' id='line_1_123' title="bbox 9 2911 1069 2948; baseline 0.001 -9"><span class='ocrx_word' id='word_1_1545' title='bbox 9 2913 69 2948; x_wconf 71' lang='lat' dir='ltr'>plus</span> <span class='ocrx_word' id='word_1_1546' title='bbox 78 2921 165 2946; x_wconf 84' lang='lat' dir='ltr'>aequo</span> <span class='ocrx_word' id='word_1_1547' title='bbox 173 2912 238 2947; x_wconf 86' lang='lat' dir='ltr'>quid</span> <span class='ocrx_word' id='word_1_1548' title='bbox 264 2911 293 2938; x_wconf 90' lang='lat' dir='ltr'>in</span> <span class='ocrx_word' id='word_1_1549' title='bbox 300 2912 419 2938; x_wconf 84' lang='lat' dir='ltr'>amicitia</span> <span class='ocrx_word' id='word_1_1550' title='bbox 427 2918 595 2947; x_wconf 82' lang='lat' dir='ltr'>congeratur.</span> <span class='ocrx_word' id='word_1_1551' title='bbox 634 2914 707 2947; x_wconf 86' lang='lat' dir='ltr'>Conf.</span> <span class='ocrx_word' id='word_1_1552' title='bbox 715 2914 785 2940; x_wconf 88' lang='lat' dir='ltr'>Hor.</span> <span class='ocrx_word' id='word_1_1553' title='bbox 794 2913 872 2947; x_wconf 83' lang='lat' dir='ltr'>Epist.</span> <span class='ocrx_word' id='word_1_1554' title='bbox 882 2922 900 2946; x_wconf 91' lang='lat'>1,</span> <span class='ocrx_word' id='word_1_1555' title='bbox 909 2922 934 2944; x_wconf 85' lang='lat'>2,</span> <span class='ocrx_word' id='word_1_1556' title='bbox 942 2922 984 2948; x_wconf 89' lang='lat'>29.</span> <span class='ocrx_word' id='word_1_1557' title='bbox 1023 2914 1069 2940; x_wconf 94' lang='lat' dir='ltr'>Di-</span> 
     </span>
    </p>
   </div>
   <div class='ocr_carea' id='block_1_45' title="bbox 1136 2630 1568 2667">
    <p class='ocr_par' dir='ltr' id='par_1_52' title="bbox 1136 2630 1568 2667">
     <span class='ocr_line' id='line_1_124' title="bbox 1136 2630 1568 2667; baseline 0.009 -11"><span class='ocrx_word' id='word_1_1558' title='bbox 1136 2630 1243 2656; x_wconf 84' lang='lat' dir='ltr'>ciuntur</span> <span class='ocrx_word' id='word_1_1559' title='bbox 1256 2636 1362 2657; x_wconf 81' lang='lat' dir='ltr'>catenae</span> <span class='ocrx_word' id='word_1_1560' title='bbox 1375 2640 1403 2658; x_wconf 86' lang='lat' dir='ltr'>ac</span> <span class='ocrx_word' id='word_1_1561' title='bbox 1417 2631 1568 2667; x_wconf 80' lang='lat' dir='ltr'>compedes.</span> 
     </span>
    </p>
   </div>
   <div class='ocr_carea' id='block_1_46' title="bbox 1175 2667 2200 2711">
    <p class='ocr_par' dir='ltr' id='par_1_53' title="bbox 1175 2667 2200 2711">
     <span class='ocr_line' id='line_1_125' title="bbox 1175 2667 2200 2711; baseline 0.012 -18"><span class='ocrx_word' id='word_1_1562' title='bbox 1175 2672 1190 2693; x_wconf 71' lang='lat' dir='ltr'>P</span> <span class='ocrx_word' id='word_1_1563' title='bbox 1203 2674 1218 2692; x_wconf 91' lang='lat' dir='ltr'>L</span> <span class='ocrx_word' id='word_1_1564' title='bbox 1232 2673 1252 2691; x_wconf 94' lang='lat' dir='ltr'>v</span> <span class='ocrx_word' id='word_1_1565' title='bbox 1263 2673 1282 2692; x_wconf 82' lang='lat' dir='ltr'>R</span> <span class='ocrx_word' id='word_1_1566' title='bbox 1294 2674 1303 2692; x_wconf 92' lang='lat'>1</span> <span class='ocrx_word' id='word_1_1567' title='bbox 1319 2673 1335 2693; x_wconf 86' lang='grc' dir='ltr'><strong><em>Ε</em></strong></span> <span class='ocrx_word' id='word_1_1568' title='bbox 1346 2673 1374 2694; x_wconf 81' lang='lat' dir='ltr'>s.</span> <span class='ocrx_word' id='word_1_1569' title='bbox 1392 2667 1460 2694; x_wconf 86' lang='lat' dir='ltr'>Adu.</span> <span class='ocrx_word' id='word_1_1570' title='bbox 1483 2676 1528 2703; x_wconf 69' lang='lat' dir='ltr'>pro</span> <span class='ocrx_word' id='word_1_1571' title='bbox 1542 2670 1652 2704; x_wconf 75' lang='lat' dir='ltr'>Saepius.</span> <span class='ocrx_word' id='word_1_1572' title='bbox 1691 2671 1763 2699; x_wconf 88' lang='lat' dir='ltr'>Caes.</span> <span class='ocrx_word' id='word_1_1573' title='bbox 1780 2672 1845 2700; x_wconf 84' lang='lat' dir='ltr'>Bell.</span> <span class='ocrx_word' id='word_1_1574' title='bbox 1860 2674 1945 2701; x_wconf 87' lang='lat' dir='ltr'>Ciuil.</span> <span class='ocrx_word' id='word_1_1575' title='bbox 1967 2685 1987 2706; x_wconf 84' lang='lat'>1,</span> <span class='ocrx_word' id='word_1_1576' title='bbox 2005 2685 2034 2708; x_wconf 82' lang='lat'>79</span> <span class='ocrx_word' id='word_1_1577' title='bbox 2058 2677 2200 2711; x_wconf 83' lang='lat' dir='ltr'>Expeditae</span> 
     </span>
    </p>
   </div>
   <div class='ocr_carea' id='block_1_47' title="bbox 1135 2701 2201 2767">
    <p class='ocr_par' dir='ltr' id='par_1_54' title="bbox 1135 2701 2201 2767">
     <span class='ocr_line' id='line_1_126' title="bbox 1135 2701 2201 2765; baseline 0.013 -38"><span class='ocrx_word' id='word_1_1578' title='bbox 1135 2701 1444 2765; x_wconf 48' lang='lat' dir='ltr'>{ohosrtgffioffiffimum</span> <span class='ocrx_word' id='word_1_1579' title='bbox 1457 2713 1551 2739; x_wconf 81' lang='lat' dir='ltr'>agmen</span> <span class='ocrx_word' id='word_1_1580' title='bbox 1565 2706 1730 2744; x_wconf 80' lang='lat' dir='ltr'>claudebant,</span> <span class='ocrx_word' id='word_1_1581' title='bbox 1752 2708 1907 2745; x_wconf 87' lang='lat' dir='ltr'>pluriesque</span> <span class='ocrx_word' id='word_1_1582' title='bbox 1921 2711 1951 2737; x_wconf 90' lang='lat' dir='ltr'>in</span> <span class='ocrx_word' id='word_1_1583' title='bbox 1964 2712 2031 2739; x_wconf 89' lang='lat' dir='ltr'>locis</span> <span class='ocrx_word' id='word_1_1584' title='bbox 2048 2714 2201 2748; x_wconf 83' lang='lat' dir='ltr'>campestri-</span> 
     </span>
     <span class='ocr_line' id='line_1_127' title="bbox 1154 2745 1375 2767; baseline 0.014 -4"><span class='ocrx_word' id='word_1_1585' title='bbox 1154 2748 1183 2764; x_wconf 90' lang='lat' dir='ltr'>us</span> <span class='ocrx_word' id='word_1_1586' title='bbox 1210 2748 1224 2763; x_wconf 91' lang='grc' dir='ltr'>ιι</span> <span class='ocrx_word' id='word_1_1587' title='bbox 1257 2749 1264 2764; x_wconf 85' lang='grc' dir='ltr'>ι</span> <span class='ocrx_word' id='word_1_1588' title='bbox 1288 2747 1302 2764; x_wconf 86' lang='lat' dir='ltr'>e</span> <span class='ocrx_word' id='word_1_1589' title='bbox 1322 2745 1375 2767; x_wconf 81' lang='lat' dir='ltr'>ant.</span> 
     </span>
    </p>
   </div>
   <div class='ocr_carea' id='block_1_48' title="bbox 1172 2779 2199 2817">
    <p class='ocr_par' dir='ltr' id='par_1_55' title="bbox 1172 2779 2199 2817">
     <span class='ocr_line' id='line_1_128' title="bbox 1172 2779 2199 2817; baseline 0.013 -17"><span class='ocrx_word' id='word_1_1590' title='bbox 1172 2780 1187 2800; x_wconf 79' lang='lat' dir='ltr'>i&gt;</span> <span class='ocrx_word' id='word_1_1591' title='bbox 1201 2780 1218 2800; x_wconf 91' lang='lat' dir='ltr'>L</span> <span class='ocrx_word' id='word_1_1592' title='bbox 1235 2781 1256 2801; x_wconf 89' lang='lat' dir='ltr'>V</span> <span class='ocrx_word' id='word_1_1593' title='bbox 1270 2781 1290 2801; x_wconf 87' lang='lat' dir='ltr'><strong>R</strong></span> <span class='ocrx_word' id='word_1_1594' title='bbox 1307 2782 1316 2801; x_wconf 85' lang='lat'>1</span> <span class='ocrx_word' id='word_1_1595' title='bbox 1335 2781 1352 2802; x_wconf 79' lang='lat' dir='ltr'>P</span> <span class='ocrx_word' id='word_1_1596' title='bbox 1368 2781 1391 2801; x_wconf 87' lang='lat' dir='ltr'><strong>A</strong></span> <span class='ocrx_word' id='word_1_1597' title='bbox 1404 2782 1423 2802; x_wconf 78' lang='lat' dir='ltr'>R</span> <span class='ocrx_word' id='word_1_1598' title='bbox 1438 2783 1449 2802; x_wconf 87' lang='lat'>1</span> <span class='ocrx_word' id='word_1_1599' title='bbox 1467 2782 1490 2802; x_wconf 83' lang='lat' dir='ltr'>V</span> <span class='ocrx_word' id='word_1_1600' title='bbox 1508 2783 1536 2808; x_wconf 85' lang='lat' dir='ltr'>S,</span> <span class='ocrx_word' id='word_1_1601' title='bbox 1554 2786 1579 2812; x_wconf 89' lang='lat' dir='ltr'>a,</span> <span class='ocrx_word' id='word_1_1602' title='bbox 1599 2787 1654 2805; x_wconf 89' lang='lat' dir='ltr'>um.</span> <span class='ocrx_word' id='word_1_1603' title='bbox 1674 2779 1734 2806; x_wconf 82' lang='lat' dir='ltr'>Adi.</span> <span class='ocrx_word' id='word_1_1604' title='bbox 1760 2781 1947 2817; x_wconf 67' lang='grc' dir='ltr'>[πολλάπλοσε]</span> <span class='ocrx_word' id='word_1_1605' title='bbox 1965 2783 2035 2810; x_wconf 84' lang='lat' dir='ltr'>Suet.</span> <span class='ocrx_word' id='word_1_1606' title='bbox 2056 2784 2086 2811; x_wconf 92' lang='lat' dir='ltr'>in</span> <span class='ocrx_word' id='word_1_1607' title='bbox 2105 2785 2199 2814; x_wconf 83' lang='lat' dir='ltr'>Claud.</span> 
     </span>
    </p>
   </div>
   <div class='ocr_carea' id='block_1_49' title="bbox 1132 2810 2197 2891">
    <p class='ocr_par' dir='ltr' id='par_1_56' title="bbox 1132 2810 2197 2891">
     <span class='ocr_line' id='line_1_129' title="bbox 1135 2810 2197 2860; baseline 0.008 -24"><span class='ocrx_word' id='word_1_1608' title='bbox 1135 2819 1156 2837; x_wconf 91' lang='lat' dir='ltr'>c.</span> <span class='ocrx_word' id='word_1_1609' title='bbox 1177 2819 1199 2836; x_wconf 85' lang='lat'>21</span> <span class='ocrx_word' id='word_1_1610' title='bbox 1222 2810 1388 2838; x_wconf 84' lang='lat' dir='ltr'>Gladiatoria</span> <span class='ocrx_word' id='word_1_1611' title='bbox 1401 2821 1512 2840; x_wconf 86' lang='lat' dir='ltr'>munera</span> <span class='ocrx_word' id='word_1_1612' title='bbox 1527 2813 1669 2847; x_wconf 86' lang='lat' dir='ltr'>plurifaria</span> <span class='ocrx_word' id='word_1_1613' title='bbox 1684 2824 1713 2841; x_wconf 88' lang='lat' dir='ltr'>ac</span> <span class='ocrx_word' id='word_1_1614' title='bbox 1725 2817 1887 2850; x_wconf 85' lang='lat' dir='ltr'>multiplicia</span> <span class='ocrx_word' id='word_1_1615' title='bbox 1907 2818 2038 2846; x_wconf 83' lang='lat' dir='ltr'>exhibuit.</span> <span class='ocrx_word' id='word_1_1616' title='bbox 2112 2823 2197 2860; x_wconf 73' lang='lat' dir='ltr'>Qae-</span> 
     </span>
     <span class='ocr_line' id='line_1_130' title="bbox 1132 2848 2197 2891; baseline 0.008 -19"><span class='ocrx_word' id='word_1_1617' title='bbox 1132 2848 1189 2872; x_wconf 77' lang='lat' dir='ltr'>dam</span> <span class='ocrx_word' id='word_1_1618' title='bbox 1203 2848 1355 2882; x_wconf 69' lang='lat' dir='ltr'>exemplaria</span> <span class='ocrx_word' id='word_1_1619' title='bbox 1366 2848 1408 2873; x_wconf 78' lang='lat' dir='ltr'>hic</span> <span class='ocrx_word' id='word_1_1620' title='bbox 1420 2850 1507 2883; x_wconf 78' lang='lat' dir='ltr'>legunt</span> <span class='ocrx_word' id='word_1_1621' title='bbox 1528 2850 1697 2877; x_wconf 84' lang='lat' dir='ltr'>Plurifariam</span> <span class='ocrx_word' id='word_1_1622' title='bbox 1709 2853 1814 2877; x_wconf 70' lang='lat' dir='ltr'>amm-bi</span> <span class='ocrx_word' id='word_1_1623' title='bbox 1823 2853 1900 2880; x_wconf 60' lang='lat' dir='ltr'>:litem</span> <span class='ocrx_word' id='word_1_1624' title='bbox 1943 2855 2018 2888; x_wconf 72' lang='lat' dir='ltr'>Confi</span> <span class='ocrx_word' id='word_1_1625' title='bbox 2040 2856 2114 2891; x_wconf 77' lang='lat' dir='ltr'>Apic,</span> <span class='ocrx_word' id='word_1_1626' title='bbox 2130 2867 2151 2890; x_wconf 81' lang='lat'>3,</span> <span class='ocrx_word' id='word_1_1627' title='bbox 2166 2867 2197 2888; x_wconf 82' lang='lat'>¹5-</span> 
     </span>
    </p>
   </div>
   <div class='ocr_carea' id='block_1_50' title="bbox 1169 2885 2197 2923">
    <p class='ocr_par' dir='ltr' id='par_1_57' title="bbox 1169 2885 2197 2923">
     <span class='ocr_line' id='line_1_131' title="bbox 1169 2885 2197 2923; baseline 0.012 -15"><span class='ocrx_word' id='word_1_1628' title='bbox 1169 2888 1185 2908; x_wconf 82' lang='lat'>1&gt;</span> <span class='ocrx_word' id='word_1_1629' title='bbox 1194 2890 1210 2909; x_wconf 86' lang='lat' dir='ltr'>L</span> <span class='ocrx_word' id='word_1_1630' title='bbox 1220 2890 1240 2908; x_wconf 90' lang='lat' dir='ltr'>V</span> <span class='ocrx_word' id='word_1_1631' title='bbox 1252 2889 1271 2910; x_wconf 80' lang='lat' dir='ltr'>R</span> <span class='ocrx_word' id='word_1_1632' title='bbox 1282 2891 1292 2909; x_wconf 94' lang='lat'>1</span> <span class='ocrx_word' id='word_1_1633' title='bbox 1303 2889 1319 2909; x_wconf 85' lang='lat' dir='ltr'>F</span> <span class='ocrx_word' id='word_1_1634' title='bbox 1332 2890 1355 2910; x_wconf 85' lang='lat' dir='ltr'>A</span> <span class='ocrx_word' id='word_1_1635' title='bbox 1365 2889 1384 2910; x_wconf 87' lang='lat' dir='ltr'>R</span> <span class='ocrx_word' id='word_1_1636' title='bbox 1393 2891 1405 2911; x_wconf 89' lang='lat'>1</span> <span class='ocrx_word' id='word_1_1637' title='bbox 1415 2890 1437 2911; x_wconf 83' lang='lat' dir='ltr'>A</span> <span class='ocrx_word' id='word_1_1638' title='bbox 1450 2891 1485 2911; x_wconf 80' lang='grc' dir='ltr'>Μ.</span> <span class='ocrx_word' id='word_1_1639' title='bbox 1513 2885 1580 2912; x_wconf 85' lang='lat' dir='ltr'>Adu.</span> <span class='ocrx_word' id='word_1_1640' title='bbox 1606 2887 1617 2919; x_wconf 94' lang='lat'>[</span> <span class='ocrx_word' id='word_1_1641' title='bbox 1629 2889 1791 2923; x_wconf 62' lang='lat' dir='ltr'>nonanta-acis]</span> <span class='ocrx_word' id='word_1_1642' title='bbox 1818 2889 1936 2916; x_wconf 77' lang='lat' dir='ltr'>Pluribus</span> <span class='ocrx_word' id='word_1_1643' title='bbox 1946 2891 2030 2919; x_wconf 64' lang='lat' dir='ltr'>modis.</span> <span class='ocrx_word' id='word_1_1644' title='bbox 2083 2893 2152 2920; x_wconf 83' lang='lat' dir='ltr'>Suet.</span> <span class='ocrx_word' id='word_1_1645' title='bbox 2167 2894 2197 2920; x_wconf 82' lang='lat' dir='ltr'>in</span> 
     </span>
    </p>
   </div>
   <div class='ocr_carea' id='block_1_51' title="bbox 1133 2917 2194 2963">
    <p class='ocr_par' dir='ltr' id='par_1_58' title="bbox 1133 2917 2194 2963">
     <span class='ocr_line' id='line_1_132' title="bbox 1133 2917 2194 2963; baseline 0.012 -20"><span class='ocrx_word' id='word_1_1646' title='bbox 1133 2917 1234 2945; x_wconf 83' lang='lat' dir='ltr'>Tiber.</span> <span class='ocrx_word' id='word_1_1647' title='bbox 1250 2920 1320 2946; x_wconf 83' lang='lat' dir='ltr'>Caes.</span> <span class='ocrx_word' id='word_1_1648' title='bbox 1336 2929 1357 2946; x_wconf 89' lang='lat' dir='ltr'>c.</span> <span class='ocrx_word' id='word_1_1649' title='bbox 1375 2929 1401 2952; x_wconf 86' lang='lat'>43</span> <span class='ocrx_word' id='word_1_1650' title='bbox 1420 2919 1550 2947; x_wconf 82' lang='lat' dir='ltr'>Cubicula</span> <span class='ocrx_word' id='word_1_1651' title='bbox 1567 2921 1735 2955; x_wconf 83' lang='lat' dir='ltr'>plurifariam</span> <span class='ocrx_word' id='word_1_1652' title='bbox 1749 2923 1879 2958; x_wconf 74' lang='lat' dir='ltr'>dspofita.</span> <span class='ocrx_word' id='word_1_1653' title='bbox 1951 2927 2027 2953; x_wconf 75' lang='lat' dir='ltr'>Adde</span> <span class='ocrx_word' id='word_1_1654' title='bbox 2039 2928 2117 2956; x_wconf 87' lang='lat' dir='ltr'>Galb.</span> <span class='ocrx_word' id='word_1_1655' title='bbox 2130 2939 2151 2958; x_wconf 84' lang='lat' dir='ltr'>c.</span> <span class='ocrx_word' id='word_1_1656' title='bbox 2161 2938 2194 2963; x_wconf 85' lang='lat'>¹9·</span> 
     </span>
    </p>
   </div>
   <div class='ocr_carea' id='block_1_52' title="bbox 11 2947 1943 2994">
    <p class='ocr_par' dir='ltr' id='par_1_59' title="bbox 11 2947 1943 2994">
     <span class='ocr_line' id='line_1_133' title="bbox 11 2947 1943 2994; baseline 0.006 -18"><span class='ocrx_word' id='word_1_1657' title='bbox 11 2948 98 2976; x_wconf 78' lang='lat' dir='ltr'>midio</span> <span class='ocrx_word' id='word_1_1658' title='bbox 111 2947 169 2983; x_wconf 86' lang='lat' dir='ltr'>plus</span> <span class='ocrx_word' id='word_1_1659' title='bbox 181 2947 279 2983; x_wconf 75' lang='lat' dir='ltr'>scripsit</span> <span class='ocrx_word' id='word_1_1660' title='bbox 294 2947 390 2974; x_wconf 88' lang='lat' dir='ltr'>Clodia</span> <span class='ocrx_word' id='word_1_1661' title='bbox 411 2948 467 2974; x_wconf 88' lang='lat' dir='ltr'>Cic.</span> <span class='ocrx_word' id='word_1_1662' title='bbox 481 2949 534 2975; x_wconf 72' lang='lat' dir='ltr'>Ati.</span> <span class='ocrx_word' id='word_1_1663' title='bbox 552 2956 578 2982; x_wconf 89' lang='grc'>9,</span> <span class='ocrx_word' id='word_1_1664' title='bbox 591 2957 620 2976; x_wconf 85' lang='lat'>11.</span> <span class='ocrx_word' id='word_1_1665' title='bbox 693 2948 791 2975; x_wconf 74' lang='lat' dir='ltr'>Nihilo</span> <span class='ocrx_word' id='word_1_1666' title='bbox 806 2949 873 2983; x_wconf 87' lang='lat' dir='ltr'>plus,</span> <span class='ocrx_word' id='word_1_1667' title='bbox 893 2951 947 2976; x_wconf 63' lang='lat' dir='ltr'>vid.</span> <span class='ocrx_word' id='word_1_1668' title='bbox 969 2956 1067 2977; x_wconf 71' lang='grc' dir='ltr'><strong>ΝΙΗΙ-</strong></span> <span class='ocrx_word' id='word_1_1669' title='bbox 1083 2957 1115 2985; x_wconf 73' lang='grc'>7)·</span> <span class='ocrx_word' id='word_1_1670' title='bbox 1132 2953 1238 2988; x_wconf 77' lang='lat' dir='ltr'>August.</span> <span class='ocrx_word' id='word_1_1671' title='bbox 1253 2964 1274 2981; x_wconf 93' lang='lat' dir='ltr'>c.</span> <span class='ocrx_word' id='word_1_1672' title='bbox 1290 2958 1329 2987; x_wconf 76' lang='lat'>46.</span> <span class='ocrx_word' id='word_1_1673' title='bbox 1349 2962 1374 2981; x_wconf 80' lang='lat' dir='ltr'>et</span> <span class='ocrx_word' id='word_1_1674' title='bbox 1386 2965 1407 2981; x_wconf 85' lang='lat' dir='ltr'>c.</span> <span class='ocrx_word' id='word_1_1675' title='bbox 1422 2962 1464 2986; x_wconf 65' lang='lat'>80.</span> <span class='ocrx_word' id='word_1_1676' title='bbox 1486 2957 1515 2982; x_wconf 82' lang='lat' dir='ltr'>it.</span> <span class='ocrx_word' id='word_1_1677' title='bbox 1529 2957 1614 2991; x_wconf 82' lang='lat' dir='ltr'>Calig.</span> <span class='ocrx_word' id='word_1_1678' title='bbox 1626 2966 1647 2983; x_wconf 91' lang='lat' dir='ltr'>c.</span> <span class='ocrx_word' id='word_1_1679' title='bbox 1663 2967 1698 2989; x_wconf 65' lang='lat'>5⁴-</span> <span class='ocrx_word' id='word_1_1680' title='bbox 1718 2966 1742 2985; x_wconf 75' lang='lat' dir='ltr'>et</span> <span class='ocrx_word' id='word_1_1681' title='bbox 1760 2959 1829 2987; x_wconf 89' lang='lat' dir='ltr'>Gell.</span> <span class='ocrx_word' id='word_1_1682' title='bbox 1851 2970 1887 2994; x_wconf 72' lang='grc' dir='ltr'><strong>ιο,</strong></span> <span class='ocrx_word' id='word_1_1683' title='bbox 1907 2970 1943 2993; x_wconf 74' lang='grc'>24.</span> 
     </span>
    </p>
   </div>
   <div class='ocr_carea' id='block_1_53' title="bbox 4 2983 1068 3129">
    <p class='ocr_par' dir='ltr' id='par_1_60' title="bbox 4 2983 1068 3129">
     <span class='ocr_line' id='line_1_134' title="bbox 10 2983 1062 3020; baseline 0.002 -10"><span class='ocrx_word' id='word_1_1684' title='bbox 10 2991 91 3013; x_wconf 74' lang='lat' dir='ltr'>LvM.</span> <span class='ocrx_word' id='word_1_1685' title='bbox 162 2983 221 3011; x_wconf 86' lang='lat' dir='ltr'>Plus</span> <span class='ocrx_word' id='word_1_1686' title='bbox 236 2983 306 3011; x_wconf 80' lang='lat' dir='ltr'>Iusto</span> <span class='ocrx_word' id='word_1_1687' title='bbox 326 2984 394 3011; x_wconf 84' lang='lat' dir='ltr'>Hor.</span> <span class='ocrx_word' id='word_1_1688' title='bbox 411 2983 462 3010; x_wconf 90' lang='lat' dir='ltr'>Od.</span> <span class='ocrx_word' id='word_1_1689' title='bbox 476 2993 498 3017; x_wconf 84' lang='lat'>3,</span> <span class='ocrx_word' id='word_1_1690' title='bbox 511 2991 538 3019; x_wconf 85' lang='lat'>7,</span> <span class='ocrx_word' id='word_1_1691' title='bbox 558 2992 599 3018; x_wconf 86' lang='lat'>24.</span> <span class='ocrx_word' id='word_1_1692' title='bbox 677 2985 775 3012; x_wconf 89' lang='lat' dir='ltr'>Nimio</span> <span class='ocrx_word' id='word_1_1693' title='bbox 787 2985 862 3020; x_wconf 84' lang='lat' dir='ltr'>plus,</span> <span class='ocrx_word' id='word_1_1694' title='bbox 881 2987 936 3012; x_wconf 82' lang='lat' dir='ltr'>vid.</span> <span class='ocrx_word' id='word_1_1695' title='bbox 955 2993 1062 3014; x_wconf 76' lang='grc' dir='ltr'>ΝιΜις.</span> 
     </span>
     <span class='ocr_line' id='line_1_135' title="bbox 10 3019 1067 3056; baseline 0.001 -9"><span class='ocrx_word' id='word_1_1696' title='bbox 10 3021 71 3048; x_wconf 78' lang='lat' dir='ltr'>Ant.</span> <span class='ocrx_word' id='word_1_1697' title='bbox 85 3020 117 3047; x_wconf 88' lang='lat' dir='ltr'>ad</span> <span class='ocrx_word' id='word_1_1698' title='bbox 130 3021 187 3047; x_wconf 90' lang='lat' dir='ltr'>Cic.</span> <span class='ocrx_word' id='word_1_1699' title='bbox 202 3020 254 3047; x_wconf 86' lang='lat' dir='ltr'>Att.</span> <span class='ocrx_word' id='word_1_1700' title='bbox 271 3029 311 3054; x_wconf 88' lang='grc' dir='ltr'>ιο,</span> <span class='ocrx_word' id='word_1_1701' title='bbox 324 3025 338 3048; x_wconf 83' lang='lat'>8</span> <span class='ocrx_word' id='word_1_1702' title='bbox 359 3019 410 3046; x_wconf 86' lang='lat' dir='ltr'>Sed</span> <span class='ocrx_word' id='word_1_1703' title='bbox 422 3019 485 3055; x_wconf 89' lang='lat' dir='ltr'>quia</span> <span class='ocrx_word' id='word_1_1704' title='bbox 498 3026 523 3046; x_wconf 87' lang='lat' dir='ltr'>te</span> <span class='ocrx_word' id='word_1_1705' title='bbox 531 3019 618 3047; x_wconf 90' lang='lat' dir='ltr'>nimio</span> <span class='ocrx_word' id='word_1_1706' title='bbox 631 3020 689 3055; x_wconf 86' lang='lat' dir='ltr'>plus</span> <span class='ocrx_word' id='word_1_1707' title='bbox 702 3021 798 3056; x_wconf 76' lang='lat' dir='ltr'>diligo,</span> <span class='ocrx_word' id='word_1_1708' title='bbox 817 3030 872 3048; x_wconf 91' lang='lat' dir='ltr'>non</span> <span class='ocrx_word' id='word_1_1709' title='bbox 885 3023 986 3056; x_wconf 76' lang='lat' dir='ltr'>poss&#39;um</span> <span class='ocrx_word' id='word_1_1710' title='bbox 1001 3022 1067 3049; x_wconf 79' lang='lat' dir='ltr'>diffi-</span> 
     </span>
     <span class='ocr_line' id='line_1_136' title="bbox 4 3050 1068 3092; baseline 0.003 -10"><span class='ocrx_word' id='word_1_1711' title='bbox 4 3057 120 3090; x_wconf 69' lang='lat' dir='ltr'>mutare,</span> <span class='ocrx_word' id='word_1_1712' title='bbox 138 3055 207 3083; x_wconf 90' lang='lat' dir='ltr'>mihi</span> <span class='ocrx_word' id='word_1_1713' title='bbox 219 3056 317 3082; x_wconf 88' lang='lat' dir='ltr'>famam</span> <span class='ocrx_word' id='word_1_1714' title='bbox 329 3063 447 3092; x_wconf 86' lang='lat' dir='ltr'>quoque,</span> <span class='ocrx_word' id='word_1_1715' title='bbox 465 3056 585 3091; x_wconf 83' lang='lat' dir='ltr'>quamuis</span> <span class='ocrx_word' id='word_1_1716' title='bbox 605 3056 635 3083; x_wconf 84' lang='lat' dir='ltr'>fit</span> <span class='ocrx_word' id='word_1_1717' title='bbox 654 3056 732 3090; x_wconf 83' lang='lat' dir='ltr'>falsa,</span> <span class='ocrx_word' id='word_1_1718' title='bbox 754 3050 919 3092; x_wconf 70' lang='lat' dir='ltr'>magni‘ess&#39;e.</span> <span class='ocrx_word' id='word_1_1719' title='bbox 992 3059 1068 3085; x_wconf 85' lang='lat' dir='ltr'>Parte</span> 
     </span>
     <span class='ocr_line' id='line_1_137' title="bbox 10 3090 1066 3129; baseline 0.004 -11"><span class='ocrx_word' id='word_1_1720' title='bbox 10 3091 97 3118; x_wconf 67' lang='lat' dir='ltr'>inedia</span> <span class='ocrx_word' id='word_1_1721' title='bbox 110 3092 183 3128; x_wconf 86' lang='lat' dir='ltr'>plus,</span> <span class='ocrx_word' id='word_1_1722' title='bbox 203 3092 307 3127; x_wconf 86' lang='lat' dir='ltr'>elegans</span> <span class='ocrx_word' id='word_1_1723' title='bbox 321 3090 438 3119; x_wconf 87' lang='lat' dir='ltr'>locutio:</span> <span class='ocrx_word' id='word_1_1724' title='bbox 464 3094 487 3118; x_wconf 82' lang='lat' dir='ltr'>h.</span> <span class='ocrx_word' id='word_1_1725' title='bbox 507 3101 528 3119; x_wconf 81' lang='lat' dir='ltr'>e.</span> <span class='ocrx_word' id='word_1_1726' title='bbox 552 3093 626 3120; x_wconf 80' lang='lat' dir='ltr'>Vltra</span> <span class='ocrx_word' id='word_1_1727' title='bbox 640 3094 794 3119; x_wconf 63' lang='lat' dir='ltr'>medietatem</span> <span class='ocrx_word' id='word_1_1728' title='bbox 814 3093 897 3121; x_wconf 87' lang='lat' dir='ltr'>Ouid.</span> <span class='ocrx_word' id='word_1_1729' title='bbox 913 3095 977 3122; x_wconf 88' lang='lat' dir='ltr'>Met.</span> <span class='ocrx_word' id='word_1_1730' title='bbox 992 3104 1013 3129; x_wconf 82' lang='lat'>3,</span> <span class='ocrx_word' id='word_1_1731' title='bbox 1025 3104 1066 3128; x_wconf 81' lang='lat'>43.</span> 
     </span>
    </p>
   </div>
   <div class='ocr_carea' id='block_1_54' title="bbox 1167 2993 2192 3069">
    <p class='ocr_par' dir='ltr' id='par_1_61' title="bbox 1167 2993 2192 3069">
     <span class='ocr_line' id='line_1_138' title="bbox 1167 2993 2192 3033; baseline 0.012 -18"><span class='ocrx_word' id='word_1_1732' title='bbox 1167 2996 1183 3016; x_wconf 73' lang='lat' dir='ltr'>r</span> <span class='ocrx_word' id='word_1_1733' title='bbox 1194 2996 1210 3016; x_wconf 93' lang='lat' dir='ltr'>L</span> <span class='ocrx_word' id='word_1_1734' title='bbox 1221 2997 1240 3016; x_wconf 82' lang='lat' dir='ltr'><strong>v</strong></span> <span class='ocrx_word' id='word_1_1735' title='bbox 1252 2997 1271 3017; x_wconf 77' lang='lat' dir='ltr'>R</span> <span class='ocrx_word' id='word_1_1736' title='bbox 1282 2998 1292 3016; x_wconf 96' lang='lat'>1</span> <span class='ocrx_word' id='word_1_1737' title='bbox 1307 2997 1323 3016; x_wconf 77' lang='lat' dir='ltr'>F</span> <span class='ocrx_word' id='word_1_1738' title='bbox 1337 2997 1357 3017; x_wconf 89' lang='lat' dir='ltr'>o</span> <span class='ocrx_word' id='word_1_1739' title='bbox 1369 2997 1387 3016; x_wconf 77' lang='lat' dir='ltr'>R</span> <span class='ocrx_word' id='word_1_1740' title='bbox 1397 2999 1421 3017; x_wconf 79' lang='lat' dir='ltr'>:u</span> <span class='ocrx_word' id='word_1_1741' title='bbox 1434 2999 1444 3017; x_wconf 90' lang='grc' dir='ltr'>ι</span> <span class='ocrx_word' id='word_1_1742' title='bbox 1459 2998 1486 3024; x_wconf 76' lang='lat' dir='ltr'>S,</span> <span class='ocrx_word' id='word_1_1743' title='bbox 1507 3000 1530 3018; x_wconf 88' lang='lat' dir='ltr'>e.</span> <span class='ocrx_word' id='word_1_1744' title='bbox 1552 2993 1612 3021; x_wconf 85' lang='lat' dir='ltr'>Adi.</span> <span class='ocrx_word' id='word_1_1745' title='bbox 1639 2994 1797 3021; x_wconf 74' lang='lat' dir='ltr'>pluriformi</span> <span class='ocrx_word' id='word_1_1746' title='bbox 1807 2996 1975 3032; x_wconf 74' lang='lat' dir='ltr'>modoApul.</span> <span class='ocrx_word' id='word_1_1747' title='bbox 1985 2998 2056 3025; x_wconf 84' lang='lat' dir='ltr'>Flor.</span> <span class='ocrx_word' id='word_1_1748' title='bbox 2071 3008 2079 3024; x_wconf 92' lang='lat'>1</span> <span class='ocrx_word' id='word_1_1749' title='bbox 2106 3008 2192 3033; x_wconf 80' lang='lat' dir='ltr'>p.341.</span> 
     </span>
     <span class='ocr_line' id='line_1_139' title="bbox 1169 3026 2192 3069; baseline 0.009 -18"><span class='ocrx_word' id='word_1_1750' title='bbox 1169 3032 1186 3052; x_wconf 84' lang='lat' dir='ltr'>P</span> <span class='ocrx_word' id='word_1_1751' title='bbox 1196 3033 1212 3052; x_wconf 87' lang='lat' dir='ltr'>L</span> <span class='ocrx_word' id='word_1_1752' title='bbox 1223 3033 1243 3051; x_wconf 77' lang='lat' dir='ltr'>V</span> <span class='ocrx_word' id='word_1_1753' title='bbox 1255 3026 1352 3054; x_wconf 77' lang='lat' dir='ltr'>R1V6</span> <span class='ocrx_word' id='word_1_1754' title='bbox 1363 3032 1380 3052; x_wconf 92' lang='lat' dir='ltr'>C</span> <span class='ocrx_word' id='word_1_1755' title='bbox 1392 3033 1412 3053; x_wconf 88' lang='lat' dir='ltr'>V</span> <span class='ocrx_word' id='word_1_1756' title='bbox 1421 3033 1434 3053; x_wconf 90' lang='lat' dir='ltr'>S</span> <span class='ocrx_word' id='word_1_1757' title='bbox 1443 3047 1451 3059; x_wconf 80' lang='lat'><em>‚</em></span> <span class='ocrx_word' id='word_1_1758' title='bbox 1471 3036 1494 3059; x_wconf 77' lang='lat' dir='ltr'>a,</span> <span class='ocrx_word' id='word_1_1759' title='bbox 1516 3036 1571 3055; x_wconf 85' lang='lat' dir='ltr'>um.</span> <span class='ocrx_word' id='word_1_1760' title='bbox 1594 3030 1654 3057; x_wconf 79' lang='lat' dir='ltr'>Adi.</span> <span class='ocrx_word' id='word_1_1761' title='bbox 1679 3031 1761 3057; x_wconf 81' lang='lat' dir='ltr'>Plura</span> <span class='ocrx_word' id='word_1_1762' title='bbox 1773 3032 1929 3068; x_wconf 49' lang='lat' dir='ltr'>fignificans.</span> <span class='ocrx_word' id='word_1_1763' title='bbox 1968 3034 2045 3060; x_wconf 87' lang='lat' dir='ltr'>Mart.</span> <span class='ocrx_word' id='word_1_1764' title='bbox 2054 3035 2152 3068; x_wconf 75' lang='lat' dir='ltr'>capt-ll.</span> <span class='ocrx_word' id='word_1_1765' title='bbox 2173 3045 2192 3069; x_wconf 85' lang='lat'>4</span> 
     </span>
    </p>
   </div>
   <div class='ocr_carea' id='block_1_55' title="bbox 1131 3062 2191 3103">
    <p class='ocr_par' dir='ltr' id='par_1_62' title="bbox 1131 3062 2191 3103">
     <span class='ocr_line' id='line_1_140' title="bbox 1131 3062 2191 3103; baseline 0.008 -16"><span class='ocrx_word' id='word_1_1766' title='bbox 1131 3069 1156 3096; x_wconf 88' lang='lat' dir='ltr'>p.</span> <span class='ocrx_word' id='word_1_1767' title='bbox 1166 3070 1195 3095; x_wconf 90' lang='lat'>97</span> <span class='ocrx_word' id='word_1_1768' title='bbox 1217 3063 1374 3096; x_wconf 76' lang='lat' dir='ltr'>Qzaeritur,</span> <span class='ocrx_word' id='word_1_1769' title='bbox 1391 3062 1456 3097; x_wconf 88' lang='lat' dir='ltr'>quid</span> <span class='ocrx_word' id='word_1_1770' title='bbox 1465 3063 1493 3089; x_wconf 83' lang='lat' dir='ltr'>sit</span> <span class='ocrx_word' id='word_1_1771' title='bbox 1500 3065 1690 3098; x_wconf 77' lang='lat' dir='ltr'>aequiuocum,</span> <span class='ocrx_word' id='word_1_1772' title='bbox 1698 3066 1764 3101; x_wconf 85' lang='lat' dir='ltr'>quid</span> <span class='ocrx_word' id='word_1_1773' title='bbox 1773 3069 1928 3101; x_wconf 76' lang='lat' dir='ltr'>vniuocum,</span> <span class='ocrx_word' id='word_1_1774' title='bbox 1938 3069 2000 3102; x_wconf 78' lang='lat' dir='ltr'>quid</span> <span class='ocrx_word' id='word_1_1775' title='bbox 2011 3069 2191 3103; x_wconf 82' lang='lat' dir='ltr'>pluriuocum.</span> 
     </span>
    </p>
   </div>
   <div class='ocr_carea' id='block_1_56' title="bbox 1170 3099 2192 3142">
    <p class='ocr_par' dir='ltr' id='par_1_63' title="bbox 1170 3099 2192 3142">
     <span class='ocr_line' id='line_1_141' title="bbox 1170 3099 2192 3142; baseline 0.008 -18"><span class='ocrx_word' id='word_1_1776' title='bbox 1170 3103 1185 3124; x_wconf 79' lang='grc' dir='ltr'>Ρ</span> <span class='ocrx_word' id='word_1_1777' title='bbox 1196 3105 1213 3124; x_wconf 86' lang='lat' dir='ltr'>L</span> <span class='ocrx_word' id='word_1_1778' title='bbox 1226 3105 1247 3124; x_wconf 88' lang='lat' dir='ltr'>v</span> <span class='ocrx_word' id='word_1_1779' title='bbox 1259 3105 1272 3124; x_wconf 65' lang='lat' dir='ltr'>b·</span> <span class='ocrx_word' id='word_1_1780' title='bbox 1284 3099 1307 3125; x_wconf 82' lang='grc' dir='ltr'><strong>Ᾱ</strong></span> <span class='ocrx_word' id='word_1_1781' title='bbox 1317 3104 1330 3124; x_wconf 85' lang='lat' dir='ltr'>L</span> <span class='ocrx_word' id='word_1_1782' title='bbox 1342 3106 1351 3125; x_wconf 89' lang='lat'>1</span> <span class='ocrx_word' id='word_1_1783' title='bbox 1364 3104 1377 3124; x_wconf 86' lang='lat' dir='ltr'>S</span> <span class='ocrx_word' id='word_1_1784' title='bbox 1389 3119 1398 3132; x_wconf 83' lang='lat'>‚</span> <span class='ocrx_word' id='word_1_1785' title='bbox 1424 3107 1446 3126; x_wconf 89' lang='lat' dir='ltr'>e.</span> <span class='ocrx_word' id='word_1_1786' title='bbox 1474 3099 1534 3126; x_wconf 88' lang='lat' dir='ltr'>Adi.</span> <span class='ocrx_word' id='word_1_1787' title='bbox 1561 3101 1732 3133; x_wconf 56' lang='grc' dir='ltr'>[πληθυντικὴ</span> <span class='ocrx_word' id='word_1_1788' title='bbox 1760 3103 1841 3130; x_wconf 75' lang='lat' dir='ltr'>Gloss:</span> <span class='ocrx_word' id='word_1_1789' title='bbox 1860 3105 1916 3130; x_wconf 78' lang='lat' dir='ltr'>Lar.</span> <span class='ocrx_word' id='word_1_1790' title='bbox 1938 3105 2005 3137; x_wconf 91' lang='lat' dir='ltr'>Gr.]</span> <span class='ocrx_word' id='word_1_1791' title='bbox 2030 3106 2099 3142; x_wconf 74' lang='lat' dir='ltr'>Qo.</span> <span class='ocrx_word' id='word_1_1792' title='bbox 2118 3107 2192 3140; x_wconf 71' lang='lat' dir='ltr'>plura</span> 
     </span>
    </p>
   </div>
   <div class='ocr_carea' id='block_1_57' title="bbox 11 3125 2192 3172">
    <p class='ocr_par' dir='ltr' id='par_1_64' title="bbox 11 3125 2192 3172">
     <span class='ocr_line' id='line_1_142' title="bbox 11 3125 2192 3172; baseline 0.007 -20"><span class='ocrx_word' id='word_1_1793' title='bbox 11 3125 73 3152; x_wconf 71' lang='lat' dir='ltr'>Plus</span> <span class='ocrx_word' id='word_1_1794' title='bbox 83 3128 181 3162; x_wconf 69' lang='lat' dir='ltr'>Viginti</span> <span class='ocrx_word' id='word_1_1795' title='bbox 193 3126 358 3155; x_wconf 85' lang='lat' dir='ltr'>Vulneribus</span> <span class='ocrx_word' id='word_1_1796' title='bbox 371 3128 483 3163; x_wconf 83' lang='lat' dir='ltr'>acceptis</span> <span class='ocrx_word' id='word_1_1797' title='bbox 498 3128 629 3155; x_wconf 87' lang='lat' dir='ltr'>iacentem</span> <span class='ocrx_word' id='word_1_1798' title='bbox 640 3128 745 3155; x_wconf 84' lang='lat' dir='ltr'>vidistis</span> <span class='ocrx_word' id='word_1_1799' title='bbox 763 3129 819 3156; x_wconf 89' lang='lat' dir='ltr'>Cic.</span> <span class='ocrx_word' id='word_1_1800' title='bbox 839 3139 889 3164; x_wconf 87' lang='lat' dir='ltr'>pro</span> <span class='ocrx_word' id='word_1_1801' title='bbox 909 3131 977 3157; x_wconf 86' lang='lat' dir='ltr'>Sext.</span> <span class='ocrx_word' id='word_1_1802' title='bbox 990 3140 1010 3159; x_wconf 87' lang='lat' dir='ltr'>c.</span> <span class='ocrx_word' id='word_1_1803' title='bbox 1029 3140 1066 3164; x_wconf 69' lang='lat'>39-</span> <span class='ocrx_word' id='word_1_1804' title='bbox 1083 3136 1116 3162; x_wconf 86' lang='lat'>80</span> <span class='ocrx_word' id='word_1_1805' title='bbox 1131 3135 1319 3168; x_wconf 42' lang='lat' dir='ltr'>comprehena&#39;sss</span> <span class='ocrx_word' id='word_1_1806' title='bbox 1341 3135 1384 3159; x_wconf 59' lang='lat' dir='ltr'>vel</span> <span class='ocrx_word' id='word_1_1807' title='bbox 1393 3135 1484 3168; x_wconf 82' lang='lat' dir='ltr'>plures.</span> <span class='ocrx_word' id='word_1_1808' title='bbox 1521 3143 1560 3169; x_wconf 80' lang='lat' dir='ltr'>vt,</span> <span class='ocrx_word' id='word_1_1809' title='bbox 1581 3137 1692 3169; x_wconf 82' lang='lat' dir='ltr'>Pluralis</span> <span class='ocrx_word' id='word_1_1810' title='bbox 1705 3147 1831 3166; x_wconf 87' lang='lat' dir='ltr'>numerus</span> <span class='ocrx_word' id='word_1_1811' title='bbox 1851 3139 1959 3172; x_wconf 65' lang='lat' dir='ltr'>Quinc‘t.</span> <span class='ocrx_word' id='word_1_1812' title='bbox 1975 3148 1993 3171; x_wconf 86' lang='lat'>1,</span> <span class='ocrx_word' id='word_1_1813' title='bbox 2008 3149 2028 3172; x_wconf 65' lang='grc' dir='ltr'><strong>ς,</strong></span> <span class='ocrx_word' id='word_1_1814' title='bbox 2043 3150 2079 3172; x_wconf 69' lang='lat'>42·</span> <span class='ocrx_word' id='word_1_1815' title='bbox 2117 3141 2192 3169; x_wconf 85' lang='lat' dir='ltr'>Idem</span> 
     </span>
    </p>
   </div>
   <div class='ocr_carea' id='block_1_58' title="bbox 13 3161 1068 3309">
    <p class='ocr_par' dir='ltr' id='par_1_65' title="bbox 13 3161 1068 3309">
     <span class='ocr_line' id='line_1_143' title="bbox 14 3161 1068 3200; baseline 0.008 -14"><span class='ocrx_word' id='word_1_1816' title='bbox 14 3161 97 3186; x_wconf 72' lang='lat' dir='ltr'>Etiam</span> <span class='ocrx_word' id='word_1_1817' title='bbox 107 3164 148 3188; x_wconf 82' lang='lat' dir='ltr'>hic</span> <span class='ocrx_word' id='word_1_1818' title='bbox 158 3163 268 3199; x_wconf 64' lang='lat' dir='ltr'>omfflm‘</span> <span class='ocrx_word' id='word_1_1819' title='bbox 277 3171 364 3199; x_wconf 87' lang='lat' dir='ltr'>quam.</span> <span class='ocrx_word' id='word_1_1820' title='bbox 419 3164 478 3191; x_wconf 85' lang='lat' dir='ltr'>Plus</span> <span class='ocrx_word' id='word_1_1821' title='bbox 491 3163 543 3191; x_wconf 89' lang='lat' dir='ltr'>hoc</span> <span class='ocrx_word' id='word_1_1822' title='bbox 562 3173 669 3199; x_wconf 86' lang='lat' dir='ltr'>quoque</span> <span class='ocrx_word' id='word_1_1823' title='bbox 689 3165 804 3200; x_wconf 87' lang='lat' dir='ltr'>Virgine</span> <span class='ocrx_word' id='word_1_1824' title='bbox 816 3166 916 3193; x_wconf 53' lang='lat' dir='ltr'>factum</span> <span class='ocrx_word' id='word_1_1825' title='bbox 957 3167 1020 3194; x_wconf 90' lang='lat' dir='ltr'>Non</span> <span class='ocrx_word' id='word_1_1826' title='bbox 1035 3168 1068 3194; x_wconf 91' lang='lat' dir='ltr'>ti-</span> 
     </span>
     <span class='ocr_line' id='line_1_144' title="bbox 13 3195 1064 3236; baseline 0.007 -14"><span class='ocrx_word' id='word_1_1827' title='bbox 13 3195 84 3222; x_wconf 84' lang='lat' dir='ltr'>muit</span> <span class='ocrx_word' id='word_1_1828' title='bbox 96 3200 181 3225; x_wconf 80' lang='lat' dir='ltr'>tecum</span> <span class='ocrx_word' id='word_1_1829' title='bbox 193 3199 264 3233; x_wconf 88' lang='lat' dir='ltr'>quod</span> <span class='ocrx_word' id='word_1_1830' title='bbox 276 3209 334 3227; x_wconf 90' lang='lat' dir='ltr'>mea</span> <span class='ocrx_word' id='word_1_1831' title='bbox 348 3199 437 3227; x_wconf 88' lang='lat' dir='ltr'>charta</span> <span class='ocrx_word' id='word_1_1832' title='bbox 451 3200 538 3236; x_wconf 85' lang='lat' dir='ltr'>loqui,</span> <span class='ocrx_word' id='word_1_1833' title='bbox 557 3201 576 3228; x_wconf 84' lang='lat' dir='ltr'>i.</span> <span class='ocrx_word' id='word_1_1834' title='bbox 587 3201 644 3236; x_wconf 80' lang='lat' dir='ltr'>plus</span> <span class='ocrx_word' id='word_1_1835' title='bbox 657 3209 729 3235; x_wconf 78' lang='lat' dir='ltr'>quam</span> <span class='ocrx_word' id='word_1_1836' title='bbox 741 3201 866 3236; x_wconf 80' lang='lat' dir='ltr'>virginem</span> <span class='ocrx_word' id='word_1_1837' title='bbox 892 3206 962 3229; x_wconf 77' lang='lat' dir='ltr'>decet</span> <span class='ocrx_word' id='word_1_1838' title='bbox 982 3203 1064 3229; x_wconf 90' lang='lat' dir='ltr'>Ouid.</span> 
     </span>
     <span class='ocr_line' id='line_1_145' title="bbox 13 3232 1067 3271; baseline 0.007 -12"><span class='ocrx_word' id='word_1_1839' title='bbox 13 3232 81 3259; x_wconf 86' lang='lat' dir='ltr'>Her.</span> <span class='ocrx_word' id='word_1_1840' title='bbox 95 3240 129 3265; x_wconf 86' lang='lat'>21,</span> <span class='ocrx_word' id='word_1_1841' title='bbox 142 3240 194 3266; x_wconf 84' lang='lat'>243.</span> <span class='ocrx_word' id='word_1_1842' title='bbox 262 3236 366 3263; x_wconf 68' lang='lat' dir='ltr'>Auetor</span> <span class='ocrx_word' id='word_1_1843' title='bbox 380 3236 412 3263; x_wconf 77' lang='lat' dir='ltr'>ad</span> <span class='ocrx_word' id='word_1_1844' title='bbox 427 3237 545 3264; x_wconf 74' lang='lat' dir='ltr'>Herenn,</span> <span class='ocrx_word' id='word_1_1845' title='bbox 554 3246 579 3270; x_wconf 81' lang='grc'><strong>4,</strong></span> <span class='ocrx_word' id='word_1_1846' title='bbox 591 3246 604 3269; x_wconf 93' lang='lat'><em>7</em></span> <span class='ocrx_word' id='word_1_1847' title='bbox 626 3236 755 3271; x_wconf 71' lang='lat' dir='ltr'>Qrisquis</span> <span class='ocrx_word' id='word_1_1848' title='bbox 768 3236 923 3265; x_wconf 87' lang='lat' dir='ltr'>audieritde</span> <span class='ocrx_word' id='word_1_1849' title='bbox 931 3245 985 3265; x_wconf 84' lang='lat' dir='ltr'>arte</span> <span class='ocrx_word' id='word_1_1850' title='bbox 995 3240 1067 3266; x_wconf 86' lang='lat' dir='ltr'>Paul-</span> 
     </span>
     <span class='ocr_line' id='line_1_146' title="bbox 13 3267 1067 3309; baseline 0.009 -16"><span class='ocrx_word' id='word_1_1851' title='bbox 13 3267 42 3294; x_wconf 90' lang='lat' dir='ltr'>lo</span> <span class='ocrx_word' id='word_1_1852' title='bbox 56 3267 113 3302; x_wconf 89' lang='lat' dir='ltr'>plus</span> <span class='ocrx_word' id='word_1_1853' title='bbox 127 3267 156 3294; x_wconf 88' lang='lat' dir='ltr'>in</span> <span class='ocrx_word' id='word_1_1854' title='bbox 170 3268 318 3299; x_wconf 87' lang='lat' dir='ltr'>elocutione</span> <span class='ocrx_word' id='word_1_1855' title='bbox 329 3272 494 3308; x_wconf 87' lang='lat' dir='ltr'>praesertim,</span> <span class='ocrx_word' id='word_1_1856' title='bbox 507 3272 598 3300; x_wconf 89' lang='lat' dir='ltr'>omnia</span> <span class='ocrx_word' id='word_1_1857' title='bbox 606 3272 698 3300; x_wconf 87' lang='lat' dir='ltr'>videre</span> <span class='ocrx_word' id='word_1_1858' title='bbox 711 3273 827 3309; x_wconf 82' lang='lat' dir='ltr'>poterit,</span> <span class='ocrx_word' id='word_1_1859' title='bbox 845 3281 892 3300; x_wconf 82' lang='lat' dir='ltr'>etc.</span> <span class='ocrx_word' id='word_1_1860' title='bbox 965 3275 1021 3302; x_wconf 91' lang='lat' dir='ltr'>Cic.</span> <span class='ocrx_word' id='word_1_1861' title='bbox 1036 3274 1067 3301; x_wconf 86' lang='lat' dir='ltr'>de</span> 
     </span>
    </p>
   </div>
   <div class='ocr_carea' id='block_1_59' title="bbox 16 3303 1108 3350">
    <p class='ocr_par' dir='ltr' id='par_1_66' title="bbox 16 3303 1108 3350">
     <span class='ocr_line' id='line_1_147' title="bbox 16 3303 1108 3350; baseline 0.006 -20"><span class='ocrx_word' id='word_1_1862' title='bbox 16 3303 81 3331; x_wconf 73' lang='lat' dir='ltr'>Nat.</span> <span class='ocrx_word' id='word_1_1863' title='bbox 96 3303 226 3335; x_wconf 63' lang='lat' dir='ltr'>Deor.1‚;&gt;</span> <span class='ocrx_word' id='word_1_1864' title='bbox 239 3305 289 3332; x_wconf 77' lang='lat' dir='ltr'>Res</span> <span class='ocrx_word' id='word_1_1865' title='bbox 303 3308 375 3335; x_wconf 89' lang='lat' dir='ltr'>nulla</span> <span class='ocrx_word' id='word_1_1866' title='bbox 389 3308 434 3343; x_wconf 86' lang='lat' dir='ltr'>est,</span> <span class='ocrx_word' id='word_1_1867' title='bbox 449 3308 481 3336; x_wconf 85' lang='lat' dir='ltr'>de</span> <span class='ocrx_word' id='word_1_1868' title='bbox 495 3317 546 3350; x_wconf 74' lang='lat' dir='ltr'>qua</span> <span class='ocrx_word' id='word_1_1869' title='bbox 564 3314 703 3349; x_wconf 79' lang='lat' dir='ltr'>tantopere</span> <span class='ocrx_word' id='word_1_1870' title='bbox 711 3318 764 3335; x_wconf 89' lang='lat' dir='ltr'>non</span> <span class='ocrx_word' id='word_1_1871' title='bbox 780 3309 864 3335; x_wconf 89' lang='lat' dir='ltr'>solum</span> <span class='ocrx_word' id='word_1_1872' title='bbox 874 3310 995 3342; x_wconf 61' lang='lat' dir='ltr'>indocili,</span> <span class='ocrx_word' id='word_1_1873' title='bbox 1025 3311 1068 3337; x_wconf 82' lang='lat' dir='ltr'>scd</span> <span class='ocrx_word' id='word_1_1874' title='bbox 1077 3314 1108 3343; x_wconf 75' lang='lat'>85</span> 
     </span>
    </p>
   </div>
   <div class='ocr_carea' id='block_1_60' title="bbox 2 3337 1066 3488">
    <p class='ocr_par' dir='ltr' id='par_1_67' title="bbox 2 3337 1066 3488">
     <span class='ocr_line' id='line_1_148' title="bbox 12 3337 1064 3380; baseline 0.006 -14"><span class='ocrx_word' id='word_1_1875' title='bbox 12 3338 94 3366; x_wconf 82' lang='lat' dir='ltr'>etiam</span> <span class='ocrx_word' id='word_1_1876' title='bbox 107 3338 181 3365; x_wconf 73' lang='grc' dir='ltr'>(1οὲἲί</span> <span class='ocrx_word' id='word_1_1877' title='bbox 192 3337 350 3378; x_wconf 64' lang='lat' dir='ltr'>dissentiant:</span> <span class='ocrx_word' id='word_1_1878' title='bbox 367 3352 484 3378; x_wconf 89' lang='lat' dir='ltr'>quorum</span> <span class='ocrx_word' id='word_1_1879' title='bbox 497 3353 639 3380; x_wconf 76' lang='lat' dir='ltr'>opiniones</span> <span class='ocrx_word' id='word_1_1880' title='bbox 655 3353 738 3379; x_wconf 89' lang='lat' dir='ltr'>quum</span> <span class='ocrx_word' id='word_1_1881' title='bbox 753 3350 806 3371; x_wconf 88' lang='lat' dir='ltr'>tam</span> <span class='ocrx_word' id='word_1_1882' title='bbox 820 3346 908 3373; x_wconf 85' lang='lat' dir='ltr'>variae</span> <span class='ocrx_word' id='word_1_1883' title='bbox 922 3346 980 3380; x_wconf 72' lang='lat' dir='ltr'>fine,</span> <span class='ocrx_word' id='word_1_1884' title='bbox 1000 3353 1064 3373; x_wconf 86' lang='lat' dir='ltr'>tam-</span> 
     </span>
     <span class='ocr_line' id='line_1_149' title="bbox 2 3373 1064 3417; baseline 0.006 -15"><span class='ocrx_word' id='word_1_1885' title='bbox 2 3383 66 3410; x_wconf 73' lang='lat' dir='ltr'>vque</span> <span class='ocrx_word' id='word_1_1886' title='bbox 79 3376 149 3402; x_wconf 89' lang='lat' dir='ltr'>inter</span> <span class='ocrx_word' id='word_1_1887' title='bbox 162 3375 187 3400; x_wconf 90' lang='lat' dir='ltr'>se</span> <span class='ocrx_word' id='word_1_1888' title='bbox 200 3373 351 3413; x_wconf 72' lang='lat' dir='ltr'>diffidentes,</span> <span class='ocrx_word' id='word_1_1889' title='bbox 367 3379 478 3407; x_wconf 86' lang='lat' dir='ltr'>alterum</span> <span class='ocrx_word' id='word_1_1890' title='bbox 492 3380 615 3416; x_wconf 60' lang='lat' dir='ltr'>profecto</span> <span class='ocrx_word' id='word_1_1891' title='bbox 628 3380 689 3408; x_wconf 82' lang='lat' dir='ltr'>fieri</span> <span class='ocrx_word' id='word_1_1892' title='bbox 709 3381 808 3417; x_wconf 88' lang='lat' dir='ltr'>potest,</span> <span class='ocrx_word' id='word_1_1893' title='bbox 829 3387 858 3407; x_wconf 88' lang='lat' dir='ltr'>vt</span> <span class='ocrx_word' id='word_1_1894' title='bbox 872 3391 963 3410; x_wconf 86' lang='lat' dir='ltr'>earum</span> <span class='ocrx_word' id='word_1_1895' title='bbox 984 3383 1064 3415; x_wconf 86' lang='lat' dir='ltr'>nulla,</span> 
     </span>
     <span class='ocr_line' id='line_1_150' title="bbox 12 3411 1063 3452; baseline 0.008 -16"><span class='ocrx_word' id='word_1_1896' title='bbox 12 3411 127 3438; x_wconf 78' lang='lat' dir='ltr'>alterum</span> <span class='ocrx_word' id='word_1_1897' title='bbox 139 3416 209 3437; x_wconf 86' lang='lat' dir='ltr'>certe</span> <span class='ocrx_word' id='word_1_1898' title='bbox 223 3418 278 3436; x_wconf 86' lang='lat' dir='ltr'>non</span> <span class='ocrx_word' id='word_1_1899' title='bbox 293 3414 381 3448; x_wconf 84' lang='lat' dir='ltr'>potest,</span> <span class='ocrx_word' id='word_1_1900' title='bbox 398 3421 426 3443; x_wconf 94' lang='lat' dir='ltr'>vt</span> <span class='ocrx_word' id='word_1_1901' title='bbox 441 3417 498 3451; x_wconf 90' lang='lat' dir='ltr'>plus</span> <span class='ocrx_word' id='word_1_1902' title='bbox 512 3425 564 3444; x_wconf 87' lang='lat' dir='ltr'>vna</span> <span class='ocrx_word' id='word_1_1903' title='bbox 577 3426 640 3444; x_wconf 87' lang='lat' dir='ltr'>vera</span> <span class='ocrx_word' id='word_1_1904' title='bbox 655 3416 694 3444; x_wconf 84' lang='lat' dir='ltr'>fit.</span> <span class='ocrx_word' id='word_1_1905' title='bbox 768 3419 826 3444; x_wconf 91' lang='lat' dir='ltr'>Vna</span> <span class='ocrx_word' id='word_1_1906' title='bbox 847 3418 903 3452; x_wconf 84' lang='lat' dir='ltr'>plus</span> <span class='ocrx_word' id='word_1_1907' title='bbox 923 3428 966 3445; x_wconf 90' lang='lat' dir='ltr'>me</span> <span class='ocrx_word' id='word_1_1908' title='bbox 985 3419 1063 3446; x_wconf 54' lang='lat' dir='ltr'>nocie</span> 
     </span>
     <span class='ocr_line' id='line_1_151' title="bbox 13 3447 1066 3488; baseline 0.006 -15"><span class='ocrx_word' id='word_1_1909' title='bbox 13 3447 106 3474; x_wconf 80' lang='lat' dir='ltr'>ciuitas</span> <span class='ocrx_word' id='word_1_1910' title='bbox 120 3447 236 3474; x_wconf 88' lang='lat' dir='ltr'>retinere</span> <span class='ocrx_word' id='word_1_1911' title='bbox 249 3454 305 3473; x_wconf 92' lang='lat' dir='ltr'>non</span> <span class='ocrx_word' id='word_1_1912' title='bbox 319 3450 403 3481; x_wconf 84' lang='lat' dir='ltr'>potuit</span> <span class='ocrx_word' id='word_1_1913' title='bbox 420 3452 478 3479; x_wconf 90' lang='lat' dir='ltr'>Cic.</span> <span class='ocrx_word' id='word_1_1914' title='bbox 496 3452 609 3488; x_wconf 87' lang='lat' dir='ltr'>Philipp.</span> <span class='ocrx_word' id='word_1_1915' title='bbox 626 3463 644 3487; x_wconf 88' lang='lat'>1,</span> <span class='ocrx_word' id='word_1_1916' title='bbox 659 3462 672 3486; x_wconf 86' lang='lat'>7</span> <span class='ocrx_word' id='word_1_1917' title='bbox 882 3463 895 3480; x_wconf 89' lang='lat'><strong>2</strong></span> <span class='ocrx_word' id='word_1_1918' title='bbox 920 3455 988 3488; x_wconf 85' lang='lat' dir='ltr'>Plus,</span> <span class='ocrx_word' id='word_1_1919' title='bbox 1011 3464 1066 3479; x_wconf 68' lang='lat' dir='ltr'>wr-</span> 
     </span>
    </p>
   </div>
   <div class='ocr_carea' id='block_1_61' title="bbox 12 3473 1114 3525">
    <p class='ocr_par' dir='ltr' id='par_1_68' title="bbox 12 3473 1114 3525">
     <span class='ocr_line' id='line_1_152' title="bbox 12 3473 1114 3525; baseline 0.006 -14"><span class='ocrx_word' id='word_1_1920' title='bbox 12 3483 53 3509; x_wconf 71' lang='lat' dir='ltr'>bis</span> <span class='ocrx_word' id='word_1_1921' title='bbox 63 3483 179 3510; x_wconf 75' lang='lat' dir='ltr'>ium‘lum·</span> <span class='ocrx_word' id='word_1_1922' title='bbox 215 3482 283 3509; x_wconf 70' lang='lat' dir='ltr'>Tel·-</span> <span class='ocrx_word' id='word_1_1923' title='bbox 298 3482 392 3511; x_wconf 59' lang='lat' dir='ltr'><strong>Hffiut-</strong></span> <span class='ocrx_word' id='word_1_1924' title='bbox 407 3494 428 3519; x_wconf 76' lang='lat'>2,</span> <span class='ocrx_word' id='word_1_1925' title='bbox 443 3497 461 3520; x_wconf 85' lang='grc' dir='ltr'><strong>ι,</strong></span> <span class='ocrx_word' id='word_1_1926' title='bbox 473 3494 486 3518; x_wconf 90' lang='lat'>8</span> <span class='ocrx_word' id='word_1_1927' title='bbox 507 3489 531 3515; x_wconf 92' lang='lat' dir='ltr'>Is</span> <span class='ocrx_word' id='word_1_1928' title='bbox 550 3490 619 3515; x_wconf 91' lang='lat' dir='ltr'>mihi</span> <span class='ocrx_word' id='word_1_1929' title='bbox 637 3473 685 3516; x_wconf 83' lang='lat' dir='ltr'>vbi</span> <span class='ocrx_word' id='word_1_1930' title='bbox 704 3488 806 3516; x_wconf 82' lang='lat' dir='ltr'>adbibit</span> <span class='ocrx_word' id='word_1_1931' title='bbox 821 3490 879 3524; x_wconf 86' lang='lat' dir='ltr'>plus</span> <span class='ocrx_word' id='word_1_1932' title='bbox 897 3491 1001 3525; x_wconf 75' lang='lat' dir='ltr'>paullo,</span> <span class='ocrx_word' id='word_1_1933' title='bbox 1022 3491 1064 3516; x_wconf 82' lang='lat' dir='ltr'>sua</span> <span class='ocrx_word' id='word_1_1934' title='bbox 1077 3499 1114 3525; x_wconf 91' lang='lat'>90</span> 
     </span>
    </p>
   </div>
   <div class='ocr_carea' id='block_1_62' title="bbox 4 3518 1063 3662">
    <p class='ocr_par' dir='ltr' id='par_1_69' title="bbox 4 3518 1063 3662">
     <span class='ocr_line' id='line_1_153' title="bbox 13 3518 1062 3560; baseline 0.007 -14"><span class='ocrx_word' id='word_1_1935' title='bbox 13 3523 80 3554; x_wconf 81' lang='lat' dir='ltr'>quae</span> <span class='ocrx_word' id='word_1_1936' title='bbox 91 3526 180 3546; x_wconf 86' lang='lat' dir='ltr'>narrat</span> <span class='ocrx_word' id='word_1_1937' title='bbox 191 3518 329 3546; x_wconf 71' lang='lat' dir='ltr'>facium-213</span> <span class='ocrx_word' id='word_1_1938' title='bbox 399 3520 528 3556; x_wconf 71' lang='lat' dir='ltr'>Vigilabis</span> <span class='ocrx_word' id='word_1_1939' title='bbox 546 3525 634 3552; x_wconf 79' lang='lat' dir='ltr'>laffus:</span> <span class='ocrx_word' id='word_1_1940' title='bbox 661 3524 711 3552; x_wconf 89' lang='lat' dir='ltr'>hoc</span> <span class='ocrx_word' id='word_1_1941' title='bbox 733 3526 791 3560; x_wconf 85' lang='lat' dir='ltr'>plus</span> <span class='ocrx_word' id='word_1_1942' title='bbox 805 3526 894 3553; x_wconf 80' lang='lat' dir='ltr'>Facies</span> <span class='ocrx_word' id='word_1_1943' title='bbox 911 3527 979 3554; x_wconf 87' lang='lat' dir='ltr'>Ter.</span> <span class='ocrx_word' id='word_1_1944' title='bbox 996 3527 1062 3553; x_wconf 72' lang='lat' dir='ltr'>Eun.</span> 
     </span>
     <span class='ocr_line' id='line_1_154' title="bbox 11 3553 1063 3590; baseline 0.007 -9"><span class='ocrx_word' id='word_1_1945' title='bbox 11 3563 36 3587; x_wconf 83' lang='lat'>2,</span> <span class='ocrx_word' id='word_1_1946' title='bbox 53 3565 70 3590; x_wconf 73' lang='grc' dir='ltr'>ι,</span> <span class='ocrx_word' id='word_1_1947' title='bbox 85 3565 116 3587; x_wconf 90' lang='grc' dir='ltr'>ις.</span> <span class='ocrx_word' id='word_1_1948' title='bbox 135 3556 154 3582; x_wconf 82' lang='lat' dir='ltr'>i.</span> <span class='ocrx_word' id='word_1_1949' title='bbox 167 3553 349 3589; x_wconf 65' lang='grc' dir='ltr'>πλισνεκτίσειε,</span> <span class='ocrx_word' id='word_1_1950' title='bbox 371 3555 517 3585; x_wconf 74' lang='lat' dir='ltr'>lucraberis.-</span> <span class='ocrx_word' id='word_1_1951' title='bbox 535 3561 588 3588; x_wconf 83' lang='lat' dir='ltr'>vid.</span> <span class='ocrx_word' id='word_1_1952' title='bbox 604 3561 646 3588; x_wconf 87' lang='lat' dir='ltr'>Fr.</span> <span class='ocrx_word' id='word_1_1953' title='bbox 661 3562 762 3588; x_wconf 64' lang='lat' dir='ltr'>fabric.</span> <span class='ocrx_word' id='word_1_1954' title='bbox 835 3563 890 3589; x_wconf 82' lang='lat' dir='ltr'>Cic.</span> <span class='ocrx_word' id='word_1_1955' title='bbox 911 3562 942 3589; x_wconf 90' lang='lat' dir='ltr'>de</span> <span class='ocrx_word' id='word_1_1956' title='bbox 956 3562 1063 3588; x_wconf 80' lang='lat' dir='ltr'>Amicit.</span> 
     </span>
     <span class='ocr_line' id='line_1_155' title="bbox 4 3590 1062 3632; baseline 0.007 -16"><span class='ocrx_word' id='word_1_1957' title='bbox 4 3599 40 3623; x_wconf 59' lang='lat'>137</span> <span class='ocrx_word' id='word_1_1958' title='bbox 58 3592 88 3618; x_wconf 91' lang='lat' dir='ltr'>Et</span> <span class='ocrx_word' id='word_1_1959' title='bbox 101 3591 192 3618; x_wconf 89' lang='lat' dir='ltr'>hercle</span> <span class='ocrx_word' id='word_1_1960' title='bbox 211 3591 246 3618; x_wconf 81' lang='lat' dir='ltr'>ita</span> <span class='ocrx_word' id='word_1_1961' title='bbox 258 3591 330 3623; x_wconf 80' lang='lat' dir='ltr'>fecit,</span> <span class='ocrx_word' id='word_1_1962' title='bbox 349 3590 392 3617; x_wconf 88' lang='lat' dir='ltr'>vel</span> <span class='ocrx_word' id='word_1_1963' title='bbox 407 3590 464 3625; x_wconf 79' lang='lat' dir='ltr'>plus</span> <span class='ocrx_word' id='word_1_1964' title='bbox 477 3593 555 3622; x_wconf 78' lang='lat' dir='ltr'>etiain</span> <span class='ocrx_word' id='word_1_1965' title='bbox 566 3605 646 3631; x_wconf 89' lang='lat' dir='ltr'>quam</span> <span class='ocrx_word' id='word_1_1966' title='bbox 657 3596 736 3624; x_wconf 87' lang='lat' dir='ltr'>dixit.</span> <span class='ocrx_word' id='word_1_1967' title='bbox 810 3598 892 3625; x_wconf 86' lang='lat' dir='ltr'>Plaut.</span> <span class='ocrx_word' id='word_1_1968' title='bbox 903 3599 989 3626; x_wconf 83' lang='lat' dir='ltr'>Truc.</span> <span class='ocrx_word' id='word_1_1969' title='bbox 1004 3608 1027 3632; x_wconf 65' lang='lat'>4,</span> <span class='ocrx_word' id='word_1_1970' title='bbox 1041 3607 1062 3631; x_wconf 87' lang='lat'>2,</span> 
     </span>
     <span class='ocr_line' id='line_1_156' title="bbox 13 3626 1063 3662; baseline 0.007 -10"><span class='ocrx_word' id='word_1_1971' title='bbox 13 3635 55 3653; x_wconf 84' lang='lat'>20.</span> <span class='ocrx_word' id='word_1_1972' title='bbox 92 3629 167 3657; x_wconf 84' lang='lat' dir='ltr'>Adol.</span> <span class='ocrx_word' id='word_1_1973' title='bbox 186 3627 246 3654; x_wconf 85' lang='lat' dir='ltr'>Plus</span> <span class='ocrx_word' id='word_1_1974' title='bbox 262 3627 336 3654; x_wconf 84' lang='lat' dir='ltr'>dedi:</span> <span class='ocrx_word' id='word_1_1975' title='bbox 362 3626 473 3662; x_wconf 83' lang='lat' dir='ltr'>respond.</span> <span class='ocrx_word' id='word_1_1976' title='bbox 496 3629 554 3656; x_wconf 86' lang='lat' dir='ltr'>Plus</span> <span class='ocrx_word' id='word_1_1977' title='bbox 573 3633 646 3659; x_wconf 85' lang='lat' dir='ltr'>enim</span> <span class='ocrx_word' id='word_1_1978' title='bbox 666 3642 693 3660; x_wconf 85' lang='lat' dir='ltr'>es</span> <span class='ocrx_word' id='word_1_1979' title='bbox 713 3633 885 3661; x_wconf 82' lang='lat' dir='ltr'>intromissus.</span> <span class='ocrx_word' id='word_1_1980' title='bbox 959 3634 1063 3660; x_wconf 75' lang='lat' dir='ltr'>Noceas</span> 
     </span>
    </p>
   </div>
   <div class='ocr_carea' id='block_1_63' title="bbox 12 3661 1117 3706">
    <p class='ocr_par' dir='ltr' id='par_1_70' title="bbox 12 3661 1117 3706">
     <span class='ocr_line' id='line_1_157' title="bbox 12 3661 1117 3706; baseline 0.007 -18"><span class='ocrx_word' id='word_1_1981' title='bbox 12 3661 72 3696; x_wconf 81' lang='lat' dir='ltr'>plus</span> <span class='ocrx_word' id='word_1_1982' title='bbox 84 3662 144 3695; x_wconf 88' lang='lat' dir='ltr'>tibi,</span> <span class='ocrx_word' id='word_1_1983' title='bbox 161 3662 224 3690; x_wconf 86' lang='lat' dir='ltr'>dum</span> <span class='ocrx_word' id='word_1_1984' title='bbox 243 3663 323 3690; x_wconf 89' lang='lat' dir='ltr'>ferias</span> <span class='ocrx_word' id='word_1_1985' title='bbox 337 3662 397 3689; x_wconf 89' lang='lat' dir='ltr'>illos</span> <span class='ocrx_word' id='word_1_1986' title='bbox 418 3662 498 3690; x_wconf 85' lang='lat' dir='ltr'>Plaut.</span> <span class='ocrx_word' id='word_1_1987' title='bbox 511 3664 596 3693; x_wconf 80' lang='lat' dir='ltr'>Pseud.</span> <span class='ocrx_word' id='word_1_1988' title='bbox 611 3678 629 3705; x_wconf 84' lang='lat'>!’</span> <span class='ocrx_word' id='word_1_1989' title='bbox 649 3678 671 3702; x_wconf 85' lang='lat'>2,</span> <span class='ocrx_word' id='word_1_1990' title='bbox 691 3679 711 3701; x_wconf 84' lang='lat'>5.</span> <span class='ocrx_word' id='word_1_1991' title='bbox 784 3670 892 3697; x_wconf 82' lang='lat' dir='ltr'>Proficit</span> <span class='ocrx_word' id='word_1_1992' title='bbox 911 3671 968 3706; x_wconf 78' lang='lat' dir='ltr'>plus</span> <span class='ocrx_word' id='word_1_1993' title='bbox 987 3670 1062 3704; x_wconf 81' lang='lat' dir='ltr'>saepe</span> <span class='ocrx_word' id='word_1_1994' title='bbox 1079 3678 1117 3705; x_wconf 26' lang='lat'>95-</span> 
     </span>
    </p>
   </div>
   <div class='ocr_carea' id='block_1_64' title="bbox 11 3696 1061 3848">
    <p class='ocr_par' dir='ltr' id='par_1_71' title="bbox 11 3696 1061 3848">
     <span class='ocr_line' id='line_1_158' title="bbox 13 3696 1061 3741; baseline 0.01 -18"><span class='ocrx_word' id='word_1_1995' title='bbox 13 3696 47 3723; x_wconf 83' lang='lat' dir='ltr'>ad</span> <span class='ocrx_word' id='word_1_1996' title='bbox 59 3698 267 3725; x_wconf 87' lang='lat' dir='ltr'>misericordiam</span> <span class='ocrx_word' id='word_1_1997' title='bbox 281 3699 503 3727; x_wconf 82' lang='lat' dir='ltr'>commonendam</span> <span class='ocrx_word' id='word_1_1998' title='bbox 517 3699 600 3731; x_wconf 81' lang='lat' dir='ltr'>virtus</span> <span class='ocrx_word' id='word_1_1999' title='bbox 614 3710 640 3730; x_wconf 85' lang='lat' dir='ltr'>ct</span> <span class='ocrx_word' id='word_1_2000' title='bbox 649 3705 856 3741; x_wconf 82' lang='lat' dir='ltr'>magnificentia,</span> <span class='ocrx_word' id='word_1_2001' title='bbox 876 3707 961 3740; x_wconf 80' lang='lat' dir='ltr'>inqua</span> <span class='ocrx_word' id='word_1_2002' title='bbox 975 3706 1061 3740; x_wconf 80' lang='lat' dir='ltr'>graui-</span> 
     </span>
     <span class='ocr_line' id='line_1_159' title="bbox 13 3733 1060 3774; baseline 0.01 -16"><span class='ocrx_word' id='word_1_2003' title='bbox 13 3738 52 3758; x_wconf 86' lang='lat' dir='ltr'>tas</span> <span class='ocrx_word' id='word_1_2004' title='bbox 66 3739 92 3759; x_wconf 90' lang='lat' dir='ltr'>et</span> <span class='ocrx_word' id='word_1_2005' title='bbox 102 3733 243 3761; x_wconf 55' lang='lat' dir='ltr'>auffioritas</span> <span class='ocrx_word' id='word_1_2006' title='bbox 257 3735 302 3765; x_wconf 84' lang='lat' dir='ltr'>est,</span> <span class='ocrx_word' id='word_1_2007' title='bbox 321 3744 400 3770; x_wconf 86' lang='lat' dir='ltr'>quam</span> <span class='ocrx_word' id='word_1_2008' title='bbox 413 3735 547 3762; x_wconf 87' lang='lat' dir='ltr'>humilitas</span> <span class='ocrx_word' id='word_1_2009' title='bbox 554 3742 580 3762; x_wconf 84' lang='lat' dir='ltr'>et</span> <span class='ocrx_word' id='word_1_2010' title='bbox 592 3738 735 3767; x_wconf 85' lang='lat' dir='ltr'>obsecratio</span> <span class='ocrx_word' id='word_1_2011' title='bbox 754 3742 810 3768; x_wconf 86' lang='lat' dir='ltr'>Cic.</span> <span class='ocrx_word' id='word_1_2012' title='bbox 825 3743 856 3768; x_wconf 90' lang='lat' dir='ltr'>de</span> <span class='ocrx_word' id='word_1_2013' title='bbox 866 3744 969 3769; x_wconf 74' lang='lat' dir='ltr'>Inucnt.</span> <span class='ocrx_word' id='word_1_2014' title='bbox 987 3752 1003 3774; x_wconf 85' lang='lat'>1,</span> <span class='ocrx_word' id='word_1_2015' title='bbox 1013 3751 1060 3769; x_wconf 87' lang='lat'>110.</span> 
     </span>
     <span class='ocr_line' id='line_1_160' title="bbox 13 3768 1060 3808; baseline 0.01 -14"><span class='ocrx_word' id='word_1_2016' title='bbox 13 3768 82 3795; x_wconf 86' lang='lat' dir='ltr'>Ter.</span> <span class='ocrx_word' id='word_1_2017' title='bbox 96 3768 203 3803; x_wconf 85' lang='lat' dir='ltr'>Adelph.</span> <span class='ocrx_word' id='word_1_2018' title='bbox 218 3780 239 3803; x_wconf 86' lang='lat'>5,</span> <span class='ocrx_word' id='word_1_2019' title='bbox 254 3781 279 3804; x_wconf 79' lang='lat'>9,</span> <span class='ocrx_word' id='word_1_2020' title='bbox 293 3781 321 3805; x_wconf 77' lang='lat'>39</span> <span class='ocrx_word' id='word_1_2021' title='bbox 340 3771 398 3798; x_wconf 84' lang='lat' dir='ltr'>Plus</span> <span class='ocrx_word' id='word_1_2022' title='bbox 413 3771 460 3797; x_wconf 88' lang='lat' dir='ltr'>scis</span> <span class='ocrx_word' id='word_1_2023' title='bbox 473 3771 535 3806; x_wconf 89' lang='lat' dir='ltr'>quid</span> <span class='ocrx_word' id='word_1_2024' title='bbox 550 3771 622 3798; x_wconf 68' lang='lat' dir='ltr'>fatte</span> <span class='ocrx_word' id='word_1_2025' title='bbox 632 3783 697 3808; x_wconf 89' lang='lat' dir='ltr'>opus</span> <span class='ocrx_word' id='word_1_2026' title='bbox 711 3777 755 3804; x_wconf 85' lang='lat' dir='ltr'>est.</span> <span class='ocrx_word' id='word_1_2027' title='bbox 829 3779 888 3805; x_wconf 84' lang='lat' dir='ltr'>N&#39;ui</span> <span class='ocrx_word' id='word_1_2028' title='bbox 905 3778 1060 3804; x_wconf 83' lang='lat' dir='ltr'>liberatores</span> 
     </span>
     <span class='ocr_line' id='line_1_161' title="bbox 11 3804 1061 3848; baseline 0.01 -18"><span class='ocrx_word' id='word_1_2029' title='bbox 11 3804 107 3838; x_wconf 85' lang='lat' dir='ltr'>Populi</span> <span class='ocrx_word' id='word_1_2030' title='bbox 121 3805 196 3838; x_wconf 83' lang='lat' dir='ltr'>Rom.</span> <span class='ocrx_word' id='word_1_2031' title='bbox 210 3805 258 3832; x_wconf 82' lang='lat' dir='ltr'>fint</span> <span class='ocrx_word' id='word_1_2032' title='bbox 270 3808 442 3840; x_wconf 63' lang='lat' dir='ltr'>ionerfecZw-es</span> <span class='ocrx_word' id='word_1_2033' title='bbox 454 3808 581 3842; x_wconf 68' lang='lat' dir='ltr'>Caesaris,</span> <span class='ocrx_word' id='word_1_2034' title='bbox 607 3808 663 3841; x_wconf 84' lang='lat' dir='ltr'>plus</span> <span class='ocrx_word' id='word_1_2035' title='bbox 685 3817 762 3844; x_wconf 85' lang='lat' dir='ltr'>quam</span> <span class='ocrx_word' id='word_1_2036' title='bbox 780 3813 895 3848; x_wconf 81' lang='lat' dir='ltr'>ficarios,</span> <span class='ocrx_word' id='word_1_2037' title='bbox 910 3814 967 3848; x_wconf 79' lang='lat' dir='ltr'>plus</span> <span class='ocrx_word' id='word_1_2038' title='bbox 981 3823 1061 3848; x_wconf 86' lang='lat' dir='ltr'>quam</span> 
     </span>
    </p>
   </div>
   <div class='ocr_carea' id='block_1_65' title="bbox 1125 3527 2186 3674">
    <p class='ocr_par' dir='ltr' id='par_1_72' title="bbox 1125 3527 2186 3674">
     <span class='ocr_line' id='line_1_162' title="bbox 1125 3527 1874 3564; baseline 0.004 -10"><span class='ocrx_word' id='word_1_2039' title='bbox 1125 3527 1266 3563; x_wconf 83' lang='lat' dir='ltr'>pluraliter</span> <span class='ocrx_word' id='word_1_2040' title='bbox 1278 3529 1395 3556; x_wconf 83' lang='lat' dir='ltr'>dicamus</span> <span class='ocrx_word' id='word_1_2041' title='bbox 1418 3530 1561 3564; x_wconf 70' lang='lat' dir='ltr'>Qrin&amp;.8‚</span> <span class='ocrx_word' id='word_1_2042' title='bbox 1574 3540 1636 3563; x_wconf 74' lang='lat'>3‚35.</span> <span class='ocrx_word' id='word_1_2043' title='bbox 1674 3530 1806 3557; x_wconf 79' lang='lat' dir='ltr'>Charisius</span> <span class='ocrx_word' id='word_1_2044' title='bbox 1822 3543 1826 3556; x_wconf 73' lang='lat' dir='ltr'>r</span> <span class='ocrx_word' id='word_1_2045' title='bbox 1867 3553 1874 3560; x_wconf 83' lang='lat'>.</span> 
     </span>
     <span class='ocr_line' id='line_1_163' title="bbox 1125 3541 2186 3605; baseline 0.006 -14"><span class='ocrx_word' id='word_1_2046' title='bbox 1125 3564 1162 3598; x_wconf 82' lang='lat' dir='ltr'>gi,</span> <span class='ocrx_word' id='word_1_2047' title='bbox 1182 3570 1266 3599; x_wconf 86' lang='lat' dir='ltr'>tergo.</span> <span class='ocrx_word' id='word_1_2048' title='bbox 1311 3566 1450 3593; x_wconf 85' lang='lat' dir='ltr'>Pluraliter</span> <span class='ocrx_word' id='word_1_2049' title='bbox 1462 3566 1524 3593; x_wconf 88' lang='lat' dir='ltr'>haec</span> <span class='ocrx_word' id='word_1_2050' title='bbox 1539 3574 1626 3601; x_wconf 84' lang='lat' dir='ltr'>terga,</span> <span class='ocrx_word' id='word_1_2051' title='bbox 1646 3572 1780 3600; x_wconf 85' lang='lat' dir='ltr'>tergorum</span> <span class='ocrx_word' id='word_1_2052' title='bbox 1795 3541 1933 3602; x_wconf 57' lang='lat' dir='ltr'>producte.</span> <span class='ocrx_word' id='word_1_2053' title='bbox 1972 3569 2090 3605; x_wconf 49' lang='lat' dir='ltr'>Tagus,</span> <span class='ocrx_word' id='word_1_2054' title='bbox 2106 3571 2186 3597; x_wconf 84' lang='lat' dir='ltr'>huius</span> 
     </span>
     <span class='ocr_line' id='line_1_164' title="bbox 1125 3601 2185 3639; baseline 0.006 -13"><span class='ocrx_word' id='word_1_2055' title='bbox 1125 3601 1239 3635; x_wconf 80' lang='lat' dir='ltr'>tergoris</span> <span class='ocrx_word' id='word_1_2056' title='bbox 1249 3601 1330 3633; x_wconf 79' lang='lat' dir='ltr'>facit3</span> <span class='ocrx_word' id='word_1_2057' title='bbox 1351 3602 1491 3637; x_wconf 84' lang='lat' dir='ltr'>pluraliter</span> <span class='ocrx_word' id='word_1_2058' title='bbox 1506 3602 1760 3636; x_wconf 76' lang='lat' dir='ltr'>tergora,Genitiuo</span> <span class='ocrx_word' id='word_1_2059' title='bbox 1767 3609 1904 3637; x_wconf 69' lang='lat' dir='ltr'>tergorum</span> <span class='ocrx_word' id='word_1_2060' title='bbox 1914 3614 2044 3639; x_wconf 85' lang='lat' dir='ltr'>correpte.</span> <span class='ocrx_word' id='word_1_2061' title='bbox 2083 3607 2123 3632; x_wconf 71' lang='lat' dir='ltr'>si.-</span> <span class='ocrx_word' id='word_1_2062' title='bbox 2136 3607 2185 3632; x_wconf 81' lang='lat' dir='ltr'>ali-</span> 
     </span>
     <span class='ocr_line' id='line_1_165' title="bbox 1125 3636 2112 3674; baseline 0.008 -13"><span class='ocrx_word' id='word_1_2063' title='bbox 1125 3636 1150 3661; x_wconf 83' lang='lat' dir='ltr'>bi</span> <span class='ocrx_word' id='word_1_2064' title='bbox 1161 3636 1323 3671; x_wconf 76' lang='lat' dir='ltr'>frequenter.</span> <span class='ocrx_word' id='word_1_2065' title='bbox 1363 3638 1501 3664; x_wconf 85' lang='lat' dir='ltr'>Tonitrua</span> <span class='ocrx_word' id='word_1_2066' title='bbox 1514 3646 1561 3664; x_wconf 74' lang='lat' dir='ltr'>nos</span> <span class='ocrx_word' id='word_1_2067' title='bbox 1575 3638 1714 3672; x_wconf 76' lang='lat' dir='ltr'>pluraliter</span> <span class='ocrx_word' id='word_1_2068' title='bbox 1727 3637 1840 3666; x_wconf 76' lang='lat' dir='ltr'>dicimus</span> <span class='ocrx_word' id='word_1_2069' title='bbox 1860 3640 1918 3667; x_wconf 86' lang='lat' dir='ltr'>Sen.</span> <span class='ocrx_word' id='word_1_2070' title='bbox 1938 3642 1972 3674; x_wconf 75' lang='lat' dir='ltr'>Q</span> <span class='ocrx_word' id='word_1_2071' title='bbox 1985 3642 2021 3668; x_wconf 93' lang='lat' dir='ltr'>N.</span> <span class='ocrx_word' id='word_1_2072' title='bbox 2036 3652 2058 3674; x_wconf 86' lang='lat'>2,</span> <span class='ocrx_word' id='word_1_2073' title='bbox 2072 3645 2112 3674; x_wconf 83' lang='lat'>56.</span> 
     </span>
    </p>
   </div>
   <div class='ocr_carea' id='block_1_66' title="bbox 1127 3169 2192 3304">
    <p class='ocr_par' dir='ltr' id='par_1_73' title="bbox 1127 3169 2192 3304">
     <span class='ocr_line' id='line_1_166' title="bbox 1130 3169 2192 3210; baseline 0.008 -17"><span class='ocrx_word' id='word_1_2074' title='bbox 1130 3176 1150 3204; x_wconf 75' lang='grc' dir='ltr'>ι,</span> <span class='ocrx_word' id='word_1_2075' title='bbox 1165 3176 1188 3201; x_wconf 74' lang='grc' dir='ltr'>ς,</span> <span class='ocrx_word' id='word_1_2076' title='bbox 1205 3171 1229 3194; x_wconf 84' lang='grc' dir='ltr'>ι6</span> <span class='ocrx_word' id='word_1_2077' title='bbox 1256 3169 1371 3196; x_wconf 86' lang='lat' dir='ltr'>Pluralia</span> <span class='ocrx_word' id='word_1_2078' title='bbox 1395 3169 1562 3205; x_wconf 71' lang='lat' dir='ltr'>singulariter</span> <span class='ocrx_word' id='word_1_2079' title='bbox 1579 3173 1681 3201; x_wconf 82' lang='lat' dir='ltr'>efferre.</span> <span class='ocrx_word' id='word_1_2080' title='bbox 1754 3175 1775 3200; x_wconf 82' lang='lat' dir='ltr'>A</span> <span class='ocrx_word' id='word_1_2081' title='bbox 1794 3173 1916 3208; x_wconf 74' lang='lat' dir='ltr'>singulari</span> <span class='ocrx_word' id='word_1_2082' title='bbox 1934 3175 1991 3201; x_wconf 88' lang='lat' dir='ltr'>casu</span> <span class='ocrx_word' id='word_1_2083' title='bbox 2008 3175 2039 3201; x_wconf 90' lang='lat' dir='ltr'>ad</span> <span class='ocrx_word' id='word_1_2084' title='bbox 2063 3176 2192 3210; x_wconf 79' lang='lat' dir='ltr'>pluralem</span> 
     </span>
     <span class='ocr_line' id='line_1_167' title="bbox 1129 3204 2190 3247; baseline 0.01 -18"><span class='ocrx_word' id='word_1_2085' title='bbox 1129 3204 1238 3230; x_wconf 59' lang='lat' dir='ltr'>transire</span> <span class='ocrx_word' id='word_1_2086' title='bbox 1259 3206 1390 3239; x_wconf 82' lang='lat' dir='ltr'>Pompon.</span> <span class='ocrx_word' id='word_1_2087' title='bbox 1404 3205 1434 3233; x_wconf 87' lang='lat' dir='ltr'>in</span> <span class='ocrx_word' id='word_1_2088' title='bbox 1447 3207 1464 3233; x_wconf 91' lang='lat' dir='ltr'>l.</span> <span class='ocrx_word' id='word_1_2089' title='bbox 1485 3208 1593 3235; x_wconf 83' lang='lat' dir='ltr'>Seruius</span> <span class='ocrx_word' id='word_1_2090' title='bbox 1615 3209 1652 3236; x_wconf 90' lang='lat' dir='ltr'>ait</span> <span class='ocrx_word' id='word_1_2091' title='bbox 1673 3210 1704 3237; x_wconf 94' lang='lat' dir='ltr'>D.</span> <span class='ocrx_word' id='word_1_2092' title='bbox 1718 3209 1750 3236; x_wconf 84' lang='lat' dir='ltr'>dc</span> <span class='ocrx_word' id='word_1_2093' title='bbox 1765 3209 1838 3237; x_wconf 84' lang='lat' dir='ltr'>verb.</span> <span class='ocrx_word' id='word_1_2094' title='bbox 1853 3210 1939 3244; x_wconf 83' lang='lat' dir='ltr'>lignis.</span> <span class='ocrx_word' id='word_1_2095' title='bbox 1977 3212 2089 3238; x_wconf 87' lang='lat' dir='ltr'>Datiuus</span> <span class='ocrx_word' id='word_1_2096' title='bbox 2104 3213 2190 3247; x_wconf 78' lang='lat' dir='ltr'>plura-</span> 
     </span>
     <span class='ocr_line' id='line_1_168' title="bbox 1127 3240 2191 3304; baseline 0.011 -39"><span class='ocrx_word' id='word_1_2097' title='bbox 1127 3240 1418 3304; x_wconf 45' lang='lat' dir='ltr'>iizsedssssii-tzliansamm·</span> <span class='ocrx_word' id='word_1_2098' title='bbox 1434 3252 1453 3276; x_wconf 86' lang='lat'>1,</span> <span class='ocrx_word' id='word_1_2099' title='bbox 1466 3253 1489 3277; x_wconf 83' lang='lat'>4.</span> <span class='ocrx_word' id='word_1_2100' title='bbox 1567 3246 1675 3271; x_wconf 73' lang='lat' dir='ltr'>Vtuntur</span> <span class='ocrx_word' id='word_1_2101' title='bbox 1696 3245 1828 3279; x_wconf 68' lang='lat' dir='ltr'>Qrinffll.</span> <span class='ocrx_word' id='word_1_2102' title='bbox 1842 3252 1866 3280; x_wconf 85' lang='lat'>8,</span> <span class='ocrx_word' id='word_1_2103' title='bbox 1882 3248 1908 3277; x_wconf 82' lang='lat'>6,</span> <span class='ocrx_word' id='word_1_2104' title='bbox 1920 3252 1955 3276; x_wconf 89' lang='lat'>28.</span> <span class='ocrx_word' id='word_1_2105' title='bbox 2002 3246 2106 3275; x_wconf 74' lang='lat' dir='ltr'>Charis.</span> <span class='ocrx_word' id='word_1_2106' title='bbox 2125 3248 2191 3277; x_wconf 73' lang='lat' dir='ltr'>Die-</span> 
     </span>
    </p>
   </div>
   <div class='ocr_carea' id='block_1_67' title="bbox 1164 3311 2189 3349">
    <p class='ocr_par' dir='ltr' id='par_1_74' title="bbox 1164 3311 2189 3349">
     <span class='ocr_line' id='line_1_169' title="bbox 1164 3311 2189 3349; baseline 0.009 -10"><span class='ocrx_word' id='word_1_2107' title='bbox 1164 3318 1205 3338; x_wconf 87' lang='lat' dir='ltr'>PL</span> <span class='ocrx_word' id='word_1_2108' title='bbox 1215 3319 1235 3338; x_wconf 85' lang='lat' dir='ltr'>v</span> <span class='ocrx_word' id='word_1_2109' title='bbox 1245 3319 1263 3339; x_wconf 86' lang='lat' dir='ltr'><strong>R</strong></span> <span class='ocrx_word' id='word_1_2110' title='bbox 1275 3320 1298 3340; x_wconf 87' lang='lat' dir='ltr'>A</span> <span class='ocrx_word' id='word_1_2111' title='bbox 1311 3321 1327 3340; x_wconf 89' lang='lat' dir='ltr'>L</span> <span class='ocrx_word' id='word_1_2112' title='bbox 1338 3311 1352 3340; x_wconf 72' lang='lat'>1⁴¹</span> <span class='ocrx_word' id='word_1_2113' title='bbox 1364 3320 1386 3341; x_wconf 82' lang='lat' dir='ltr'>T</span> <span class='ocrx_word' id='word_1_2114' title='bbox 1397 3321 1454 3349; x_wconf 80' lang='lat' dir='ltr'>As,</span> <span class='ocrx_word' id='word_1_2115' title='bbox 1476 3316 1534 3343; x_wconf 67' lang='lat' dir='ltr'>atis.</span> <span class='ocrx_word' id='word_1_2116' title='bbox 1554 3316 1573 3343; x_wconf 86' lang='lat' dir='ltr'>f.</span> <span class='ocrx_word' id='word_1_2117' title='bbox 1594 3316 1754 3344; x_wconf 58' lang='lat' dir='ltr'>Charinum</span> <span class='ocrx_word' id='word_1_2118' title='bbox 1774 3316 1895 3343; x_wconf 84' lang='lat' dir='ltr'>Nomina</span> <span class='ocrx_word' id='word_1_2119' title='bbox 1909 3323 1997 3345; x_wconf 87' lang='lat' dir='ltr'>autem</span> <span class='ocrx_word' id='word_1_2120' title='bbox 2016 3319 2189 3348; x_wconf 71' lang='lat' dir='ltr'>nominatius.»</span> 
     </span>
    </p>
   </div>
   <div class='ocr_carea' id='block_1_68' title="bbox 1127 3347 2189 3494">
    <p class='ocr_par' dir='ltr' id='par_1_75' title="bbox 1127 3347 2189 3494">
     <span class='ocr_line' id='line_1_170' title="bbox 1130 3347 2189 3388; baseline 0.01 -15"><span class='ocrx_word' id='word_1_2121' title='bbox 1130 3353 1153 3373; x_wconf 92' lang='lat' dir='ltr'>v</span> <span class='ocrx_word' id='word_1_2122' title='bbox 1171 3347 1247 3375; x_wconf 85' lang='lat' dir='ltr'>litera</span> <span class='ocrx_word' id='word_1_2123' title='bbox 1259 3351 1410 3384; x_wconf 81' lang='lat' dir='ltr'>terminata,</span> <span class='ocrx_word' id='word_1_2124' title='bbox 1431 3351 1458 3378; x_wconf 88' lang='lat' dir='ltr'>in</span> <span class='ocrx_word' id='word_1_2125' title='bbox 1473 3351 1653 3386; x_wconf 68' lang='lat' dir='ltr'>singularitate</span> <span class='ocrx_word' id='word_1_2126' title='bbox 1666 3361 1714 3388; x_wconf 83' lang='lat' dir='ltr'>pet·</span> <span class='ocrx_word' id='word_1_2127' title='bbox 1726 3362 1817 3379; x_wconf 76' lang='lat' dir='ltr'>omncs</span> <span class='ocrx_word' id='word_1_2128' title='bbox 1833 3353 1901 3379; x_wconf 87' lang='lat' dir='ltr'>casus</span> <span class='ocrx_word' id='word_1_2129' title='bbox 1912 3353 2024 3381; x_wconf 85' lang='lat' dir='ltr'>eandem</span> <span class='ocrx_word' id='word_1_2130' title='bbox 2043 3362 2063 3379; x_wconf 92' lang='lat' dir='ltr'>v</span> <span class='ocrx_word' id='word_1_2131' title='bbox 2081 3356 2189 3384; x_wconf 87' lang='lat' dir='ltr'>literam</span> 
     </span>
     <span class='ocr_line' id='line_1_171' title="bbox 1128 3383 2188 3427; baseline 0.01 -18"><span class='ocrx_word' id='word_1_2132' title='bbox 1128 3383 1233 3412; x_wconf 83' lang='lat' dir='ltr'>seruant</span> <span class='ocrx_word' id='word_1_2133' title='bbox 1248 3386 1431 3420; x_wconf 82' lang='lat' dir='ltr'>nouiffimam,</span> <span class='ocrx_word' id='word_1_2134' title='bbox 1450 3388 1479 3413; x_wconf 87' lang='lat' dir='ltr'>in</span> <span class='ocrx_word' id='word_1_2135' title='bbox 1492 3388 1642 3422; x_wconf 81' lang='lat' dir='ltr'>pluralitate</span> <span class='ocrx_word' id='word_1_2136' title='bbox 1655 3395 1756 3415; x_wconf 87' lang='lat' dir='ltr'>tantum</span> <span class='ocrx_word' id='word_1_2137' title='bbox 1772 3388 1954 3424; x_wconf 83' lang='lat' dir='ltr'>declinantur,</span> <span class='ocrx_word' id='word_1_2138' title='bbox 1983 3397 2012 3417; x_wconf 88' lang='lat' dir='ltr'>vt</span> <span class='ocrx_word' id='word_1_2139' title='bbox 2026 3400 2111 3426; x_wconf 60' lang='lat' dir='ltr'>genua</span> <span class='ocrx_word' id='word_1_2140' title='bbox 2121 3413 2128 3424; x_wconf 89' lang='lat'>,</span> <span class='ocrx_word' id='word_1_2141' title='bbox 2145 3402 2188 3427; x_wconf 85' lang='lat' dir='ltr'>ge-</span> 
     </span>
     <span class='ocr_line' id='line_1_172' title="bbox 1127 3421 2187 3462; baseline 0.009 -17"><span class='ocrx_word' id='word_1_2142' title='bbox 1127 3428 1222 3454; x_wconf 88' lang='lat' dir='ltr'>nuum,</span> <span class='ocrx_word' id='word_1_2143' title='bbox 1241 3421 1361 3455; x_wconf 84' lang='lat' dir='ltr'>genibus.</span> <span class='ocrx_word' id='word_1_2144' title='bbox 1398 3423 1490 3457; x_wconf 71' lang='lat' dir='ltr'>Rursus</span> <span class='ocrx_word' id='word_1_2145' title='bbox 1504 3423 1551 3450; x_wconf 90' lang='lat' dir='ltr'>lib.</span> <span class='ocrx_word' id='word_1_2146' title='bbox 1565 3423 1624 3452; x_wconf 90' lang='lat' dir='ltr'>eod.</span> <span class='ocrx_word' id='word_1_2147' title='bbox 1647 3425 1704 3451; x_wconf 79' lang='lat' dir='ltr'>Alia</span> <span class='ocrx_word' id='word_1_2148' title='bbox 1722 3424 1900 3458; x_wconf 74' lang='lat' dir='ltr'>singularitate</span> <span class='ocrx_word' id='word_1_2149' title='bbox 1911 3432 2009 3461; x_wconf 81' lang='lat' dir='ltr'>carent,</span> <span class='ocrx_word' id='word_1_2150' title='bbox 2029 3434 2060 3454; x_wconf 86' lang='lat' dir='ltr'>vt</span> <span class='ocrx_word' id='word_1_2151' title='bbox 2072 3436 2140 3462; x_wconf 82' lang='lat' dir='ltr'>exta,</span> <span class='ocrx_word' id='word_1_2152' title='bbox 2149 3437 2187 3455; x_wconf 87' lang='lat' dir='ltr'>ar-</span> 
     </span>
     <span class='ocr_line' id='line_1_173' title="bbox 1128 3456 1856 3494; baseline 0.007 -12"><span class='ocrx_word' id='word_1_2153' title='bbox 1128 3464 1185 3488; x_wconf 85' lang='lat' dir='ltr'>ma3</span> <span class='ocrx_word' id='word_1_2154' title='bbox 1206 3456 1257 3483; x_wconf 82' lang='lat' dir='ltr'>alia</span> <span class='ocrx_word' id='word_1_2155' title='bbox 1271 3458 1432 3492; x_wconf 80' lang='lat' dir='ltr'>pluralitate,</span> <span class='ocrx_word' id='word_1_2156' title='bbox 1452 3465 1480 3485; x_wconf 87' lang='lat' dir='ltr'>vt</span> <span class='ocrx_word' id='word_1_2157' title='bbox 1494 3468 1597 3494; x_wconf 83' lang='lat' dir='ltr'>garum,</span> <span class='ocrx_word' id='word_1_2158' title='bbox 1617 3460 1724 3492; x_wconf 84' lang='lat' dir='ltr'>oleum,</span> <span class='ocrx_word' id='word_1_2159' title='bbox 1742 3459 1856 3489; x_wconf 81' lang='lat' dir='ltr'>ferrum.</span> 
     </span>
    </p>
   </div>
   <div class='ocr_carea' id='block_1_69' title="bbox 1163 3492 2187 3569">
    <p class='ocr_par' dir='ltr' id='par_1_76' title="bbox 1163 3492 2187 3569">
     <span class='ocr_line' id='line_1_174' title="bbox 1163 3492 2186 3533; baseline 0.009 -15"><span class='ocrx_word' id='word_1_2160' title='bbox 1163 3498 1180 3519; x_wconf 72' lang='grc' dir='ltr'>Ρ</span> <span class='ocrx_word' id='word_1_2161' title='bbox 1194 3498 1211 3518; x_wconf 89' lang='lat' dir='ltr'>L</span> <span class='ocrx_word' id='word_1_2162' title='bbox 1221 3499 1269 3520; x_wconf 79' lang='lat' dir='ltr'>VR</span> <span class='ocrx_word' id='word_1_2163' title='bbox 1281 3501 1303 3520; x_wconf 85' lang='lat' dir='ltr'>A</span> <span class='ocrx_word' id='word_1_2164' title='bbox 1318 3501 1334 3520; x_wconf 86' lang='lat' dir='ltr'>L</span> <span class='ocrx_word' id='word_1_2165' title='bbox 1344 3492 1358 3520; x_wconf 75' lang='grc' dir='ltr'><em>ἱ</em></span> <span class='ocrx_word' id='word_1_2166' title='bbox 1368 3501 1389 3520; x_wconf 91' lang='lat' dir='ltr'>T</span> <span class='ocrx_word' id='word_1_2167' title='bbox 1400 3501 1456 3521; x_wconf 83' lang='lat' dir='ltr'>ER.</span> <span class='ocrx_word' id='word_1_2168' title='bbox 1478 3494 1546 3521; x_wconf 87' lang='lat' dir='ltr'>Adu.</span> <span class='ocrx_word' id='word_1_2169' title='bbox 1566 3494 1745 3529; x_wconf 62' lang='grc' dir='ltr'>[πληθννηκᾶε</span> <span class='ocrx_word' id='word_1_2170' title='bbox 1765 3495 1844 3523; x_wconf 74' lang='lat' dir='ltr'>Glofl:</span> <span class='ocrx_word' id='word_1_2171' title='bbox 1861 3496 1916 3523; x_wconf 87' lang='lat' dir='ltr'>Lat.</span> <span class='ocrx_word' id='word_1_2172' title='bbox 1932 3498 1999 3533; x_wconf 91' lang='lat' dir='ltr'>Gr.]</span> <span class='ocrx_word' id='word_1_2173' title='bbox 2040 3499 2075 3525; x_wconf 90' lang='lat' dir='ltr'>Vt</span> <span class='ocrx_word' id='word_1_2174' title='bbox 2091 3498 2122 3526; x_wconf 87' lang='lat' dir='ltr'>de</span> <span class='ocrx_word' id='word_1_2175' title='bbox 2130 3508 2186 3527; x_wconf 86' lang='lat' dir='ltr'>vno</span> 
     </span>
     <span class='ocr_line' id='line_1_175' title="bbox 1888 3533 2187 3569; baseline 0.007 -10"><span class='ocrx_word' id='word_1_2176' title='bbox 1888 3542 1914 3564; x_wconf 76' lang='lat'>72</span> <span class='ocrx_word' id='word_1_2177' title='bbox 1935 3533 1994 3561; x_wconf 88' lang='lat' dir='ltr'>Hoc</span> <span class='ocrx_word' id='word_1_2178' title='bbox 2008 3541 2121 3569; x_wconf 82' lang='lat' dir='ltr'>tergum,</span> <span class='ocrx_word' id='word_1_2179' title='bbox 2135 3544 2187 3562; x_wconf 87' lang='lat' dir='ltr'>ter-</span> 
     </span>
    </p>
   </div>
   <div class='ocr_carea' id='block_1_70' title="bbox 1165 3672 2184 3710">
    <p class='ocr_par' dir='ltr' id='par_1_77' title="bbox 1165 3672 2184 3710">
     <span class='ocr_line' id='line_1_176' title="bbox 1165 3672 2184 3710; baseline 0.004 -12"><span class='ocrx_word' id='word_1_2180' title='bbox 1165 3679 1181 3699; x_wconf 77' lang='grc' dir='ltr'>Ρ</span> <span class='ocrx_word' id='word_1_2181' title='bbox 1192 3679 1208 3698; x_wconf 89' lang='lat' dir='ltr'>L</span> <span class='ocrx_word' id='word_1_2182' title='bbox 1217 3679 1237 3698; x_wconf 77' lang='lat' dir='ltr'>v</span> <span class='ocrx_word' id='word_1_2183' title='bbox 1248 3679 1266 3699; x_wconf 79' lang='lat' dir='ltr'>R</span> <span class='ocrx_word' id='word_1_2184' title='bbox 1275 3680 1297 3700; x_wconf 81' lang='grc' dir='ltr'>Α</span> <span class='ocrx_word' id='word_1_2185' title='bbox 1310 3680 1333 3700; x_wconf 83' lang='grc' dir='ltr'>Τ</span> <span class='ocrx_word' id='word_1_2186' title='bbox 1345 3674 1359 3703; x_wconf 74' lang='grc' dir='ltr'>ἰ</span> <span class='ocrx_word' id='word_1_2187' title='bbox 1368 3680 1418 3699; x_wconf 78' lang='lat' dir='ltr'>vv</span> <span class='ocrx_word' id='word_1_2188' title='bbox 1427 3680 1441 3701; x_wconf 83' lang='lat' dir='ltr'>s</span> <span class='ocrx_word' id='word_1_2189' title='bbox 1451 3695 1459 3706; x_wconf 95' lang='lat'><strong>‚</strong></span> <span class='ocrx_word' id='word_1_2190' title='bbox 1479 3682 1502 3706; x_wconf 89' lang='lat' dir='ltr'>a,</span> <span class='ocrx_word' id='word_1_2191' title='bbox 1521 3682 1575 3699; x_wconf 89' lang='lat' dir='ltr'>um.</span> <span class='ocrx_word' id='word_1_2192' title='bbox 1596 3672 1656 3699; x_wconf 85' lang='lat' dir='ltr'>Adi.</span> <span class='ocrx_word' id='word_1_2193' title='bbox 1673 3674 1861 3710; x_wconf 55' lang='grc' dir='ltr'>[πληθυυτκα]</span> <span class='ocrx_word' id='word_1_2194' title='bbox 1882 3676 2029 3704; x_wconf 84' lang='lat' dir='ltr'>Pluratiuus</span> <span class='ocrx_word' id='word_1_2195' title='bbox 2050 3686 2184 3710; x_wconf 80' lang='lat' dir='ltr'>nun-crus,</span> 
     </span>
    </p>
   </div>
   <div class='ocr_carea' id='block_1_71' title="bbox 1123 3709 2181 3818">
    <p class='ocr_par' dir='ltr' id='par_1_78' title="bbox 1123 3709 2181 3818">
     <span class='ocr_line' id='line_1_177' title="bbox 1125 3709 2181 3743; baseline 0.002 -10"><span class='ocrx_word' id='word_1_2196' title='bbox 1125 3710 1194 3742; x_wconf 79' lang='lat' dir='ltr'>apud</span> <span class='ocrx_word' id='word_1_2197' title='bbox 1207 3709 1324 3735; x_wconf 83' lang='lat' dir='ltr'>Macrob.</span> <span class='ocrx_word' id='word_1_2198' title='bbox 1339 3710 1468 3736; x_wconf 87' lang='lat' dir='ltr'>Saturnal.</span> <span class='ocrx_word' id='word_1_2199' title='bbox 1485 3721 1502 3740; x_wconf 87' lang='grc' dir='ltr'><strong>ι,</strong></span> <span class='ocrx_word' id='word_1_2200' title='bbox 1514 3719 1534 3739; x_wconf 84' lang='lat'>5.</span> <span class='ocrx_word' id='word_1_2201' title='bbox 1589 3710 1629 3735; x_wconf 69' lang='grc' dir='ltr'>δὴ·</span> <span class='ocrx_word' id='word_1_2202' title='bbox 1649 3709 1730 3743; x_wconf 77' lang='lat' dir='ltr'>Caius</span> <span class='ocrx_word' id='word_1_2203' title='bbox 1751 3711 1780 3736; x_wconf 90' lang='lat' dir='ltr'>in</span> <span class='ocrx_word' id='word_1_2204' title='bbox 1795 3711 1811 3738; x_wconf 89' lang='lat' dir='ltr'>l.</span> <span class='ocrx_word' id='word_1_2205' title='bbox 1834 3711 1897 3738; x_wconf 85' lang='lat' dir='ltr'>Non</span> <span class='ocrx_word' id='word_1_2206' title='bbox 1912 3713 1948 3739; x_wconf 84' lang='lat' dir='ltr'>est</span> <span class='ocrx_word' id='word_1_2207' title='bbox 1962 3712 2014 3739; x_wconf 83' lang='lat' dir='ltr'>fine</span> <span class='ocrx_word' id='word_1_2208' title='bbox 2029 3713 2128 3739; x_wconf 62' lang='lat' dir='ltr'>hbcriz,</span> <span class='ocrx_word' id='word_1_2209' title='bbox 2150 3713 2181 3737; x_wconf 87' lang='lat' dir='ltr'>D.</span> 
     </span>
     <span class='ocr_line' id='line_1_178' title="bbox 1125 3742 2181 3783; baseline 0.002 -14"><span class='ocrx_word' id='word_1_2210' title='bbox 1125 3742 1157 3770; x_wconf 85' lang='lat' dir='ltr'>de</span> <span class='ocrx_word' id='word_1_2211' title='bbox 1169 3744 1244 3771; x_wconf 89' lang='lat' dir='ltr'>verb.</span> <span class='ocrx_word' id='word_1_2212' title='bbox 1258 3743 1344 3778; x_wconf 74' lang='lat' dir='ltr'>fignif.</span> <span class='ocrx_word' id='word_1_2213' title='bbox 1403 3746 1474 3772; x_wconf 86' lang='lat' dir='ltr'>Haec</span> <span class='ocrx_word' id='word_1_2214' title='bbox 1499 3744 1665 3779; x_wconf 79' lang='lat' dir='ltr'>enuntiatio,</span> <span class='ocrx_word' id='word_1_2215' title='bbox 1686 3745 1772 3773; x_wconf 86' lang='lat' dir='ltr'>Habet</span> <span class='ocrx_word' id='word_1_2216' title='bbox 1795 3746 1910 3783; x_wconf 82' lang='lat' dir='ltr'>liberos,</span> <span class='ocrx_word' id='word_1_2217' title='bbox 1932 3749 2034 3782; x_wconf 79' lang='lat' dir='ltr'>semper</span> <span class='ocrx_word' id='word_1_2218' title='bbox 2049 3747 2181 3781; x_wconf 80' lang='lat' dir='ltr'>pluratiuo</span> 
     </span>
     <span class='ocr_line' id='line_1_179' title="bbox 1123 3781 2180 3818; baseline 0.002 -13"><span class='ocrx_word' id='word_1_2219' title='bbox 1123 3788 1237 3807; x_wconf 82' lang='lat' dir='ltr'>numero</span> <span class='ocrx_word' id='word_1_2220' title='bbox 1250 3781 1398 3815; x_wconf 85' lang='lat' dir='ltr'>profertur,</span> <span class='ocrx_word' id='word_1_2221' title='bbox 1417 3781 1480 3808; x_wconf 83' lang='lat' dir='ltr'>ficut</span> <span class='ocrx_word' id='word_1_2222' title='bbox 1493 3786 1519 3806; x_wconf 90' lang='lat' dir='ltr'>et</span> <span class='ocrx_word' id='word_1_2223' title='bbox 1530 3781 1683 3816; x_wconf 86' lang='lat' dir='ltr'>pugillares,</span> <span class='ocrx_word' id='word_1_2224' title='bbox 1700 3789 1726 3808; x_wconf 87' lang='lat' dir='ltr'>et</span> <span class='ocrx_word' id='word_1_2225' title='bbox 1740 3782 1866 3810; x_wconf 88' lang='lat' dir='ltr'>codicilli.</span> <span class='ocrx_word' id='word_1_2226' title='bbox 1942 3785 2013 3818; x_wconf 81' lang='lat' dir='ltr'>Conf.</span> <span class='ocrx_word' id='word_1_2227' title='bbox 2028 3783 2094 3810; x_wconf 73' lang='lat' dir='ltr'>Gell.</span> <span class='ocrx_word' id='word_1_2228' title='bbox 2114 3791 2131 3814; x_wconf 89' lang='lat'>1,</span> <span class='ocrx_word' id='word_1_2229' title='bbox 2147 3782 2180 3806; x_wconf 72' lang='lat'>16.</span> 
     </span>
    </p>
   </div>
   <div class='ocr_carea' id='block_1_72' title="bbox 1125 3822 1296 3849">
    <p class='ocr_par' dir='ltr' id='par_1_79' title="bbox 1125 3822 1296 3849">
     <span class='ocr_line' id='line_1_180' title="bbox 1125 3822 1296 3849; baseline 0.012 -8"><span class='ocrx_word' id='word_1_2230' title='bbox 1125 3823 1149 3846; x_wconf 83' lang='lat'>5,</span> <span class='ocrx_word' id='word_1_2231' title='bbox 1163 3824 1196 3842; x_wconf 79' lang='lat'>21.</span> <span class='ocrx_word' id='word_1_2232' title='bbox 1217 3825 1259 3849; x_wconf 84' lang='lat'>19,</span> <span class='ocrx_word' id='word_1_2233' title='bbox 1273 3822 1296 3846; x_wconf 82' lang='lat'>8.</span> 
     </span>
    </p>
   </div>
   <div class='ocr_carea' id='block_1_73' title="bbox 11 3839 2178 3889">
    <p class='ocr_par' dir='ltr' id='par_1_80' title="bbox 11 3839 2178 3889">
     <span class='ocr_line' id='line_1_181' title="bbox 11 3839 2178 3889; baseline 0.006 -24"><span class='ocrx_word' id='word_1_2234' title='bbox 11 3839 172 3873; x_wconf 76' lang='lat' dir='ltr'>homicidas,</span> <span class='ocrx_word' id='word_1_2235' title='bbox 189 3841 247 3875; x_wconf 85' lang='lat' dir='ltr'>plus</span> <span class='ocrx_word' id='word_1_2236' title='bbox 260 3842 340 3870; x_wconf 86' lang='lat' dir='ltr'>etiam</span> <span class='ocrx_word' id='word_1_2237' title='bbox 354 3851 433 3877; x_wconf 85' lang='lat' dir='ltr'>quam</span> <span class='ocrx_word' id='word_1_2238' title='bbox 445 3843 588 3878; x_wconf 88' lang='lat' dir='ltr'>parricidas</span> <span class='ocrx_word' id='word_1_2239' title='bbox 602 3844 650 3870; x_wconf 75' lang='lat' dir='ltr'>else</span> <span class='ocrx_word' id='word_1_2240' title='bbox 675 3845 730 3872; x_wconf 88' lang='lat' dir='ltr'>Cic.</span> <span class='ocrx_word' id='word_1_2241' title='bbox 749 3848 815 3876; x_wconf 72' lang='lat' dir='ltr'>Phil.</span> <span class='ocrx_word' id='word_1_2242' title='bbox 836 3859 849 3876; x_wconf 87' lang='lat'><em>2</em></span> <span class='ocrx_word' id='word_1_2243' title='bbox 865 3860 886 3876; x_wconf 75' lang='lat' dir='ltr'>c,</span> <span class='ocrx_word' id='word_1_2244' title='bbox 902 3860 931 3882; x_wconf 81' lang='lat'>¹3·</span> <span class='ocrx_word' id='word_1_2245' title='bbox 1003 3849 1060 3876; x_wconf 85' lang='lat' dir='ltr'>Plus</span> <span class='ocrx_word' id='word_1_2246' title='bbox 1072 3858 1118 3876; x_wconf 88' lang='lat'>100</span> <span class='ocrx_word' id='word_1_2247' title='bbox 1165 3857 1208 3877; x_wconf 70' lang='lat' dir='ltr'>PL</span> <span class='ocrx_word' id='word_1_2248' title='bbox 1218 3858 1240 3877; x_wconf 92' lang='lat' dir='ltr'><strong>v</strong></span> <span class='ocrx_word' id='word_1_2249' title='bbox 1251 3858 1265 3878; x_wconf 82' lang='lat' dir='ltr'>s</span> <span class='ocrx_word' id='word_1_2250' title='bbox 1278 3858 1297 3879; x_wconf 88' lang='lat' dir='ltr'>C</span> <span class='ocrx_word' id='word_1_2251' title='bbox 1309 3849 1331 3879; x_wconf 55' lang='grc' dir='ltr'>θ’</span> <span class='ocrx_word' id='word_1_2252' title='bbox 1341 3857 1359 3878; x_wconf 87' lang='lat' dir='ltr'>L</span> <span class='ocrx_word' id='word_1_2253' title='bbox 1369 3858 1412 3877; x_wconf 85' lang='lat' dir='ltr'>vs</span> <span class='ocrx_word' id='word_1_2254' title='bbox 1423 3871 1432 3884; x_wconf 91' lang='lat'>,</span> <span class='ocrx_word' id='word_1_2255' title='bbox 1456 3860 1481 3884; x_wconf 85' lang='lat' dir='ltr'>a,</span> <span class='ocrx_word' id='word_1_2256' title='bbox 1509 3861 1564 3880; x_wconf 86' lang='lat' dir='ltr'>um.</span> <span class='ocrx_word' id='word_1_2257' title='bbox 1594 3853 1654 3880; x_wconf 86' lang='lat' dir='ltr'>Adi.</span> <span class='ocrx_word' id='word_1_2258' title='bbox 1684 3853 1781 3880; x_wconf 74' lang='lat' dir='ltr'>Dimin.</span> <span class='ocrx_word' id='word_1_2259' title='bbox 1800 3864 1816 3879; x_wconf 84' lang='lat' dir='ltr'>a</span> <span class='ocrx_word' id='word_1_2260' title='bbox 1836 3855 1896 3880; x_wconf 76' lang='lat' dir='ltr'>Plus</span> <span class='ocrx_word' id='word_1_2261' title='bbox 1917 3854 2018 3889; x_wconf 52' lang='lat' dir='ltr'>[neta.</span> <span class='ocrx_word' id='word_1_2262' title='bbox 2032 3853 2084 3885; x_wconf 65' lang='lat' dir='ltr'>m]</span> <span class='ocrx_word' id='word_1_2263' title='bbox 2109 3851 2178 3876; x_wconf 63' lang='lat' dir='ltr'>Ter-</span> 
     </span>
    </p>
   </div>
   <div class='ocr_carea' id='block_1_74' title="bbox 12 3876 1062 4027">
    <p class='ocr_par' dir='ltr' id='par_1_81' title="bbox 12 3876 1062 4027">
     <span class='ocr_line' id='line_1_182' title="bbox 12 3876 1062 3914; baseline 0.006 -11"><span class='ocrx_word' id='word_1_2264' title='bbox 12 3876 85 3903; x_wconf 82' lang='lat' dir='ltr'>enim</span> <span class='ocrx_word' id='word_1_2265' title='bbox 99 3884 178 3909; x_wconf 75' lang='lat' dir='ltr'>quam</span> <span class='ocrx_word' id='word_1_2266' title='bbox 189 3876 263 3904; x_wconf 85' lang='lat' dir='ltr'>firma</span> <span class='ocrx_word' id='word_1_2267' title='bbox 277 3878 355 3905; x_wconf 88' lang='lat' dir='ltr'>debet</span> <span class='ocrx_word' id='word_1_2268' title='bbox 365 3880 414 3905; x_wconf 77' lang='lat' dir='ltr'>esse</span> <span class='ocrx_word' id='word_1_2269' title='bbox 428 3879 568 3914; x_wconf 80' lang='lat' dir='ltr'>memoria,</span> <span class='ocrx_word' id='word_1_2270' title='bbox 591 3888 657 3913; x_wconf 83' lang='lat' dir='ltr'>quae</span> <span class='ocrx_word' id='word_1_2271' title='bbox 676 3880 755 3908; x_wconf 84' lang='lat' dir='ltr'>aliam</span> <span class='ocrx_word' id='word_1_2272' title='bbox 773 3886 932 3912; x_wconf 60' lang='lat' dir='ltr'>memoriam</span> <span class='ocrx_word' id='word_1_2273' title='bbox 954 3884 1062 3912; x_wconf 82' lang='lat' dir='ltr'>adiuuet</span> 
     </span>
     <span class='ocr_line' id='line_1_183' title="bbox 14 3912 1061 3952; baseline 0.011 -15"><span class='ocrx_word' id='word_1_2274' title='bbox 14 3912 146 3945; x_wconf 66' lang='lat' dir='ltr'>Qsmffll.</span> <span class='ocrx_word' id='word_1_2275' title='bbox 162 3921 191 3942; x_wconf 89' lang='grc' dir='ltr'>ιι,</span> <span class='ocrx_word' id='word_1_2276' title='bbox 202 3921 224 3944; x_wconf 90' lang='lat'>2,</span> <span class='ocrx_word' id='word_1_2277' title='bbox 238 3919 270 3942; x_wconf 82' lang='lat'>18.</span> <span class='ocrx_word' id='word_1_2278' title='bbox 340 3914 399 3941; x_wconf 81' lang='lat' dir='ltr'>Plus</span> <span class='ocrx_word' id='word_1_2279' title='bbox 413 3915 468 3941; x_wconf 89' lang='lat' dir='ltr'>sum</span> <span class='ocrx_word' id='word_1_2280' title='bbox 483 3924 561 3948; x_wconf 82' lang='lat' dir='ltr'>quam</span> <span class='ocrx_word' id='word_1_2281' title='bbox 570 3915 649 3942; x_wconf 87' lang='lat' dir='ltr'>Plaut.</span> <span class='ocrx_word' id='word_1_2282' title='bbox 663 3916 731 3943; x_wconf 80' lang='lat' dir='ltr'>Rnd.</span> <span class='ocrx_word' id='word_1_2283' title='bbox 743 3927 767 3950; x_wconf 81' lang='grc'>5,</span> <span class='ocrx_word' id='word_1_2284' title='bbox 776 3928 798 3952; x_wconf 85' lang='lat'>2,</span> <span class='ocrx_word' id='word_1_2285' title='bbox 811 3927 844 3950; x_wconf 83' lang='lat'>18.</span> <span class='ocrx_word' id='word_1_2286' title='bbox 917 3922 984 3948; x_wconf 84' lang='lat' dir='ltr'>Ter.</span> <span class='ocrx_word' id='word_1_2287' title='bbox 997 3922 1061 3948; x_wconf 79' lang='lat' dir='ltr'>Hec.</span> 
     </span>
     <span class='ocr_line' id='line_1_184' title="bbox 12 3949 1062 3989; baseline 0.01 -18"><span class='ocrx_word' id='word_1_2288' title='bbox 12 3956 34 3980; x_wconf 79' lang='lat'>2,</span> <span class='ocrx_word' id='word_1_2289' title='bbox 49 3958 69 3978; x_wconf 87' lang='lat'>1,</span> <span class='ocrx_word' id='word_1_2290' title='bbox 82 3957 109 3982; x_wconf 72' lang='lat'>39</span> <span class='ocrx_word' id='word_1_2291' title='bbox 128 3949 164 3974; x_wconf 89' lang='lat' dir='ltr'>Vt</span> <span class='ocrx_word' id='word_1_2292' title='bbox 176 3956 236 3974; x_wconf 87' lang='lat' dir='ltr'>cum</span> <span class='ocrx_word' id='word_1_2293' title='bbox 249 3955 331 3976; x_wconf 86' lang='lat' dir='ltr'>matre</span> <span class='ocrx_word' id='word_1_2294' title='bbox 347 3959 398 3976; x_wconf 91' lang='lat' dir='ltr'>vna</span> <span class='ocrx_word' id='word_1_2295' title='bbox 411 3951 469 3985; x_wconf 91' lang='lat' dir='ltr'>plus</span> <span class='ocrx_word' id='word_1_2296' title='bbox 488 3952 566 3979; x_wconf 80' lang='lat' dir='ltr'>ess&#39;et3</span> <span class='ocrx_word' id='word_1_2297' title='bbox 627 3952 672 3978; x_wconf 74' lang='lat' dir='ltr'>Vbi</span> <span class='ocrx_word' id='word_1_2298' title='bbox 692 3952 788 3979; x_wconf 86' lang='lat' dir='ltr'>Donat.</span> <span class='ocrx_word' id='word_1_2299' title='bbox 806 3959 920 3986; x_wconf 63' lang='grc' dir='ltr'>ἰδικικῶς</span> <span class='ocrx_word' id='word_1_2300' title='bbox 938 3957 1015 3989; x_wconf 79' lang='lat' dir='ltr'>dixit,</span> <span class='ocrx_word' id='word_1_2301' title='bbox 1035 3957 1062 3983; x_wconf 90' lang='lat' dir='ltr'>id</span> 
     </span>
     <span class='ocr_line' id='line_1_185' title="bbox 12 3983 1061 4027; baseline 0.009 -18"><span class='ocrx_word' id='word_1_2302' title='bbox 12 3983 50 4010; x_wconf 86' lang='lat' dir='ltr'>est</span> <span class='ocrx_word' id='word_1_2303' title='bbox 62 3983 118 4017; x_wconf 89' lang='lat' dir='ltr'>diu,</span> <span class='ocrx_word' id='word_1_2304' title='bbox 138 3992 168 4010; x_wconf 86' lang='lat' dir='ltr'>ac</span> <span class='ocrx_word' id='word_1_2305' title='bbox 182 3983 310 4011; x_wconf 82' lang='lat' dir='ltr'>maiorem</span> <span class='ocrx_word' id='word_1_2306' title='bbox 323 3992 431 4020; x_wconf 85' lang='lat' dir='ltr'>partem.</span> <span class='ocrx_word' id='word_1_2307' title='bbox 475 3988 556 4013; x_wconf 82' lang='lat' dir='ltr'>Vides</span> <span class='ocrx_word' id='word_1_2308' title='bbox 571 3987 628 4022; x_wconf 77' lang='lat' dir='ltr'>plus</span> <span class='ocrx_word' id='word_1_2309' title='bbox 648 3988 717 4015; x_wconf 89' lang='lat' dir='ltr'>Ter.</span> <span class='ocrx_word' id='word_1_2310' title='bbox 733 3988 813 4015; x_wconf 86' lang='lat' dir='ltr'>Andr.</span> <span class='ocrx_word' id='word_1_2311' title='bbox 826 4002 850 4024; x_wconf 82' lang='grc'>4,</span> <span class='ocrx_word' id='word_1_2312' title='bbox 864 4003 888 4026; x_wconf 75' lang='grc'><strong>4,</strong></span> <span class='ocrx_word' id='word_1_2313' title='bbox 903 4002 938 4027; x_wconf 87' lang='lat'>¹7·</span> <span class='ocrx_word' id='word_1_2314' title='bbox 984 3994 1061 4019; x_wconf 79' lang='lat' dir='ltr'>Varr.</span> 
     </span>
    </p>
   </div>
   <div class='ocr_carea' id='block_1_75' title="bbox 1126 3885 2178 4029">
    <p class='ocr_par' dir='ltr' id='par_1_82' title="bbox 1126 3885 2178 4029">
     <span class='ocr_line' id='line_1_186' title="bbox 1127 3885 2175 3924; baseline 0.007 -13"><span class='ocrx_word' id='word_1_2315' title='bbox 1127 3885 1232 3914; x_wconf 88' lang='lat' dir='ltr'>Phorm.</span> <span class='ocrx_word' id='word_1_2316' title='bbox 1247 3900 1270 3920; x_wconf 85' lang='grc'>4,</span> <span class='ocrx_word' id='word_1_2317' title='bbox 1286 3897 1305 3920; x_wconf 84' lang='lat'>3,</span> <span class='ocrx_word' id='word_1_2318' title='bbox 1321 3890 1355 3913; x_wconf 63' lang='lat' dir='ltr'>(so</span> <span class='ocrx_word' id='word_1_2319' title='bbox 1376 3888 1462 3913; x_wconf 81' lang='lat' dir='ltr'>onri</span> <span class='ocrx_word' id='word_1_2320' title='bbox 1475 3888 1588 3915; x_wconf 89' lang='lat' dir='ltr'>emunda</span> <span class='ocrx_word' id='word_1_2321' title='bbox 1603 3888 1727 3915; x_wconf 88' lang='lat' dir='ltr'>ancillula</span> <span class='ocrx_word' id='word_1_2322' title='bbox 1740 3890 1785 3922; x_wconf 82' lang='lat' dir='ltr'>est,</span> <span class='ocrx_word' id='word_1_2323' title='bbox 1805 3895 1860 3916; x_wconf 87' lang='lat' dir='ltr'>tum</span> <span class='ocrx_word' id='word_1_2324' title='bbox 1875 3897 1961 3917; x_wconf 81' lang='lat' dir='ltr'>autem</span> <span class='ocrx_word' id='word_1_2325' title='bbox 1975 3886 2175 3924; x_wconf 53' lang='lat' dir='ltr'>plusculasfflssl*</span> 
     </span>
     <span class='ocr_line' id='line_1_187' title="bbox 1126 3921 2178 3960; baseline -0.001 -13"><span class='ocrx_word' id='word_1_2326' title='bbox 1126 3921 1214 3950; x_wconf 74' lang='lat' dir='ltr'>le&amp;ile</span> <span class='ocrx_word' id='word_1_2327' title='bbox 1227 3933 1291 3958; x_wconf 88' lang='lat' dir='ltr'>opus</span> <span class='ocrx_word' id='word_1_2328' title='bbox 1308 3922 1352 3949; x_wconf 85' lang='lat' dir='ltr'>est.</span> <span class='ocrx_word' id='word_1_2329' title='bbox 1401 3924 1522 3957; x_wconf 56' lang='grc' dir='ltr'>Ῑιινιρῐῖην</span> <span class='ocrx_word' id='word_1_2330' title='bbox 1535 3925 1659 3952; x_wconf 72' lang='grc' dir='ltr'>Οεηίήιιο.</span> <span class='ocrx_word' id='word_1_2331' title='bbox 1698 3925 1828 3952; x_wconf 50' lang='lat' dir='ltr'>Columel.</span> <span class='ocrx_word' id='word_1_2332' title='bbox 1845 3935 1877 3957; x_wconf 69' lang='grc' dir='ltr'><strong>ιε’,</strong></span> <span class='ocrx_word' id='word_1_2333' title='bbox 1890 3936 1918 3958; x_wconf 76' lang='lat'>47</span> <span class='ocrx_word' id='word_1_2334' title='bbox 1938 3923 2038 3951; x_wconf 85' lang='lat' dir='ltr'>Deinde</span> <span class='ocrx_word' id='word_1_2335' title='bbox 2052 3930 2178 3960; x_wconf 70' lang='lat' dir='ltr'>exiguum</span> 
     </span>
     <span class='ocr_line' id='line_1_188' title="bbox 1126 3956 2178 3997; baseline 0.005 -14"><span class='ocrx_word' id='word_1_2336' title='bbox 1126 3959 1191 3984; x_wconf 90' lang='lat' dir='ltr'>aceti</span> <span class='ocrx_word' id='word_1_2337' title='bbox 1204 3958 1327 3993; x_wconf 70' lang='lat' dir='ltr'>piperad,</span> <span class='ocrx_word' id='word_1_2338' title='bbox 1347 3963 1372 3984; x_wconf 87' lang='lat' dir='ltr'>et</span> <span class='ocrx_word' id='word_1_2339' title='bbox 1385 3958 1529 3991; x_wconf 82' lang='lat' dir='ltr'>plusculum</span> <span class='ocrx_word' id='word_1_2340' title='bbox 1542 3959 1629 3986; x_wconf 84' lang='lat' dir='ltr'>mellis</span> <span class='ocrx_word' id='word_1_2341' title='bbox 1643 3966 1687 3987; x_wconf 89' lang='lat' dir='ltr'>ant</span> <span class='ocrx_word' id='word_1_2342' title='bbox 1700 3960 1774 3986; x_wconf 80' lang='lat' dir='ltr'>mulli</span> <span class='ocrx_word' id='word_1_2343' title='bbox 1789 3961 1926 3987; x_wconf 86' lang='lat' dir='ltr'>adiiciunt.</span> <span class='ocrx_word' id='word_1_2344' title='bbox 1995 3957 2105 3996; x_wconf 60' lang='lat' dir='ltr'>Negfflss</span> <span class='ocrx_word' id='word_1_2345' title='bbox 2123 3956 2178 3997; x_wconf 60' lang='lat' dir='ltr'>RIU-</span> 
     </span>
     <span class='ocr_line' id='line_1_189' title="bbox 1126 3991 2177 4029; baseline -0.003 -10"><span class='ocrx_word' id='word_1_2346' title='bbox 1126 3993 1224 4021; x_wconf 82' lang='lat' dir='ltr'>sculum</span> <span class='ocrx_word' id='word_1_2347' title='bbox 1238 3995 1264 4020; x_wconf 87' lang='lat' dir='ltr'>in</span> <span class='ocrx_word' id='word_1_2348' title='bbox 1280 3993 1436 4028; x_wconf 80' lang='lat' dir='ltr'>quibusdam</span> <span class='ocrx_word' id='word_1_2349' title='bbox 1450 3995 1528 4022; x_wconf 77' lang='lat' dir='ltr'>causis</span> <span class='ocrx_word' id='word_1_2350' title='bbox 1543 3996 1578 4022; x_wconf 86' lang='lat' dir='ltr'>est</span> <span class='ocrx_word' id='word_1_2351' title='bbox 1600 3995 1697 4023; x_wconf 83' lang='lat' dir='ltr'>Cic.de</span> <span class='ocrx_word' id='word_1_2352' title='bbox 1704 3996 1778 4021; x_wconf 79' lang='lat' dir='ltr'>Orat.</span> <span class='ocrx_word' id='word_1_2353' title='bbox 1793 4004 1816 4028; x_wconf 84' lang='lat'>2,</span> <span class='ocrx_word' id='word_1_2354' title='bbox 1834 4005 1872 4029; x_wconf 65' lang='grc'>&gt;9,</span> <span class='ocrx_word' id='word_1_2355' title='bbox 1943 3994 2062 4021; x_wconf 75' lang='lat' dir='ltr'>Rationis</span> <span class='ocrx_word' id='word_1_2356' title='bbox 2077 3991 2177 4026; x_wconf 74' lang='lat' dir='ltr'>pluteu-</span> 
     </span>
    </p>
   </div>
   <div class='ocr_carea' id='block_1_76' title="bbox 14 4017 1865 4075">
    <p class='ocr_par' dir='ltr' id='par_1_83' title="bbox 14 4017 1865 4075">
     <span class='ocr_line' id='line_1_190' title="bbox 14 4017 1865 4075; baseline 0.007 -28"><span class='ocrx_word' id='word_1_2357' title='bbox 14 4017 46 4045; x_wconf 81' lang='lat' dir='ltr'>de</span> <span class='ocrx_word' id='word_1_2358' title='bbox 61 4019 89 4048; x_wconf 86' lang='grc'><strong>1.,-</strong></span> <span class='ocrx_word' id='word_1_2359' title='bbox 102 4021 133 4049; x_wconf 88' lang='lat' dir='ltr'>L.</span> <span class='ocrx_word' id='word_1_2360' title='bbox 146 4031 170 4054; x_wconf 79' lang='lat'>4,</span> <span class='ocrx_word' id='word_1_2361' title='bbox 183 4029 205 4053; x_wconf 82' lang='lat'>3¹</span> <span class='ocrx_word' id='word_1_2362' title='bbox 228 4020 366 4061; x_wconf 67' lang='lat' dir='ltr'>Aratrum,</span> <span class='ocrx_word' id='word_1_2363' title='bbox 385 4023 459 4057; x_wconf 88' lang='lat' dir='ltr'>quod</span> <span class='ocrx_word' id='word_1_2364' title='bbox 475 4024 562 4053; x_wconf 77' lang='lat' dir='ltr'>arauit</span> <span class='ocrx_word' id='word_1_2365' title='bbox 582 4030 687 4051; x_wconf 85' lang='lat' dir='ltr'>terram.</span> <span class='ocrx_word' id='word_1_2366' title='bbox 760 4024 822 4052; x_wconf 82' lang='lat' dir='ltr'>Eius</span> <span class='ocrx_word' id='word_1_2367' title='bbox 841 4027 942 4059; x_wconf 81' lang='lat' dir='ltr'>ferrum</span> <span class='ocrx_word' id='word_1_2368' title='bbox 960 4037 1062 4062; x_wconf 80' lang='lat' dir='ltr'>vomer,</span> <span class='ocrx_word' id='word_1_2369' title='bbox 1075 4038 1117 4066; x_wconf 80' lang='lat'>¹05</span> <span class='ocrx_word' id='word_1_2370' title='bbox 1128 4027 1184 4058; x_wconf 82' lang='lat' dir='ltr'>lum</span> <span class='ocrx_word' id='word_1_2371' title='bbox 1201 4030 1342 4075; x_wconf 37' lang='lat' dir='ltr'>habentvin</span> <span class='ocrx_word' id='word_1_2372' title='bbox 1357 4029 1393 4064; x_wconf 84' lang='lat' dir='ltr'>se,</span> <span class='ocrx_word' id='word_1_2373' title='bbox 1412 4031 1522 4068; x_wconf 84' lang='lat' dir='ltr'>plusque</span> <span class='ocrx_word' id='word_1_2374' title='bbox 1534 4031 1627 4067; x_wconf 68' lang='lat' dir='ltr'>operat</span> <span class='ocrx_word' id='word_1_2375' title='bbox 1647 4033 1751 4060; x_wconf 81' lang='lat' dir='ltr'>Lucret.</span> <span class='ocrx_word' id='word_1_2376' title='bbox 1764 4040 1794 4065; x_wconf 84' lang='lat'>4,</span> <span class='ocrx_word' id='word_1_2377' title='bbox 1806 4033 1865 4058; x_wconf 88' lang='lat'>620.</span> 
     </span>
    </p>
   </div>
   <div class='ocr_carea' id='block_1_77' title="bbox 1287 4066 2178 4098">
    <p class='ocr_par' dir='ltr' id='par_1_84' title="bbox 1287 4066 2178 4098">
     <span class='ocr_line' id='line_1_191' title="bbox 1287 4066 2178 4098; baseline 0.006 -14"><span class='ocrx_word' id='word_1_2378' title='bbox 1287 4066 1304 4095; x_wconf 52' lang='grc' dir='ltr'>ἱ</span> <span class='ocrx_word' id='word_1_2379' title='bbox 1326 4074 1343 4098; x_wconf 76' lang='lat' dir='ltr'>y</span> <span class='ocrx_word' id='word_1_2380' title='bbox 1367 4074 1381 4094; x_wconf 79' lang='lat'><em>2</em></span> <span class='ocrx_word' id='word_1_2381' title='bbox 2045 4067 2178 4089; x_wconf 53' lang='lat' dir='ltr'>erscvv</span> 
     </span>
    </p>
   </div>
  </div>
 </body>
</html>
