2517 4231
292 169 363 207 395
711 155 930 196 ΝΛΞ
1742 124 2047 195 ΝΑ8
2397 163 2476 212 396

294 245 350 272 Dea
370 245 446 279 Virg.
456 244 546 277 Aen.1‚
557 246 612 277 586.
684 245 809 274 Humana
823 252 906 274 matre
926 245 1007 273 Plaut.
1021 244 1118 278 Amph.
1132 243 1202 271 Ptol.
1216 248 1254 274 28.
1296 243 1352 270 Na·
1413 243 1523 272 homine
1536 246 1654 273 nascatur
1673 244 1730 273 Cic.
1745 245 1798 272 Off.
1813 254 1835 279 2,
1850 247 1876 272 16
1898 255 1919 272 c.
1934 253 1955 275 5.
2029 245 2080 272 Res
2094 251 2153 273 nata
2167 254 2199 274 ex
2212 252 2334 283 tempore
2354 247 2428 276 Idem
2442 248 2476 276 de

295 286 336 308 tus
350 280 418 307 male
441 281 545 307 volente
566 280 645 315 genio
665 281 747 309 Plaut.
762 282 853 309 Bacch.
874 290 910 314 4,
929 291 957 313 3,
977 291 1000 313 4.
1073 279 1146 306 Idem
1162 280 1237 315 Capi.
1252 288 1275 312 2,
1288 288 1310 312 2,
1325 288 1353 311 27
1414 282 1518 309 Inuent.
1535 291 1553 315 1,
1568 291 1602 313 25·
1625 283 1678 309 vid.
1694 288 1760 309 RES.
1831 282 1851 308 E
1866 283 1908 307 vel
1918 290 1969 316 pro
1983 281 2022 308 Re
2034 287 2103 317 nata,
2123 283 2177 310 vid.
2193 283 2219 308 in
2238 290 2305 310 Res.
2378 284 2434 311 Cic.
2443 284 2475 311 de

296 317 359 349 Q1o
374 316 405 342 de
419 325 517 351 genere
530 323 604 344 natus
618 317 653 343 est
666 317 721 344 illic
742 317 919 344 Philocrates?
957 322 985 342 P.
1005 314 1163 350 Polyplufio.
1237 316 1275 342 De
1301 314 1354 350 pel·
1415 315 1504 355 Finib.
1516 326 1537 350 2,
1549 328 1575 350 34
1595 319 1665 353 Ergo
1679 324 1738 345 nata
1751 317 1788 344 est
1801 317 1932 344 Sententia
1948 323 2070 344 veterum
2085 319 2317 354 Academicorum,
2333 325 2359 346 et
2372 320 2476 359 P-cripa.

297 351 348 378 lice
369 351 451 379 Ouid.
466 353 529 381 Met.
545 363 568 386 4,
583 361 637 385 422.
709 354 777 380 Nata
791 361 832 379 res
848 360 880 378 ex
893 357 1013 384 tempore
1034 352 1090 377 Cic.
1104 351 1136 377 de
1158 353 1262 379 Inuent.
1282 361 1300 382 1,
1315 359 1355 381 25.
1417 357 1573 386 teuc-orum,
1593 360 1621 381 vt
1642 354 1724 381 finem
1743 353 1879 380 bonorum
1903 353 2038 386 dicerent,
2066 353 2207 381 secundum
2228 362 2349 382 naturam
2371 365 2475 383 vxuere.

296 389 369 415 Inter
382 396 458 423 agros
473 394 499 416 et
512 395 629 416 armenta
642 387 750 415 Tibull.
763 397 784 421 2,
800 398 818 421 1,
831 389 871 420 67.
943 387 1028 413 Natus
1049 386 1160 414 Athenis
1185 388 1266 414 Plaut.
1285 385 1353 413 Rud.
1378 395 1392 421 5
1417 387 1478 413 Huc
1492 387 1551 414 ades
1564 394 1589 415 et
1602 390 1711 424 genium
1725 389 1852 424 Templis
1866 388 2030 415 nascentibus
2044 388 2114 415 infer
2126 390 2188 417 Stat.
2205 390 2299 424 Silu.3,
2315 401 2333 425 1,
2348 396 2384 421 28.
2421 392 2473 418 Vo.

295 433 317 456 3,
330 434 354 457 4,
368 432 405 457 34.
497 425 581 452 Natus
595 424 697 451 ibidem
716 423 789 450 Idem
811 423 890 449 Poen.
913 431 934 455 5,
955 431 978 455 2,
990 429 1028 455 78.
1122 423 1207 450 Natus
1219 424 1249 450 in
1263 422 1354 457 Apulis
1417 422 1502 456 luptas
1519 424 1618 457 Lucan.
1632 434 1655 459 2,
1669 435 1716 459 391.
1775 427 1830 453 Cic.
1843 425 1921 452 Acad.
1936 436 1959 458 4,
1976 432 2018 459 105
2038 425 2113 451 Mare
2126 425 2202 460 illud,
2215 426 2287 462 quod
2300 436 2369 454 nunc
2389 427 2474 454 Fauo·

295 459 372 487 Idem
384 460 442 487 Mil.
456 469 478 494 3,
495 470 513 494 ι,
525 469 561 495 53.
635 460 718 486 Natus
732 466 755 485 et
781 457 921 498 Oriundus
939 458 1070 494 differunt.
1108 459 1169 487 Liu.
1191 469 1228 493 24,
1249 462 1265 486 6
1289 459 1356 493 Hip.
1417 458 1466 484 nio
1479 459 1599 498 nascente
1612 470 1776 496 purpureum
1789 462 1907 495 videtur,
1930 461 2004 488 idem
2014 460 2078 488 huic
2092 461 2181 488 nostro
2201 463 2348 490 videbitur.
2421 463 2473 490 Au-

295 502 415 531 pocrates
428 503 455 523 et
476 496 606 531 Epicides‚
626 494 680 520 nati
700 493 875 528 Carthaglne,
895 493 938 520 sed
961 494 1071 521 oriundi
1088 504 1102 521 a
1121 495 1259 529 Syracufis‚
1278 495 1355 522 exule
1417 494 1468 521 ster
1481 495 1558 528 V1rg.
1572 495 1670 530 Georg.
1685 506 1704 531 3,
1721 507 1770 531 179.
1844 497 1948 525 Cic..de
1961 496 2052 524 Finib.
2067 505 2088 530 ς,
2103 506 2123 529 ¹3
2144 498 2250 526 Horum
2265 498 2363 534 posteri
2378 498 2473 525 melio-

296 540 358 559 auo.
432 533 517 559 Natus
531 531 620 558 animo
634 529 688 556 leni
709 530 778 557 Ter.
790 530 854 557 Hec.
862 539 885 563 2,
893 539 917 563 2,
927 536 963 560 28.
1035 531 1120 558 Natus
1136 541 1196 558 cum
1210 531 1355 558 virtutibus
1416 538 1458 556 res
1473 529 1516 557 illi
1533 529 1643 563 quidem
1657 540 1715 559 mea
1727 534 1866 568 sententia,
1886 543 1967 569 quam
1981 532 2146 567 reliquarum
2155 533 2307 570 philosophi
2324 534 2474 569 disciplina-

295 568 377 596 Plaut.
392 568 460 595 Rud.
476 577 500 600 2,
511 577 534 599 2,
550 575 581 596 15.
619 566 650 592 In
665 564 794 593 dedecore
808 572 883 593 natus
897 567 994 594 Verres
1014 567 1070 594 Cic.
1086 568 1165 594 Verr.
1174 577 1196 600 3,
1210 569 1254 594 60.
1292 567 1354 594 Sine
1371 572 1400 591 10
1415 575 1490 592 rum:
1527 565 1570 592 sed
1583 566 1619 592 ita
1633 565 1800 603 degenerant,
1821 577 1851 597 vt
1866 569 1913 605 ipfi
1927 579 1958 596 ex
1973 570 1998 596 se
2014 576 2068 595 nati
2081 569 2129 596 effe
2139 569 2287 597 videantur.
2327 572 2400 601 Conf‘.
2415 571 2474 597 Ta-

294 603 408 631 erimine
423 610 507 636 natus,
527 603 544 628 i.
559 602 614 626 Non
627 610 658 626 ex
669 602 803 635 adulteria,
817 601 915 637 incestu,
928 611 1008 629 amore
1015 604 1155 630 meretricio
1170 602 1253 629 Ouid.
1261 604 1354 630 Amor.
1416 602 1461 629 cit.
1476 603 1546 628 Ann.
1562 611 1592 635 ιι,
1606 611 1640 634 21,
1654 611 1674 634 3.
1744 605 1898 633 Procreatus
1911 607 1967 633 sum
1981 614 2076 640 paruus
2089 613 2103 631 a
2116 605 2283 640 parentibus,
2304 616 2318 633 a
2338 601 2415 633 vo'bis
2429 615 2474 633 na-

293 648 315 672 3,
327 648 355 673 4,
370 649 406 673 39.
478 639 525 664 Per
538 636 633 663 scelera
660 636 750 664 Senec.
763 638 898 673 Agamem.
918 638 937 665 s.
953 647 985 671 ¹3·
1185 636 1207 675 ἦ
1228 647 1241 665 2
1262 639 1352 666 Parti·
1416 644 1457 665 tus
1470 639 1527 665 sum
1540 637 1694 665 Consularis
1715 638 1770 667 Cic.
1784 641 1840 674 post
1852 642 1930 669 redit.
1945 641 1976 669 ad
1985 641 2063 675 Qvir.
2077 650 2089 672 5
2109 650 2130 667 c.
2142 649 2167 668 2.
2206 643 2277 675 Confi
2290 643 2474 669 Turneb.Adu.

293 676 384 711 cipium
398 675 481 701 Natus
495 673 569 708 saepe
580 673 676 699 indicat
696 674 769 704 idem,
780 675 846 709 quod
857 682 951 700 natura
970 681 1041 709 aptus
1060 675 1095 699 ad
1114 674 1221 709 aliquid.
1295 675 1353 701 Cic.
1415 683 1438 707 2,
1451 683 1474 707 2,
1487 682 1509 706 3.
1581 674 1669 707 Nasci,
1688 680 1734 709 pro
1749 676 1876 704 Accidere.
1914 678 1970 705 Cic.
1985 677 2065 704 Anic-
2083 686 2115 710 11,
2127 686 2154 708 25
2172 676 2252 703 Nihil
2268 686 2385 712 vnquam
2402 677 2474 705 fimi-

292 720 344 746 pro
356 712 421 737 Sext.
443 715 474 742 39
493 718 515 735 c.
535 716 568 741 42
586 708 658 735 Nam
678 709 743 744 quid
763 716 850 745 ageret
863 709 907 736 vir
919 710 952 736 ad
971 710 1126 744 dignitatem
1139 715 1166 737 et
1179 710 1295 745 gloriam
1308 719 1352 736 na·
1414 710 1440 737 le
1453 716 1543 737 natum
1556 716 1635 744 puto:
1671 709 1716 736 cui
1731 710 1749 736 si
1762 710 1790 736 in
1804 719 1856 744 qua
1868 721 1897 739 re
1910 713 2047 741 consulere
2061 713 2172 748 possum,
2191 712 2271 747 cupio
2284 722 2298 739 a
2310 719 2335 740 te
2348 713 2476 741 admone.

291 747 350 773 tus?
422 745 496 772 Idem
512 743 543 771 de
556 743 645 772 Finib.
660 752 683 779 ς,
696 751 726 776 58
743 746 812 780 Ergo
825 746 875 772 hoc
888 745 996 780 quidem
1012 751 1129 779 apparet,
1148 755 1197 772 nos
1220 746 1252 773 ad
1272 755 1350 781 agen·
1360 754 1387 781 ις
1411 746 1446 773 1-1.
1518 746 1603 778 Idem,
1622 745 1700 772 Tum
1712 745 1763 772 tibi
1777 745 1886 781 placuit,
1898 755 1927 775 vt
1941 750 2076 776 mitterem
2091 749 2121 775 ad
2137 748 2238 779 filiium
2258 749 2320 776 inde
2333 755 2423 776 natum
2436 750 2474 777 est

291 782 353 808 dum
369 781 417 807 esse
431 787 515 807 natos.
552 781 594 806 Sic
607 780 674 808 ibid.
688 790 710 815 2,
719 790 747 815 39
764 781 802 808 Hi
814 790 871 808 non
884 781 1018 813 viderunt,
1033 787 1061 807 vt
1075 781 1107 807 ad
1120 783 1225 809 cursum
1239 791 1350 817 equum,
1412 789 1442 810 vt
1454 782 1487 809 ad
1500 781 1634 809 Publium.
1710 781 1844 808 Nascendi
1857 782 1956 810 incerta
1969 785 2090 812 conditio
2108 785 2181 812 Idem
2201 784 2280 811 Catil.
2300 794 2321 818 3,
2337 795 2354 812 1.
2387 792 2411 810 et
2430 785 2474 812 Se-

288 817 321 844 ad
334 816 462 843 arandum
475 816 621 847 bouen1‚ad
635 817 814 852 indagandum
826 826 929 844 canem:
943 817 976 844 fic
989 816 1128 843 hominem
1144 818 1175 844 ad
1190 818 1252 845 duas
1259 827 1312 851 res,
1321 824 1350 846 vt
1410 828 1465 846 nec.
1480 818 1559 852 Epist.
1575 827 1605 845 11.
1679 817 1828 845 Nascendo.
1864 818 1945 846 Ouid.
1959 820 2024 848 Fast.
2039 829 2069 856 4,
2083 824 2130 857 647
2149 823 2276 857 Agnaque
2285 821 2414 848 nascendo
2422 821 2475 848 sae-

287 851 911 888 aitAristoteles,adintelligendumetagendum
919 853 967 879 esse
975 858 1074 879 natum.
1102 853 1349 887 Ter.Heaut.3,1,12
1409 863 1442 889 pe
1460 854 1569 881 necabat
1582 863 1671 881 ouem.

287 889 322 915 At
335 896 385 922 ego
397 889 521 923 profe&o
533 888 645 923 ingenio
659 889 764 924 egregie
779 890 812 915 ad
827 888 962 915 miseriam
980 894 1055 915 natus
1075 889 1140 916 ssim.
1214 889 1255 916 Ad
1274 898 1348 916 arma
1446 897 1469 916 N
1487 896 1512 916 A
1529 897 1543 918 s
1561 896 1579 917 C
1599 896 1655 920 ΕΝ
1669 896 1689 916 D
1703 896 1724 917 V
1739 896 1771 923 S,
1790 898 1815 923 a,
1833 898 1888 918 um.
1939 890 2032 918 Panic.
2087 892 2156 920 Gell.
2177 901 2207 927 5,
2231 902 2258 927 3,
2281 902 2308 920 10
2326 892 2367 920 Ad
2386 892 2475 921 homi.

288 923 371 951 Ouid.
385 924 473 951 Trist.
484 936 507 958 4,
522 934 560 958 10,
574 931 606 954 18.
680 924 719 951 Ad
735 925 802 951 bella
823 925 878 951 Cic.
893 933 944 958 pro
957 924 1027 958 Lege
1041 924 1135 951 Manil.
1157 933 1196 957 42.
1253 925 1389 958 Sil.<15,20
1409 934 1455 953 nes
1469 925 1620 952 nascendos.
2492 931 2495 934 ’

287 962 342 993 463.
414 960 455 987 Ad
469 960 571 987 facinus
587 960 763 995 praedamque
784 960 840 987 Cic.
855 959 969 995 Philipp.
981 968 1014 993 11,
1028 967 1067 995 37.
1139 960 1180 987 Ad
1195 961 1347 988 facultatem
1447 967 1470 987 N
1481 968 1503 988 A
1513 968 1525 987 s
1537 967 1554 988 C
1567 968 1584 988 E
1596 969 1617 988 N
1629 967 1643 988 s
1653 983 1661 996 ,
1679 962 1757 989 entis.
1792 962 1888 989 Partic.
1927 962 2094 998 [τεκόμενος]
2130 964 2272 992 Nascentes
2286 964 2429 999 morimur,
2442 964 2475 992 ti-

286 995 418 1031 quandam
432 996 539 1023 dicendi
552 996 710 1031 singularem
729 996 803 1024 Idem
820 1003 870 1030 pro
883 996 967 1023 Corn.
982 996 1056 1023 Balb.
1078 1006 1097 1029 3.
1170 997 1210 1023 Ad
1223 997 1295 1023 furta
1303 1006 1348 1024 na·
1409 997 1505 1031 nisque
1518 997 1551 1023 ab
1570 997 1676 1032 origine
1695 996 1791 1032 pendet
1814 998 1909 1025 Manil.
1932 1007 1960 1032 4,
1980 1001 2015 1025 16.
2087 999 2199 1034 Metapa.
2237 1001 2346 1028 Athenis
2359 1010 2413 1027 non
2428 1009 2475 1027 na-

285 1037 311 1058 ta
324 1040 416 1059 manus
438 1032 521 1059 Ouid.
537 1032 601 1059 Met.
612 1042 644 1066 13,
657 1041 698 1059 111.
771 1031 810 1059 Ad
825 1031 875 1059 hoc
897 1041 982 1058 vnum
1001 1038 1095 1065 natus,
1119 1038 1164 1060 aut
1177 1033 1207 1060 in
1221 1033 1273 1060 hoc
1289 1033 1346 1061 solo
1409 1033 1551 1065 scentibus,
1567 1032 1610 1059 sed
1624 1033 1678 1060 iam
1693 1033 1790 1060 adultis
1803 1034 1855 1060 fuit
1868 1034 2048 1066 Thucydides
2068 1034 2124 1061 Cic.
2141 1034 2173 1061 de
2186 1035 2256 1063 Clar.
2276 1038 2351 1064 Orat.
2366 1046 2393 1069 27
2413 1045 2435 1063 c.
2448 1045 2475 1069 7.

282 1067 309 1095 se
322 1068 451 1101 exercuit,
471 1074 515 1095 aut
528 1067 591 1095 huic
604 1068 696 1103 generi
708 1067 792 1095 studet
806 1068 853 1095 vni
866 1068 964 1102 aliquis
985 1068 1042 1095 Cic.
1056 1069 1085 1095 in
1097 1069 1172 1096 Orat.
1190 1078 1232 1103 99.
1306 1068 1346 1096 Ad
1409 1070 1492 1104 Fraga
1506 1069 1636 1096 nascentia
1651 1069 1728 1096 humi
1747 1069 1824 1104 Virg.
1838 1070 1892 1096 Ecl.
1906 1080 1928 1105 3,
1941 1076 1965 1101 8.
2038 1071 2095 1097 Cic.
2109 1070 2181 1097 Fam.
2197 1079 2216 1101 1,
2233 1079 2251 1105 7
2271 1074 2325 1099 Iam
2346 1073 2413 1099 olim
2427 1080 2476 1098 na-

283 1103 447 1131 honestatem
459 1109 550 1130 natum
565 1113 646 1140 genus
662 1104 805 1131 hominum
824 1103 861 1131 Id.
869 1105 904 1131 ‘in
914 1104 1006 1131 Partit.
1020 1114 1045 1139 91
1065 1114 1087 1132 c.
1103 1114 1139 1138 27.
1197 1105 1237 1133 Ad
1250 1105 1384 1141 iugu1n25
1409 1106 1490 1132 scenti
1504 1114 1599 1140 prope,
1606 1105 1709 1132 nostrae
1733 1106 1828 1138 Laudi,
1848 1105 1987 1140 dignitati,
2008 1106 2158 1141 virtutique
2178 1107 2324 1141 praefuisti.
2398 1110 2478 1135 Luna

282 1146 358 1166 natae
374 1139 456 1166 boum
470 1139 584 1167 ceruices
605 1140 678 1167 Idem
692 1139 724 1166 de
745 1140 806 1167 Nat.
821 1140 903 1167 Deor.
922 1150 945 1173 2,
963 1149 1015 1174 ¹59·
1088 1141 1128 1167 Ad
1147 1141 1276 1169 iustitiam
1295 1151 1345 1168 nos
1409 1142 1480 1168 Hor.
1492 1143 1580 1169 Carm.
1595 1151 1617 1175 3,
1630 1151 1665 1175 23,
1678 1150 1700 1168 2.
1773 1141 1847 1169 Idem
1861 1142 1944 1169 Serm.
1962 1152 1985 1175 2,
1997 1152 2025 1175 4,
2041 1151 2081 1175 30.
2157 1143 2237 1169 Poma
2263 1143 2344 1170 Ouid.
2359 1145 2422 1170 Met.
2438 1154 2476 1178 14,

283 1175 334 1202 ess'e
347 1182 422 1202 natos
430 1175 591 1210 intelligere,
611 1176 649 1202 nil
663 1176 843 1211 praestabilius
863 1176 937 1203 Idem
951 1175 983 1203 de
996 1175 1090 1210 Legib.
1102 1187 1120 1209 1,
1135 1183 1169 1206 18.
1242 1178 1281 1206 Ad
1289 1178 1344 1205 lau·
1405 1181 1461 1210 763.
1540 1178 1607 1204 Puer
1620 1178 1755 1212 Virg.Ecl.
1767 1187 1795 1211 4,
1809 1185 1832 1207 8.
1906 1178 1950 1204 Sol
1964 1179 2061 1205 Seneca
2074 1178 2185 1213 Hippol.
2198 1187 2220 1211 3.
2293 1179 2419 1214 Templis
2428 1188 2477 1206 na-

283 1210 344 1238 dem
357 1217 383 1238 et
396 1212 473 1238 decus
486 1212 551 1245 nati,
571 1212 691 1248 suscepti,
717 1218 743 1239 et
766 1212 882 1239 instituti
903 1212 991 1238 sumus
1011 1212 1086 1239 Idem
1106 1212 1138 1239 de
1158 1213 1247 1240 Finib.
1263 1224 1285 1245 5,
1305 1217 1344 1246 63.
1406 1213 1537 1240 scentibus
1553 1214 1624 1240 infer
1640 1214 1757 1240 Genium
1772 1215 1832 1240 Stat.
1848 1214 1913 1241 Silu.
1929 1223 1953 1248 3,
1967 1223 1987 1248 1,
1999 1220 2038 1245 23.
2111 1215 2254 1250 Tempora
2268 1215 2350 1242 Ouid.
2371 1215 2437 1242 Fast.
2451 1225 2474 1249 1,

281 1246 329 1274 Ad.
343 1247 451 1275 alterius
470 1247 597 1274 libidines
616 1248 757 1284 flagitiosas
781 1254 857 1275 natus
877 1253 955 1282 atque
975 1254 1050 1283 aptus
1076 1249 1131 1275 Cic.
1151 1250 1230 1277 Verr.
1251 1259 1276 1284 2,
1292 1259 1343 1283 ¹34-
1408 1253 1459 1282 167.
1533 1251 1607 1276 Vuae
1621 1249 1695 1276 Idem
1714 1249 1747 1276 de
1766 1250 1842 1277 Nuce
1856 1258 1896 1283 27.
2171 1281 2174 1282 .

280 1282 322 1309 Ad
340 1283 490 1311 societatem
501 1289 528 1311 et
547 1284 766 1311 communitatem
785 1284 889 1318 generis
909 1284 1021 1311 humani
1041 1285 1095 1311 nati
1110 1285 1197 1311 sumus
1215 1286 1290 1313 Idem
1310 1286 1342 1312 de
1349 1291 1382 1316 30
1442 1293 1465 1311 N
1476 1292 1499 1312 Λ
1511 1292 1523 1312 s
1537 1291 1554 1312 C
1568 1292 1585 1313 Ε
1600 1292 1622 1312 Ν
1633 1292 1722 1318 ΤΙΑ,
1741 1294 1779 1312 ae.
1799 1286 1816 1312 f.
1853 1286 1975 1321 [γένεσις]
2013 1286 2154 1313 Natiuitas.
2192 1286 2300 1313 Vitruu.
2315 1296 2358 1320 9,7
2378 1286 2442 1313 Non
2456 1295 2475 1313 e

280 1319 371 1346 Finib.
384 1329 413 1354 4,
427 1328 454 1354 4.
525 1319 566 1346 Ad
581 1320 680 1347 summa
693 1319 784 1346 omnia
799 1325 875 1345 natus
889 1319 1030 1355 Pompeius
1050 1321 1108 1348 Cic.
1125 1320 1157 1348 de
1170 1321 1241 1348 Clar.
1265 1323 1342 1349 Orat.
1405 1321 1536 1348 nascentia
1549 1321 1591 1348 sed
1606 1330 1638 1348 ex
1652 1322 1843 1357 conceptione,
1858 1322 2095 1357 Genethliologiae
2114 1322 2232 1349 rationes
2250 1323 2388 1357 explicatas
2409 1322 2474 1349 reli-

279 1363 324 1388 239
345 1364 367 1382 c.
388 1358 428 1386 68.
513 1355 554 1383 Ad
573 1355 636 1383 haec
654 1356 767 1383 deorum
787 1354 919 1381 beneficio
937 1360 1056 1390 tempora
1069 1363 1144 1383 natus
1157 1358 1250 1384 Caesar
1269 1358 1343 1385 Idem
1406 1357 1473 1392 quit.
1548 1359 1621 1384 Plur.
1659 1357 1726 1384 Plin.
1752 1358 1839 1385 Valer.
1853 1366 1879 1392 2,
1892 1367 1918 1390 23
1939 1358 2032 1393 Accipi
2048 1367 2109 1384 cum
2130 1358 2277 1385 nascentiis.

279 1390 396 1426 Philipp.
409 1400 444 1424 12,
457 1399 482 1425 9.
555 1391 629 1418 Idem
640 1390 725 1418 Tusc.
741 1401 759 1425 1,
774 1401 788 1424 9
809 1391 946 1424 Qioniam
966 1397 1055 1418 antem
1074 1393 1154 1419 etiam
1171 1394 1273 1420 mortui
1292 1394 1342 1421 mi-
1444 1400 1467 1419 N
1479 1400 1502 1420 A
1513 1400 1526 1420 s
1538 1399 1554 1420 c
1568 1399 1604 1420 1B
1614 1390 1627 1419 f
1635 1399 1651 1419 L
1661 1400 1670 1418 1
1685 1399 1698 1420 s
1710 1413 1718 1426 ,
1738 1402 1761 1418 e.
1801 1393 1858 1419 Adi.
1897 1394 2016 1421 Tertull.
2030 1393 2132 1421 aduers.
2147 1395 2229 1422 Marc.
2243 1404 2265 1429 3,
2280 1404 2307 1430 ¹9
2326 1394 2476 1422 Mortalem

277 1426 330 1454 seri
346 1428 415 1463 sunt,
434 1428 465 1454 in
479 1427 613 1454 miseriam
628 1427 760 1454 nascimur
772 1427 969 1461 sempiternam.
1049 1428 1080 1453 In
1102 1429 1158 1454 otia
1178 1430 1259 1457 Ouid.
1277 1431 1342 1457 Met.
1404 1435 1492 1464 negat,
1514 1438 1593 1463 quem
1608 1428 1761 1455 nascibilem
1774 1429 1925 1456 confitetur.

278 1471 314 1495 15,
326 1470 377 1497 7¹¹·
450 1464 482 1490 In
494 1463 564 1497 spem
585 1463 645 1491 Liu.
655 1465 696 1496 26,
710 1466 735 1491 6.
808 1464 838 1490 In
852 1463 926 1489 vsum
939 1462 1054 1489 laetitiae
1067 1463 1156 1498 scyphi
1175 1465 1245 1491 Hor.
1253 1466 1343 1492 Carm.
1360 1472 1387 1496 35
1443 1471 1467 1491 N
1477 1472 1520 1491 AS
1530 1471 1547 1492 C
1557 1473 1565 1492 1
1577 1471 1598 1491 T
1607 1466 1628 1492 17
1637 1472 1656 1491 R
1665 1471 1750 1498 vs,a,
1763 1474 1819 1491 um.
1834 1465 1901 1492 Part.
1916 1465 2106 1499 Pallad.R.R.7
2127 1466 2238 1501 Signum
2252 1465 2474 1500 nascituri-tegis.

276 1506 297 1528 1,
310 1506 347 1530 27,
359 1506 379 1525 1.
452 1497 601 1525 Abdomini
619 1505 704 1532 natus,
725 1507 780 1526 non
793 1498 865 1525 laudi
879 1505 957 1533 atque
972 1498 1075 1533 gloriae
1102 1499 1159 1527 Cic.
1174 1500 1202 1526 in
1217 1501 1302 1527 Pison.
1316 1509 1342 1534 41
1405 1500 1529 1532 Chrysol.
1550 1502 1633 1528 Serm.
1655 1506 1686 1532 84
1713 1501 1785 1527 Bell]
1803 1500 1934 1527 nascitura
1948 1501 2104 1537 compress'it.
2183 1502 2241 1529 Vid.
2263 1504 2363 1530 Goclen.
2384 1503 2473 1529 Probl-

276 1542 297 1559 c.
311 1540 349 1568 17.
420 1533 493 1561 Foro
514 1540 540 1560 et
559 1533 728 1560 multitudini
748 1539 807 1561 nata
826 1535 979 1568 eloquentia
997 1534 1035 1562 Id.
1058 1535 1090 1562 de
1108 1535 1179 1562 Clar.
1198 1537 1273 1563 Orat.
1289 1544 1341 1567 282-
1406 1537 1494 1562 Gram.
1510 1546 1528 1569 1,
1541 1546 1579 1569 43.
1617 1538 1647 1562 Et
1661 1537 1760 1573 Obseru.
1771 1543 1798 1572 p.
1813 1546 1875 1570 440.
2041 1558 2043 1560 .
2458 1550 2465 1555 s

274 1569 395 1605 Imperio
407 1568 471 1596 huic
492 1569 565 1596 Idem
579 1579 630 1605 pro
649 1570 721 1597 Cael.
734 1578 774 1603 59.
846 1570 1040 1604 Iustam-andis,
1059 1571 1266 1607 reparandisque
1286 1572 1342 1599 bel·
1445 1578 1468 1598 N
1487 1578 1509 1598 A
1527 1578 1550 1600 '1'
1569 1579 1592 1599 V
1610 1578 1644 1605 s,
1671 1581 1702 1608 a,
1722 1582 1778 1599 um.
1827 1575 1857 1599 ln
1877 1579 1999 1607 quantum
2006 1573 2175 1609 participium
2188 1572 2235 1609 est,
2271 1573 2372 1609 affhtim
2392 1582 2475 1600 exem-

274 1605 307 1632 lis
323 1612 382 1632 nata
397 1614 461 1640 gens
482 1605 543 1633 Liu.
562 1614 603 1639 24,
619 1615 656 1639 42.
728 1607 761 1633 In
781 1605 878 1646 Literis
899 1607 953 1633 nati
974 1607 1070 1634 Graeci
1090 1608 1147 1634 Cic.
1173 1608 1204 1634 de
1227 1609 1302 1636 Orat.
1321 1619 1342 1642 3,
1401 1609 1500 1644 plorum
1511 1609 1582 1634 hahet
1594 1611 1622 1634 in
1636 1615 1800 1636 NASCOR.
1872 1609 1958 1636 Natus
1976 1616 2000 1635 et
2013 1609 2101 1637 Notus
2115 1619 2131 1636 a
2144 1609 2262 1636 librariis
2268 1611 2342 1646 saepe
2345 1616 2474 1645 permuta-

271 1649 307 1674 131
325 1651 348 1668 c.
360 1651 395 1674 32.
467 1640 506 1669 Id.
521 1651 571 1682 pro
584 1642 653 1670 Sext.
672 1662 678 1668 .
699 1663 705 1669 .
726 1642 794 1668 Cum
808 1641 850 1668 tus
864 1643 911 1677 qui
932 1644 957 1670 se
978 1643 1087 1678 patriae,
1100 1644 1146 1677 qui
1161 1644 1213 1670 suis
1226 1644 1386 1681 ciuibus‚40
1404 1644 1431 1669 rt'
1445 1645 1676 1679 deprehemluntm·:
1697 1645 1751 1671 vid.
1766 1643 1894 1672 Drakenb.
1909 1647 1945 1671 ad
1956 1645 2001 1672 Sil·
2023 1655 2044 1679 3,
2056 1653 2106 1679 335-

272 1677 319 1711 qui
334 1676 416 1713 laudi,
429 1677 477 1712 qui
490 1677 602 1712 glonae,
621 1687 676 1704 non
690 1677 737 1712 qui
750 1678 843 1705 somno
858 1684 883 1706 et
895 1679 1031 1705 conuiuiis
1044 1686 1070 1706 et
1082 1680 1255 1707 delectationi
1268 1688 1343 1708 natos
1440 1687 1463 1706 N
1473 1686 1496 1706 A
1509 1686 1531 1706 ‘r
1543 1686 1602 1712 vs,
1624 1681 1642 1707 i.
1662 1690 1697 1709 m.
1717 1679 1830 1715 hemis,
1848 1680 1970 1716 γεγονώς]
1989 1683 2038 1707 Pro
2053 1681 2127 1708 Filio.
2202 1682 2224 1707 P
2233 1691 2239 1696 ³
2258 1680 2398 1716 epom'solct
2411 1680 2472 1706 lite-

274 1712 446 1740 arbitrentur.
519 1714 589 1742 Ter.
606 1713 718 1749 Adelph.
733 1723 789 1747 4‚2,
802 1717 816 1740 6
837 1714 956 1750 Nequeo
967 1715 1028 1741 satis
1042 1715 1200 1743 decernere:
1227 1717 1277 1744 nili
1297 1726 1340 1744 me
1403 1726 1435 1742 ra
1449 1716 1473 1742 G
1487 1716 1514 1740 in
1535 1716 1653 1747 Gnatus,
1672 1717 1765 1743 Gnata.
1784 1726 1811 1744 v.
1824 1726 1851 1743 v.
1927 1718 2004 1752 Virg.
2019 1718 2084 1744 Aen.
2099 1727 2117 1751 1,
2138 1718 2187 1747 663
2265 1726 2280 1743 e
2300 1716 2380 1751 patris
2399 1717 2469 1743 sum-

273 1749 354 1788 credo
369 1748 431 1775 huie
445 1750 493 1775 effe
507 1755 599 1776 natum
614 1750 663 1784 rei,
683 1749 803 1776 ferundis
817 1751 941 1778 miseriis.
1014 1752 1060 1778 Sil.
1075 1762 1096 1784 3,
1110 1762 1148 1785 33,-
1171 1753 1221 1779 His
1242 1762 1339 1788 paruus
1403 1752 1452 1785 mi,
1472 1751 1518 1785 qui
1535 1752 1585 1778 tela
1598 1751 1728 1785 Tiphoea
1742 1752 1848 1778 temnis.
1923 1753 2016 1787 Nepos
2030 1762 2063 1786 15,
2078 1762 2116 1785 ιο,
2131 1762 2140 1779 ι
2162 1753 2218 1787 Qli
2240 1753 2318 1780 talem
2338 1761 2370 1778 ex
2384 1758 2410 1779 te
2424 1761 2472 1778 na-

272 1785 389 1819 sompes,
409 1793 456 1810 nec
471 1785 552 1810 Marti
566 1791 650 1812 natus.
722 1785 797 1812 Idem
811 1788 837 1818 6,
851 1795 896 1817 340
917 1787 991 1814 Tibi
1011 1787 1120 1814 dextera
1141 1794 1166 1815 et
1188 1788 1256 1815 Vrbi
1279 1795 1339 1816 nata
1401 1793 1458 1814 tum
1470 1787 1614 1814 relicturus
1628 1787 1668 1814 fis.
1741 1787 1791 1813 Hic
1803 1787 1941 1822 Participii
1959 1790 2080 1814 notionem
2097 1789 2206 1815 retinere
2224 1788 2307 1824 potest.
2382 1790 2471 1823 Itaque

272 1826 333 1847 tuae
348 1819 415 1847 tristi
428 1819 567 1846 damnatur
581 1820 651 1847 sorte
670 1825 784 1847 catenae.
857 1821 972 1858 Illustrat
985 1832 1015 1848 ex
1035 1823 1116 1850 Liuio
1129 1825 1278 1860 praesertim
1296 1826 1339 1851 hoc
1352 1829 1385 1856 45
1401 1832 1449 1848 mm
1467 1823 1548 1848 vitiat
1568 1824 1610 1848 huc
1634 1824 1767 1856 exemplum
1790 1822 1981 1858 obseruationem
2003 1821 2086 1848 Valla.»
2105 1832 2133 1856 3,
2149 1832 2185 1850 10.
2224 1833 2247 1849 et
2270 1824 2412 1850 Burmanni
2434 1824 2475 1850 ad

268 1865 349 1891 genus
357 1856 527 1890 firmularum
543 1856 620 1882 Gron.
637 1855 693 1892 Obs.
710 1866 733 1891 4,
748 1863 785 1891 17.
944 1855 965 1895 ff
986 1867 996 1889 3
1014 1858 1086 1885 Mihi
1097 1859 1195 1886 iterum
1209 1866 1283 1887 natus
1297 1860 1337 1887 vi.
1401 1858 1534 1892 Qtinffll.
1550 1859 1608 1885 Pro.
1623 1868 1646 1894 p.
1661 1866 1678 1893 7
1697 1859 1799 1885 Natum
1811 1865 1855 1893 pro
1863 1859 1919 1893 filio
1935 1858 1962 1884 in
1972 1858 2056 1893 prasii,
2075 1858 2326 1894 nume1·0fingulari‚
2340 1860 2388 1884 vix
2400 1859 2471 1885 dit-i:

273 1891 348 1925 deor,
363 1891 436 1926 quod
448 1896 473 1917 te
488 1891 578 1926 reperi
597 1892 681 1919 Plaut.
694 1892 773 1920 Poen.
785 1900 808 1925 5,
821 1900 848 1925 2,
862 1901 906 1925 117.
977 1894 1079 1920 Iterum
1099 1901 1175 1922 natus
1195 1896 1300 1926 videor,
1318 1896 1337 1922 fi
1401 1896 1451 1921 Sed
1464 1903 1511 1919 non
1524 1894 1570 1929 ‘'ffi'
1580 1902 1663 1920 tamen
1675 1901 1713 1929 pn
1719 1901 1819 1930 petuam
1831 1893 1898 1923 illam
1912 1894 2112 1929 obseruationem,
2120 1893 2203 1927 facile
2216 1895 2374 1920 concedimur.
2413 1894 2470 1920 Na-

272 1936 337 1955 vera
351 1927 442 1954 audias
456 1927 537 1954 Plaut.
551 1928 627 1962 Capt.
642 1936 670 1961 4,
683 1936 706 1961 2,
722 1937 750 1954 ιο
787 1929 880 1963 Nempe
892 1929 1018 1964 nascimur
1031 1939 1083 1959 mm
1094 1933 1206 1966 periculo
1217 1939 1240 1957 et
1253 1933 1338 1958 dolore
1401 1935 1491 1956 torum
1506 1925 1658 1965 appellatio,
1680 1931 1763 1965 inquit
1776 1929 1952 1962 Modestinus,
1971 1929 2004 1956 ad
2017 1935 2127 1964 nepotes
2145 1929 2307 1956 extenditur.
2381 1929 2470 1962 Q1in-

269 1963 362 1990 matris
380 1972 411 2002 aq
429 1961 515 1998 nqslro.
587 1964 743 1995 Laetantur,
770 1964 813 1997 qui
839 1964 1015 2000 circumstant,
1039 1965 1090 2001 pqsz'
1107 1973 1209 2002 partum
1223 1968 1335 2001 felicem.
1401 1966 1457 1992 8111.
1472 1978 1494 1999 4,
1512 1976 1534 1998 2,
1546 1975 1575 1997 42
1598 1967 1717 1992 onrem
1732 1966 1806 1998 duxi,
1829 1972 1920 1992 natum
1934 1965 2034 1998 sustuli,
2057 1965 2143 1992 filium
2164 1965 2283 1991 educaui.
2356 1965 2387 1991 Et
2410 1963 2471 1991 nati
2506 1983 2513 1998 ἶ

269 1998 340 2025 Hor.
359 1997 439 2031 Epist.
458 2005 482 2028 1,
504 2003 546 2030 17,
567 2005 596 2036 10
625 1997 682 2036 Nec
697 1997 767 2036 vixit
780 1998 857 2030 male,
880 1999 928 2032 qui
948 2005 1024 2026 natus
1036 2002 1210 2036 moriensque
1228 2003 1336 2029 fefellit.
1346 1999 1378 2024 50
1400 2006 1535 2034 natorum,
1556 2007 1582 2028 et
1600 2002 1647 2036 qui
1661 2003 1800 2028 nascentur
1816 2002 1914 2028 abillis
1927 2002 2076 2036 Virg.Aen.
2092 2011 2113 2033 3,
2127 2007 2166 2035 953.
2237 2001 2339 2028 Caritas
2355 1999 2469 2034 quaeest
2513 2030 2515 2035 .

271 2033 366 2059 Graece
379 2034 492 2067 loquutus
505 2031 548 2067 est,
567 2038 650 2066 mqmt
663 2031 803 2064 Lambmus,
823 2032 1046 2066 Latiazofirm011e;
1070 2036 1110 2066 fic
1122 2037 1187 2060 enim
1201 2038 1244 2061 illi
1255 2039 1336 2069 loque-
1399 2037 1470 2061 inter
1484 2043 1559 2061 natos
1575 2043 1599 2062 et
1613 2043 1745 2070 parentes,
1765 2037 1860 2064 dirimi
1873 2038 1921 2065 nifi
1935 2037 2082 2065 detestabili
2095 2036 2191 2064 scelere
2203 2045 2258 2063 non
2270 2036 2356 2072 potest
2368 2036 2425 2062 Cic.
2434 2035 2470 2062 de

268 2075 368 2102 rentur,
390 2065 414 2098 a.
428 2066 501 2094 ἔλαθε
514 2071 634 2101 γενόμενός
648 2078 676 2094 τε
689 2065 730 2100 ‘tm'
741 2065 834 2096 θανώνς
854 2066 898 2101 qui
911 2074 983 2092 natus
996 2074 1019 2093 ee
1032 2076 1141 2094 mortuus
1154 2070 1244 2094 latuit:
1263 2070 1295 2094 id
1304 2070 1336 2103 est
1402 2070 1510 2094 Amicit.
1525 2077 1555 2102 27
1577 2079 1598 2095 c.
1613 2077 1636 2099 8.
1707 2072 1787 2097 Parui
1799 2073 1855 2098 nati
1875 2074 1945 2099 Hor.
1959 2074 2047 2101 Carm.
2062 2084 2083 2106 3,
2099 2082 2120 2104 ς,
2133 2082 2171 2106 42.
2332 2070 2353 2111 ff
2373 2081 2385 2098 2
2408 2070 2468 2108 Obs-

268 2114 339 2140 quem
353 2113 428 2139 neque
441 2111 537 2134 natum,
554 2112 630 2138 neque
643 2109 763 2129 mortuum
776 2102 822 2137 effi
834 2103 963 2137 quisquam
980 2104 1122 2129 mortalium
1134 2103 1221 2138 sciuit.
1295 2105 1337 2130 Sic·
1401 2104 1502 2130 Gnatus
1523 2104 1726 2131 Terentianum
1745 2105 1778 2141 est
1801 2115 1866 2139 v.g.
1893 2108 1991 2133 Heaut.
2007 2118 2024 2141 1,
2041 2118 2060 2141 1,
2074 2114 2112 2140 78.
2187 2108 2259 2142 Confi
2275 2108 2357 2136 Andr.
2373 2116 2395 2140 3,
2409 2118 2430 2140 3,
2442 2113 2470 2138 8.
2511 2130 2517 2138 .

268 2140 382 2176 loquitur
409 2139 468 2167 Cic.
488 2140 560 2167 Fam.
583 2147 615 2171 9,
635 2145 659 2172 15
677 2139 753 2171 Qtos
776 2147 826 2173 ego
848 2147 902 2165 non
923 2137 1006 2165 modo
1028 2148 1103 2174 reges
1117 2139 1272 2174 appellatOS,
1294 2139 1337 2167 sed
1401 2139 1478 2171 Nati,
1497 2140 1527 2165 de
1543 2138 1621 2165 Pullis
1633 2149 1761 2175 equarum.
1831 2141 1964 2168 Columel.
1979 2144 2004 2174 6,
2018 2152 2044 2176 27
2066 2144 2096 2170 Id
2110 2144 2252 2179 praecipue
2263 2153 2345 2178 genus
2358 2143 2473 2179 pecudis

270 2175 386 2203 omnino
400 2181 474 2202 natos
494 2174 651 2202 nesciebam.
724 2173 842 2209 Respexit
861 2182 943 2200 autem
961 2175 1030 2201 illud
1048 2176 1150 2210 Epicuri
1170 2178 1230 2203 λάθε
1249 2175 1338 2209 βιώσας
1353 2173 1382 2200 53
1402 2184 1493 2202 amore
1506 2181 1640 2208 natorum,
1659 2175 1708 2202 nifi
1723 2176 1767 2205 flat
1780 2177 1903 2211 potestas,
1923 2186 2022 2205 noxam
2031 2178 2121 2206 trahit.
2466 2207 2469 2211 .

268 2213 336 2248 quod
345 2212 467 2247 improbat
485 2218 510 2238 et
524 2210 622 2245 refellit
641 2210 800 2236 Plutarchus.
875 2210 955 2236 Huius
975 2218 1056 2237 autem
1075 2212 1124 2237 loci
1135 2211 1265 2246 sententia
1289 2212 1336 2247 est:
1437 2217 1490 2237 NA
1502 2218 1524 2238 T
1537 2218 1575 2244 A,
1595 2220 1633 2239 ae.
1656 2212 1674 2238 f.
1696 2212 1847 2248 [γεγονυῖα]
1883 2214 1960 2240 Filia.
2005 2215 2124 2242 Maxima
2136 2220 2257 2242 natarum
2273 2214 2372 2242 Priami
2385 2215 2466 2251 Virg.
2509 2223 2515 2228 ‘

263 2248 427 2284 fiat-lunatum
445 2256 497 2273 eum
510 2247 609 2278 iudico,
627 2245 670 2280 qui
682 2245 794 2279 ignotus,
813 2244 988 2277 inhonoratus,
1007 2247 1130 2282 inglorius
1149 2247 1248 2283 cursum
1267 2249 1336 2274 vitae
1399 2248 1464 2274 Aen.
1480 2256 1499 2279 1,
1512 2249 1567 2276 658.
1640 2247 1732 2275 Dulcis
1750 2249 1819 2275 Hor.
1842 2249 1924 2275 Serzu.
1944 2258 1966 2281 2,
1985 2260 2006 2285 3,
2028 2259 2080 2283 199.
2154 2251 2278 2277 Auellere
2289 2257 2378 2278 natam
2392 2261 2467 2279 com-

269 2283 384 2318 confi’cit.
458 2284 525 2309 Haec
536 2282 590 2308 ille.
628 2283 756 2306 Commune
766 2279 842 2314 pqffi’t
854 2280 899 2314 {ffb
910 2281 1013 2315 dimam,
1032 2291 1075 2307 nec
1086 2283 1169 2318 inepte
1182 2283 1335 2318 'iffurpariin
1400 2284 1479 2318 plexu
1493 2282 1585 2309 matris
1607 2283 1704 2310 Catull.
1718 2286 1763 2317 60,
1776 2293 1810 2311 21.
1866 2284 1944 2311 Natis
1955 2292 2000 2319 pro
2014 2285 2150 2319 Natabus,
2168 2287 2195 2310 in
2204 2288 2267 2312 Dat.
2282 2293 2306 2311 et
2320 2288 2380 2312 ΑΜ.
2391 2288 2466 2321 plur.

271 2329 317 2352 eos,
330 2319 373 2354 qui
387 2318 468 2351 nibil,
482 2319 548 2352 quod
558 2318 632 2343 laude
643 2316 799 2351 dtjgnun1s1't‚
816 2316 843 2340 in
856 2316 913 2341 vita
925 2325 1035 2350 Unquam
1043 2318 1179 2352 gesserunt.
1289 2316 1310 2355 q
1321 2329 1336 2351 4
1399 2319 1480 2353 ηψπ
1492 2321 1559 2353 apud
1576 2319 1659 2347 Ouid.
1672 2321 1738 2347 Met.
1754 2329 1787 2354 13,
1801 2322 1846 2347 661
1865 2319 1974 2348 Euboea
1985 2320 2096 2354 duabus,
2117 2321 2148 2349 Et
2161 2320 2274 2347 totidem
2281 2321 2349 2347 natis
2356 2322 2466 2348 Andron

270 2355 399 2382 Formulae
411 2354 478 2380 aliae
493 2364 502 2378 .-
557 2352 614 2379 Cic.
628 2360 679 2387 pro
692 2351 798 2378 Cluent.
812 2360 840 2391 43
867 2352 918 2378 Pro
930 2360 974 2384 eo,
989 2352 1061 2386 quod
1075 2353 1099 2378 se
1115 2362 1170 2380 non
1183 2354 1268 2380 solnm
1282 2354 1335 2380 suis
1343 2347 1379 2371 ⁶0
1397 2354 1514 2386 fraterna
1527 2355 1608 2388 petita
1622 2356 1667 2382 est.
2464 2380 2467 2383 .

271 2388 419 2418 commodis
429 2409 437 2422 ‚
457 2388 500 2415 sed
514 2388 594 2415 etiam
608 2388 717 2413 suorum
736 2387 902 2427 municipum
910 2407 918 2419 ‚
944 2394 1161 2423 caeterorumque
1177 2390 1331 2416 net-effatio-
1434 2397 1457 2415 N
1467 2396 1491 2416 Α
1503 2396 1524 2417 T
1535 2397 1545 2416 1
1555 2396 1571 2416 C
1582 2397 1593 2416 1
1605 2397 1623 2417 D
1635 2397 1646 2417 1
1656 2397 1678 2417 v
1689 2397 1716 2418 M
1724 2411 1734 2425 ,
1758 2391 1785 2427 s.
1813 2397 1836 2419 G
1847 2398 1872 2419 N
1885 2398 1908 2420 A
1920 2397 1941 2418 Τ
1951 2398 1961 2420 1
1970 2397 1987 2419 c
1997 2399 2008 2419 1
2018 2397 2038 2419 D
2048 2399 2059 2420 1
2067 2398 2088 2418 V
2099 2398 2127 2420 Μ
2136 2411 2147 2425 ,
2171 2391 2192 2418 i.
2224 2400 2252 2419 n.
2315 2395 2466 2418 τικνοκτονί·

270 2435 331 2454 rum
346 2432 437 2453 natum
450 2425 498 2452 etse
512 2423 700 2452 arbitrabatur.
773 2423 884 2454 Patriae,
896 2426 952 2448 non
965 2422 1013 2449 fibi
1035 2431 1110 2450 natus
1130 2425 1198 2452 Cato
1207 2426 1264 2452 Cic.
1284 2435 1333 2461 pro
1397 2426 1478 2453 Gloss'.
1495 2426 1543 2453 Gr.
1560 2426 1616 2453 Lat.

270 2463 393 2489 Muraen.
409 2469 446 2494 75.
517 2462 556 2488 Ita
569 2460 625 2486 nati
640 2460 737 2492 sutnuS,
757 2463 786 2485 vt
799 2465 825 2484 et
847 2457 971 2498 blandiri·
983 2464 1009 2485 et
1028 2460 1181 2494 suppliciter
1201 2461 1333 2489 insinuare
1432 2468 1565 2490 NATV.
1593 2461 1711 2497 [ἧλικίᾳ]
1737 2462 1795 2488 Non
1815 2462 1867 2495 mss
1882 2463 1910 2488 in
1922 2463 2044 2489 Ablatiuo
2062 2463 2205 2498 reperitur,
2225 2469 2250 2489 ee
2263 2461 2465 2488 cumAdiec‘Iiuis

272 2498 317 2532 iis,
335 2506 350 2524 a
364 2496 461 2532 quibus
473 2497 534 2524 esset
547 2495 699 2532 petendum,
718 2499 744 2520 et
757 2494 922 2521 aduersarios
936 2495 1076 2521 minaciter
1097 2501 1197 2522 terrere
1213 2498 1334 2531 poffimus
1397 2498 1517 2532 Magnus,
1533 2498 1639 2528 Paruus,
1657 2505 1682 2524 et
1696 2497 1810 2524 Grandis
1823 2499 1941 2525 iunae‘lum.
2015 2498 2140 2533 Nascendi
2153 2505 2248 2534 tempus
2259 2506 2333 2531 atque
2347 2499 2466 2526 Aetatem

270 2533 311 2562 Id.
326 2533 358 2560 de
375 2534 451 2560 Orat.
471 2542 489 2566 1,
507 2542 551 2567 90.
623 2532 683 2560 Nos
695 2539 822 2557 numerus
835 2531 932 2564 sumus,
952 2536 977 2557 et
1000 2531 1090 2567 fruges
1105 2532 1260 2559 consumere
1278 2533 1334 2560 nati
1342 2530 1373 2562 65
1397 2536 1454 2560 adeo
1467 2541 1545 2560 nutat.
1584 2534 1676 2568 Nepos
1691 2543 1722 2568 13,
1737 2543 1757 2569 3,
1771 2543 1779 2560 1
1802 2534 1854 2560 Hic
1867 2543 1928 2560 cum
1941 2534 2001 2561 esset
2015 2542 2112 2568 magno
2126 2540 2197 2560 natu.
2272 2533 2346 2560 Idem
2362 2541 2399 2566 14,
2411 2539 2438 2567 7,
2453 2530 2472 2559 1'

270 2571 342 2597 Hor.
357 2569 436 2604 Epist.
453 2579 471 2603 1,
485 2578 507 2602 2,
523 2578 559 2602 27.
634 2568 725 2594 Annos
738 2566 858 2601 quinque
878 2566 960 2593 Plaut.
976 2567 1035 2593 Mil.
1050 2576 1070 2601 3,
1085 2577 1102 2600 1,
1116 2575 1152 2600 35.
1225 2568 1281 2595 Cic.
1302 2568 1334 2596 de
1397 2569 1519 2596 Maximo
1533 2576 1595 2596 natu
1610 2570 1689 2597 filius.
1728 2570 1801 2603 Conf.
1815 2570 1875 2596 Liu.
1889 2579 1912 2605 2,
1927 2577 1949 2599 8.
1970 2578 1993 2595 et
2011 2579 2044 2603 21,
2065 2579 2101 2601 34.
2138 2569 2208 2596 Ter.
2231 2568 2341 2603 Adelph.
2356 2578 2377 2601 ς,
2394 2577 2419 2601 4,
2432 2575 2466 2603 2¹2
2479 2572 2492 2581 ““

271 2605 372 2633 Sene&
390 2616 418 2639 14
438 2605 563 2632 Mortuus
575 2604 611 2631 est
629 2608 723 2638 (quum
742 2611 792 2637 ego
812 2603 930 2636 quinque
951 2608 976 2629 et
995 2603 1127 2637 sexaginta
1146 2613 1229 2631 annos
1250 2611 1334 2638 natus,
1398 2605 1429 2632 Id
1443 2615 1500 2632 mea
1514 2606 1626 2632 minime
1641 2606 1733 2637 refert,
1754 2606 1801 2640 qui
1814 2605 1871 2632 sum
1886 2611 1949 2632 natu
1967 2605 2107 2631 maximus.
2181 2605 2238 2631 C1c.
2257 2604 2289 2630 de
2309 2604 2411 2631 Senec'l.
2434 2613 2466 2630 10
2506 2604 2509 2608 ’

270 2641 358 2677 legem
371 2641 521 2669 Voconiam
534 2649 601 2668 voce
614 2648 707 2674 magna
721 2644 747 2664 et
758 2638 836 2665 bonis
850 2638 976 2666 lateribus
983 2639 1125 2673 fi1asifl'em)
1143 2649 1227 2667 annos
1236 2641 1334 2677 septua-
1397 2651 1418 2668 c.
1434 2653 1445 2674 4
1469 2642 1637 2676 Quamquam
1651 2650 1714 2667 cum
1734 2641 1823 2668 colere
1842 2642 1928 2677 coepi,
1946 2650 2000 2667 non
2022 2640 2165 2667 admodum
2183 2641 2311 2675 grandem
2323 2646 2402 2674 natu,
2418 2639 2465 2666 sed

271 2679 344 2713 ginta
358 2683 448 2704 natus:
472 2683 512 2704 tot
531 2677 605 2703 enim
619 2676 687 2702 vixit
708 2674 817 2701 Ennius.
890 2676 981 2701 Annos
997 2675 1028 2702 ad
1048 2676 1242 2711 quinquaginta
1259 2683 1334 2704 natus
1398 2683 1486 2704 tamen
1499 2677 1552 2704 iam
1565 2684 1649 2704 aetate
1658 2676 1826 2712 prouectum.
1905 2678 1960 2705 Vid.
1974 2678 2073 2710 Maior,
2086 2680 2123 2702 ad
2132 2686 2210 2702 armos
2221 2677 2338 2710 relatum,
2351 2677 2378 2701 in
2394 2682 2465 2704 MA·
2511 2699 2517 2705 ,

269 2713 346 2743 Idem
362 2722 412 2749 pro
425 2713 523 2740 Cluent
539 2721 586 2739 100
601 2722 622 2738 c.
637 2721 678 2743 40.
751 2712 843 2737 Annos
857 2716 931 2737 natus
946 2711 1155 2747 vnde-octoginta
1171 2714 1238 2740 Hor.
1251 2714 1373 2743 Serm.70
1396 2719 1498 2740 GNVS.
1573 2713 1691 2740 Maiores
1703 2720 1766 2739 natu
1789 2712 1859 2748 Nep.
1874 2723 1904 2747 2,
1919 2723 1946 2747 2,
1960 2719 1983 2745 8.
2056 2713 2149 2740 Minor
2169 2717 2231 2738 natu
2250 2712 2341 2747 Nepos
2355 2719 2389 2744 23,
2403 2721 2425 2745 3,
2438 2720 2464 2739 2-

271 2759 294 2783 2,
308 2758 332 2784 3,
347 2756 391 2779 118.
428 2750 498 2774 Add.
516 2748 574 2775 Cic.
587 2747 619 2774 de
632 2747 673 2774 Cl.
687 2746 761 2774 Orat.
775 2757 797 2773 c.
812 2756 847 2779 43.
868 2754 891 2772 et
910 2750 951 2780 64.
1025 2748 1094 2774 Nata
1114 2748 1196 2775 herba
1217 2749 1248 2776 ad
1262 2751 1334 2784 spem
1400 2751 1458 2775 Vz'd.
1474 2755 1601 2781 MINOR,
1622 2752 1649 2773 in
1668 2754 1812 2775 PARVVS.
1885 2749 2015 2776 Minimus
2029 2754 2092 2775 natu
2107 2747 2178 2783 Nep.
2192 2758 2215 2782 2,
2228 2757 2250 2782 2,
2265 2753 2287 2778 8.
2325 2747 2464 2780 Liu.2,28.

272 2784 433 2812 foenifeciae
453 2784 530 2810 Varr.
540 2783 571 2810 de
586 2784 724 2817 R.R.1‚47.
763 2782 942 2818 Copiofiffime
952 2784 1031 2814 nasci,
1048 2785 1228 2812 υἱινίεοΡιΑ.
1267 2786 1334 2812 Len·
1395 2793 1417 2816 3,
1430 2793 1464 2818 ὃς.
1485 2792 1507 2810 et
1520 2793 1551 2816 31,
1566 2790 1600 2814 18.
1673 2783 1792 2811 Maxima
1807 2790 1870 2811 natu
1908 2785 2006 2820 Virgil.
2017 2785 2081 2811 Aen.
2098 2793 2119 2817 5,
2133 2788 2190 2817 6⁴4-
2263 2783 2383 2810 Grauior
2397 2789 2463 2811 natu

271 2826 307 2855 te,
326 2820 380 2846 vid.
400 2826 537 2846 [ENT’VS.
611 2819 694 2852 Bene,
708 2819 776 2846 male
792 2825 866 2846 natus
887 2827 948 2853 ager
967 2821 1046 2846 Varr.
1068 2820 1100 2846 de
1123 2821 1154 2847 R.
1170 2821 1201 2848 R.
1219 2831 1242 2854 1,
1257 2824 1274 2847 6
1291 2828 1332 2856 pr.
1395 2820 1498 2846 animus
1517 2820 1586 2846 Ter.
1597 2820 1793 2856 Heaut.4‚1,32.

271 2855 335 2883 Alni
349 2856 488 2883 nascuntur
503 2854 585 2882 craffis
599 2855 738 2891 paludibus
759 2855 834 2890 Virg.
850 2855 949 2890 Georg.
969 2864 991 2889 2,
1007 2864 1047 2882 111.
1122 2857 1202 2882 Poma
1223 2865 1270 2890 per
1289 2865 1332 2882 an·
1433 2861 1455 2881 N
1468 2861 1489 2881 A
1501 2861 1523 2881 Τ
1535 2862 1543 2881 1
1555 2861 1588 2887 o,
1609 2856 1678 2882 onis.
1716 2856 1736 2883 f.
1774 2858 1871 2889 [rreum
1892 2853 1950 2886 ’ἔθνος
1965 2856 2045 2883 ΕΙΟΓΓ.
2053 2856 2108 2882 Lat.
2117 2856 2164 2883 Gr.
2183 2858 2252 2888 νγενεὲι
2266 2854 2303 2882 Id.
2324 2855 2370 2881 Gr.
2385 2855 2440 2883 Lat.

269 2901 321 2919 nos
335 2892 477 2918 continuos
491 2893 631 2919 nascuntur
651 2891 733 2918 Ouid.
746 2891 779 2918 de
793 2892 870 2918 Nuce
890 2899 926 2918 21.
1106 2889 1127 2930 ff
1149 2900 1162 2924 ς
1184 2892 1280 2925 Nasci,
1304 2899 1334 2918 vt
1347 2898 1374 2922 75
1394 2891 1444 2924 Est,
1465 2891 1561 2917 amore
1571 2892 1657 2926 Festo,
1677 2892 1768 2918 Genus
1781 2892 1935 2927 hominum,
1950 2893 1997 2928 qui
2010 2902 2065 2919 non
2078 2891 2183 2918 aliunde
2198 2898 2345 2924 venerunt,
2363 2890 2405 2918 sed
2421 2891 2450 2918 ib
2495 2900 2497 2902 ’

273 2928 396 2963 diximus,
414 2927 448 2963 est
461 2927 571 2963 existere,
587 2928 659 2954 oriri.
731 2928 862 2962 Adfertur
875 2936 906 2953 ex
927 2927 1049 2962 Donato,
1068 2927 1169 2954 Natum
1189 2927 1287 2954 dicitur
1302 2927 1334 2954 de
1395 2927 1450 2954 nati
1467 2927 1533 2954 sunt.
1572 2927 1641 2954 Plin.
1657 2937 1677 2954 l2
1687 2948 1695 2960 ,
1711 2937 1738 2962 25
1775 2929 1856 2955 Colos
1871 2929 1899 2955 in
1913 2930 2068 2963 quacunque
2082 2928 2190 2955 natione
2204 2927 2354 2962 praefertur
2368 2927 2465 2956 ruffus.
2506 2938 2512 2954 ι

270 2963 351 2992 rebus
365 2963 519 2998 repentinis.
564 2963 620 2990 Cic.
633 2962 664 2989 de
678 2963 787 2991 Amicit.
801 2971 828 2996 35
848 2964 945 2997 Magna
956 2962 1035 2990 etiam
1049 2962 1160 2997 diffidia,
1180 2970 1205 2990 et
1219 2964 1334 2999 plerum..
1393 2963 1522 2990 Seruituti
1533 2969 1613 2990 *natae
1626 2963 1785 2991 Iudaeorum
1800 2971 1826 2991 et
1842 2965 1970 2996 Syrorum
1983 2966 2104 2992 nationes
2145 2964 2193 2990 Cic
2211 2963 2243 2989 dc
2253 2963 2376 2989 Prouint.
2388 2963 2464 2990 Con-

271 3009 323 3035 que
338 2999 404 3027 iusta
415 2998 493 3026 nasci.
566 2998 648 3025 Plaut.
663 2999 722 3026 Mil.
737 3009 760 3033 2,
773 3009 793 3033 3,
802 3008 830 3025 10
848 2999 941 3027 Nescis
954 3005 983 3026 tu
998 2999 1113 3034 fortasse,
1126 3000 1196 3035 apud
1208 3009 1256 3027 nos
1270 3000 1333 3026 faci·
1395 2999 1479 3026 sul.10
1487 3008 1509 3025 c.
1521 3009 1541 3029 5.
1616 3000 1734 3027 Natione
1742 3000 1854 3027 Macedo
1873 3001 2029 3035 Plin.35‚10.
2102 3000 2186 3027 Natio
2194 3007 2216 3025 et
2225 2999 2462 3034 Gensmjliinguun-

270 3045 329 3069 nus,
344 3035 416 3070 quod
431 3041 522 3063 natum
537 3034 574 3061 est
587 3043 698 3061 nouum.
746 3036 828 3061 Etiam
843 3037 873 3062 de
887 3043 942 3062 arte
949 3036 1030 3070 fadis
1043 3036 1147 3067 dicitur,
1167 3043 1196 3062 vt
1208 3043 1248 3072 ap.
1263 3037 1332 3064 Hor.
1395 3042 1437 3061 tur
1449 3037 1518 3070 apud
1521 3035 1662 3069 Tacitum,
1681 3038 1738 3063 haec
1752 3036 1932 3072 latiori-sensu,
1947 3037 1989 3063 illa
2001 3035 2247 3071 angustl<17-isuntta;
2269 3035 2301 3061 de
2315 3035 2463 3063 Germania
2507 3035 2510 3042 ⁴

272 3071 325 3099 Od.
343 3082 359 3105 1,
372 3080 414 3105 27,
428 3081 447 3098 1.
507 3071 565 3097 Vid.
585 3069 713 3097 Drakenh.
731 3073 767 3096 ad
776 3071 822 3097 Sil.
834 3081 862 3103 3,
878 3080 927 3104 335.
1000 3071 1056 3098 Cic.
1072 3080 1122 3106 pro
1136 3072 1230 3106 Q1int.
1244 3079 1272 3102 85
1295 3073 1331 3099 Ex
1339 3073 1372 3098 80
1396 3080 1419 3104 2,
1439 3073 1454 3098 6
1493 3071 1619 3098 Nationis
1633 3081 1743 3106 nomen,
1761 3081 1818 3099 non
1830 3073 1915 3107 genti·
1928 3073 2053 3100 eualuiffe
2069 3071 2220 3107 paullatim,
2233 3079 2278 3097 etc.
2350 3070 2424 3098 Idem
2438 3081 2464 3100 c.
2499 3070 2510 3090 ²

271 3116 326 3142 quo
341 3116 395 3134 vno
408 3108 472 3135 haec
485 3106 577 3134 omnia
590 3112 651 3133 nata
664 3112 689 3132 et
704 3106 824 3141 profesta
845 3108 894 3133 ess‘e
913 3107 1043 3134 coneedit.
1116 3108 1195 3135 Nasci
1213 3116 1236 3134 ee
1256 3109 1333 3135 Occi-
1394 3113 1430 3142 38‚
1449 3116 1456 3133 1
1495 3107 1574 3135 Nunc
1596 3109 1628 3135 de
1643 3109 1736 3136 Sueuis
1751 3108 1894 3135 dicendum
1915 3109 1966 3142 est,
1992 3117 2106 3144 quorum
2122 3117 2175 3134 non
2191 3115 2258 3137 vna,
2278 3112 2305 3133 vt
2319 3106 2464 3136 Catto'rum
2505 3103 2508 3119 ²

271 3144 345 3179 dere,
364 3144 494 3170 contraria
514 3142 588 3170 Idem
601 3143 630 3168 in
644 3143 719 3169 Orat.
735 3151 772 3168 10.
845 3143 954 3169 Exoriri
966 3149 991 3169 et
1004 3144 1090 3177 nasci,
1110 3145 1236 3179 Extingui
1255 3152 1333 3179 atquc
1394 3142 1651 3179 Tencterorumque
1665 3152 1749 3179 gens3
1787 3145 1919 3171 maiorem
1940 3145 2013 3172 enim
2026 3143 2188 3171 Germaniae
2207 3148 2307 3177 partem
2327 3141 2463 3178 obtinent,
2500 3155 2511 3172 z

271 3179 400 3215 opprimi,
409 3181 552 3205 contraria:
571 3179 644 3205 Idem
652 3178 683 3205 de
691 3179 759 3212 Lege
773 3177 933 3212 Agrar.2‚89
949 3179 1000 3205 Hic
1014 3189 1080 3206 vero
1094 3179 1123 3207 in
1133 3181 1219 3207 oculis
1227 3181 1334 3208 Senatus
1397 3179 1514 3214 propriis
1529 3180 1735 3215 nationibusque
1751 3179 1866 3207 discreti.
1909 3182 1965 3208 Vid.
1981 3182 2079 3206 muner.
2093 3182 2157 3205 Ant.
2167 3179 2249 3204 Germ.
2264 3187 2287 3210 2,
2303 3188 2344 3206 20.
2418 3180 2464 3206 Sic

270 3215 418 3251 Populique
432 3215 546 3241 Romani
560 3214 628 3241 nihil
645 3214 714 3249 poss'e
728 3213 851 3246 existere,
873 3213 945 3248 quod
960 3224 1013 3240 non
1027 3222 1089 3242 ante
1110 3217 1231 3252 extingui
1252 3224 1332 3252 atque
1397 3214 1584 3250 distinguuntur
1605 3217 1730 3243 interdum
1744 3216 1828 3243 Natio
1848 3225 1871 3242 et
1881 3217 1970 3243 Genus
1984 3226 1990 3241 :
2026 3215 2081 3248 Qui
2096 3222 2247 3248 cognomen
2261 3214 2308 3242 libi
2324 3224 2355 3241 ex
2369 3215 2460 3242 Aelio-

272 3251 390 3286 opprimi
405 3251 495 3285 posset,
514 3259 593 3284 quam
606 3250 682 3285 plane
697 3255 820 3277 exortum
832 3258 860 3275 ac
876 3256 966 3276 natum
982 3251 1051 3277 ess'et.
1125 3252 1244 3280 Oritura
1258 3254 1293 3286 se,
1308 3260 1333 3280 et
1354 3254 1382 3279 85
1396 3260 1455 3277 rum
1476 3250 1639 3285 imaginibus
1659 3252 1789 3287 arripuit,
1810 3261 1865 3287 quo
1885 3251 1967 3285 magis
1987 3250 2103 3277 nationis
2123 3250 2180 3276 eius
2199 3250 2247 3276 cll'e
2260 3260 2339 3285 quam
2354 3250 2461 3286 generis

272 3287 316 3313 sua
330 3288 420 3321 sponte
435 3286 550 3313 nascitur
561 3294 638 3312 amor
658 3286 731 3313 Idem
746 3285 778 3312 de
792 3284 882 3313 Finib.
896 3294 918 3318 2,
932 3290 963 3320 78
985 3295 1006 3312 c.
1029 3295 1064 3317 24-
1137 3289 1273 3315 Nascentis
1283 3291 1333 3316 An.
1395 3285 1531 3313 videretur
1567 3288 1625 3315 Cic.
1641 3297 1689 3323 pro
1705 3289 1772 3316 Sext.
1793 3298 1813 3315 c.
1821 3297 1856 3321 32.
1906 3288 2035 3313 Nimirum
2048 3287 2188 3321 cognomine·
2200 3285 2392 3322 afflinguumur
2404 3287 2460 3314 Na-

274 3322 303 3348 ni
317 3323 455 3349 clementia
474 3322 582 3349 Colum.
599 3329 629 3352 ιι,
642 3330 661 3353 3.
734 3322 791 3349 Cic.
809 3322 880 3349 Fam.
901 3323 940 3354 16,
954 3329 980 3348 22
1002 3321 1104 3349 Scribes
1121 3323 1152 3349 ad
1165 3333 1218 3357 me,
1237 3331 1266 3351 vt
1282 3326 1331 3351 mi-
1395 3323 1481 3350 tiones
1496 3321 1650 3357 s-familiae
1662 3325 1736 3350 vnius
1748 3322 1895 3357 Generiss.
1912 3323 2007 3349 Gentis.
2082 3322 2136 3347 lam
2152 3321 2299 3349 Natione111
2312 3330 2358 3358 pru
2369 3323 2459 3358 populo

272 3357 303 3385 hi
336 3359 453 3385 nascatur
478 3357 603 3393 epistolae
630 3358 832 3392 Argumentum.
887 3358 911 3384 h.
930 3367 952 3384 e.
1012 3359 1042 3383 Vt
1062 3360 1119 3384 inde
1139 3359 1236 3393 sumam
1256 3370 1331 3396 argu-
1396 3359 1484 3385 diHam
1498 3357 1679 3394 illustrabimus.
1752 3359 1904 3386 Acerrimae
1917 3358 2037 3384 nationes
2075 3358 2132 3385 Cic.
2146 3358 2178 3384 de
2193 3358 2318 3385 Prouinc.
2331 3358 2410 3384 Cons.
2424 3367 2473 3390 33..

272 3401 378 3419 mentum
404 3396 439 3419 ml
455 3401 479 3420 te
492 3394 628 3429 scribendi.
702 3393 787 3420 Collis
810 3393 961 3421 nascebatur
990 3393 1062 3420 Caes.
1083 3394 1146 3421 Bell.
1166 3395 1234 3421 Gall.
1249 3405 1278 3426 2,
1298 3403 1332 3426 ¹8.
1395 3394 1533 3426 Bellicosa,
1569 3396 1623 3422 vid.
1640 3401 1783 3422 BELLVM.
1856 3394 2007 3428 Cumulata,
2043 3393 2098 3421 viil.
2114 3400 2276 3422 CVMVLO.
2347 3393 2458 3421 Erudita
2496 3396 2508 3426 ’,

273 3429 428 3456 Consularis
443 3438 458 3455 a
471 3430 548 3456 vobis
564 3436 640 3456 natus
660 3429 715 3457 Cic.
736 3429 792 3463 post
807 3429 871 3455 Red.
884 3429 915 3456 ad
929 3429 1008 3463 Qiir.
1022 3439 1043 3460 ς.
1081 3431 1152 3464 Confi
1165 3431 1331 3458 Turneb.Ad-
1352 3430 1609 3462 90illaGraecorum
1647 3432 1743 3458 Cicero
1759 3430 1790 3457 de
1800 3431 1876 3457 Orat.
1884 3439 1906 3463 2,
1922 3436 1945 3459 18
1967 3440 1988 3456 c.
2000 3441 2023 3462 a.
2096 3431 2208 3457 Extcrae
2221 3431 2340 3456 nationes
2356 3437 2380 3456 et
2396 3439 2458 3464 gen·
2501 3463 2504 3466 Δ

273 3466 339 3499 vers.
356 3473 397 3498 22,
413 3475 431 3498 3.
506 3465 662 3492 Discordiae
682 3465 781 3492 multae
798 3465 970 3492 nascebantur
984 3466 1015 3492 de
1034 3464 1178 3500 plebiscitis
1205 3467 1332 3502 Pompon.
1395 3473 1433 3494 tes
1469 3465 1542 3494 Idem
1556 3476 1605 3500 pro
1614 3468 1689 3495 Font.
1699 3476 1724 3497 25
1746 3476 1766 3492 c.
1777 3476 1804 3493 11.
1878 3467 1970 3493 Inanes
1984 3473 2008 3493 et
2024 3464 2152 3493 barbarae
2188 3466 2261 3494 Idem
2277 3464 2372 3498 Quint.
2387 3466 2457 3492 Frat-

274 3500 302 3527 in
318 3501 335 3527 l.
349 3510 361 3527 2
382 3502 405 3535 §.
426 3500 529 3527 Deinde
541 3510 622 3535 quum
638 3501 698 3528 esset
724 3501 755 3527 D.
770 3499 802 3526 de
821 3501 890 3534 orig.
910 3501 962 3527 iur.
1036 3502 1093 3528 Cic.
1112 3502 1143 3528 de
1163 3502 1251 3529 Finib.
1272 3513 1289 3535 1,
1303 3512 1332 3536 32,
1395 3512 1421 3536 1,
1440 3512 1464 3537 1,
1485 3511 1520 3530 22.
1593 3502 1764 3538 Cognomine
1778 3502 1894 3531 nationis
1907 3503 1991 3538 magis
2006 3502 2075 3533 suae,
2095 3511 2175 3536 quam
2189 3501 2291 3537 generis
2306 3501 2345 3527 vti
2381 3500 2457 3529 Idem

273 3536 321 3562 Sed
334 3543 362 3563 vt
375 3536 548 3572 perspiciam,
558 3537 627 3563 vnde
640 3537 728 3564 omnis
739 3537 786 3564 iste
803 3542 877 3563 natus
892 3536 921 3563 fit
930 3536 1021 3568 Error,
1037 3538 1200 3573 voluptatem
1214 3540 1332 3565 accusan-
1395 3548 1445 3574 pro
1458 3539 1560 3566 Cluent.
1575 3547 1611 3570 72.
1684 3539 1860 3573 Coniungere
1875 3539 2012 3572 nationes,
2032 3540 2087 3565 vid.
2105 3542 2310 3566 CONIVNGO.
2382 3537 2455 3564 Con-

272 3572 352 3605 ssum,
371 3572 735 3606 doloremquelaudantium,
754 3579 837 3600 totam
857 3581 914 3599 rem
935 3573 1061 3607 aperiam.
1134 3574 1206 3599 Idem
1225 3574 1255 3600 T
1258 3576 1307 3602 usc.
1322 3585 1330 3602 ι
1395 3575 1524 3609 ῳιιιῆίπε,
1559 3575 1614 3600 vid.
1632 3580 1844 3613 CONQVASSO.
2046 3571 2069 3638 ἒ
2085 3584 2098 3601 2
2136 3575 2184 3600 Sed
2194 3573 2319 3598 interdmn
2336 3572 2455 3607 abstraeh

272 3613 286 3637 8
307 3608 375 3641 Ergo
390 3609 425 3635 ita
440 3609 558 3635 nascetur
571 3609 727 3635 Exordium.
799 3608 918 3635 Historia
933 3609 1046 3634 maxima
1062 3609 1176 3635 nascitur
1190 3610 1222 3635 de
1242 3610 1330 3638 nihilo
1348 3619 1377 3644 95
1390 3612 1493 3646 ponitur
1508 3616 1554 3645 pro
1566 3611 1702 3637 conditione
1718 3610 1839 3645 nascendi
1857 3618 1882 3637 et
1889 3619 1990 3645 gmere.
2072 3610 2184 3637 ic.Fam.
2197 3617 2230 3641 15,
2245 3617 2276 3634 20
2297 3610 2326 3634 de
2340 3609 2456 3642 quodam,
2484 3611 2491 3615 '

273 3643 392 3677 Propert.
406 3653 429 3676 2,
443 3654 460 3677 ι,
474 3647 510 3671 16.
582 3645 661 3680 Lapis
677 3645 791 3672 nascitur
804 3644 834 3671 in
846 3644 966 3670 confinio
986 3645 1095 3671 Marcel.
1112 3645 1138 3671 in
1158 3645 1174 3671 l.
1184 3654 1233 3679 pro
1245 3647 1332 3681 regio.
1393 3647 1438 3681 qui
1446 3646 1475 3681 se
1490 3645 1614 3673 Sabinum
1629 3647 1731 3679 diceret,
1751 3645 1837 3673 Natio
1851 3655 1894 3672 me
1908 3646 2028 3673 hominis
2043 3645 2157 3682 impulit,
2167 3649 2195 3670 vt
2208 3644 2232 3670 ei
2247 3643 2318 3670 refle
2331 3650 2453 3679 putarem

274 3687 308 3704 ne
345 3679 376 3705 D.
401 3679 432 3706 de
447 3680 548 3714 acquir.
563 3689 652 3707 rerum
667 3680 768 3707 domin.
841 3680 928 3707 Locus
944 3680 979 3706 ita
998 3688 1074 3707 natus
1096 3681 1131 3707 cst
1153 3682 1210 3707 Liu.
1226 3690 1249 3713 9,
1263 3690 1288 3708 2.
1312 3684 1330 3709 i.
1393 3683 1466 3714 (dm-i
1479 3683 1521 3707 vel
1533 3682 1602 3707 credi
1614 3682 1747 3716 epistolam)
1767 3683 1815 3709 nili
1829 3683 1900 3709 forte
1914 3682 2116 3710 candidatorum
2130 3678 2236 3706 licentia
2250 3679 2292 3706 hic
2301 3688 2408 3714 quoque
2424 3689 2454 3706 v-
2477 3712 2481 3717 1
2516 3710 2517 3715 ¹

275 3716 312 3740 Ea
326 3722 417 3740 natm—a
429 3716 483 3741 loci.
556 3716 613 3743 Cic.
634 3717 711 3743 Verr.
733 3725 746 3749 5
766 3716 849 3743 Binos
869 3716 1014 3743 habebam:
1046 3716 1128 3743 iubeo
1141 3716 1230 3751 promi
1246 3723 1330 3745 vtros-
1393 3719 1451 3751 sus,
1471 3718 1521 3744 hoc
1540 3716 1627 3743 subito
1646 3713 1795 3752 'cognomen
1817 3718 1940 3752 arripuit.
2014 3717 2090 3744 Varr-
2103 3714 2135 3741 de
2149 3716 2178 3742 L.
2193 3716 2222 3743 L.
2232 3723 2254 3747 8,
2268 3724 2295 3747 52
2332 3716 2453 3742 Natione

275 3758 335 3784 que,
349 3759 382 3776 ne
394 3750 459 3784 quid
474 3751 529 3784 plus
544 3752 610 3778 Mali
624 3753 782 3779 nasceretur.
856 3751 941 3779 Natus
956 3753 1045 3780 Nemo
1060 3753 1140 3779 Plaut.
1156 3751 1218 3779 Cist.
1235 3756 1330 3786 2.1‚56,
1393 3754 1490 3780 melior
1503 3753 1601 3779 emitur
1615 3753 1707 3787 pluris,
1781 3752 1972 3786 Cic.de1nu,1‚
1986 3763 2011 3785 35·
2047 3753 2075 3778 In
2090 3751 2197 3778 natione
2211 3752 2354 3778 hominum
2370 3760 2453 3786 genu·

273 3792 298 3812 rt
311 3794 334 3822 2,
347 3795 370 3818 2,
385 3795 417 3812 21.
437 3787 480 3810 vbi
492 3787 609 3814 abundat.
661 3788 732 3815 Odia
745 3788 884 3814 nascuntur
899 3797 929 3814 ex
953 3788 1143 3823 cupiditatibus
1164 3788 1220 3815 Cic.
1230 3789 1261 3815 de
1271 3790 1327 3816 Fin.
1340 3799 1387 3816 100
1394 3789 1581 3816 contideratur.
1780 3787 1802 3853 ἒ
1824 3799 1834 3822 3
1873 3791 1903 3817 111
1917 3787 2056 3824 pecoribus
2071 3796 2186 3821 quoque,
2204 3788 2288 3823 inquit
2296 3787 2452 3822 Festus‚Bo-

274 3832 282 3848 1
294 3843 302 3855 ‚
314 3830 357 3855 44.
429 3820 501 3847 Idem
515 3822 586 3849 Fam.
600 3825 635 3855 16,
646 3832 671 3850 21
694 3824 786 3850 Enitar
799 3830 838 3855 vt,
853 3824 879 3849 in
894 3824 949 3850 dies
965 3825 1047 3858 magis
1063 3826 1198 3859 magisque
1211 3824 1273 3851 haec
1288 3835 1331 3852 na.
1393 3834 1442 3851 nus
1456 3830 1609 3860 prouentus,
1617 3824 1686 3852 bona
1699 3826 1773 3852 natio
1805 3826 1896 3853 icitur.
1935 3826 1974 3851 Sic
1982 3823 2173 3849 Prudent.Nat.
2183 3824 2303 3855 D01n.83.
2317 3827 2347 3849 de
2357 3830 2451 3858 pecore.

274 3859 346 3884 scens
364 3857 396 3883 de
410 3866 453 3884 me
466 3856 614 3890 duplicetur
626 3859 740 3894 Opinio.
815 3859 894 3886 Nunc
913 3860 1019 3887 demum
1037 3859 1133 3887 isthaec
1153 3866 1212 3887 nata
1235 3862 1329 3889 Oratio
1394 3861 1497 3888 Adorat
1509 3869 1602 3888 excors
1615 3861 1705 3894 natio,
1742 3862 1789 3888 Vis
1805 3862 1879 3888 cuius
1894 3861 1923 3887 in
1935 3858 2006 3894 pastu
2022 3858 2066 3884 {ita
2081 3858 2125 3885 est.
2175 3861 2232 3886 ViA.
2253 3860 2277 3885 h.
2291 3860 2310 3885 l.
2330 3859 2452 3885 δικ-ὢνιον.

274 3893 309 3920 cst
328 3893 396 3920 Ter.
412 3891 523 3927 Adelph.
537 3900 559 3925 ς,
573 3903 593 3925 3,
608 3904 642 3926 11).
715 3894 792 3921 Ordo
812 3895 900 3921 maior
918 3905 1009 3922 rerum
1027 3896 1095 3922 mihi
1120 3896 1233 3922 nascitur
1254 3897 1329 3932 Virg.
1392 3897 1463 3931 Qin
1485 3897 1550 3923 Plin.
1570 3905 1611 3929 22,
1633 3906 1659 3929 24
1697 3897 1787 3924 Mellis
1806 3898 1893 3924 causas
1912 3901 1989 3928 atque
2008 3894 2171 3922 differentias
2183 3896 2356 3929 nationesque
2372 3901 2397 3920 et
2410 3894 2451 3920 in-

274 3930 341 3956 Aen.
360 3938 386 3964 7,
401 3937 443 3962 44.
517 3928 642 3955 Palaestra
656 3929 688 3956 ad
701 3939 757 3957 eam
772 3940 829 3959 rem
842 3937 900 3957 nata
919 3932 1003 3958 Lucil.
1020 3939 1059 3967 ap.
1075 3931 1201 3967 Porphyr.
1216 3932 1244 3958 in
1259 3933 1327 3959 Hor.
1393 3932 1555 3959 dicationem
1565 3950 1573 3962 ‚
1592 3932 1620 3958 in
1634 3935 1723 3967 apium
1733 3953 1740 3965 ,
1760 3942 1788 3960 ac
1803 3931 1898 3960 deinde
1910 3931 2008 3957 florum
2023 3938 2114 3957 natura
2126 3931 2251 3958 diximus.
2324 3929 2363 3957 Id.
2377 3939 2418 3961 24,
2430 3930 2450 3955 ’6

272 3965 362 3992 Curru.
379 3974 398 3997 1,
413 3973 450 3997 27.
521 3963 600 3990 Pestis
614 3965 650 3991 est
665 3966 736 3992 nulia
750 3974 803 3993 tam
822 3966 990 4002 detestabilis,
1010 3977 1077 4003 quae
1095 3977 1151 3996 non
1169 3968 1276 3995 homini
1294 3968 1327 3996 ab
1336 3970 1380 3993 ¹05
1391 3968 1512 3996 Resinam
1528 3978 1547 3996 e
1568 3968 1722 4003 supradietis
1742 3967 1883 3996 arboribus
1903 3965 1978 4001 gigni
2004 3965 2160 4003 docuimus,
2196 3974 2222 3994 et
2240 3975 2336 4002 genera
2355 3965 2412 4005 eius
2424 3969 2450 3991 et

2326 4007 2449 4029 nationes
