2517 4231
221 250 291 295 643
613 231 652 273 0
731 228 779 270 Τ
856 226 873 267 ¹
1762 219 1800 259 0
1917 216 1957 258 V
2320 219 2402 271 644

237 334 303 358 buum
321 336 359 355 ne
412 325 466 351 vid.
488 324 737 350 iNTzRMI'r'ro.
832 315 978 343 Inuoluere
993 314 1017 340 se
1031 311 1104 345 otio,
1141 312 1197 338 vid.
1219 315 1277 338 IN·
1335 311 1427 338 remis
1437 313 1493 339 illis
1505 311 1658 348 hominibus,
1679 312 1722 347 qui
1735 311 1783 337 otio
1795 309 1941 342 abundant,
1967 317 2041 343 quum
2060 315 2088 334 tu
2097 307 2137 341 fis
2151 313 2279 342 occupatus
2291 314 2317 333 er
2331 316 2401 347 riego-

220 344 284 395 ζόῃ
291 337 335 391 1ῗο
368 347 377 360 ’
450 360 495 387 Ire
508 359 539 385 in
551 358 638 384 otium
668 355 724 382 Cic.
739 353 813 380 Fam.
827 361 862 378 12.
955 351 1093 383 Languere
1106 348 1182 382 otio,
1219 349 1275 375 vid.
1336 347 1369 372 tii
1377 348 1474 381 plenus.
1515 349 1571 375 Vid.
1588 349 1716 375 Harduin.
1729 357 1754 382 p.
1770 356 1782 373 2
1795 355 1821 373 n.
1835 355 1869 372 12.
1953 344 2125 372 Annotabant
2138 344 2274 376 seniores,
2301 342 2401 378 quibus

222 410 239 430 1.
250 384 395 428 wch'fo.
482 394 588 421 Ludere
601 392 705 423 otium,
730 387 785 414 vid.
802 392 910 414 LVDO.
1019 384 1182 412 Marcescerc
1205 384 1275 416 otio,
1337 382 1453 410 otiosum
1466 385 1519 418 cst,
1547 392 1637 412 vetera
1651 391 1676 411 et
1690 382 1835 419 praesentia
1852 381 2014 409 contendere
2044 381 2114 408 Tac.
2126 380 2196 407 Arm.
2209 389 2241 415 ¹3,
2255 387 2268 412 3
2306 380 2324 406 i.
2346 380 2402 414 qui.

219 422 274 463 Mil.
293 420 440 463 11131113εο.
511 428 592 455 Ouid.
607 428 671 454 Met.
684 436 708 458 4,
722 426 770 456 306
791 423 823 449 Et
837 428 881 449 tua
895 431 955 449 curn
969 420 1043 447 duris
1056 420 1197 448 venatibus
1219 419 1274 446 otia
1337 419 1379 444 lvus
1399 419 1490 453 orium,
1522 429 1566 447 aut
1586 427 1678 456 tempus
1697 419 1796 453 otiosum
1812 418 1852 455 est.
1963 419 2077 452 Compar.
2115 417 2206 443 Senec.
2220 416 2252 442 de
2265 416 2308 442 Ira
2326 423 2353 449 2,
2374 424 2400 449 ¹3

220 452 308 501 Misce·
320 458 326 462 -
378 468 433 496 Cic·
447 465 566 497 Fam.3‚7
578 470 618 498 pr.
636 459 759 488 Pluribus
772 458 863 485 verbis
875 457 908 484 ad
926 464 952 484 te
967 456 1097 491 scribam,
1117 465 1200 492 quum
1216 456 1273 491 plus
1300 461 1314 487 ς
1336 453 1417 494 Qiid⁶
1430 455 1519 488 quiete
1534 456 1643 483 otiosius
1662 457 1747 483 animi
1760 477 1771 491 ‚
1806 454 1871 489 quid
1896 454 1936 480 ira
1961 452 2138 480 laboriofiusz
2174 451 2250 479 Idem
2269 451 2348 486 Epist.
2364 457 2402 484 87.

220 510 268 537 otii
284 506 382 535 NaGtus
395 512 450 530 ero·
557 497 699 525 Oble&³¹'e
710 494 801 521 otium
814 493 960 528 oemP0si⁵‚
995 493 1049 520 vid·
1063 500 1085 521 0
1095 499 1111 520 Β
1123 499 1140 519 L
1152 499 1168 519 Ε
1180 499 1197 520 C
1213 499 1234 520 Τ
1246 498 1276 518 0·
1336 491 1454 517 Mifflffll·
1469 499 1500 524 ¹¹,
1513 501 1522 517 1
1551 492 1677 519 Turbam
1691 501 1746 519 non
1764 491 1843 518 habet
1856 489 2023 517 otiosiorem.
2060 488 2133 522 Confi
2153 487 2273 515 Macrob.
2296 488 2403 514 Saturn.

220 543 336 574 Perdidit
350 541 426 568 vrbes
439 536 524 564 0tium
537 542 610 568 reges
624 533 699 568 Prius
711 536 737 558 et
750 530 838 557 beatas
858 530 945 558 caml·
958 537 999 562 52,
1014 538 1047 560 ¹5·
1120 529 1277 556 Permittere
1338 536 1360 560 7,
1374 535 1406 558 ¹3·
1516 527 1614 562 Superl.
1644 528 1845 563 [ιχολαιὸτοιτος]
1882 526 1950 553 Ptin.
1966 524 2044 560 Epist.
2060 533 2080 559 1,
2095 532 2119 557 13
2141 525 2221 551 Nunc
2237 523 2404 552 otiofiffimus

220 582 307 608 otium
320 577 398 605 alicui
417 571 581 601 Tacit.Ann.
596 579 631 602 14,
644 575 678 603 53.
787 565 944 593 Pei-turbare
957 565 1045 592 otium
1066 565 1124 592 Cic.
1133 565 1247 600 Philipp.
1257 574 1278 590 2.
1337 563 1451 598 quisque
1465 562 1551 588 multo
1564 568 1623 589 ante
1637 571 1761 598 rogatus,
1782 570 1808 590 et
1822 562 1970 590 identidem
1989 559 2158 595 admonitus,
2184 567 2229 587 aut
2243 569 2298 586 non
2314 559 2404 586 venit:

220 617 293 645 Iicm
308 613 382 641 Acad.
394 619 412 644 4
434 617 466 639 15.
555 605 658 633 Ponere
670 602 744 631 recte
757 602 814 629 otia
841 602 911 629 Hor.
920 602 1003 629 Serm.
1018 610 1041 634 2,
1054 612 1077 635 7,
1092 611 1137 628 112.
1175 602 1194 627 ι’.
1215 601 1277 627 Dis-
1338 606 1382 625 aut
1396 599 1413 626 si
1428 598 1518 628 venit,
1541 605 1584 624 etc.
1663 600 1730 627 Plin.
1748 599 1827 636 Epist.
1840 609 1866 633 9,
1881 601 1898 625 6
1919 599 1954 625 Ac
1969 606 2016 632 per
2031 595 2081 623 hos
2098 596 2154 622 dies
2170 595 2340 623 libentissime
2353 594 2406 622 oti.

235 630 308 678 ‘mm-e
362 631 490 675 ordi’nare,
523 641 675 677 constituere.
713 638 843 674 Porphyr.
953 637 1083 664 Praestare
1095 638 1183 664 otium
1221 637 1278 664 Cic.
1294 645 1324 664 10
1339 645 1384 662 um
1401 643 1490 661 meum
1504 634 1532 660 in
1548 633 1634 660 literis
1652 635 1772 669 colloco,
1796 645 1864 671 quos
1878 635 1927 662 3111
1942 631 2100 661 01101111111115
2112 631 2332 668 occupationibus
2347 639 2406 666 pcr-

218 661 282 716 ἷὸῐῃ
305 671 325 712 ,ἴ
397 680 504 708 Priuare
515 678 575 704 otio
602 676 677 703 Idem
685 674 727 706 ib.
741 684 764 707 4.
882 674 1029 701 Procurare
1041 674 1098 700 otia
1118 674 1165 701 Sil.
1181 676 1208 709 6,
1223 681 1277 705 329.
1339 671 1413 698 dunt.
1452 670 1526 703 Confi
1539 670 1595 697 Cic.
1610 669 1682 696 Fam.
1698 679 1721 703 3,
1732 680 1765 704 11,
1780 681 1812 699 12.
2444 669 2447 671 “

221 708 359 751 Redimere
374 716 461 744 otium
481 713 537 741 Cic.
549 714 588 746 Q
599 713 670 739 Frat.
691 732 697 738 .
718 731 726 738 .
800 710 913 737 Referre
928 710 954 737 se
967 709 1000 736 ad
1011 710 1100 737 01111111
1118 710 1192 737 Idem
1205 710 1277 736 Fam.
1376 713 1396 734 0
1408 713 1431 734 Τ
1443 708 1535 734 ιόεε.
1573 705 1642 733 Adii.
1679 706 1785 742 [εχολῇ]
1833 706 1999 742 Tranquillo,
2025 705 2104 732 libere
2110 710 2135 736 ,‘
2143 705 2200 738 fine
2225 703 2406 740 impedimento,

262 770 276 792 9
352 751 474 780 Secedere
487 749 515 775 in
531 750 586 775 otia
600 754 658 775 tuta
677 748 746 774 Hor.
762 747 845 774 Serm.
861 755 881 780 1,
896 755 917 777 1,
931 755 963 778 3¹.
1053 746 1134 781 Sequi
1148 746 1235 772 otium
1249 754 1279 771 ac
1339 744 1395 771 Cic.
1411 743 1443 770 de
1458 741 1548 769 Finib.
1561 752 1585 775 4,
1602 751 1628 772 52
1660 742 1725 775 Qio
1736 742 1897 777 constituto,
1929 748 1987 770 tum
2001 741 2091 768 licebit
2103 741 2190 768 otiose
2203 740 2250 767 ista
2268 748 2408 774 quaerere.

220 770 433 827 59r'ani3uillitatem
446 785 518 812 vitae
536 786 557 811 C
562 785 592 811 ic.
607 793 656 819 pro
668 785 793 811 Muraen.
804 790 840 816 ςς.
912 782 1024 809 Seruare
1038 782 1095 809 otia
1120 782 1166 809 Sil.
1182 792 1211 815 11,
1224 791 1278 813 230.
1339 780 1412 808 Idem
1426 780 1504 805 Verr.
1517 789 1541 812 4,
1556 786 1580 811 33
1601 777 1694 805 Otiose
1709 778 1892 813 contemplari.
1988 779 2082 805 Otiose
2095 798 2103 811 ,
2141 776 2310 809 Pedetemim,
2329 776 2406 802 teme.
2428 777 2434 784 '

220 831 274 857 Cic.
288 828 362 853 Verr.
375 833 399 857 5,
413 829 426 852 8
463 823 533 856 Ergo
553 820 595 847 his
610 819 738 847 institutis
757 817 931 855 prouinciae,
949 818 1003 845 iam
1020 824 1087 851 tum,
1108 828 1192 853 quum
1204 817 1279 844 bello
1295 824 1320 850 ις
1338 817 1422 844 Plaut.
1435 816 1522 842 Truc.
1535 825 1560 847 4,
1572 823 1611 848 10,
1623 823 1650 854 ⁴¹.
1672 813 1770 840 Vostra
1782 812 1869 853 hercle
1881 814 1983 854 saelum
1995 814 2114 849 iniuria,
2141 822 2208 853 quae
2221 811 2409 852 proper-aneri-

220 863 394 899 fugitiuorum
407 863 462 885 tota
474 858 547 884 Italia
561 856 680 887 arderet,
705 855 790 883 homo
804 864 860 882 non
872 855 1033 888 acerrimus,
1058 863 1106 881 nec
1125 853 1279 881 fortiffiiuus
1338 853 1372 880 tis
1386 853 1454 879 olim
1467 860 1575 886 rapere:
1613 851 1699 877 otiose
1712 854 1836 884 oportuit
1842 869 1851 882 ‚
1871 849 1918 876 diu
1932 856 1962 878 vt
1974 852 2052 878 effem
2065 849 2209 877 incolumis
2224 848 2311 875 vobis.
2363 847 2408 874 Se-

219 902 266 928 Cn.
281 896 425 925 Norbanus
439 895 467 921 in
482 894 582 920 summo
596 892 654 919 otio
667 892 730 918 fuit.
839 890 897 917 Cic.
910 890 940 916 in
955 891 1045 917 Partit.
1061 899 1070 916 1
1089 891 1116 917 Si
1130 890 1213 916 modo
1228 889 1279 916 tibi
1339 888 1489 923 quivotiose
1519 887 1600 913 Plaut.
1613 887 1675 913 Mil.
1687 897 1711 919 4,
1724 888 1749 920 6,
1763 892 1786 916 8.
1858 886 1952 912 Otiose
1963 887 2131 913 inambulare
2158 886 2218 912 Liu.
2234 894 2270 916 23,
2283 891 2309 919 7.
2331 883 2409 911 Idem

217 937 253 964 est
265 935 349 961 otium
358 953 366 965 ,
386 937 412 958 et
425 930 443 957 fi
456 930 505 957 vis.
577 928 650 956 Idem
663 927 696 954 de
709 928 786 954 Orat.
800 935 826 959 2,
840 935 869 959 54
896 927 1006 953 Horum
1024 924 1110 952 libros
1125 932 1152 952 et
1166 925 1279 952 nonnul·
1337 934 1360 959 2,
1377 929 1413 956 58.
1487 923 1551 950 Cito
1564 930 1589 949 et
1601 923 1687 950 otiose
1699 922 1852 954 ambulare,
1871 923 2001 948 contraria
2022 923 2106 950 Plaut.
2114 921 2234 955 Pseud.4‚
2242 930 2262 955 1,
2270 930 2304 954 ¹4·
2351 920 2409 946 Pla-

217 973 254 999 los
270 970 335 997 alios
345 989 353 1002 ,
390 966 433 994 sed
453 964 638 992 delectationis
657 964 730 990 causa
744 983 753 996 ‚
789 971 873 997 quum
892 961 929 988 est
943 962 1031 988 otium
1043 982 1053 995 ‚
1090 961 1178 997 legere
1197 962 1279 989 soleo.
1340 960 1397 987 cide
1410 967 1436 987 ct
1449 959 1536 986 otiose
1550 967 1628 994 agere
1665 959 1739 986 Idem
1752 959 1832 986 Poen.
1852 967 1874 992 3,
1888 965 1908 989 1,
1922 965 1960 988 4²·
2056 960 2100 986 Ire
2113 959 2198 985 otiose
2234 957 2318 984 Plaut,
2331 954 2409 990 Epid.

216 1007 316 1035 Auctor
329 1004 361 1031 ad
375 1004 493 1030 Herenn.
508 1011 515 1028 ι
529 1008 570 1037 pr.
607 999 657 1027 Etsi
671 998 787 1034 negotiis
801 997 980 1024 familiaribus
993 996 1134 1032 impediti,
1158 997 1205 1024 vix
1220 997 1279 1024 satis
1294 1003 1329 1022 20
1341 1005 1364 1030 5,
1379 1007 1397 1030 1,
1413 1006 1446 1023 21.
1561 995 1674 1028 Otiose,
1701 993 1945 1029 Sinesollicitudine.
1987 992 2057 1021 Ter.
2069 995 2166 1021 Heaut.
2182 1003 2205 1028 2,
2218 1004 2240 1027 3,
2253 1002 2292 1020 101
2313 991 2410 1018 Adem-

216 1044 302 1071 otium
320 1039 407 1067 studio
419 1036 591 1073 Suppeditare
607 1036 758 1072 potuimus,
791 1039 817 1061 et
829 1033 857 1060 id
872 1034 958 1068 ipsum
972 1033 1045 1068 quod
1057 1034 1135 1061 datur
1147 1034 1215 1066 otii,
1251 1033 1281 1059 in
1341 1040 1397 1060 tum
1417 1032 1469 1059 tibi
1487 1031 1543 1058 iam
1562 1031 1623 1058 faxo
1635 1040 1745 1058 omnem
1759 1036 1861 1057 metum
1870 1050 1878 1061 ‚
1915 1029 1944 1056 111
1960 1037 2052 1055 31110111
2065 1031 2193 1057 vtramuis
2205 1030 2292 1057 otiose
2305 1034 2335 1056 vt
2349 1027 2413 1055 dor·

215 1076 383 1115 philosophia
396 1075 550 1101 consumere
563 1072 757 1099 consueuimuS.
828 1069 982 1096 Tabescere
996 1070 1055 1096 otio
1076 1070 1133 1097 Cic.
1147 1071 1200 1096 Att.
1210 1078 1233 1102 2,
1247 1078 1281 1102 ¹⁴·
1341 1069 1416 1096 111135.
1490 1069 1591 1094 Viuere
1603 1067 1689 1094 otiose
1703 1076 1762 1093 cum
1776 1064 1931 1102 parentibus
1958 1065 2016 1092 Cic.
2032 1065 2086 1093 Off.
2101 1074 2122 1098 3,
2134 1075 2164 1099 97
2179 1076 2201 1093 c.
2214 1068 2256 1092 26.
2334 1063 2411 1090 Idem

213 1116 287 1144 Idem
300 1114 331 1139 de
346 1113 415 1146 Lege
429 1111 522 1146 Agrar.
537 1118 558 1142 2,
573 1118 610 1135 101
635 1108 707 1141 Vos,
731 1114 850 1142 quorum
865 1106 950 1140 gratia
963 1106 993 1133 in
1006 1106 1140 1141 suffragiis
1153 1105 1280 1138 consistit,
1342 1105 1374 1131 de
1391 1104 1498 1132 Amicit.
1506 1106 1537 1134 86
1560 1104 1601 1130 De
1613 1103 1732 1130 amicitia
1745 1111 1838 1130 omnes
1852 1101 1885 1142 ad
1897 1111 1981 1141 vnum
1994 1100 2066 1127 idem
2079 1101 2212 1142 sentiunt,
2232 1106 2258 1127 et
2271 1100 2303 1130 ii,
2313 1100 2363 1140 'qui
2376 1099 2412 1126 ad

215 1152 323 1178 libertas
337 1149 364 1175 in
379 1146 498 1182 legibus,
527 1146 614 1172 honos
628 1145 656 1170 in
669 1142 778 1170 iudiciis
791 1148 817 1169 et
830 1142 979 1177 aequitate,
1014 1142 1179 1182 magistratus
1194 1148 1219 1167 et
1238 1148 1282 1167 res
1343 1141 1546 1175 Rempublicam
1559 1140 1585 1166 se
1597 1140 1780 1173 contulerunt,
1800 1145 1826 1165 et
1838 1138 1875 1178 ii,
1885 1146 1932 1173 qui
1943 1146 2034 1164 rerum
2048 1144 2216 1172 cognitione,
2232 1136 2412 1171 doctumque

215 1185 355 1214 familiaris
369 1184 397 1209 in
410 1191 488 1218 pace,
507 1181 583 1208 omui
597 1180 702 1207 ratione
717 1179 804 1206 otium
818 1178 931 1205 Tenere
945 1178 1057 1205 debetis.
1176 1178 1283 1205 Terere
1298 1183 1329 1209 25
1344 1177 1524 1209 deleciantur,
1550 1181 1576 1202 et
1589 1176 1621 1209 ii,
1634 1176 1682 1211 qui
1694 1176 1770 1202 suum
1785 1181 1925 1209 negotium
1938 1180 2035 1208 gerunt
2047 1174 2148 1209 otiose,
2169 1174 2246 1200 nullis
2257 1172 2350 1200 alienis
2365 1178 2412 1198 aut

215 1224 272 1251 oria
317 1222 364 1248 Per
378 1217 567 1252 negligentiam
580 1223 701 1251 tempora
715 1215 887 1246 consumere,
912 1215 1021 1241 Seruius
1034 1216 1071 1241 ad
1083 1214 1160 1249 Virg.
1175 1215 1240 1240 Aen.
1253 1222 1281 1246 4,
1337 1214 1446 1249 publicis
1459 1213 1583 1238 laboribus
1596 1212 1653 1238 illos
1666 1212 1865 1246 impedientibus.
1902 1211 2035 1247 Qaedam
2049 1210 2203 1245 exemplaria
2216 1210 2302 1241 legunt
2314 1206 2414 1235 Otiosi.

215 1268 266 1292 271.
280 1243 289 1255 ⁹
372 1250 436 1283 Otia
449 1254 467 1281 fi
482 1253 597 1284 Tonas,
615 1251 720 1287 periere
733 1250 866 1286 cupidinis
880 1259 956 1277 arcus
976 1250 1059 1277 Ouid.
1074 1251 1149 1277 Rem.
1157 1251 1217 1276 Am.
1232 1259 1280 1283 ¹39·
1380 1255 1478 1276 oTio
1488 1255 1500 1274 s
1510 1245 1524 1274 1⁹
1534 1254 1558 1274 'r
1570 1254 1591 1274 Α
1601 1254 1631 1280 s,
1669 1249 1729 1275 atis.
1764 1247 1785 1275 f.
1827 1246 1919 1274 Sidon.
1944 1246 2025 1282 Epist.
2043 1255 2067 1280 2,
2091 1255 2119 1273 io
2159 1240 2312 1273 otiositates
2330 1244 2413 1280 trepi-

215 1294 353 1322 Tribuere
367 1291 453 1319 otium
473 1289 530 1316 Cic.
545 1288 578 1315 de
593 1289 667 1315 Orat.
683 1297 701 1321 1,
715 1295 738 1320 3.
831 1286 954 1313 Vendere
967 1287 1027 1314 otia
1046 1286 1140 1313 Claud.
1156 1286 1184 1312 in
1198 1286 1279 1312 Cons.
1338 1284 1433 1312 danter
1451 1284 1540 1311 cdere.

215 1331 273 1359 Stil.
285 1340 309 1362 «1,
323 1338 374 1355 210.
445 1324 500 1353 Cic.
516 1326 568 1351 Att.
583 1334 603 1357 1,
615 1331 634 1359 7
655 1325 772 1350 Omnem
786 1323 859 1357 spem
873 1322 1061 1350 delectationis
1075 1322 1279 1355 nostrae,quam
1379 1327 1399 1348 ο
1411 1327 1431 1347 Τ
1442 1329 1452 1348 1
1461 1328 1480 1347 o
1493 1327 1513 1346 R
1522 1340 1530 1353 ‚
1543 1320 1593 1347 ari.
1611 1320 1679 1355 Dep.
1715 1321 1841 1355 [ιχολάξω.
1855 1319 1982 1354 βιςωνεύω]
2021 1319 2054 1346 In
2066 1318 2115 1345 otio
2126 1325 2150 1344 et
2164 1318 2247 1353 quiete
2259 1316 2314 1353 effi.
2353 1316 2412 1343 Cic.

217 1375 299 1402 quum
312 1366 340 1391 111
354 1364 438 1390 otium
451 1361 619 1393 venerimus,
639 1359 738 1386 habere
751 1358 892 1392 volumus,
917 1366 965 1386 etc.
1073 1359 1147 1386 Idem
1162 1359 1194 1384 de
1207 1358 1278 1392 Lege
1291 1364 1323 1389 30
1340 1357 1394 1384 Off.
1403 1366 1423 1390 3,
1432 1362 1459 1388 58
1477 1366 1499 1383 c.
1515 1365 1544 1389 14
1581 1356 1681 1383 Canius
1695 1357 1782 1390 Eques
1796 1357 1933 1382 Romanus
1947 1364 1995 1381 nec
2008 1354 2139 1382 infacetus
2153 1361 2179 1381 et
2199 1353 2258 1380 satis
2281 1353 2413 1386 literatus,

216 1405 308 1433 Aerar.
324 1410 348 1434 2,
362 1409 406 1427 132
419 1409 440 1426 c.
455 1397 502 1424 vlt.
525 1397 581 1429 Q¹i
595 1402 707 1432 propter
719 1393 845 1421 desidiam
860 1394 889 1420 in
902 1394 961 1421 otio
975 1395 1083 1422 viuunt.
1165 1395 1281 1429 Vsurpa-
1340 1402 1424 1428 quum
1437 1394 1462 1419 se
1475 1392 1611 1424 Syracusas
1623 1392 1744 1425 otiandi,
1782 1401 1838 1418 non
1859 1391 2017 1426 negotiandi
2037 1391 2112 1417 causa
2126 1390 2292 1424 contulisset,
2329 1388 2414 1417 dieta-

216 1432 253 1468 ςὲ
261 1438 346 1465 01111111
365 1435 453 1463 Tacit.
470 1435 538 1460 Ann.
554 1441 592 1466 14,
607 1442 643 1463 55-
889 1440 905 1462 4
941 1429 1083 1466 Obseruan.
1129 1431 1194 1457 Otia
1206 1436 1280 1456 vocat
1338 1429 1383 1456 bat
1403 1429 1428 1454 se
1448 1428 1571 1455 hortulos
1591 1427 1697 1463 aliquos
1718 1437 1807 1455 emere
1827 1428 1905 1457 velle.
2014 1426 2181 1456 Domesticus
2199 1425 2277 1454 otior
2313 1426 2413 1453 Horat.

215 1473 307 1502 libellos
311 1473 367 1509 suos
381 1470 512 1503 Ouidius,
532 1468 657 1505 quazlstne
671 1467 754 1494 labore
767 1466 904 1506 conscripti
916 1465 1007 1501 effint,
1038 1473 1062 1492 et
1082 1473 1181 1492 tantum
1199 1465 1280 1491 animi
1340 1466 1424 1492 Serui.
1443 1474 1462 1497 i,
1481 1467 1506 1497 6,
1526 1471 1576 1493 128-

216 1509 302 1545 causa,
340 1508 426 1535 Trist.
439 1515 464 1542 2,
478 1515 519 1539 224
539 1504 716 1539 Excutiasque
730 1502 815 1529 oculis
830 1508 887 1529 otia
901 1501 991 1528 nostra
1004 1502 1066 1529 tuis.
1173 1501 1280 1533 Otium,
1380 1507 1400 1527 ο
1413 1507 1436 1529 'r
1447 1508 1456 1527 i
1466 1501 1489 1527 Ᾱ
1501 1507 1524 1527 Τ
1538 1506 1561 1526 v
1572 1506 1596 1533 s,
1609 1508 1634 1533 a,
1651 1508 1706 1526 um.
1729 1499 1784 1527 Sid.
1798 1500 1879 1535 Epist.
1889 1510 1910 1533 3,
1923 1509 1932 1526 1
1949 1499 2059 1527 Artibus
2074 1498 2198 1532 instituti,
2213 1497 2311 1525 lunbus
2324 1496 2414 1524 otiati.
2459 1497 2462 1504 ¹

219 1543 416 1580 Taanquillitas‚
435 1550 501 1578 pax,
520 1543 597 1577 quies.
635 1539 692 1568 Cic.
705 1539 738 1566 de
750 1538 820 1572 Lege
834 1541 926 1573 Agrar.
938 1546 961 1571 2,
972 1546 990 1571 9
1015 1536 1089 1571 Qiid
1102 1542 1157 1578 tam
1170 1537 1280 1572 popula·
1297 1544 1326 1571 35
1377 1543 1398 1564 o
1411 1542 1434 1564 'r
1444 1542 1575 1577 iABVN
1587 1543 1678 1570 ovs,
1697 1545 1730 1570 a,
1751 1545 1806 1563 um.
1825 1535 1887 1563 Adi.
1925 1536 2018 1564 Sidon.
2038 1535 2119 1573 Epist.
2138 1544 2167 1569 4,
2186 1540 2213 1564 18
2246 1533 2341 1561 Multis
2359 1533 2416 1561 die.

216 1591 262 1614 re,
287 1590 366 1616 quam
382 1580 487 1607 otium?
524 1576 596 1612 quod
611 1576 647 1603 ita
659 1575 808 1602 iucundum
821 1573 872 1608 est,
892 1580 921 1600 vt
934 1580 961 1600 et
974 1582 1039 1608 VOS,
1064 1580 1090 1600 et
1106 1582 1221 1600 maiores
1235 1581 1281 1599 ve·
1338 1573 1389 1601 bus
1412 1571 1584 1602 otiabundus.

215 1618 279 1651 stri,
305 1624 330 1643 et
342 1616 494 1643 fortiffimus
514 1613 627 1649 quisque
640 1613 700 1645 vir,
736 1611 867 1637 maximos
879 1609 986 1637 labores
999 1609 1179 1645 suscipiendos
1198 1614 1282 1644 putet,
1378 1615 1398 1636 ο
1408 1615 1488 1645 Tis,
1513 1607 1574 1637 idis.
1595 1608 1615 1635 f.
1651 1611 1719 1635 Auis
1732 1591 1817 1635 eadeae'n
1829 1617 1894 1644 quae
1907 1610 1977 1638 otus.
2002 1608 2060 1636 Vid.
2071 1607 2139 1637 Plin.
2147 1617 2186 1641 10,
2193 1615 2227 1634 22
2235 1614 2258 1634 et
2265 1615 2301 1640 23.
2309 1612 2335 1636 et
2344 1615 2382 1642 29,
2390 1606 2417 1635 6.
2459 1603 2468 1622 s

215 1661 245 1681 vt
261 1652 403 1688 aliquando
425 1652 454 1679 in
467 1650 526 1676 otio
541 1649 614 1684 poffit
628 1649 694 1681 effe,
731 1647 885 1682 praesertim
905 1646 935 1672 in
955 1646 1073 1682 imperio
1092 1654 1122 1673 ac
1142 1646 1281 1681 dignitate.

216 1690 309 1725 Nepos
324 1698 364 1721 20,
378 1697 400 1720 3,
413 1697 426 1714 2
460 1686 555 1713 Otium
569 1685 621 1711 toti
633 1684 732 1710 insulae
746 1682 908 1710 conciliauit.
946 1682 1021 1709 Idem
1036 1692 1074 1715 22,
1089 1690 1116 1716 2,
1129 1691 1151 1712 5.
1190 1681 1280 1708 Valet.
1638 1672 1668 1704 O
1719 1672 1754 1704 T
1805 1672 1835 1703 O
1910 1691 1924 1697 -
2003 1672 2033 1704 O
2082 1672 2114 1703 V

218 1727 290 1753 Max.
305 1735 323 1758 1,
335 1732 353 1758 7
367 1728 418 1749 ext.
431 1724 455 1748 6.
511 1720 602 1748 lustin.
618 1722 642 1753 6,
657 1729 682 1753 9,
697 1723 712 1746 6
724 1726 772 1746 etc.
828 1719 902 1746 Caes.
916 1718 981 1746 Bell.
995 1719 1077 1745 Ciuil.
1093 1728 1113 1751 1,
1127 1727 1148 1749 ς.
1167 1725 1192 1744 et
1204 1726 1227 1750 2,
1240 1719 1325 1752 3640
1380 1725 1401 1747 0
1413 1725 1488 1748 ‘rop
1499 1726 1516 1746 E
1529 1725 1552 1746 ¹1-
1565 1726 1587 1747 A
1600 1737 1610 1751 ,
1646 1719 1704 1746 vid,
1726 1724 1746 1744 0
1757 1724 1776 1743 n
1787 1724 1807 1744 0
1817 1725 1859 1744 PE
1871 1725 1894 1745 Τ
1906 1725 1942 1747 A.

218 1762 288 1788 Tac.
302 1761 372 1787 Anii.
385 1767 419 1791 ις,
433 1760 459 1790 6,
472 1767 497 1786 2..
508 1764 531 1782 et
547 1765 581 1790 12,
595 1765 628 1789 12,
642 1765 658 1782 1.
694 1756 750 1782 Cic.
758 1763 808 1790 pro
817 1755 886 1781 Sext.
895 1764 916 1780 c.
925 1761 964 1786 45.
1037 1756 1139 1789 Ρ300111,
1153 1752 1284 1787 tranquil·
1382 1761 1402 1781 ο
1414 1762 1463 1781 ⁷1¹1<
1474 1763 1485 1782 1
1498 1762 1516 1782 Β
1527 1762 1549 1780 v
1558 1762 1571 1781 S
1581 1776 1590 1788 ‚
1617 1754 1637 1780 i.
1664 1763 1701 1780 111.
1721 1761 1745 1779 ct
1761 1753 1914 1788 Mygdoniis
1924 1776 1933 1788 ‚
1959 1755 2063 1789 fi-atrex
2075 1754 2189 1789 fuerunt
2208 1754 2337 1784 Hecubae,
2361 1752 2419 1788 filii

219 1797 339 1829 litatem,
360 1794 445 1822 otium
461 1793 555 1820 afferre
576 1792 632 1818 Cic.
648 1792 680 1819 de
693 1793 761 1826 Lege
770 1791 832 1824 Agr.
841 1799 863 1825 2,
873 1799 926 1816 102.
1343 1790 1436 1825 Cffli,
1456 1796 1481 1815 et
1490 1790 1617 1825 patrueles
1633 1788 1839 1823 Polymnestoris,
1861 1790 1917 1825 „ste
1929 1792 2053 1825 [ww-phyr-
2068 1792 2094 1816 i„
2106 1802 2118 1823 3
2134 1791 2236 1817 Iliados.
2308 1789 2385 1816 All-us
2404 1797 2419 1814 ε

258 1839 279 1860 o
289 1839 310 1858 T
320 1829 381 1859 151.
390 1837 410 1855 ν
419 1837 459 1860 Μ,
493 1829 510 1855 1.
538 1838 566 1855 11.
610 1827 714 1855 Dimin.
757 1825 829 1853 Cael.
843 1825 876 1851 ad
889 1824 947 1852 Cic.
961 1824 1034 1851 Fam.
1053 1831 1079 1859 8,
1091 1834 1102 1857 3
1127 1825 1214 1858 Atque
1229 1823 1281 1851 hoe
1343 1826 1525 1859 Mariandynis
1539 1826 1669 1858 abAmyco
1684 1824 1848 1857 inteyfet‘ius:
1884 1827 1915 1851 de
1927 1834 1974 1859 quo
1988 1826 2047 1851 Val.
2062 1827 2145 1852 Flacc.
2157 1835 2186 1859 4,
2196 1829 2248 1853 162.
2340 1825 2419 1853 Alius

219 1877 254 1896 eo
267 1866 415 1902 diligentius
429 1864 539 1898 saffiro,
577 1864 649 1899 quod
663 1872 746 1897 quum
760 1861 861 1887 otiosus
875 1861 949 1894 sum,
985 1860 1062 1894 plane
1082 1859 1131 1887 vbi
1150 1860 1281 1886 delectem
1343 1862 1372 1888 in
1384 1861 1440 1887 bello
1453 1861 1564 1887 Colchico
1578 1862 1609 1886 ab
1622 1860 1731 1886 Ambeno
1743 1859 1850 1894 occisus,
1868 1862 1938 1895 apud
1945 1862 2048 1887 eundem
2061 1863 2089 1893 6,
2103 1869 2158 1892 252..

220 1904 331 1932 otiolum
346 1911 450 1934 meum,
469 1910 524 1928 non
538 1900 634 1927 habeo.
672 1897 824 1929 Dc1e6tem,
852 1896 871 1923 i.
890 1898 952 1922 Cum
962 1896 1121 1923 demiratione
1135 1894 1281 1931 tranfigmn.
1297 1903 1331 1930 45
1382 1902 1402 1923 o
1414 1903 1435 1922 'r
1446 1903 1507 1930 vs,
1535 1905 1619 1922 nomen
1639 1896 1769 1930 proprium
1782 1895 1883 1929 fratris
1896 1896 2045 1931 Ephialta,
2061 1905 2165 1930 quorum
2176 1903 2251 1930 pam.
2268 1903 2315 1923 AL
2321 1903 2420 1931 013VS,

255 1945 276 1965 o
288 1945 309 1965 Τ
320 1944 329 1964 1
340 1939 360 1966 ὁ
368 1944 381 1964 s
391 1944 411 1964 v
420 1943 434 1963 s
444 1958 453 1971 ‚
477 1946 509 1969 3,
528 1946 584 1963 11111.
620 1934 680 1961 Adi.
717 1934 857 1968 [manaret]
900 1934 994 1958 Vacuus
1005 1932 1037 1958 ab
1048 1939 1128 1968 opere.
1165 1932 1284 1959 Terent.
1343 1933 1388 1959 vbi
1400 1932 1455 1959 vid.
1492 1932 1718 1965 Srthmdumstne
1730 1930 1911 1967 adspiratitme.
1949 1932 2054 1958 Graecis
2067 1932 2133 1957 enim
2146 1931 2285 1964 constanter
2297 1932 2329 1967 est
2343 1940 2422 1962 nnc.

219 1973 327 2009 Adelph.
340 1983 366 2009 2,
379 1984 402 2005 4,
416 1982 439 2003 ις
460 1972 592 2005 Qiamuis
607 1971 689 1997 etiam
704 1977 799 1995 maneo
815 1967 916 1995 otiosus
930 1966 982 1996 hic.
1089 1968 1178 2003 Scipio
1193 1968 1282 1994 dicere
1343 1968 1421 2003 Virg.
1442 1968 1502 1996 Cul.
1524 1977 1564 2000 233
1602 1967 1674 1994 Nam
1688 1966 1796 1994 vinetus
1810 1966 1854 1993 sed
1868 1973 1894 1993 et
1908 1967 2033 1994 immanis
2047 1962 2212 2003 serpentibus
2226 1968 2311 2000 Otos,
2335 1967 2419 1996 Deui-

218 2010 329 2043 solebat‚
360 2017 499 2043 nunquam
511 2008 536 2034 se
551 2007 640 2033 minus
655 2005 772 2032 otiosum
785 2005 833 2030 efl'e
843 2025 851 2038 ,
886 2013 966 2038 quam
981 2012 1064 2038 quum
1079 2004 1198 2037 otiosus,
1235 2013 1282 2030 nce
1344 2004 1417 2031 6111111
1435 2004 1550 2031 moestus
1563 2003 1657 2038 procul
1670 2003 1797 2038 aspiciens
1810 2002 1967 2038 Ephialten,
1987 2012 2033 2031 etc.

217 2047 303 2075 iuinus
318 2046 420 2077 solum,
439 2052 520 2078 quam
532 2051 614 2076 quum
629 2042 698 2068 solus
712 2041 773 2067 essct
797 2040 853 2066 Cic.
869 2039 923 2066 Off.
939 2049 950 2070 3
968 2049 990 2066 c.
1005 2047 1022 2066 i.
1119 2040 1188 2066 Plin.
1203 2040 1280 2073 Epist.
1380 2046 1400 2066 Ο
1410 2047 1459 2067 νΑ
1470 2047 1487 2066 L
1498 2047 1509 2066 1
1520 2046 1552 2069 s,
1586 2040 1641 2066 vid.
1663 2045 1683 2065 o
1695 2045 1716 2064 v
1728 2045 1748 2064 ο
1758 2059 1766 2071 ,
1785 2043 1839 2065 are.

217 2094 225 2111 1
249 2094 263 2116 9
283 2082 368 2108 Satius
382 2080 418 2107 est
432 2080 504 2106 0111111
513 2099 521 2111 ,
547 2084 576 2104 vt
590 2077 698 2104 Attilius
713 2077 804 2104 noster
815 2074 987 2101 eruditiffime
1001 2075 1077 2101 simul
1091 2081 1117 2100 et
1130 2075 1280 2101 facetissime
1295 2082 1327 2108 50
1382 2081 1403 2101 0
1414 2083 1436 2101 v
1446 2081 1463 2101 F
1474 2081 1491 2101 E
1500 2082 1523 2102 Ν
1534 2081 1557 2101 Τ
1570 2081 1580 2100 1
1591 2081 1615 2100 Ν
1624 2081 1648 2112 A}
1670 2073 1778 2100 Tribus
1787 2094 1795 2106 ,
1825 2075 1882 2101 vid.
1903 2081 2035 2103 TRIEVS.

218 2106 300 2149 dixit,
321 2117 439 2144 otiosum
452 2115 516 2144 effe,
540 2122 620 2148 quani
633 2112 704 2139 nihil.
715 2119 792 2145 agere
801 2130 809 2143 ,
851 2111 870 2136 i.
893 2111 973 2144 quieti
988 2111 1068 2136 animi
1081 2117 1105 2135 et
1117 2110 1185 2136 bonis
1197 2110 1282 2135 literis
1383 2116 1404 2136 0
1414 2117 1435 2135 v
1445 2117 1454 2136 1
1464 2116 1500 2136 DI
1513 2116 1535 2136 v
1549 2115 1581 2143 S,
1602 2109 1621 2135 1.
1649 2118 1686 2136 111.
1726 2110 1876 2143 Cognomina*
1888 2110 1979 2144 Naso,
1996 2111 2083 2146 patria
2097 2111 2278 2145 Sulmonenfis,
2296 2120 2328 2138 ex
2344 2120 2413 2146 eque.

218 2164 306 2181 vamre
318 2152 393 2185 *nullis
406 2151 511 2186 negotiis
524 2148 627 2184 molestis
641 2148 801 2183 i711peslitum‚
828 2148 912 2181 potius
924 2145 956 2181 est
962 2166 971 2179 ,
998 2154 1072 2180 quam
1078 2145 1182 2179 frttflra
1196 2153 1221 2171 et
1241 2154 1283 2171 ne·
1337 2145 1390 2181 stri
1403 2145 1529 2178 familia,
1567 2145 1652 2178 diues,
1691 2143 1794 2179 Ingenio
1810 2147 1849 2170 ad
1863 2146 1950 2178 Po'e'ſsn
1964 2145 2127 2180 feliciffinw,
2155 2148 2223 2181 ficut
2242 2147 2294 2183 ipse
2311 2146 2414 2184 testatur

236 2191 350 2225 uidquam
364 2187 493 2222 occupari,
518 2194 612 2211 mouere
620 2184 670 2220 sed
682 2183 749 2208 nihil
756 2189 905 2217 prmmuere.
979 2181 1041 2207 Vita
1055 2181 1207 2208 otiosorum
1221 2181 1284 2207 faci·
1344 2181 1431 2208 Trist.
1444 2192 1468 2213 4,
1482 2191 1523 2214 10,
1538 2189 1566 2211 25
1602 2180 1730 2208 Nimium
1743 2187 1890 2208 amatorem
1905 2181 2009 2216 ingenii
2024 2182 2064 2209 sui
2077 2190 2149 2209 vocat
2186 2183 2322 2217 Qint‘iil.
2341 2192 2379 2216 io,
2396 2191 2417 2210 1.

230 2226 287 2259 ior,
307 2225 407 2257 tutior,
428 2229 453 2249 et
467 2221 556 2248 minus
568 2220 629 2247 aliis
643 2219 731 2255 grauis
746 2224 772 2244 et
786 2216 895 2244 molesta
908 2216 945 2243 est
966 2217 1022 2245 Cic.
1029 2217 1084 2243 Off.
1093 2228 1111 2250 1,
1120 2227 1162 2250 70.
1231 2217 1283 2244 Bos
1344 2217 1419 2245 Idem
1433 2218 1522 2243 ibidem
1533 2217 1687 2251 tragoediam
1701 2217 1799 2243 Ouidii
1813 2218 1902 2244 laudat
1914 2218 1953 2243 his
1964 2219 2065 2252 verbis,
2090 2219 2188 2246 Ouidii
2201 2220 2296 2247 Medea
2309 2218 2418 2246 videtur

218 2262 320 2290 otiosus
353 2261 422 2287 Hor.
437 2259 526 2285 Carm.
541 2266 561 2290 3,
575 2263 599 2286 18
615 2266 643 2283 11.
658 2255 788 2289 feriarum
802 2254 933 2280 indicium.
1025 2252 1088 2279 Dies
1103 2254 1220 2286 01101115,
1238 2260 1284 2288 pro
1300 2260 1329 2287 55
1346 2253 1415 2280 mihi
1429 2252 1577 2283 ostendere,
1593 2258 1723 2287 quantum
1739 2252 1784 2279 vir
1798 2253 1844 2279 ille
1859 2253 1990 2288 praestare
2001 2256 2130 2288 potuerit,
2148 2256 2166 2282 fi
2181 2256 2292 2291 ingenio
2305 2256 2352 2283 suo
2367 2255 2419 2282 11114

220 2297 293 2333 Festo.
349 2296 406 2323 Cic.
419 2296 456 2328 Q
466 2295 536 2320 Frat.
551 2302 572 2326 ς,
585 2298 599 2323 8
636 2292 667 2320 Id
680 2289 816 2326 perficiam
830 2289 871 2316 his
890 2288 1113 2324 supplicationum
1126 2289 1218 2316 otiosis
1231 2289 1286 2316 die.
1344 2298 1438 2325 perare
1446 2310 1455 2323 ,
1476 2297 1556 2324 quam
1569 2288 1709 2324 indulgere
1721 2289 1862 2316 maluisset.
1950 2290 2130 2324 Qantitatem
2143 2293 2250 2318 nominis
2261 2293 2330 2318 docet
2344 2291 2419 2319 Mai·-

219 2329 279 2361 bus.
386 2330 516 2366 Neapolis
531 2329 615 2355 otiosa
642 2328 710 2354 Hor.
727 2327 808 2362 Epod.
823 2333 846 2359 ς,
859 2335 895 2358 43.
1014 2326 1070 2351 Cic.
1084 2334 1134 2360 pro
1147 2326 1234 2352 Plane.
1249 2326 1283 2352 66
1345 2326 1401 2353 tial.
1419 2335 1436 2359 1,
1453 2328 1499 2353 106
1522 2326 1552 2351 In
1566 2325 1763 2358 Nomentanis,
1782 2324 1885 2357 Ouidi,
1910 2325 1983 2360 quod
1996 2325 2113 2354 nascitur
2125 2326 2207 2360 agris.
2299 2328 2340 2353 Sic
2353 2337 2376 2359 7,
2391 2335 2420 2359 43

220 2369 294 2404 Quid
308 2377 357 2404 ego
370 2367 454 2395 dicam
473 2365 504 2392 de
517 2364 649 2399 occupatis
668 2363 734 2390 meis
754 2361 921 2396 temporibus
934 2381 942 2393 ‚
974 2362 1019 2388 cui
1038 2362 1122 2388 fuerit
1141 2371 1174 2389 ne
1188 2362 1284 2389 Otium
1344 2362 1479 2389 Maximus
1494 2361 1540 2388 ille
1557 2366 1632 2396 tuus,
1652 2360 1754 2394 Ouidi,
1773 2361 1919 2388 Caesonius
1937 2360 1981 2387 hic
1995 2360 2041 2389 est.
2149 2363 2181 2387 Et
2192 2369 2221 2396 7,
2233 2370 2267 2395 44
2287 2362 2313 2389 O
2326 2362 2420 2396 11111115,

220 2405 328 2441 quidem
342 2412 456 2437 vnquam
473 2401 605 2428 otiosum?
677 2398 762 2425 Valde
773 2398 875 2425 otiosus
895 2396 970 2425 Idem
984 2398 1037 2425 Att.
1053 2404 1135 2431 12‚38.
1210 2399 1284 2425 Nan·
1347 2398 1448 2431 Ouidi,
1471 2397 1581 2424 tacende
1595 2397 1704 2433 linguis.
1759 2398 1831 2424 Add.
1844 2406 1869 2430 9,
1884 2404 1911 2430 53
1923 2405 1948 2423 er
1960 2406 2017 2424 100.
2111 2399 2164 2423 Hoc
2175 2405 2321 2430 argumento
2333 2399 2421 2423 vtitur

221 2441 280 2468 circi
293 2441 410 2474 aliquem
423 2438 538 2465 otiosum
550 2457 559 2469 ‚
594 2436 650 2463 vid.
670 2441 757 2463 NAN
767 2441 784 2460 C
795 2441 826 2460 is
837 2440 855 2461 C
865 2440 884 2460 O
893 2440 923 2460 R.
1001 2435 1057 2461 Effe
1069 2434 1145 2462 domi
1159 2434 1284 2461 Otiosum
1296 2437 1331 2462 60
1345 2434 1474 2470 Megffi'mus
1488 2443 1514 2469 p.
1529 2436 1572 2460 126
1585 2435 1644 2460 edit.
1658 2435 1746 2462 Burni.
1764 2435 1802 2459 ad
1812 2432 1974 2467 refellendam
1991 2441 2137 2468 magnorum
2157 2427 2281 2459 honiinum
2293 2433 2420 2469 sententi-

221 2478 277 2506 cic.
293 2476 324 2503 de
336 2477 407 2503 Clar.
426 2475 501 2502 Orat.
517 2482 553 2499 10.
772 2467 794 2509 ἦ
817 2479 829 2496 2
873 2472 924 2496 Pro
946 2479 976 2495 ne
993 2471 1114 2504 otiorum,
1144 2477 1284 2505 operarum,
1343 2480 1399 2504 am,
1419 2479 1478 2505 quos
1485 2470 1565 2504 fraus
1577 2469 1712 2506 impostoris
1725 2470 1853 2495 cuiusdam
1865 2470 2024 2505 induxerat,
2050 2476 2081 2495 vt
2096 2467 2200 2497 Ouidio
2215 2469 2354 2496 tribuerent
2371 2479 2422 2497 nu·
2451 2477 2453 2479 '

222 2514 329 2540 laborum
340 2511 483 2541 varietate,
507 2509 546 2536 oti
578 2517 607 2537 us
621 2507 696 2534 etiam
710 2506 814 2540 diumfis
824 2506 902 2532 modis
914 2506 1076 2542 inteligitur.
1149 2509 1190 2532 Ita
1206 2506 1284 2533 Otio-
1343 2516 1418 2539 mum,
1432 2515 1459 2532 m
1473 2515 1518 2540 quo
1531 2505 1563 2542 est
1576 2513 1722 2534 οτΗΙΔΙΟΣ
1736 2507 1761 2532 h.
1774 2514 1796 2532 e.
1810 2511 1962 2532 VEIDivs.

224 2549 278 2581 sus,
304 2548 426 2583 priuatus.
483 2545 539 2572 Cic.
578 2544 674 2578 hilipp.
690 2552 720 2576 11,
733 2551 760 2575 27
779 2542 926 2576 Imperium
939 2542 1045 2569 Caesari
1059 2542 1124 2569 belli
1139 2542 1285 2569 neceffitas:
1382 2548 1434 2569 ov
1446 2548 1456 2568 1
1467 2548 1498 2575 s,
1525 2542 1558 2568 is.
1591 2542 1612 2568 f.
1649 2540 1723 2576 [fiii-1,
1743 2546 1878 2575 πρόβατον,
1900 2542 2066 2577 ‚reneka-nna]
2103 2551 2119 2567 a
2132 2541 2227 2568 Graeco
2240 2537 2290 2572 ἕϊς,
2309 2540 2418 2577 interpo-

223 2585 302 2611 fasces
313 2605 322 2616 ‚
348 2584 455 2609 Senatus
476 2581 556 2608 dedit.
593 2579 681 2606 otioso
696 2588 776 2612 vero,
805 2578 874 2604 nihil
892 2579 998 2613 agenti,
1027 2579 1148 2614 priuato,
1172 2578 1283 2606 obsecro
1338 2579 1392 2613 fita
1405 2587 1423 2604 v
1437 2579 1513 2605 litera
1525 2584 1627 2614 propter
1640 2579 1753 2611 hiatum,
1775 2585 1811 2604 ve
1824 2578 1851 2603 in
1866 2577 1909 2604 ω’ὸν
1923 2586 2023 2613 ouum,
2048 2575 2104 2603 ἀιαὶν
2117 2585 2213 2603 aeuum
2224 2597 2233 2610 ,
2259 2578 2370 2604 lanatum
2382 2577 2418 2603 il-

223 2627 249 2648 tc
265 2621 294 2647 L.
310 2620 403 2646 Cacsar
424 2621 503 2650 (cum
515 2616 668 2651 peritissimo
682 2615 793 2642 homine
807 2614 875 2642 mihi
888 2623 930 2641 res
943 2614 996 2646 est)
1016 2615 1124 2650 quando
1138 2615 1283 2650 imperium
1297 2617 1329 2648 65
1345 2616 1396 2646 lam
1409 2613 1560 2650 domesticam
1573 2614 1644 2640 nobis
1652 2613 1784 2649 fignificat
1796 2614 1925 2640 Pecudaem.
1960 2614 2019 2641 Cic.
2032 2613 2065 2639 de
2077 2613 2140 2639 Nat.
2155 2613 2269 2646 Deoua,
2283 2619 2322 2644 158
2342 2612 2418 2647 Quid

224 2657 331 2683 Senatus
344 2654 432 2680 dediti
512 2651 598 2679 Otioli
617 2651 659 2684 qui
677 2651 781 2677 caeteris
792 2650 848 2677 bello
868 2650 941 2676 ciuili
952 2652 1085 2685 implicitis
1098 2652 1178 2686 quieti
1191 2659 1214 2677 et
1227 2661 1285 2677 neu·
1345 2652 1417 2677 enim
1432 2659 1497 2677 oues
1512 2650 1583 2677 aliud
1600 2650 1731 2683 afferunt,
1761 2648 1810 2675 nisi
1827 2654 1856 2676 vt
1875 2657 1967 2675 earum
1979 2648 2052 2675 villis
2071 2648 2202 2676 confectis
2216 2654 2296 2683 atque
2310 2655 2420 2678 contex-

226 2693 272 2719 tris
285 2690 380 2717 acldiffi
394 2690 505 2723 partibus
516 2689 591 2722 fuere
610 2687 666 2714 cic.
680 2687 750 2714 Fam.
767 2696 793 2721 9,
807 2696 830 2720 5,
844 2698 867 2719 4.
973 2687 1097 2720 Otiosus,
1122 2687 1285 2722 Tranquillus
1345 2687 1379 2713 tis
1394 2686 1519 2713 homines
1535 2686 1700 2713 vestiantur}
1774 2685 1867 2712 Custos
1881 2685 1977 2711 ouium
1997 2685 2075 2719 Virg.
2090 2685 2191 2720 Georg.
2206 2693 2225 2718 1,
2239 2692 2277 2719 17.
2343 2698 2346 2700 v
2365 2686 2420 2712 Cu.
2440 2707 2444 2710 .

222 2727 332 2764 securus.
370 2726 427 2752 Cic.
442 2724 473 2751 de
487 2725 556 2759 Lege
573 2725 635 2758 Agr.
649 2733 670 2756 2,
687 2733 727 2749 102
742 2732 764 2749 c.
780 2732 805 2756 37
832 2723 897 2750 Non
912 2722 994 2750 modo
1013 2732 1062 2750 vos
1078 2723 1155 2750 eritis
1171 2723 1199 2750 in
1216 2724 1283 2756 otio,
1345 2723 1398 2750 stos
1412 2722 1507 2749 ouium
1526 2723 1696 2757 praeclarus,
1734 2721 1811 2755 lupus
1846 2720 1904 2747 Cic.
1916 2720 1949 2747 de
1962 2720 2070 2747 Ainicit.
2084 2729 2106 2754 3,
2122 2729 2157 2753 27.
2183 2729 2208 2747 et
2228 2720 2297 2748 Phil.
2316 2730 2329 2754 3
2347 2731 2369 2750 c.
2388 2730 2418 2749 11.

227 2764 272 2798 qui
289 2763 389 2796 semper
403 2761 451 2787 esse
473 2760 632 2789 volueratis;
668 2767 762 2786 verum
775 2758 853 2785 etiam
868 2759 947 2793 istos,
978 2759 1075 2794 quibus
1089 2759 1167 2786 otiosi
1181 2760 1285 2794 negoti·
1346 2759 1424 2785 Fetus
1451 2758 1546 2784 ouium
1590 2757 1670 2791 Virg.
1690 2757 1789 2790 Georg.
1802 2764 1829 2788 2,
1841 2757 1898 2789 196.
2004 2756 2125 2792 Magistri
2138 2757 2249 2789 ouium,
2287 2757 2416 2793 Opititmes

227 2808 274 2825 um
292 2797 432 2825 saccffimus
442 2817 450 2830 ,
491 2795 654 2824 otiosissimos
672 2794 780 2821 reddam
794 2805 800 2820 :
837 2802 919 2829 nctnpe
942 2805 971 2820 m
991 2796 1054 2830 qnid
1069 2797 1173 2822 turbare
1188 2794 1285 2831 paffint,
1297 2800 1333 2828 70
1345 2795 1420 2822 Idem
1435 2794 1488 2820 Ecl.
1503 2803 1526 2826 2,
1538 2803 1570 2825 33·
1642 2791 1733 2819 Vbera
1745 2791 1809 2818 bina
1823 2791 1883 2818 ouis
1903 2791 1978 2819 Idem
1991 2792 2029 2820 ib.
2041 2802 2065 2827 2,
2077 2802 2117 2826 4²·
2206 2793 2314 2827 Adafia,
2351 2793 2416 2828 Api-

227 2834 301 2862 Idem
318 2834 401 2860 Bruto
417 2842 448 2865 93
468 2841 488 2858 c.
501 2842 528 2864 2⁴
547 2834 577 2857 de
593 2832 686 2863 Galba,
707 2832 794 2864 Qient
808 2831 912 2857 fortaffc
926 2831 966 2857 vis
986 2840 1042 2858 non
1065 2831 1169 2866 ingenii
1189 2832 1286 2865 solum,
1346 2839 1393 2864 ca,
1417 2829 1518 2865 vid.ffi
1530 2829 1555 2856 ll.
1661 2829 1761 2854 Aurata
1783 2827 1866 2854 Ouid.
1879 2827 1958 2862 Epist.
1974 2830 2001 2861 6,
2015 2838 2035 2856 2.
2127 2830 2189 2856 Ouis
2202 2830 2304 2864 Phryxi
2338 2828 2417 2858 Idem
2444 2823 2447 2831 ¹
2483 2856 2489 2859 ,
2515 2860 2517 2862 ,

227 2869 272 2897 sed
288 2870 366 2896 ctiam
380 2868 479 2901 animi,
499 2874 524 2895 et
538 2867 662 2895 naturalis
676 2867 784 2901 quidam
799 2867 879 2894 dolor
893 2867 1022 2893 dicentem
1037 2866 1211 2900 incendebat,
1231 2865 1285 2894 effi·
1345 2868 1441 2894 Amor.
1454 2874 1478 2896 2,
1491 2874 1521 2897 ii,
1535 2876 1549 2897 4
1569 2864 1747 2899 Conspicuam
1761 2863 1840 2890 fuluo
1853 2863 1952 2891 vellere
1965 2865 2038 2892 vexit
2050 2873 2141 2893 ouem.
2219 2865 2316 2893 Bidens
2340 2867 2417 2893 Seru.
2464 2891 2465 2894 ,
2511 2866 2516 2875 ⁴

229 2905 382 2939 ciebatque,
410 2911 438 2931 vt
459 2910 483 2931 et
502 2904 625 2937 incitata,
656 2910 681 2930 ct
700 2903 788 2937 grauis
809 2909 834 2930 et
851 2903 993 2929 vehemens
1008 2904 1066 2930 cffct
1083 2904 1186 2930 oratio:
1221 2903 1285 2930 dein
1346 2903 1383 2929 ad
1395 2902 1462 2928 Aen.
1475 2912 1499 2934 4,
1513 2909 1551 2935 57.
1625 2899 1772 2932 Colonicn,
1802 2900 1856 2927 vid.
1871 2901 1896 2927 h.
1911 2910 1938 2927 v.
2044 2901 2165 2928 Delicula
2186 2902 2252 2930 Cato
2265 2902 2297 2930 R.
2311 2902 2343 2930 R.
2355 2911 2378 2929 c.
2392 2910 2420 2929 2.
2508 2896 2517 2903 ¹

229 2951 289 2969 cum
302 2941 402 2969 otiosus
429 2941 468 2974 (i.
482 2942 510 2966 ab
524 2939 562 2966 illo
575 2940 666 2976 affinslu
680 2943 789 2971 vamum)
816 2938 905 2965 stilum
918 2939 1110 2975 prehendcrat.
1142 2945 1285 2973 motusque
1350 2938 1406 2965 Vid.
1420 2938 1444 2963 b.
1461 2946 1487 2963 v.
1561 2935 1642 2963 Ferae
1661 2935 1728 2962 Plin-
1741 2940 1764 2968 8,
1779 2942 1812 2966 ¹8·
1884 2935 1998 2964 Glabrae
2017 2936 2101 2965 Plaut.
2115 2938 2320 2972 Trin.2,4,40.
2371 2940 2418 2966 In-

228 2978 315 3005 omnis
330 2977 428 3010 animi,
465 2982 588 3010 tanquam
603 2982 697 3002 ventus
716 2975 854 3002 hominem
867 2975 1015 3006 defecerat,
1050 2975 1214 3003 flaccescebat
1226 2984 1285 3002 ora·
1300 2979 1333 3007 75
1347 2974 1436 3006 tonsa,
1455 2970 1542 3007 vifis.
1555 2973 1574 2998 I.
1647 2972 1712 2999 Non
1726 2971 1811 2998 solum
1824 2977 1915 2999 taurus
1929 2973 1993 3000 ferit
2005 2974 2081 3001 vncis
2095 2974 2224 3002 cornibus
2236 2974 2350 3004 hostem,
2369 2983 2416 3001 ve-

228 3014 284 3046 tio,
310 3021 355 3040 etc.
428 3012 497 3040 Ter.
512 3011 621 3046 Adelph.
634 3020 662 3045 4,
676 3022 693 3045 1,
707 3021 729 3044 17
750 3011 825 3045 Qiin
837 3018 866 3038 tu
884 3013 985 3038 otiosus
999 3021 1041 3038 es:
1080 3021 1130 3047 ego
1144 3011 1216 3038 illius
1230 3011 1286 3037 sen-
1347 3019 1407 3036 rum
1422 3008 1503 3036 etiam
1522 3008 1629 3034 instanti
1642 3008 1722 3035 Laesa
1735 3014 1862 3043 repugnat
1876 3008 1935 3036 ouis
1955 3010 2077 3045 Propert.
2090 3019 2115 3041 2,
2131 3018 2153 3043 ς,
2166 3020 2203 3044 19.
2282 3010 2415 3045 Lanigera

229 3051 283 3076 sum
297 3049 405 3084 pulchre
420 3048 513 3076 calleo.
582 3047 655 3075 Idem
670 3047 750 3074 Andr.
764 3055 789 3081 ς,
804 3058 826 3080 2,
840 3057 849 3074 1
871 3049 971 3074 Animo
984 3048 1037 3074 iam
1051 3057 1122 3074 nunc
1136 3047 1223 3074 otioso
1237 3047 1287 3073 esse
1348 3045 1424 3080 Virg.
1439 3045 1503 3071 Aen.
1517 3053 1539 3078 3,
1553 3045 1613 3070 660.
1725 3045 1817 3077 Mina,
1849 3045 1903 3072 vid.
1924 3051 2001 3072 MIN
2011 3052 2043 3074 A.
2115 3047 2205 3080 Nigra
2225 3046 2302 3082 Virg.
2315 3047 2416 3082 Geor-g.

228 3087 340 3121 impero.
377 3084 451 3118 Arsi
462 3084 572 3117 diceret,
597 3085 694 3118 Depone
706 3094 776 3109 curas
789 3086 865 3110 modo.
938 3084 1047 3111 Otiosus
1060 3084 1093 3111 ab
1107 3084 1199 3110 animo
1219 3084 1287 3108 Idem
1348 3091 1372 3113 4,
1387 3083 1445 3114 546.
1545 3079 1653 3107 pascalis
1663 3100 1671 3113 ,
1698 3080 1752 3107 vid.
1770 3085 1884 3107 PASCO.
1992 3082 2137 3110 Peculiaris
2156 3079 2236 3111 Varr.
2249 3083 2279 3110 L.
2295 3083 2324 3109 L.
2337 3092 2414 3118 45¹9-

229 3122 296 3149 Tc1·.
315 3121 419 3148 phorm.
433 3129 455 3152 2,
471 3129 493 3155 2,
506 3123 546 3147 26.
624 3120 732 3146 Otiosus
745 3129 758 3145 a
773 3126 844 3146 uictu
871 3120 939 3147 Gell.
953 3129 976 3155 2,
989 3129 1027 3153 29.
1106 3118 1286 3154 Spretatorem
1348 3117 1440 3144 Pellita
1460 3116 1529 3143 Hor.
1542 3116 1630 3142 031111.
1644 3124 1666 3150 2,
1680 3119 1706 3147 6,
1718 3124 1755 3144 10.
1776 3117 1855 3144 Varr.
1869 3117 1900 3143 R.
1915 3117 1948 3143 R.
1960 3126 1982 3151 2,
1996 3127 2017 3144 2.
2042 3120 2098 3144 Vid.
2113 3120 2135 3146 b.
2151 3128 2178 3146 υ.
2248 3118 2341 3152 Picea,
2365 3120 2415 3145 Ni-

230 3158 344 3184 otiosuin
356 3158 380 3183 se
394 3156 519 3190 praebere
533 3155 645 3183 alicuius
661 3155 816 3182 calamitatis
842 3156 899 3183 Cic.
914 3156 968 3182 Off,
982 3165 1005 3188 2,
1019 3158 1059 3183 26.
1131 3155 1205 3182 Ideni
1213 3155 1286 3181 Fam.
1301 3156 1334 3183 80
1344 3162 1395 3189 gra
1415 3152 1504 3178 Valer.
1522 3152 1622 3186 Argon.
1634 3161 1655 3184 3,
1669 3161 1724 3184 439.
1797 3152 1905 3188 Pinguis
1927 3153 2064 3189 Virg.Ecl.
2074 3157 2130 3186 6‚,-.
2209 3155 2313 3181 Placida
2332 3154 2415 3182 Ouid.

230 3203 256 3228 9,
273 3202 301 3223 25
339 3193 494 3220 Mathonem
513 3199 537 3219 et
553 3192 700 3219 Pollionem
720 3191 843 3218 inimicos
863 3190 943 3218 habet
957 3191 1052 3218 Fabius
1062 3211 1070 3224 ‚
1108 3191 1172 3225 quid
1187 3190 1288 3216 multa}
1347 3189 1412 3216 Met.
1428 3198 1459 3221 13,
1474 3195 1531 3222 927.
1624 3188 1745 3214 Pusulosa
1771 3189 1905 3216 Coluinel.
1920 3197 1948 3224 7,
1960 3198 1981 3222 ς.
2074 3185 2211 3216 Reiiciilae
2231 3191 2321 3216 Varro
2335 3190 2367 3217 R.
2381 3192 2416 3219 R.

231 3238 284 3256 non
298 3229 447 3255 mehercule
461 3236 513 3255 tam
532 3227 693 3262 perscribere
706 3228 816 3262 possum,
829 3236 909 3262 quam
921 3226 992 3253 mihi
1004 3233 1107 3262 gratum
1121 3226 1216 3252 feceris
1225 3246 1232 3258 ‚
1269 3223 1287 3251 11
1348 3234 1370 3257 2,
1384 3233 1401 3251 1.
1475 3223 1585 3250 Scabrae
1607 3224 1740 3250 Columel.
1756 3233 1780 3258 7,
1793 3234 1813 3257 3.
1832 3225 1914 3252 Plaut.
1927 3225 2013 3252 Trin.
2024 3233 2050 3256 2,
2063 3234 2093 3258 4,
2105 3234 2147 3258 40.
2257 3225 2416 3254 Semimaris

232 3264 462 3299 otiosuuiFabium
476 3263 640 3297 reddideris,
676 3264 694 3290 i.
716 3274 775 3290 cura
787 3264 836 3289 illa
850 3263 1006 3289 liberaum-is.
1078 3262 1134 3289 Cic.
1143 3262 1174 3288 de
1186 3261 1288 3288 8011061.
1349 3261 1409 3286 01115
1424 3260 1524 3286 viscera
1549 3258 1630 3288 Ouid.
1645 3260 1709 3287 Fast.
1727 3270 1745 3295 1,
1758 3267 1812 3293 538.
2033 3257 2055 3303 ᾗ
2075 3270 2089 3288 2
2130 3261 2224 3288 Verba.-
2261 3262 2333 3289 Baiae
2353 3263 2416 3290 ouis

235 3306 263 3329 82
290 3301 389 3327 Nonne
400 3300 493 3327 melius
506 3301 591 3327 multo
606 3299 693 3326 fuisset
703 3319 711 3331 ,
735 3299 852 3326 otiosam
866 3303 978 3325 aetatem
989 3304 1014 3324 et
1028 3299 1144 3331 quietem
1158 3297 1211 3324 sine
1229 3296 1287 3324 vllo
1347 3296 1450 3322 Auctor
1465 3295 1626 3322 Philomelae
1639 3305 1664 3322 v.
1681 3298 1720 3327 56.
1793 3297 1898 3333 Cogere
1910 3304 1991 3329 01105,
2015 3298 2069 3324 vtd.
2088 3303 2191 3324 COGO.
2271 3298 2415 3328 Commifi-
2428 3305 2431 3307 “

235 3340 278 3360 3111
296 3336 383 3362 labore
396 3343 439 3362 aut
456 3336 624 3363 contentione
644 3335 800 3362 traducere?
906 3334 1006 3360 Honor
1027 3342 1122 3360 vacans
1142 3340 1168 3360 et
1186 3333 1288 3360 otiosus
1305 3338 1333 3367 85
1347 3331 1379 3358 sti
1394 3332 1457 3366 lupo
1471 3340 1550 3357 ouem
1560 3352 1567 3363 ,
1593 3332 1647 3358 via'.
1666 3338 1779 3359 LVi‘vs.
1877 3332 2047 3359 Condensant
2059 3333 2084 3358 se
2097 3333 2126 3360 in
2138 3343 2222 3361 vnum
2237 3334 2327 3361 locum
2339 3343 2415 3368 oues,

236 3371 303 3396 Plin.
316 3372 342 3396 ‘in
354 3372 443 3405 Pancg.
456 3382 478 3398 c.
492 3382 528 3405 57.
635 3372 692 3398 Cic.
706 3371 779 3397 Fam.
793 3378 825 3403 12,
839 3370 866 3396 16
887 3369 1036 3396 Audiebam
1053 3369 1181 3403 quaedam
1195 3368 1288 3396 turbu·
1347 3369 1401 3394 vid.
1416 3373 1613 3394 CONDENSO.
1685 3369 1768 3395 Curat
1781 3368 1834 3395 Pan
1849 3376 1913 3394 oues
1932 3368 2008 3401 Virg.
2023 3368 2075 3395 Ecl.
2087 3378 2110 3402 2,
2124 3378 2159 3402 ³3·
2235 3369 2318 3397 Dedit
2329 3371 2415 3398 morti

237 3406 322 3439 lenta,
342 3415 406 3440 quae
420 3408 515 3434 scilicet
530 3407 608 3443 cupio
621 3409 669 3433 effe
681 3407 757 3433 falsa:
793 3411 822 3432 vt
840 3405 984 3439 aliquando
998 3405 1083 3431 otiosa
1096 3405 1219 3432 libertate
1231 3405 1287 3431 fru-
1348 3403 1424 3430 inille
1437 3403 1531 3430 ouium
1566 3403 1633 3430 Hor.
1648 3403 1732 3430 Serm.
1748 3413 1770 3437 2,
1782 3413 1804 3439 3,
1818 3411 1868 3436 197.
1964 3404 2069 3431 Pascere
2083 3414 2148 3432 oues
2184 3405 2261 3441 Virg.
2277 3406 2330 3433 Ecl.
2348 3408 2375 3441 6,
2390 3413 2414 3440 ς.

239 3449 320 3467 amur.
413 3443 462 3468 Res
477 3444 557 3470 otiosa
567 3465 574 3479 ‚
608 3445 626 3469 ι’.
649 3442 803 3477 Tranquillo
836 3441 918 3468 Plaut.
932 3441 1019 3467 Truc.
1036 3451 1055 3474 1,
1068 3450 1088 3474 i,
1101 3443 1141 3472 56.
1230 3441 1287 3468 Cic.
1348 3439 1474 3474 Populari
1488 3438 1595 3465 miseras
1609 3448 1674 3466 oues
1694 3440 1788 3465 Claud.
1804 3439 1832 3465 in
1848 3440 1958 3475 Eutrop.
1970 3449 1993 3474 2,
2007 3450 2069 3474 400.
2148 3443 2226 3469 Sum:
2259 3450 2307 3476 vt,
2326 3443 2415 3470 Deco-

240 3476 272 3503 de
285 3477 383 3503 8011οἑ1.
397 3487 427 3510 49
459 3479 485 3504 Si
497 3488 559 3504 vero
580 3479 658 3506 habet
672 3478 797 3505 Senectus
810 3477 920 3512 aliquod
933 3482 1057 3511 tanquam
1071 3476 1195 3512 pabulum
1210 3477 1289 3504 studii
1347 3477 1372 3502 ri
1386 3475 1423 3502 est
1436 3474 1531 3502 ouibus
1545 3475 1588 3501 sua
1602 3475 1660 3501 lana
1683 3474 1765 3502 Ouid.
1780 3475 1843 3501 Met.
1856 3483 1891 3508 ¹3,
1906 3482 1961 3510 849.
2069 3477 2202 3505 Tendere
2216 3477 2335 3505 Infirmas
2348 3486 2415 3506 oues

241 3511 431 3551 etfloffilrinac,
451 3513 518 3540 nihil
531 3515 565 3540 est
579 3515 662 3546 otiosa
677 3513 808 3541 1011οἂ1110
824 3513 974 3541 iucundius.
1048 3514 1098 3539 Sed
1107 3514 1203 3539 dicitur
1215 3514 1289 3539 etiam
1302 3523 1336 3548 90
1350 3513 1420 3538 Hor.
1447 3511 1528 3546 Epod.
1555 3520 1575 3541 2,
1605 3513 1638 3538 16.
1746 3511 1822 3545 Virg.
1838 3511 1891 3537 Ecl.
1908 3521 1947 3548 10,
1959 3514 1990 3543 68
2017 3513 2180 3550 Aethiopum
2194 3514 2335 3541 versemus
2349 3523 2416 3542 oues

241 3548 340 3586 otiosus
353 3550 381 3572 dc
395 3549 457 3573 vitio
470 3551 571 3583 quodum
585 3551 710 3577 orationis.
767 3549 852 3576 Facile
870 3549 906 3576 est
925 3548 1139 3585 deprehendere,
1175 3550 1290 3576 Caluum
1350 3547 1396 3574 sub
1414 3546 1497 3573 sidere
1509 3547 1615 3573 Cancri.
1652 3546 1679 3573 h.
1691 3555 1714 3573 e.
1731 3547 1873 3575 Pan-amus.
1911 3548 2028 3577 Seruius.
2269 3559 2280 3584 3
2318 3550 2416 3586 Dcsta-

241 3582 366 3608 Ciceroni
380 3583 462 3609 visum
475 3584 626 3616 exsanguem
640 3592 665 3613 et
679 3586 816 3616 attritum.
848 3585 958 3612 Brutum
977 3592 1065 3612 autem
1083 3585 1200 3612 otiosum
1213 3593 1291 3619 atque
1350 3584 1409 3609 lillis
1422 3582 1561 3618 stupidisue
1579 3582 1714 3618 *usurpatur
1728 3593 1736 3606 .·
1773 3582 1892 3617 Amabo,
1924 3584 1984 3620 quis
2004 3585 2050 3614 has
2070 3585 2122 3614 huc
2133 3596 2198 3614 oues
2211 3547 2299 3622 aJegit
2329 3587 2414 3614 Plaut-

242 3618 404 3645 disiunctum
425 3619 491 3646 Dial.
506 3619 537 3646 de
553 3621 625 3646 Orat.
640 3631 662 3648 c.
675 3627 708 3651 18.
763 3622 861 3649 Lentus
875 3622 911 3648 est
924 3622 1008 3647 Cicero
1024 3621 1051 3647 in
1066 3621 1215 3656 principiis,
1233 3622 1290 3649 lon·
1352 3618 1446 3645 Bacch.
1461 3627 1483 3652 ς,
1495 3627 1520 3650 2,
1533 3627 1553 3650 3.
1625 3620 1713 3644 Aurea
1728 3619 1788 3644 ouis
1805 3619 1822 3646 s.
1837 3627 1931 3654 pecus:
1969 3622 2024 3649 vid.
2044 3622 2114 3649 Tac.
2136 3623 2167 3650 A.
2180 3631 2203 3655 13
2211 3630 2252 3659 pr.
2273 3623 2327 3649 Dio
2348 3622 2415 3649 Cass.

242 3662 288 3687 gu3
302 3654 328 3679 iu
342 3654 550 3695 narrationibus,
570 3656 667 3683 otiosus
681 3659 750 3685 circa
762 3658 874 3684 excess'us
899 3657 969 3684 Ibid.
983 3666 1004 3683 c.
1020 3665 1058 3683 22.
1097 3658 1169 3691 Conf.
1185 3659 1290 3684 Geuart.
1352 3655 1369 3681 l-
1384 3664 1423 3689 59.
1497 3655 1601 3687 Ouem,
1623 3654 1762 3688 Messalino
1776 3655 1850 3681 ctiam
1858 3665 1966 3692 genere,
1986 3657 2056 3693 legi,
2075 3660 2206 3685 admonent
2220 3659 2308 3685 Festus
2321 3665 2344 3684 et
2356 3659 2417 3686 No-

243 3689 305 3715 Ln‘L
320 3691 406 3730 Pqptn.
419 3700 442 3723 4,
462 3700 483 3716 12
495 3700 519 3724 p.
535 3700 580 3724 223.
683 3694 833 3721 Sententiae
845 3694 946 3721 otiosae
956 3702 972 3719 a
986 3692 1121 3726 Quinctil.
1136 3703 1154 3726 i,
1170 3704 1177 3720 1
1203 3694 1289 3719 dicun.
1308 3696 1338 3725 95
1351 3691 1411 3717 nius
1427 3700 1447 3723 ς,
1463 3699 1507 3723 153.
1545 3691 1632 3716 Varro
1648 3690 1747 3716 Rerum
1760 3689 1935 3719 humanarum
1948 3703 1984 3727 27.
2033 3696 2069 3720 Vt
2081 3694 2161 3721 etiam
2173 3694 2327 3721 nutantibus
2337 3714 2346 3727 ,
2366 3694 2416 3729 qui

245 3732 303 3755 tur,
340 3734 357 3750 ι,
390 3727 514 3764 ψωμνεῦ
533 3734 556 3751 ,ἰ
569 3727 643 3760 „fh-J,
657 3731 720 3762 quod
730 3732 764 3755 ad
774 3739 825 3756 rem
833 3730 931 3763 saciat,
944 3730 1103 3756 continentes.
1177 3730 1250 3757 Idem
1266 3735 1291 3763 8,
1352 3736 1416 3753 oues
1431 3727 1513 3759 duos,
1533 3735 1588 3752 non
1603 3726 1665 3752 duas
1680 3726 1786 3759 dicunt,
1807 3728 1959 3755 Homerum
1973 3730 2091 3762 secutos,
2111 3729 2157 3764 qui
2170 3730 2223 3763 ait,
2244 3730 2302 3762 μῆλ’
2317 3728 2362 3759 ἕλες
2376 3742 2416 3757 τε.

246 3769 258 3799 2
284 3761 378 3799 111-0510
390 3761 502 3787 otiosum
516 3762 661 3789 sermonem
675 3764 806 3796 dixerim,
824 3774 905 3799 quein
919 3765 1027 3791 auditor
1042 3765 1089 3791 suo
1104 3765 1214 3800 ingenio
1234 3775 1291 3793 non
1352 3763 1426 3790 Idem
1439 3762 1574 3789 Terentio
1593 3762 1699 3797 quaudo
1719 3763 1811 3789 citatus
1823 3773 1909 3799 neque
1921 3765 2073 3800 respondit,
2110 3774 2196 3799 neque
2214 3767 2349 3792 excusatus
2367 3766 2417 3798 est,

245 3796 379 3835 intelligit..
464 3798 588 3835 ⁴Pecunia
601 3798 699 3833 otiosa,
719 3802 821 3831 dicitur,
831 3803 903 3838 Qae
915 3801 1011 3827 domino
1026 3801 1242 3835 nullumfiuffynm
1252 3802 1295 3836 af.
1354 3799 1380 3825 ci
1393 3808 1442 3833 ego
1456 3807 1538 3824 vnum
1551 3807 1631 3823 ouem
1645 3798 1754 3825 multam
1769 3800 1839 3826 dico.
1914 3800 2018 3827 Gellius
2033 3810 2062 3834 11,
2072 3810 2099 3827 10
2119 3801 2234 3833 Qiando
2247 3802 2331 3837 igitur
2344 3811 2416 3835 nuno

240 3831 304 3864 fert·
344 3831 409 3857 le·
425 3831 502 3865 Fplst·
515 3842 552 3862 10,
566 3836 595 3860 62
620 3834 745 3862 Pecuniae
759 3835 878 3870 publicae
894 3842 920 3863 01
935 3836 1040 3863 exactae
1053 3837 1127 3870 sunt,
1146 3843 1173 3864 et
1184 3838 1293 3872 exigun-
1354 3843 1482 3869 quoquea
1496 3833 1688 3868 magistratibus
1699 3835 1877 3870 PopuliRom.
1886 3845 1961 3863 more
1968 3836 2100 3864 maiorum
2114 3836 2196 3863 multa
2204 3838 2302 3864 dicitur
2309 3838 2352 3864 vel
2365 3838 2416 3864 mi·
2455 3851 2462 3853 -

245 3872 303 3899 ΜΓ,
329 3875 394 3901 ‘luae
412 3875 511 3907 ves—effi·
525 3877 556 3893 fle
570 3868 668 3908 otiosae
680 3871 787 3898 iaceant.
840 3872 912 3906 Confi
927 3870 1044 3899 Scaeuol.
1058 3872 1075 3898 l.
1087 3874 1116 3905 63
1129 3871 1152 3910 ᾗ.
1167 3883 1174 3899 1
1187 3873 1248 3907 Dig.
1261 3873 1293 3899 de
1300 3878 1346 3896 100
1355 3871 1426 3897 nima
1452 3871 1523 3902 [ouis
1536 3870 1632 3903 Unius)
1658 3871 1700 3896 vel
1715 3872 1835 3906 suprema
1861 3873 1949 3909 (boum
1962 3873 2093 3909 triginta)
2119 3871 2256 3899 obseruari
2271 3873 2352 3906 solet,
2385 3876 2416 3900 vt

245 3902 320 3928 Vsur.
415 3902 490 3942 siin.
505 3912 532 3928 in
545 3910 623 3930 totius
636 3907 723 3939 operis
737 3908 818 3942 praef.
832 3908 937 3934 Humili
948 3908 1029 3942 vulgo
1043 3908 1136 3942 scripta
1149 3909 1294 3943 sunt‚agri.
1355 3915 1418 3933 oues
1431 3914 1528 3941 genere
1540 3905 1615 3931 virili
1631 3906 1803 3940 appellentur.
1876 3909 1962 3943 Atque
1976 3908 2011 3934 ita
2025 3907 2062 3934 M.
2078 3908 2166 3934 Varro
2180 3909 2262 3935 verba
2274 3908 2337 3936 haec
2351 3908 2417 3943 legi-

248 3938 363 3979 cularum
371 3938 503 3978 ⁴opificum
515 3939 627 3973 turbae,
653 3941 767 3977 denique
785 3943 934 3969 studiorum
946 3943 1047 3970 otiosis.
1084 3945 1107 3970 b.
1121 3955 1142 3970 e.
1160 3946 1257 3980 Qibus
1277 3954 1294 3969 a
1355 3943 1435 3975 tima,
1456 3941 1553 3976 quibus
1566 3942 1678 3968 minima
1691 3944 1772 3970 multa
1785 3943 1936 3977 diceretur,
1957 3943 2092 3977 concepit,
2114 3944 2152 3970 M.
2168 3943 2314 3977 Terentio,
2333 3953 2415 3979 quan-

243 3970 415 4014 ssucms-otium
428 3973 476 4009 eft,
499 3984 539 4008 qut
555 3977 630 4002 nullis
638 3975 729 4011 studiis
740 3986 764 4004 et
785 3978 949 4010 negotiisfint
966 3979 1091 4013 occupati,
1109 3988 1140 4005 vt
1150 3978 1238 4016 poffint
1257 3980 1296 4006 his
1356 3979 1391 4004 do
1406 3978 1499 4004 citatus
1515 3985 1601 4011 neque
1615 3979 1763 4013 respondit,
1801 3989 1889 4015 neque
1903 3979 2036 4006 excusatus
2050 3978 2100 4011 est,
2134 3979 2160 4005 ei
2174 3988 2223 4014 ego
2238 3990 2321 4007 vnum
2334 3988 2415 4006 ouem

248 4009 352 4047 teger-irus
364 4012 500 4052 ¹⁷²¹!{5{¹d⁶'’'5
512 4018 613 4045 operam.
671 4015 680 4038 1
687 4014 715 4038 'el
723 4020 768 4048 pro
780 4012 860 4044 otiosis
873 4013 965 4047 studiis
978 4016 1078 4050 posuit,
1102 4017 1132 4042 id
1149 4016 1184 4052 est
1195 4023 1242 4051 pro
1254 4017 1293 4040 ho·
1355 4014 1463 4041 multam
1479 4012 1548 4039 dico.
1620 4015 1656 4042 Ac
1670 4015 1717 4044 nifi
1734 4025 1768 4044 eo
1782 4025 1880 4051 genere
1892 4015 2025 4045 diceretur
2037 4034 2047 4050 ,
2082 4022 2247 4051 negauerunt
2260 4016 2355 4043 iustam
2374 4014 2414 4041 vi.

249 4042 359 4076 minibus,
371 4052 412 4078 qui
426 4054 452 4070 m
465 4046 633 4081 onostudent,
650 4048 695 4083 qui
708 4049 782 4075 otium
794 4048 935 4075 literarium
943 4049 1097 4085 sequuntur:
1126 4052 1182 4086 fiae
1192 4058 1239 4088 pro
1252 4051 1344 4083 Li.105
1355 4050 1414 4078 deri
1434 4048 1553 4080 multam.

2277 4087 2419 4115 05⁷1*st-

2484 227 2500 292 ,l
