2517 4231
277 202 348 240 539
573 205 576 210 -
698 184 735 224 O
788 183 818 223 B
870 181 911 223 V
1813 176 1851 217 O
1886 175 1935 216 ‘B
1989 175 2028 218 V
2371 189 2448 229 540

319 282 339 303 0
350 280 366 301 Β
378 280 401 301 ν
410 280 430 302 Α
441 271 491 301 GV'
500 281 516 300 1.
525 282 561 306 0,
578 278 632 302 are.
651 274 738 301 Festus
751 273 781 299 in
794 274 904 304 Portus,
924 275 950 296 et
964 268 1106 304 Vagulatio
1115 288 1123 300 ‚
1144 274 1176 293 ex
1188 265 1269 300 Legg.
1278 270 1333 290 ΧΠ.
1393 265 1445 293 ssus
1459 266 1496 294 ait
1512 287 1519 299 ‚
1553 276 1624 294 nime
1638 267 1727 294 Paulle
1739 289 1748 303 ‚
1788 266 1853 294 doce
1868 287 1877 302 ‚
1917 275 1973 294 non
1986 266 2080 295 obuiat
2098 267 2167 294 vllus
2178 267 2224 294 Me
2241 266 2386 294 comitante
2399 265 2450 293 tibi

282 310 373 338 Tabb.
404 310 457 337 Cui
469 310 671 338 Testimonium
683 309 821 343 Defuerit,
843 307 865 333 is
877 305 963 333 tertiis
977 304 1070 331 diebus
1084 303 1121 330 ob
1134 307 1242 337 portum
1256 300 1336 328 obua-
1394 302 1491 328 Arator
1504 303 1532 329 in
1551 304 1608 331 Aet.
1622 305 1669 338 Ap.
1683 313 1705 330 c.
1721 310 1756 336 18,
1771 312 1795 337 9.
1809 313 1845 330 10.

282 347 402 383 gulatum
416 347 465 373 ito.
541 347 618 373 Varia
630 346 664 382 est
675 345 761 377 lenio,
780 345 811 369 de
822 351 871 376 qua
891 342 947 368 vid.
964 340 1070 367 Turneb.
1083 338 1190 374 Aduers.
1205 347 1237 368 13,
1251 339 1290 364 26.
1312 342 1336 360 et
1434 343 1454 363 0
1465 343 1481 363 B
1490 344 1511 364 V
1521 345 1559 380 1·v
1569 346 1582 365 s
1591 360 1599 372 ‚
1630 348 1660 372 a,
1686 349 1742 366 11111.
1779 339 1839 366 Adi.
1875 339 2063 375 [ἁντιβοιτικὸς]
2098 339 2175 376 Qod
2185 338 2266 365 alicui
2277 337 2400 377 occqrrit,
2425 342 2450 362 et

282 392 320 417 19,
334 392 372 416 ¹4·
444 382 562 408 Breuiter
576 390 600 408 et
611 390 669 407 vere
683 380 766 405 Cuiac.
785 378 841 412 Obs.
854 387 877 411 7,
892 385 916 410 13
941 377 1050 404 Portum
1068 374 1157 402 Festus
1173 382 1196 401 et
1217 374 1335 400 Donatus
1395 378 1514 407 tanquam
1528 384 1555 399 m
1568 378 1614 401 via
1625 375 1757 411 expositum
1770 374 1809 411 est.
1904 377 1986 402 Arma
1999 374 2082 402 obuia
2095 376 2166 401 ferre
2175 395 2183 407 ‚
2212 375 2282 409 apud
2292 375 2369 407 Virg.
2382 375 2449 399 Aen.

284 419 394 446 domum
409 418 606 453 interpretantur
619 417 681 442 reae
693 413 915 448 Vagulafionem,
941 411 1122 447 quaestionem
1135 419 1195 437 cum
1210 407 1336 436 conuicio
1360 417 1373 439 5
1395 417 1421 441 9,
1435 410 1474 440 56.
1545 410 1644 438 Sallust.
1659 413 1715 446 lug.
1731 420 1752 438 c.
1767 412 1796 437 26
1809 418 1876 438 extr.
1916 411 2018 437 Deinde
2042 419 2134 438 omnes
2152 409 2281 445 puberes,
2319 408 2451 436 Numidas

282 457 307 481 h.
321 464 342 482 e.
361 454 479 481 conuocio.
537 455 601 479 Puto
612 462 627 477 a
642 458 740 484 vagore
746 448 771 485 s.
783 448 874 484 vagitu
888 448 1085 484 vagulationem
1097 445 1166 480 dici,
1192 446 1282 481 quoties
1302 451 1338 470 te·
1395 448 1475 478 atque
1483 445 1664 483 ‘negotiatores
1679 447 1845 482 promiscue,
1871 446 1910 474 vti
1924 446 2038 481 quisque
2049 452 2162 473 armatus
2175 446 2280 479 fuerat,
2299 444 2397 472 obuius
2411 444 2452 470 in-

275 491 327 526 stes
340 491 467 521 citantur,
484 495 682 524 quaerunturque
693 494 786 518 magna
798 493 856 511 voce
867 491 892 510 et
904 486 984 520 amplo
999 483 1081 510 boatu.
1112 498 1159 503 —-
1194 482 1338 508 Notandum
1396 478 1510 518 terfeclt.
1587 481 1677 509 Obuia
1691 484 1819 510 sentimus
1829 482 1919 510 aranei
1933 482 1977 510 fila
1998 483 2103 509 Lucret.
2117 491 2138 514 3,
2150 487 2200 514 385.
2279 481 2356 516 Signa
2370 479 2452 507 obuia

281 534 362 554 autem
374 525 423 562 est,
461 525 526 560 quod
535 523 629 549 dicitur
640 522 671 546 cle
683 520 768 547 tertiis
781 519 884 549 diebus.
955 521 1022 546 Nam
1041 529 1073 545 ex
1085 528 1110 545 eo
1122 517 1228 554 constat,
1266 523 1337 542 vetus
1397 515 1475 555 signis
1495 515 1594 542 Lucan.
1608 526 1627 552 1,
1640 519 1664 544 6.
1733 520 1811 546 Tute
1825 519 1877 546 tibi
1889 518 1987 546 obuius
1999 517 2083 545 obstas
2103 518 2206 544 Lucret.
2222 526 2251 551 4,
2264 527 2325 550 1144.
2395 514 2450 542 Ob-

281 562 375 589 hocius
387 560 447 595 effe,
473 565 503 585 vt
519 566 564 593 per
576 557 685 582 triduum
699 555 846 583 testimonii
858 555 1027 582 denuntiatio
1036 556 1095 591 fiat.
1167 552 1337 587 Obuagulare
1397 560 1457 577 vius
1471 556 1497 577 et
1512 550 1640 586 expositus
1651 552 1751 585 homo,
1774 556 1829 593 ΩΨ·
1840 565 1920 582 omnes
1932 554 2061 588 admittit,
2079 561 2124 579 nec
2132 552 2161 588 se
2173 553 2298 584 difficdem
2310 552 2412 588 praebet
2424 551 2452 576 sn

281 607 339 634 ergo
349 593 614 632 secandumCuiacium
625 598 648 618 et
660 591 763 618 Festum
770 594 829 618 adeo
842 591 1064 627 esttestimonium
1071 589 1182 627 sollemni
1189 587 1338 615 caerimonia
1353 594 1382 613 10
1396 586 1527 621 colloquiis.
1607 587 1674 614 Plin.
1688 589 1765 622 Epist,
1776 601 1792 625 1,
1807 601 1835 617 10
1855 591 1896 618 Est
1908 591 1980 617 enim
1993 589 2093 617 obuius
2109 595 2135 616 et
2147 588 2286 623 expositus,
2305 587 2452 624 plenusque

281 633 432 661 denuntiare
445 628 578 655 nolentibus
591 635 614 653 et
627 628 697 653 intra
709 629 804 654 domum
810 627 884 664 suam
897 627 1103 663 delitescentibus.
1395 622 1569 649 humanitate.
1641 622 1746 650 Obuius
1759 626 1809 653 tibi
1823 627 1894 661 sum,
1913 626 2018 654 Obuius
2032 625 2083 653 tibi
2097 624 2149 657 fio,
2175 632 2200 650 et
2213 624 2333 651 Obuium
2346 632 2390 650 me
2403 622 2456 649 tibi

320 675 341 696 0
353 674 370 695 B
384 674 404 693 v
416 673 438 693 A
450 672 465 690 L
477 669 493 689 L
505 670 525 691 o
534 684 543 697 ,
567 667 621 691 are.
658 662 858 698 [πιριχαρακόω]
895 662 1098 689 Circumuallare.
1152 660 1240 689 Festus
1249 681 1257 693 ,
1293 658 1336 686 Ob
1395 658 1481 689 Fero,
1501 659 1613 685 dicimus.
1686 659 1791 687 Obuius
1803 662 1846 689 Fit
1859 663 1911 690 illis
1924 662 2053 690 Romulus
2073 660 2132 688 Liu.
2148 669 2168 695 1,
2183 670 2219 687 10.
2299 659 2355 694 (ξι-11
2369 659 2394 686 ei
2406 658 2456 685 ob-

281 705 391 739 ponitur
404 709 453 735 pro
466 699 583 730 circum,
624 705 652 726 vt
670 708 730 726 cum
750 699 862 726 dicimus
876 699 977 726 Vrbem
991 697 1131 725 obuallari.
1229 697 1285 723 Cic.
1305 695 1337 722 de
1396 694 1457 721 vius
1471 695 1585 721 Futurus
1598 703 1653 722 non
1665 700 1722 722 erat
1749 696 1805 723 Cic.
1819 706 1869 731 pro
1884 699 1944 726 Mil.
1955 709 1977 726 c.
1993 703 2028 729 18.
2117 695 2240 723 Obuium
2254 696 2279 722 se
2292 695 2353 722 dare
2372 694 2454 722 alicui

279 742 350 772 Lege
363 738 423 771 Agr.
439 744 460 768 2,
473 744 486 768 3
499 745 521 762 c.
536 745 542 762 1
572 736 617 762 Μο
630 735 712 770 longo
732 735 875 762 interuallo
888 744 972 770 prope
987 735 1118 761 memoria
1131 740 1337 768 temporumque
1396 730 1458 758 Liu.
1471 739 1489 763 1,
1504 732 1539 757 16.
1632 730 1689 758 Cic.
1705 740 1755 766 pro
1769 732 1873 760 Caecin.
1886 737 1918 766 76
1949 735 1995 762 Sin
2009 740 2096 761 autem
2109 732 2272 767 ingredienti
2284 741 2343 758 cum
2355 735 2456 758 armata

279 768 431 802 nostrorum
445 771 562 806 primum
574 780 677 798 nouum
691 771 830 798 hominem
843 771 986 798 Consulem
1001 770 1115 806 fecistis,
1136 776 1161 796 et
1174 778 1235 797 eum
1249 769 1338 794 locum
1355 774 1379 797 ις
1397 766 1569 793 multitudine
1580 766 1677 793 obuius
1690 766 1784 794 fueris.
1860 769 1920 798 Sall.
1933 773 1990 806 Iug.
2004 772 2044 807 46,
2059 777 2072 803 ς
2098 770 2135 796 Ex
2149 767 2256 803 oppidis
2269 773 2295 794 et
2307 765 2454 802 mapalibus

278 818 358 845 quem
371 807 496 835 nobilitas
512 806 648 842 praesidiis
662 808 807 841 firmatum,
826 813 904 843 atque
917 807 993 834 omni
1008 806 1112 834 ratione
1124 805 1288 833 obuailatum
1299 811 1337 831 te·
1396 803 1526 838 praefeffi
1541 803 1611 843 regis
1625 802 1702 829 obuii
1714 803 1902 839 procedebant.
1972 808 2061 840 Qiem
2075 804 2187 832 obuium
2202 803 2337 831 l-labuiss'et
2362 802 2455 830 lustin.

275 844 369 878 nebat,
389 853 431 870 me
448 843 514 870 duce*
528 843 677 870 rescidistis.
1398 848 1419 871 1,
1433 841 1458 871 6,
1473 848 1491 865 1.
1563 840 1619 865 Cic.
1628 840 1714 870 Att.6,
1726 842 1743 866 6
1756 840 1800 874 (4)
1821 840 1870 867 Tu
1883 846 1971 868 autem
1985 843 2036 875 sac,
2048 847 2076 868 vt
2090 840 2159 868 mihi
2173 847 2232 867 tuae
2245 839 2350 866 Literae
2363 838 2456 865 volent

313 887 334 908 Ο
346 886 363 908 Β
376 886 398 907 ν
408 886 456 906 AR
465 887 476 908 1
485 879 503 906 (ξ
513 885 537 906 A
548 885 571 906 'r
582 886 629 907 ΟΒ
640 886 658 906 Ε
670 886 683 905 S
692 899 700 912 ‚
743 878 904 905 dicebantur
925 877 986 911 Illi,
1017 878 1065 911 qui
1085 877 1202 914 cuipiam
1215 885 1338 903 occurre·
1398 874 1505 901 obuiae.
1579 875 1681 902 Obuias
1696 875 1776 902 alicui
1790 875 1880 902 literas
1893 877 2000 903 Mittere
2019 878 2093 904 Idem
2106 876 2144 904 ib.
2157 879 2182 907 6,
2196 886 2217 908 5.
2296 875 2374 910 Virg.
2388 874 2455 900 Aen.

275 916 355 950 bant,
393 924 447 951 quo
459 915 548 942 minus
563 915 669 942 reetum
680 914 733 941 iter
744 914 901 948 conficeret,
937 913 1020 948 inquit
1035 913 1134 940 Festus.
1190 911 1341 947 Obuarico,
1397 919 1420 942 3,
1431 919 1484 944 499
1506 911 1591 937 Vrbem
1603 918 1671 947 optat
1684 915 1783 938 Aeneas
1795 913 1999 948 Andromachae,
2018 914 2094 947 Qtae
2112 913 2142 940 sit
2161 913 2250 939 minus
2262 911 2344 938 obuia
2358 909 2460 937 Graiis.

274 962 336 983 are3
372 961 449 983 vero,
468 951 505 979 est
518 952 657 984 occurro,
678 950 772 982 obsto,
791 949 847 986 teste
861 952 950 976 eodem.
1348 954 1381 973 20
1397 945 1416 972 i.
1437 947 1464 971 in
1483 955 1556 981 quam
1568 956 1617 972 non
1631 947 1671 974 ita
1678 947 1770 982 facilis
1782 949 1858 974 detur
1871 947 1920 974 illis
1932 948 2057 983 incursum
2099 949 2223 976 Seruius:
2255 949 2332 982 Quae
2351 945 2458 973 nullum
2503 971 2505 974 ,

314 989 444 1016 ΟΒνᾸῐ(
456 993 476 1015 ο
486 1008 495 1021 ,
530 992 584 1013 are.
625 987 778 1022 [δωςρέφω]
817 986 988 1018 peruenere,
1006 985 1164 1020 deprauare:
1201 983 1303 1010 di&um
1324 992 1340 1010 a
1398 981 1512 1017 patiatur
1525 982 1668 1010 excidium.
1757 983 1843 1010 Obuii
1858 993 1872 1011 e
1886 983 1994 1011 diuerso
2027 984 2093 1010 Plin.
2108 990 2133 1017 8,
2146 993 2189 1018 50.
2280 983 2458 1011 Nominatiuus

276 1025 364 1052 Varis.
402 1024 501 1051 Ennius
514 1022 618 1050 Achille
627 1043 635 1056 ,
655 1023 727 1050 Nam
739 1021 856 1049 consiliis
869 1021 1017 1055 obuarant,
1038 1020 1135 1056 quibus
1149 1026 1203 1048 tam
1215 1019 1339 1047 concedit
1395 1018 1502 1054 ptzfitus,
1522 1025 1552 1043 vt
1567 1021 1685 1055 videtur,
1702 1026 1750 1054 pro
1762 1019 1909 1055 Accusatiuo
1921 1022 1988 1055 apud
1998 1019 2146 1054 Virgilium
2159 1023 2223 1046 Aen.
2237 1029 2257 1053 1,
2271 1026 2309 1052 318
2333 1018 2387 1047 Cui
2404 1024 2459 1044 ma-

274 1060 319 1089 hic
332 1060 402 1087 ordo
422 1059 529 1087 Nonius
545 1068 568 1091 2,
581 1061 640 1085 606.
1397 1059 1438 1080 ter
1451 1053 1538 1080 media
1550 1055 1601 1081 sese
1615 1054 1676 1081 tulit
1689 1055 1770 1082 obuia
1783 1055 1856 1083 silua.
1928 1057 1979 1082 Pro
1992 1064 2018 1081 eo
2032 1057 2099 1091 quod
2108 1054 2157 1090 est,
2198 1056 2269 1081 Tulit
2284 1055 2337 1091 sese
2353 1053 2458 1081 obuiam.

312 1103 387 1124 οΒν
397 1102 414 1123 C
425 1101 445 1122 v
460 1102 477 1122 L
487 1103 510 1123 Α
520 1116 528 1129 ,
547 1104 587 1121 ae.
614 1094 634 1121 f.
671 1092 809 1134 Oppidum
822 1093 959 1120 vlterioris
971 1092 1132 1130 Hispaniae,
1158 1093 1188 1119 in
1200 1097 1337 1119 conuentu
1397 1090 1484 1116 Simile
1498 1089 1531 1125 cst
1550 1089 1604 1131 illi,
1642 1092 1706 1118 Aen.
1719 1096 1744 1124 8,
1762 1093 1809 1124 465
1847 1091 1905 1119 Nec
1925 1091 2014 1119 minus
2027 1093 2127 1119 Aeneas
2148 1091 2174 1117 se
2193 1091 2336 1118 matutinus
2355 1088 2460 1125 agebat.

272 1132 438 1167 Astigitano,
459 1131 533 1158 cuius
546 1129 669 1158 meminit
688 1130 755 1157 Plnn.
768 1139 790 1163 3,
805 1138 824 1156 1.
1351 1133 1380 1156 25
1396 1125 1496 1153 Turba
1508 1125 1591 1152 obuia
1604 1125 1641 1153 mi
1655 1133 1765 1154 venerat
1784 1129 1904 1162 Propert.
1917 1136 1940 1161 2,
1954 1136 1995 1161 29,
2005 1136 2026 1160 3.

313 1174 334 1196 o
344 1175 390 1195 BV
399 1166 446 1195 ἑΝ
457 1174 466 1194 1
477 1175 497 1195 0
506 1188 515 1201 ‚
535 1167 597 1194 veni
606 1187 614 1199 ‚
638 1171 747 1193 ventum
757 1187 765 1200 ,
785 1168 835 1192 ire.
873 1166 994 1200 [ava-ean,
1012 1167 1135 1199 ἁντιάζω]
1172 1165 1278 1191 Obuiam
1294 1164 1339 1189 vel
1417 1197 1423 1202 ο
1434 1169 1453 1189 0
1462 1168 1478 1188 Β
1488 1169 1508 1189 ν
1519 1169 1529 1188 1
1538 1168 1562 1189 A
1572 1170 1607 1189 M.
1645 1162 1714 1190 Adu.
1753 1164 1823 1192 Ter.
1838 1164 1946 1190 Phorm.
1960 1173 1980 1198 1,
1993 1173 2016 1197 2,
2030 1172 2043 1190 2
2064 1164 2097 1190 At
2111 1172 2162 1197 ego
2174 1161 2287 1190 obuiam
2299 1161 2414 1189 conabar
2426 1160 2461 1188 ti-

273 1212 360 1232 contra
372 1203 460 1230 venire
474 1211 497 1230 et
505 1203 648 1238 generan'm
661 1202 804 1237 obtingere,
831 1202 981 1236 contingere.
1061 1201 1143 1228 Plaut.
1158 1200 1226 1227 Asin.
1239 1208 1264 1232 2,
1277 1209 1298 1233 2,
1312 1206 1336 1232 ις
1396 1197 1426 1225 bt
1440 1199 1523 1225 Daue.
1621 1199 1752 1226 Accedere
1766 1199 1875 1227 obuiam
1885 1220 1893 1233 ‚
1913 1201 1968 1227 vid.
1981 1205 2003 1225 A
2012 1205 2030 1226 c
2042 1205 2059 1226 C
2072 1206 2088 1225 E
2099 1206 2118 1225 D
2128 1206 2158 1227 o.
2250 1199 2311 1226 Liu.
2324 1207 2349 1231 5,
2362 1206 2387 1230 23
2408 1195 2460 1223 Ad-

273 1240 323 1267 Sed
345 1239 363 1266 ss
383 1247 486 1267 mecum
506 1238 661 1274 opprimere
682 1237 846 1264 occasionem
864 1237 950 1270 hanc,
987 1245 1054 1272 quae
1074 1236 1187 1264 obueuit
1200 1257 1208 1270 ‚
1245 1236 1336 1262 ssudet.
1395 1240 1490 1260 ventus
1511 1242 1619 1269 quoque
1634 1235 1781 1262 Dietatoris
1802 1235 1928 1263 omnibus
1948 1235 2091 1262 ordinibus
2108 1234 2218 1261 obuiam
2234 1234 2325 1261 Effusis
2346 1232 2461 1260 celebra-

273 1277 332 1304 Cic.
342 1277 395 1303 Att.
409 1284 434 1309 2,
451 1283 475 1302 12
495 1275 545 1302 Sed
558 1283 601 1301 eas
613 1283 686 1301 eram
700 1273 819 1306 daturus,
839 1280 867 1300 vt
882 1279 1000 1308 putaram
1015 1273 1145 1307 postridie
1158 1272 1194 1307 ei,
1208 1272 1254 1308 qui
1267 1271 1336 1298 mihi
1396 1270 1463 1303 tior,
1485 1278 1565 1304 quam
1578 1270 1657 1297 vllius
1673 1280 1788 1306 vnquam
1802 1278 1878 1300 antea
1897 1272 1958 1299 fuit.
2032 1272 2112 1298 Ferre
2125 1272 2150 1297 se
2163 1270 2274 1297 obuiam
2289 1269 2370 1296 alicui
2401 1269 2459 1296 cic.

273 1313 376 1348 primus
388 1311 544 1339 obuenisset.
653 1310 727 1336 Idem
739 1317 789 1343 pro
808 1309 913 1335 Cluent.
930 1311 973 1335 166
1013 1310 1072 1336 l-loc
1085 1309 1121 1336 est
1135 1310 1174 1343 Q
1184 1308 1337 1336 Voconium
1350 1316 1381 1339 30
1397 1314 1447 1341 pro
1461 1306 1546 1332 Planc-
1561 1315 1583 1333 c.
1597 1316 1642 1338 40.
1750 1309 1824 1336 Idem
1839 1317 1888 1344 pro
1903 1309 2024 1335 Muraen.
2037 1310 2069 1340 67
2083 1316 2105 1333 c.
2119 1316 2144 1339 32
2165 1307 2191 1333 Si
2206 1305 2326 1332 mercede
2340 1314 2419 1333 cortu
2439 1305 2462 1331 ti

273 1357 334 1375 cum
348 1348 382 1374 iis
397 1347 547 1380 iudicibus,
573 1345 619 1381 qui
633 1346 658 1372 ei
674 1345 837 1372 obuenerint
857 1348 923 1377 (vos
937 1345 1050 1379 appellat
1063 1345 1184 1377 Iudices)
1209 1353 1337 1379 quaerere
1397 1341 1507 1368 obuiam
1522 1341 1666 1368 candidatis
1680 1343 1766 1371 Issent.
1837 1344 1956 1371 Obuiam
1969 1345 2012 1371 Ire
2026 1342 2153 1378 periculis
2174 1342 2274 1369 Sallust.
2289 1342 2318 1368 in
2331 1343 2424 1377 Iugurt
2445 1350 2461 1367 a
2505 1346 2511 1350 “

272 1385 306 1411 de
322 1392 435 1411 veneno.
509 1383 585 1410 Sorte
596 1381 734 1417 prouincia
749 1380 841 1407 Sicilia
855 1380 935 1406 Verri
953 1380 1066 1407 obuenit
1088 1380 1162 1408 Idem
1176 1381 1255 1408 Verr.
1268 1390 1296 1413 2,
1310 1387 1336 1414 17
1398 1387 1420 1405 c.
1435 1385 1461 1411 7.
1554 1377 1724 1405 Pseudo-Cic.
1738 1385 1825 1415 anteq.
1848 1383 1901 1408 iret
1922 1380 1950 1407 in
1969 1380 2038 1407 Exil.
2053 1389 2072 1406 11
2088 1389 2110 1406 c.
2122 1388 2141 1412 4
2162 1379 2323 1413 Frequentes
2336 1377 2461 1413 profctS'to
2504 1375 2508 1380 ⁴

272 1429 295 1448 c.
311 1424 335 1447 6.
408 1419 481 1446 Idem
497 1419 612 1453 Philipp.
627 1427 648 1450 2,
664 1427 691 1449 24
717 1416 747 1444 Id
766 1416 851 1451 igitur
868 1415 982 1442 obuenit
1002 1416 1117 1449 vitium,
1143 1417 1216 1451 quod
1236 1423 1264 1443 tu
1283 1417 1337 1443 iam
1397 1413 1495 1441 talibus
1510 1413 1649 1440 conatibus
1665 1413 1776 1441 obuiam
1789 1417 1832 1443 Ire
1845 1416 2003 1443 niteremur.
2095 1415 2136 1441 Sic
2150 1416 2229 1442 Verr.
2243 1424 2262 1447 1,
2275 1420 2307 1449 78
2320 1424 2343 1441 c.
2355 1422 2385 1447 4¹
2405 1412 2462 1446 Ob.

270 1455 382 1483 Calend.
395 1456 450 1481 Ian.
463 1454 584 1481 futurum
598 1454 645 1480 effe
659 1451 836 1488 praeuideras.
909 1451 1030 1478 Obuenit
1037 1451 1137 1478 occasio
1157 1453 1232 1479 Curt.
1242 1455 1337 1486 8‚6pr.
1397 1450 1471 1476 viam
1485 1450 1528 1477 Ire
1543 1449 1742 1484 cupiditatibus.
1820 1452 1873 1478 Itio
1888 1451 1999 1478 obuiam
2020 1451 2078 1478 Cic.
2093 1452 2147 1478 Att.
2163 1460 2193 1484 11,
2209 1453 2243 1477 16.
2321 1450 2395 1478 Idem
2411 1457 2462 1484 pro

271 1492 361 1518 Varro
375 1490 407 1517 de
420 1492 451 1517 R.
459 1491 490 1517 R.
501 1500 518 1524 1,
529 1500 551 1517 12
573 1489 646 1524 Qud
659 1495 755 1523 potero
769 1488 871 1518 facere,
891 1486 908 1513 si
921 1487 995 1513 istius
1008 1487 1083 1514 modi
1098 1487 1166 1514 mihi
1180 1487 1278 1514 fundus
1293 1487 1338 1513 he·
1353 1493 1380 1516 35
1397 1486 1494 1512 Milon.
1516 1490 1544 1516 28
1565 1495 1587 1512 c.
1603 1494 1630 1512 10
1670 1485 1787 1513 Obuiam
1801 1487 1844 1514 Fit
1858 1487 1883 1513 ei
1898 1487 2009 1514 Clodius
2022 1486 2158 1522 expeditus
2173 1487 2202 1514 in
2216 1495 2296 1520 equo,
2386 1485 2463 1513 Idem

271 1526 382 1554 reditate
397 1526 557 1553 obueniret3
641 1523 782 1551 Hereditas
798 1525 823 1550 ci
837 1523 950 1550 obuenit
982 1524 1086 1550 Aut-’tor
1098 1523 1131 1551 ad
1144 1525 1244 1550 Heren.
1258 1533 1282 1558 4,
1295 1532 1338 1550 20.
1397 1522 1451 1547 Att.
1467 1530 1501 1553 12,
1513 1530 1526 1553 ς
1547 1522 1600 1555 Ego
1614 1521 1675 1549 Misi
1689 1522 1828 1549 Tironem
1842 1523 1997 1551 Dolabellae
2009 1523 2127 1550 obuiam.
2222 1523 2316 1550 Nerua
2328 1522 2357 1548 in
2370 1520 2462 1549 edieto
2502 1545 2508 1548 .

308 1570 328 1590 o
338 1569 384 1589 BV
394 1568 411 1589 Ε
421 1569 444 1588 N
456 1569 463 1587 1
474 1568 491 1588 E
502 1568 525 1588 Ν
536 1567 576 1588 'ri
586 1567 625 1593 A,
645 1569 685 1587 ae.
712 1560 731 1586 f.
769 1559 890 1586 Tertull.
904 1559 1006 1587 aduers.
1022 1560 1126 1587 Valent.
1141 1569 1163 1587 c.
1177 1568 1208 1594 29
1233 1561 1272 1587 De
1290 1559 1338 1586 ob·
1396 1556 1465 1591 apud
1481 1556 1548 1585 Plin.
1563 1557 1642 1592 Epist.
1657 1567 1694 1591 10,
1714 1560 1759 1592 66,
1779 1563 1794 1589 8
1825 1558 2006 1586 Necessarium
2024 1559 2125 1586 credidi
2147 1559 2257 1586 obuiam
2279 1557 2463 1585 dubitantibus

269 1598 405 1627 venientia
419 1596 597 1632 superducunt
610 1597 663 1623 iam
677 1605 733 1622 non
746 1603 868 1622 naturam
877 1616 885 1629 ,
903 1603 948 1622 etc.
1397 1592 1591 1627 indulgentiam
1606 1602 1694 1621 meam
1707 1595 1826 1622 Mittere.
1899 1594 2030 1623 Obsistere
2044 1595 2154 1622 obuiam
2168 1595 2249 1622 alicui
2267 1594 2350 1621 Plaut.
2365 1592 2464 1628 Amph.

305 1643 325 1662 ο
337 1641 353 1662 Β
364 1642 384 1662 v
396 1639 414 1660 Β
426 1641 448 1661 Ν
462 1640 485 1661 'r
498 1639 520 1660 v
531 1640 562 1667 s,
596 1630 636 1660 sis.
673 1641 708 1659 m.
745 1632 820 1660 Idem
832 1631 864 1658 de
878 1631 968 1659 Anim.
989 1641 1011 1660 c.
1028 1641 1052 1665 41
1090 1632 1128 1659 Ex
1145 1631 1266 1659 obuentu
1286 1630 1336 1666 spi·
1397 1638 1421 1662 3,
1436 1639 1460 1664 4,
1474 1637 1496 1655 2.
1589 1629 1645 1656 Cic.
1661 1631 1740 1658 Verr.
1753 1640 1776 1663 2,
1790 1633 1821 1662 65
1841 1631 1982 1658 Heraclius
1994 1631 2042 1658 ille
2056 1637 2082 1658 et
2096 1631 2229 1666 Epicrates
2243 1631 2322 1665 longe
2334 1629 2404 1656 mihi
2416 1628 2464 1656 ob-

268 1672 336 1699 ritus
355 1679 479 1704 nequam.
1347 1671 1382 1695 40
1397 1665 1611 1705 vianscumsuis
1627 1665 1754 1693 omnibus
1768 1667 1958 1694 Processerunt.
2031 1667 2106 1695 Idem
2118 1675 2168 1702 pro
2181 1668 2305 1695 Muraen.
2319 1668 2350 1697 68
2363 1672 2463 1701 c.33pr.
2482 1682 2491 1687 .

306 1714 326 1734 0
336 1711 353 1732 Β
363 1713 384 1732 ν
394 1713 409 1731 Ε
420 1712 443 1732 N
458 1712 481 1732 Τ
493 1712 503 1731 1
512 1711 529 1731 c
538 1710 548 1730 1
557 1710 578 1729 ν
588 1710 601 1729 s
614 1723 622 1736 ‚
641 1711 667 1739 a,
689 1711 745 1730 um.
781 1703 841 1730 Adi.
872 1704 946 1730 Forte
966 1704 1103 1731 obueniens.
1140 1702 1215 1731 Idem
1233 1703 1335 1731 aduers.
1396 1701 1478 1727 Multi
1492 1700 1601 1727 obuiam
1616 1702 1777 1730 Prodierunt
1789 1703 1822 1731 de
1836 1703 1977 1738 prouincia
1992 1703 2138 1731 decedenti.
2223 1703 2368 1738 Properate
2382 1700 2465 1729 alicui
2505 1707 2507 1709 ·

269 1742 353 1770 Marc·
368 1751 390 1776 2,
403 1750 414 1773 3
435 1739 595 1767 Obuenticia
609 1739 688 1766 bona·
1396 1736 1471 1763 Idem
1483 1736 1555 1763 Fam·
1570 1746 1607 1770 ¹4,
1621 1746 1643 1768 5.
1716 1740 1809 1772 Qum
1825 1739 1854 1766 in
1869 1740 1995 1767 Cumano
2007 1740 2078 1767 mihi
2089 1739 2201 1767 obuiam
2214 1738 2317 1766 Venisti
2337 1738 2411 1766 Idem
2425 1736 2463 1764 ib.
2506 1738 2509 1739 ⁷

309 1784 329 1805 o
338 1783 354 1804 Β
364 1783 408 1803 νε
421 1782 444 1803 Ν
457 1782 480 1803 Τ
492 1783 502 1801 1
511 1782 530 1802 o
539 1796 547 1808 ,
575 1775 644 1801 onis.
682 1774 702 1801 f.
739 1774 885 1808 [πορισμες]
923 1775 964 1800 Sic
977 1782 1101 1800 vocantur
1113 1774 1166 1810 ipsa
1176 1775 1248 1808 bona,
1274 1783 1336 1809 quae
1396 1779 1423 1803 2,
1438 1774 1473 1798 16.
1547 1772 1620 1798 Idem
1636 1773 1689 1799 Att.
1703 1781 1728 1799 2.
1742 1783 1750 1800 1
1775 1775 1901 1800 Calendis
1914 1776 1988 1801 Iunii
2002 1776 2078 1802 eunti
2092 1775 2162 1801 mihi
2175 1775 2302 1808 Antium,
2328 1780 2354 1801 et
2365 1773 2463 1810 gladia-

269 1813 409 1840 obuem'unt.
479 1811 586 1845 leian.
599 1810 628 1836 in
641 1810 659 1836 1.
674 1810 761 1843 Magis
773 1816 848 1844 puto.
869 1810 892 1847 §.
908 1809 934 1836 Si
949 1810 1074 1845 pupillus.
1095 1811 1128 1837 D.
1141 1809 1174 1836 de
1188 1809 1276 1836 Rebus
1292 1819 1336 1837 eo-
1397 1814 1468 1835 tores
1484 1807 1522 1834 Μ.
1535 1808 1637 1834 Metelli
1651 1808 1746 1843 cupide
1757 1809 1940 1842 relinquenti,
1959 1811 2041 1836 Venit
2052 1810 2163 1836 obuiam
2179 1816 2240 1837 tuns
2251 1816 2335 1846 pater.
2408 1808 2465 1838 Ob·
2478 1834 2487 1839 -

270 1858 342 1882 rum,
357 1848 405 1884 qui
416 1847 463 1875 sub
478 1846 558 1874 tutela
571 1851 597 1873 et
610 1854 673 1872 cura
686 1845 760 1877 sunt,
779 1845 819 1871 An
835 1845 973 1880 pecuniam
989 1846 1104 1880 pupillus
1118 1846 1229 1879 habeat,
1250 1846 1292 1872 vel
1307 1846 1335 1872 in
1349 1854 1380 1878 45
1396 1844 1470 1871 viam
1483 1843 1548 1876 ess'e,
1564 1850 1611 1879 pro
1623 1846 1653 1870 In
1664 1851 1785 1880 promptu.
1820 1845 1902 1871 Plaut.
1917 1845 1994 1880 Capt.
2007 1853 2029 1879 3,
2044 1854 2066 1879 3,
2082 1847 2097 1871 6
2124 1845 2181 1871 Nec
2202 1845 2397 1880 sycophantiis,
2415 1854 2465 1872 nec

270 1891 427 1917 numerato,
447 1882 490 1910 vel
504 1883 532 1909 111
547 1880 715 1913 nominibus,
735 1889 802 1916 quae
815 1881 958 1908 conueniri
973 1882 1081 1916 pollint,
1103 1882 1146 1909 vel
1159 1882 1188 1908 in
1201 1881 1336 1908 fruftibus
1395 1879 1464 1906 fucis
1478 1878 1562 1905 vllum
1578 1879 1733 1907 mantellum
1746 1879 1857 1908 obuiam
1875 1881 1920 1908 est.
2012 1880 2085 1908 Idem
2101 1881 2189 1908 Aulul.
2202 1890 2226 1913 2,
2240 1888 2264 1915 ς,
2279 1890 2306 1914 19
2341 1881 2423 1916 Quod
2436 1887 2463 1908 te

269 1920 402 1953 conditis,
428 1920 470 1946 vel
485 1918 565 1945 ctiam
579 1917 608 1943 in
621 1917 756 1944 redituum
770 1917 813 1951 spe
827 1922 906 1952 atque
919 1917 1126 1945 obuentionurn.
1217 1917 1291 1945 Idem
1307 1918 1335 1944 in
1394 1916 1450 1942 scio
1464 1914 1542 1942 facile
1557 1914 1688 1942 abstinere
1703 1917 1791 1952 posse,
1822 1916 1840 1944 si
1863 1916 1934 1945 1111111
1953 1916 2064 1944 obuiam
2078 1917 2123 1944 est.
2161 1917 2180 1944 i.
2201 1917 2230 1943 Si
2248 1918 2317 1943 nihil
2327 1917 2464 1953 offenderis

269 1957 288 1984 l.
310 1966 328 1983 1.
354 1954 376 1991 §.
396 1954 586 1982 Exercitorem.
614 1954 647 1980 D.
669 1953 701 1979 de
715 1953 878 1979 Exercitoria
897 1953 1022 1987 afflone,
1043 1953 1226 1980 Exercitorem
1246 1960 1335 1981 autem
1394 1952 1498 1978 obuium.
1591 1951 1727 1985 Obuiam,
1745 1959 1792 1988 pro
1806 1955 1908 1979 Contra.
1952 1953 2010 1981 Cic.
2025 1954 2120 1988 Att.4‚
2136 1955 2162 1980 16
2182 1953 2256 1980 Huic
2269 1952 2381 1979 obuiam
2393 1953 2462 1980 Cato
2484 1967 2489 1977 ·

268 2001 330 2019 eum
345 1992 468 2022 dicimus,
488 1989 521 2015 ad
533 1997 612 2022 quem
627 1988 806 2014 obuentiones
820 1994 846 2013 et
859 1989 960 2015 reditus
973 1998 1066 2015 omnes
1080 1991 1250 2023 perueniunt.
1263 1991 1334 2016 AM.
1395 1993 1421 2014 et
1436 1987 1565 2014 Seruilius
1579 1988 1689 2015 Praetor
1702 1994 1800 2024 aperte.

268 2027 286 2054 l.
300 2036 313 2059 7
323 2025 347 2063 §.
361 2035 369 2052 1
390 2027 421 2051 D.
435 2025 466 2051 de
480 2024 563 2064 usust.
576 2029 602 2048 et
616 2022 767 2056 quemadm.
779 2022 873 2048 vsusfr.
887 2023 939 2056 leg.
977 2025 1006 2049 it.
1022 2024 1038 2049 l.
1053 2033 1080 2054 34
1099 2025 1132 2050 D.
1148 2024 1180 2049 de
1192 2025 1262 2050 vsur.
1347 2033 1380 2054 50
1431 2029 1476 2048 OB
1486 2021 1554 2049 νιὸ
1564 2029 1581 2048 1.
1593 2030 1630 2055 ο,
1649 2028 1703 2050 are.
1741 2025 1850 2053 Gruter.
1861 2025 1983 2062 Inscript.
1996 2035 2022 2061 p.
2036 2027 2087 2061 996
2099 2035 2126 2052 n.
2140 2034 2162 2058 13
2179 2025 2236 2052 NE
2254 2023 2342 2050 MEA
2362 2020 2467 2057 OSSA',

306 2068 326 2089 O
337 2068 353 2089 Β
366 2067 388 2088 V
401 2067 417 2087 E
427 2068 446 2088 R
456 2066 471 2087 Β
482 2067 498 2086 E
510 2065 528 2085 R
539 2065 559 2085 Ο
568 2078 577 2091 ,
609 2062 663 2083 are.
699 2056 776 2091 Apul.
796 2057 861 2082 Met.
880 2063 898 2091 7
917 2067 941 2091 p.
959 2064 1003 2089 ¹98
1028 2058 1127 2083 Baculo
1146 2057 1335 2083 obuerberans.
1392 2057 1417 2081 O
1426 2056 1445 2081 B
1454 2057 1530 2082 VIO
1539 2057 1617 2082 LES.
2445 2067 2448 2070 ·

268 2097 364 2127 Fet-ula
377 2103 448 2124 nates
464 2096 522 2123 eius
535 2094 608 2130 pueri
621 2091 804 2119 obuerberans
822 2091 897 2119 Idem
911 2101 928 2124 9
940 2101 965 2127 p.
982 2101 1037 2125 230.
1432 2096 1452 2116 0
1464 2095 1481 2116 Β
1493 2096 1514 2115 ν
1523 2097 1540 2115 1.
1550 2096 1573 2116 Τ
1587 2096 1606 2116 R
1616 2097 1636 2117 o
1645 2097 1669 2116 N
1679 2097 1698 2118 Ε
1708 2097 1730 2118 ν
1739 2098 1752 2118 s
1761 2112 1771 2128 ,
1791 2100 1823 2127 a,
1843 2101 1899 2121 um.
1937 2095 2000 2121 Adi.
2037 2098 2105 2122 Idem
2127 2097 2194 2131 quod
2212 2096 2358 2128 VBroneus,
2382 2095 2453 2122 ablul-

306 2141 327 2162 0
337 2139 354 2160 B
367 2139 387 2160 v
400 2139 417 2160 Ε
427 2139 447 2160 R
457 2138 480 2160 Τ
490 2137 528 2165 0,
547 2129 586 2165 ti,
605 2130 672 2162 sum,
693 2130 747 2156 ere.
786 2127 954 2162 [ἂντιςςέφω]
993 2130 1090 2154 Contra
1103 2134 1213 2154 vertere.
1250 2127 1333 2154 plaut.
1394 2136 1477 2160 ςετος,
1515 2125 1595 2152 Gloss'.
1616 2126 1678 2154 Vet.
2407 2127 2410 2133 ¹
2440 2154 2442 2156 ,

268 2169 359 2198 Pseud.
373 2179 397 2203 4,
411 2178 432 2203 3,
446 2177 459 2200 ς
494 2167 538 2194 Ne
556 2166 584 2192 in
603 2174 633 2192 re
646 2163 758 2192 secunda
771 2173 841 2191 nunc
853 2164 922 2191 mihi
933 2164 1058 2191 obuertat
1071 2171 1180 2190 cornua.
1276 2164 1334 2190 Cic.
1433 2169 1452 2189 ο
1463 2167 1479 2188 Β
1489 2167 1509 2188 ν
1521 2168 1546 2189 Μ
1556 2168 1572 2188 Β
1582 2168 1601 2188 R
1613 2168 1634 2189 0
1644 2180 1652 2194 ,
1677 2166 1732 2191 are.
1775 2164 1947 2200 [ἐπισκιάζει]
2002 2165 2100 2192 Vmbris
2112 2166 2224 2201 vnquue
2237 2164 2364 2201 obscurare
2387 2164 2461 2198 Virg-

268 2207 355 2234 Tusc.
371 2215 392 2239 3,
405 2214 435 2238 39
453 2213 475 2232 c.
489 2210 514 2234 ¹8
535 2202 622 2235 Qiem
637 2200 802 2236 spectabant,
827 2200 901 2227 cuius
915 2200 951 2227 ob
964 2210 994 2227 os
1009 2199 1086 2226 Graii
1097 2208 1144 2226 ora
1159 2199 1334 2226 obuertcbant
1353 2205 1380 2228 55
1396 2199 1463 2224 Aen.
1481 2206 1514 2231 12,
1530 2204 1573 2231 578
1600 2198 1770 2227 Obumbrant
1784 2200 1891 2228 aethera
1903 2201 1973 2228 telis.
2063 2201 2175 2229 Curtius
2188 2210 2212 2235 5,
2224 2212 2249 2235 4,
2262 2207 2276 2231 8
2295 2201 2403 2236 Qippe
2413 2198 2461 2227 ob-

268 2243 323 2270 sua.
362 2243 400 2267 Ex
413 2242 500 2267 Poeta.
592 2235 744 2264 Obuertere
758 2235 868 2262 ordines
880 2236 923 2263 vel
938 2236 1007 2271 signa
1016 2253 1025 2266 ‚
1043 2238 1074 2262 In
1088 2235 1173 2272 hostem
1186 2237 1229 2261 vel
1248 2243 1335 2262 contra
1398 2232 1536 2260 umbratus
1551 2234 1644 2261 Amnis
1658 2236 1743 2271 presso
1757 2236 1787 2262 111
1799 2236 1888 2263 solum
1904 2236 2034 2264 dilabitur
2047 2237 2134 2266 alueo.
2220 2239 2306 2265 Coma
2319 2235 2462 2265 obumbrat

270 2277 345 2314 hostes
356 2283 496 2303 conuertere
520 2273 581 2300 Liu.
593 2281 630 2305 27,
644 2281 679 2306 19.
787 2272 885 2298 Arcum
899 2271 1018 2298 obuertit
1033 2271 1061 2297 in
1075 2271 1152 2298 illum
1174 2271 1257 2298 Ouid.
1270 2272 1336 2298 Met.
1396 2268 1522 2296 humeros
1548 2270 1631 2298 Ouid.
1647 2272 1713 2301 Met.
1728 2281 1762 2305 13,
1775 2277 1832 2305 84ς.
1919 2272 2007 2299 Lucus
2021 2272 2166 2300 obumbrat
2179 2274 2309 2307 templum
2333 2272 2408 2300 Idem
2425 2270 2463 2299 ib.

270 2323 306 2348 12,
318 2316 378 2345 605.
480 2310 586 2338 Nauem
599 2309 745 2336 obuertunt
757 2316 854 2342 magno
868 2317 928 2334 cum
944 2307 1063 2342 pondere
1076 2313 1171 2334 nautae
1191 2308 1248 2335 Cic.
1262 2309 1336 2334 Arat.
1396 2314 1431 2339 14,
1447 2311 1502 2341 837.
1576 2307 1695 2335 Oleaster
1708 2307 1853 2335 obumbrat
1864 2307 2027 2335 vestibulum
2046 2308 2124 2343 Virg.
2138 2308 2236 2341 Georg.
2250 2316 2278 2340 4,
2291 2316 2333 2334 20.
2405 2306 2463 2335 Ob-

270 2357 320 2382 132..
393 2348 488 2375 Procas
507 2345 654 2372 obuertunt
674 2343 768 2379 pelago
802 2343 878 2379 Virg.
891 2344 957 2370 Aen.
970 2346 996 2376 6,
1012 2352 1025 2375 3
1065 2345 1131 2369 Nam
1152 2344 1250 2378 longius
1262 2351 1336 2370 erant
1396 2341 1537 2375 umbrare,
1556 2343 1664 2377 Tueri,
1684 2344 1846 2377 defendere,
1868 2352 1917 2378 per
1930 2344 2139 2371 translationem.
2207 2343 2282 2370 Idem
2295 2343 2360 2370 Aen.
2372 2351 2405 2377 11,
2417 2350 2462 2375 2²3

265 2383 422 2422 progrqffiari
433 2384 470 2408 ad
481 2391 571 2417 agrum
583 2382 741 2407 Laurentem.
785 2381 884 2406 Nautae
895 2381 959 2405 enim
970 2381 1006 2405 ad
1022 2380 1086 2405 litus
1105 2381 1231 2416 appulsam
1249 2382 1336 2405 nauim
1349 2380 1387 2406 60
1395 2378 1427 2404 Et
1441 2386 1566 2414 magnum
1579 2380 1687 2414 reginae
1701 2389 1801 2407 nornen
1810 2379 1964 2407 obumbrat.
2067 2378 2201 2412 Subaudi,
2219 2379 2358 2405 Turnum.
2395 2378 2423 2405 11.
2436 2386 2461 2404 0.

270 2422 298 2447 in
308 2428 411 2456 proram
425 2418 616 2449 conuertebant,
642 2425 690 2442 non
704 2413 787 2450 solum
806 2422 836 2440 vt
854 2417 891 2441 ad
902 2416 1010 2441 reditum
1023 2422 1048 2440 et
1060 2415 1137 2441 aliam
1149 2416 1337 2450 nauigationem
1396 2414 1523 2448 Tuetur,
1541 2415 1677 2448 defendit,
1697 2422 1723 2443 et
1736 2416 1772 2443 est
1788 2416 1927 2443 translatio
1940 2415 1973 2443 ab
1985 2415 2138 2443 arboribus.
2211 2413 2271 2439 Hoc
2284 2418 2373 2440 autern
2386 2412 2465 2448 dicit,

287 2456 358 2482 arati
371 2454 460 2489 effim,
480 2462 566 2479 verum
581 2452 656 2478 etiam
671 2452 700 2477 id
703 2450 757 2484 fibi
767 2451 912 2478 ominantae.
966 2451 1056 2478 Valer.
1070 2451 1154 2477 Flacc.
1170 2461 1190 2484 ς,
1203 2460 1237 2478 211
1258 2457 1337 2485 atque
1398 2450 1484 2478 Amor
1497 2452 1604 2486 reginae
1619 2452 1650 2478 ad
1664 2452 1785 2479 fauorem
1800 2452 1957 2487 popularem
1970 2451 2119 2487 plurimum
2132 2448 2257 2486 proderat
2270 2448 2382 2476 Turno.
2405 2448 2463 2476 Ser-

270 2492 314 2519 1111
329 2490 420 2517 dextra
434 2489 486 2515 sine
501 2489 575 2515 versa
588 2487 708 2522 magistri
762 2486 888 2513 Protinus
907 2487 936 2513 in
950 2496 1059 2522 proram
1073 2486 1153 2514 rediit
1166 2488 1229 2514 ratis
1244 2488 1337 2514 omine
1397 2486 1468 2513 vius.
1545 2487 1732 2521 Obumbrare,
1759 2487 1905 2524 Obscurare.
1944 2487 2079 2522 Qinetil.
2092 2495 2216 2522 prooem.
2229 2491 2254 2517 8,
2267 2492 2292 2516 23
2311 2485 2369 2511 Nec
2399 2485 2462 2511 rati-

271 2533 355 2554 certo.
394 2527 432 2551 Ex
450 2525 570 2550 Tun-nebo.
643 2523 740 2557 Terga
751 2522 895 2550 obuertere
909 2523 991 2550 alicui
1012 2523 1089 2557 Virg.
1099 2523 1199 2558 Georg.
1210 2532 1231 2555 2,
1246 2531 1300 2558 271.
1397 2531 1440 2549 am
1455 2523 1670 2558 consequuntur,
1702 2530 1729 2551 ct
1742 2523 1822 2551 fidem
1835 2525 1978 2556 amittunt,
1997 2530 2107 2560 propter
2119 2522 2158 2556 id,
2180 2519 2253 2556 quod
2267 2520 2352 2547 sensus
2366 2529 2384 2547 ο
2402 2529 2459 2547 um-

312 2570 332 2590 0
344 2569 360 2589 Β
369 2569 389 2588 V
399 2567 416 2587 E
425 2568 444 2587 R
453 2567 466 2586 s
476 2567 496 2586 V
505 2567 517 2586 s
527 2580 535 2592 ‚
562 2568 576 2585 a
585 2579 593 2591 ,
619 2567 675 2585 um.
701 2559 769 2585 Part.
805 2559 950 2593 Caucasus,
968 2568 1019 2593 qua
1033 2559 1083 2585 soli
1097 2559 1133 2585 est
1144 2559 1272 2586 obuersus
1293 2560 1339 2586 So·
1354 2562 1384 2592 65
1398 2558 1493 2591 brant,
1513 2565 1540 2586 et
1555 2560 1628 2587 velut
1642 2560 1711 2587 laeto
1726 2560 1847 2595 gramine
1861 2561 1912 2587 sata
1932 2560 2102 2595 strangulant.
2175 2556 2285 2584 Crimen
2299 2555 2456 2584 obumbrare

272 2599 321 2626 lin.
334 2608 355 2624 c.
370 2599 408 2628 ὥς.
493 2596 632 2622 Orientem
646 2594 773 2620 obuersus
787 2601 813 2621 et
827 2595 989 2621 incrementa
1002 2595 1064 2622 solis
1078 2595 1236 2630 imprecatus
1259 2595 1338 2630 Apul.
1399 2594 1447 2621 sub
1459 2594 1577 2629 imagine
1589 2596 1691 2623 erroris
1709 2595 1832 2624 Ouid.ex
1841 2597 1926 2624 Ponto
1935 2605 1986 2630 3,3,
1993 2603 2033 2630 75.
2106 2595 2189 2620 Error
2203 2591 2349 2619 obumbrat
2360 2591 2458 2618 crimen

271 2636 338 2663 Met.
353 2642 368 2659 2
381 2642 406 2668 p.
423 2640 474 2664 ¹27·
589 2630 709 2657 Obuersa
724 2630 832 2656 Orienti
849 2631 945 2665 gallina
966 2631 1100 2659 Columel.
1116 2642 1134 2664 1,
1150 2640 1170 2664 ς.
1244 2631 1289 2658 Sil.
1301 2641 1338 2665 10,
1398 2630 1464 2658 faeti
1487 2630 1560 2658 Idem
1576 2631 1656 2666 Epist.
1671 2639 1709 2667 17,
1722 2638 1766 2666 48.
1841 2633 1948 2660 Senatus
1961 2636 1988 2658 et
2006 2630 2119 2665 populus
2132 2636 2268 2663 nunquam
2282 2627 2394 2655 obscura
2405 2625 2474 2658 Nm,
2514 2640 2517 2648 ·

271 2680 313 2699 110
335 2668 485 2697 Obuersam
507 2666 624 2702 spe6lans
643 2675 691 2693 ora
702 2665 735 2692 ad
751 2665 904 2693 Phaetontia
918 2668 1032 2701 prolem.
1139 2666 1275 2694 Obuersus
1289 2667 1339 2698 sto,
1398 2666 1487 2700 mina,
1519 2667 1564 2694 etfi
1579 2668 1722 2702 aliquando
1735 2667 1934 2695 obumbremur
1968 2666 2038 2693 Tac.
2052 2666 2088 2692 H.
2103 2674 2129 2696 2.
2142 2673 2178 2697 32,
2191 2673 2213 2695 ς.
2323 2663 2392 2691 Ρ1111.
2405 2672 2440 2699 23,
2451 2671 2463 2690 ι

269 2715 316 2743 pro
329 2703 467 2739 Aduersus.
573 2702 639 2728 Plin.
656 2711 682 2735 9,
696 2709 726 2736 ς7
747 2702 900 2736 Contraque
914 2709 1038 2730 venantes
1053 2703 1177 2738 refugere
1190 2704 1219 2730 in
1231 2704 1286 2730 suas
1299 2712 1338 2729 ca-
1399 2702 1501 2728 Vinum
1515 2702 1622 2729 ieiunos
1639 2703 1748 2736 bibere,
1769 2703 1882 2729 nouicio
1895 2703 2008 2728 inuento
2020 2701 2214 2728 inutilissimum
2229 2699 2282 2734 est,
2301 2699 2376 2727 curas
2389 2699 2463 2734 vigo-

273 2750 379 2771 νει-1135,
398 2746 423 2766 et
438 2739 467 2765 in
482 2738 517 2765 iis
531 2738 659 2765 obuersos
674 2737 749 2764 stare.
787 2739 827 2764 De
835 2738 945 2773 piscibus
956 2740 1071 2765 terrenis.
1353 2748 1385 2771 70
1398 2746 1510 2771 remque
1523 2738 1606 2763 animi
1620 2738 1749 2771 impedit,
1768 2737 1800 2764 ad
1814 2737 1983 2772 [ποι-1116111111
1998 2737 2184 2770 tendentibus,
2203 2737 2299 2763 somno
2314 2743 2465 2763 accommo-

313 2783 333 2804 O
345 2783 360 2803 Β
369 2783 390 2802 ν
403 2781 420 2801 E
432 2782 450 2801 R
459 2781 472 2800 s
483 2781 510 2801 E.
537 2774 604 2801 Adu.
649 2773 781 2800 Columel.
797 2782 822 2806 9,
836 2783 849 2807 7
877 2773 1021 2801 Domicilia
1033 2784 1113 2809 apum
1128 2774 1240 2801 obuerse
1253 2773 1285 2800 ad
1300 2773 1341 2800 hi.
1399 2771 1491 2798 datum
1504 2781 1534 2798 ac
1547 2772 1742 2799 securitatibus.
1783 2774 1893 2808 Iamque
1906 2772 2008 2801 dudum
2022 2772 2074 2800 hoc
2088 2773 2158 2806 fuit,
2184 2770 2257 2807 quod
2270 2771 2417 2798 Homerica
2431 2770 2465 2798 il-

273 2814 390 2842 bernum
403 2810 545 2838 Orientem
558 2810 685 2845 componi
699 2809 839 2837 debebant.
1399 2808 1425 2833 la
1438 2808 1540 2834 Helena
1553 2813 1613 2834 ante
1627 2807 1718 2835 cibum
1731 2808 1902 2836 ministrante.
1977 2810 2018 2835 Sic
2031 2818 2140 2844 quoque
2154 2809 2183 2835 in
2195 2806 2372 2844 prouerbium
2385 2806 2466 2841 ceffit,

311 2856 331 2877 0
342 2854 358 2874 B
372 2854 394 2872 v
406 2853 423 2873 E
434 2853 451 2872 R
462 2853 474 2872 s
484 2854 504 2874 ο
515 2853 532 2873 R
541 2868 551 2882 ‚
588 2847 637 2873 ari.
682 2846 786 2880 Depon.
831 2845 1000 2880 [παρίςαμιι]
1047 2846 1198 2879 Frequenter
1216 2843 1296 2880 “dff'
1315 2852 1339 2870 et
1398 2842 1559 2877 Sapientiam
1573 2843 1640 2870 vino
1653 2844 1821 2872 obumbrari.
1892 2846 1968 2882 Qud
1979 2845 2079 2872 Plinius
2093 2845 2174 2876 citat,
2203 2843 2235 2881 ‹st
2254 2845 2324 2880 apud
2332 2845 2464 2870 Homerum
2478 2852 2480 2854 ·

273 2884 386 2920 versari.
433 2883 521 2908 Aeliae
541 2890 566 2908 et
581 2880 677 2915 Paffiue
689 2883 746 2907 olim
759 2881 905 2916 ‘usurpatum
920 2881 966 2916 ff
978 2886 1045 2907 docet
1066 2881 1189 2914 Rrisciau.
1203 2886 1217 2911 8
1238 2890 1263 2915 p.
1277 2888 1339 2914 799.
1400 2878 1517 2913 Odyffiae
1530 2887 1627 2914 quarto.
1717 2880 1905 2914 Obumbrare,
1924 2891 1977 2907 cum
1991 2882 2096 2908 Datiuo.
2132 2881 2199 2908 Plin.
2217 2888 2251 2912 17,
2264 2888 2288 2906 21
2308 2879 2464 2914 Meliorque
2492 2883 2495 2886 ⁴

273 2921 342 2948 Plin.
358 2918 437 2954 Epist.
453 2926 476 2950 ς,
492 2921 517 2944 16
535 2917 664 2944 Sedebant
678 2917 794 2951 iudices,
814 2917 986 2944 Centumuiri
999 2924 1143 2950 venerant,
1163 2916 1339 2944 obuersaban-
1354 2922 1383 2946 75
1398 2922 1428 2940 ea
1442 2914 1525 2947 vino,
1547 2915 1654 2949 quando
1667 2916 1715 2943 sibi
1729 2917 1784 2952 ipsa
1798 2926 1852 2944 nou
1866 2917 2027 2952 obumbrat,
2045 2917 2197 2952 affiduoque
2209 2916 2263 2944 sole
2277 2915 2420 2951 coquitur,
2436 2918 2465 2943 et

273 2964 317 2984 tur
330 2955 468 2986 aduocati,
490 2953 619 2980 silentium
634 2954 752 2988 longum.
827 2950 973 2980 obuersari
991 2954 1087 2979 dicitur
1101 2954 1138 2986 id,
1157 2957 1224 2988 quod
1233 2953 1270 2978 ita
1283 2952 1338 2978 am‘-
1398 2949 1515 2977 afflatum
1530 2951 1612 2986 iringis
1624 2952 1711 2980 sentit.
2058 2958 2060 2961 ’
2452 2974 2456 2975 .

273 3002 310 3020 mo
324 2996 446 3026 apparet,
465 2995 496 3014 vt
508 2989 587 3022 “dt'ffl’
603 2999 683 3015 caram
696 2991 830 3021 villemar,
851 2995 876 3014 et
889 2990 965 3015 cerni.
1039 2989 1094 3016 Cic.
1110 2998 1159 3024 pro
1173 2989 1242 3016 Sext.
1255 2998 1269 3021 7
1288 2987 1339 3014 Sed
1435 2992 1455 3014 Ο
1464 2992 1510 3013 BV
1519 2994 1545 3014 Μ
1554 2993 1569 3014 Β
1579 2994 1597 3013 R
1608 2993 1629 3014 A
1642 2994 1665 3014 Ν
1677 2995 1707 3022 s,
1727 2989 1807 3017 antis.
1842 2989 1938 3017 Partic.
1975 2989 2092 3017 Palmula
2105 2989 2179 3016 rosea
2195 2988 2285 3024 potius
2299 2986 2477 3015 obumbrans:

274 3028 344 3055 mihi
356 3033 418 3053 ante
431 3025 523 3052 oculos
535 3024 692 3052 obuersatur
705 3025 875 3060 Reipublicae
889 3024 1019 3059 dignitas,
1040 3034 1107 3060 quae
1121 3034 1164 3052 me
1176 3025 1207 3051 ad
1222 3025 1247 3051 se
1260 3025 1340 3059 rapit.
1397 3022 1431 3049 de
1455 3022 1585 3050 industria
1613 3024 1756 3059 glabellum
1784 3025 1918 3057 feminal,
1957 3034 2038 3061 quam
2068 3032 2159 3061 tegens
2183 3023 2345 3052 verecundia
2385 3018 2473 3059 Apul.'

275 3065 381 3092 Veritas
397 3062 450 3096 ipsa
465 3068 490 3088 et
503 3061 609 3096 grauiS‚
643 3066 669 3086 et
689 3060 760 3086 tedia
781 3061 850 3088 ratio
871 3070 962 3087 nonne
981 3061 1049 3088 mihi
1070 3061 1244 3088 obuersatur?
1281 3061 1339 3088 Cic.
1397 3059 1461 3086 Met.
1480 3068 1492 3085 2
1509 3068 1534 3094 p.
1548 3064 1601 3091 248.

276 3099 355 3128 Acad.
369 3108 396 3132 4,
413 3107 459 3131 139.
569 3096 734 3124 Obuersatur
752 3096 850 3130 species
865 3097 981 3131 ingentis
994 3097 1058 3123 mali
1072 3104 1132 3124 ante
1144 3098 1238 3124 oculos
1277 3097 1338 3124 Liu.
1353 3107 1386 3131 80
1434 3100 1454 3121 O
1465 3100 1482 3121 B
1495 3101 1515 3121 V
1526 3102 1553 3122 Μ
1563 3101 1578 3122 Β
1588 3102 1607 3122 R
1618 3103 1639 3123 A
1649 3102 1701 3123 TV
1712 3103 1726 3124 s
1737 3117 1747 3130 ‚
1764 3106 1778 3124 a
1787 3118 1795 3130 ‚
1814 3107 1870 3125 um.
1897 3099 1965 3125 Part.
2005 3097 2134 3125 Germina
2147 3095 2308 3124 obumbrata
2320 3094 2464 3122 defendere
2479 3099 2483 3103 ’
2505 3094 2507 3099 ”

275 3145 348 3169 259,
361 3145 381 3165 5·
455 3133 512 3160 Cic.
526 3133 610 3160 Tusc.
625 3143 646 3165 2,
663 3141 688 3161 52
702 3142 724 3158 c.
738 3140 771 3158 22
790 3132 973 3160 Obuersantur
985 3134 1082 3168 species
1096 3133 1222 3160 honestae
1237 3133 1339 3160 animo.
1397 3130 1493 3158 Pallad.
1510 3140 1533 3158 12
1547 3131 1589 3158 tit.
1605 3142 1620 3158 1.
1692 3133 1821 3169 Scopulus
1834 3133 2010 3161 obumbratus
2022 3133 2094 3161 nube
2112 3134 2190 3160 Mart.
2197 3132 2320 3167 Capella!
2335 3139 2391 3166 p.5.

277 3171 441 3199 Obuersatur
454 3169 540 3196 oculis
554 3168 716 3196 Claudianae
733 3167 813 3194 cladis
837 3169 968 3195 memoria
1006 3170 1066 3196 Liu.
1082 3177 1118 3204 35,
1135 3180 1163 3196 11.
1272 3170 1340 3195 Ante
1436 3172 1457 3194 O
1468 3173 1484 3194 Β
1494 3174 1515 3193 V
1527 3174 1552 3194 M
1564 3174 1580 3194 Β
1590 3174 1609 3194 R
1622 3174 1645 3196 A
1656 3174 1695 3195 Tl
1706 3176 1742 3203 0,
1767 3169 1838 3197 onis.
1875 3170 1895 3196 f.
1930 3169 2033 3198 Arnob.
2046 3178 2060 3201 5
2072 3178 2098 3205 p.
2112 3170 2152 3198 186
2177 3167 2343 3202 Allegoticae
2355 3165 2469 3194 caetita-

276 3209 370 3235 oculos
384 3205 523 3233 obuersari
557 3206 664 3231 Lucret.
677 3214 706 3240 4,
718 3213 772 3237 975.
879 3205 947 3231 Ante
961 3205 1055 3232 oculos
1068 3205 1284 3232 exterminatoris
1300 3205 1340 3232 sui
1398 3202 1431 3230 tis
1443 3202 1625 3231 obumbratio.

277 3243 434 3271 obuersatur
448 3241 605 3275 Respublica
629 3241 686 3268 Cic.
700 3248 750 3275 pro
764 3240 854 3266 Domo
869 3248 902 3270 141
915 3249 937 3266 c.
951 3249 988 3273 55.
1195 3240 1217 3281 ff
1239 3250 1252 3268 2
1290 3243 1340 3268 Pro
1437 3245 1456 3266 O
1466 3245 1482 3266 Β
1495 3246 1515 3264 V
1530 3246 1553 3265 M
1564 3245 1580 3265 B
1592 3246 1611 3266 R
1624 3246 1645 3266 A
1657 3246 1680 3267 Τ
1693 3247 1712 3268 R
1723 3248 1778 3278 tx,
1802 3242 1862 3270 icis.
1903 3241 1924 3268 f.
1961 3239 2082 3269 Tertull.
2100 3239 2180 3275 Apol.
2198 3248 2220 3266 c.
2239 3248 2255 3273 9
2271 3246 2313 3276 pr.
2344 3238 2464 3266 Arbores

277 3278 417 3313 a:.'uersm·i.
473 3277 546 3303 Malo
560 3276 650 3304 obniti
662 3283 687 3304 et
700 3276 839 3304 obuersari
853 3275 902 3302 nisi
915 3275 1018 3303 bonum
1032 3286 1087 3304 non
1099 3277 1184 3312 potest
1219 3277 1341 3305 Tertull.
1357 3286 1386 3316 85
1399 3275 1491 3310 templi
1504 3274 1724 3304 obumbratrices.

278 3314 338 3341 adu.
358 3314 448 3340 Gnost.
470 3322 492 3340 c.
512 3321 535 3346 ς.
1440 3317 1460 3339 o
1472 3316 1487 3337 Β
1500 3317 1521 3336 ν
1532 3318 1553 3337 Ν
1565 3317 1584 3338 c
1595 3312 1618 3338 Α·
1630 3318 1652 3338 ‘r
1665 3319 1685 3337 v
1698 3319 1712 3340 s
1723 3334 1731 3347 ,
1756 3321 1788 3346 a,
1812 3321 1867 3339 um.
1893 3312 1952 3339 Adi.
1987 3313 2145 3339 Incuruatus.
2182 3310 2256 3339 Cael.
2269 3310 2362 3339 Aurel.
2374 3310 2464 3338 Tard.

317 3358 337 3377 o
349 3356 365 3376 B
376 3357 394 3375 ν
406 3356 422 3376 E
432 3356 451 3375 R
462 3356 475 3375 s
485 3355 504 3375 Α
515 3355 537 3375 T
548 3355 557 3375 1
570 3356 606 3382 0,
630 3348 701 3376 onis.
739 3348 758 3374 f.
795 3348 955 3382 [mytram]
992 3348 1123 3374 Laudatur
1142 3348 1200 3375 Cic.
1219 3357 1269 3383 pro
1282 3350 1342 3375 Mu-
1404 3356 1431 3383 2,
1453 3353 1476 3377 ¹8
1495 3347 1637 3381 Vnguibus
1651 3347 1800 3376 obuncans.

280 3394 352 3413 raeu.
369 3396 399 3418 49
413 3395 433 3412 c.
447 3395 473 3418 2⁴
499 3385 615 3412 Moestos
633 3385 751 3417 31111005,
775 3384 993 3417 obuersationes,
1020 3383 1235 3418 testificationes,
1268 3385 1342 3411 sedu-
1443 3389 1462 3411 0
1475 3388 1492 3410 B
1503 3389 1554 3409 VN
1565 3389 1582 3409 C
1592 3389 1611 3408 ν
1623 3390 1652 3417 s,
1681 3393 1711 3418 a,
1744 3393 1798 3411 um.
1836 3383 1898 3410 Adi.
1935 3384 2112 3419 [exultamus]
2161 3383 2239 3409 Valde
2256 3391 2334 3408 vncus
2346 3390 2370 3408 et
2382 3383 2465 3408 incur.
2502 3407 2503 3412 ,

281 3421 385 3448 &iones
398 3421 519 3456 testium,
558 3421 723 3448 secessionem
742 3420 952 3455 subscriptorum
964 3419 1220 3452 animaduertebant.
1294 3423 1343 3448 Sed
1402 3429 1457 3445 vus.
1528 3419 1654 3446 Saturnus
1668 3429 1727 3447 cum
1740 3419 1845 3447 obunca
1859 3419 1926 3445 falce
1952 3418 2055 3446 Arnob.
2069 3422 2087 3448 6
2099 3424 2126 3455 p.
2142 3426 2197 3453 197.
2271 3417 2347 3452 Virg.
2362 3419 2464 3451 Aen.6,

281 3457 481 3484 obseruationes
494 3467 510 3482 a
525 3457 633 3483 Grutero
649 3458 725 3491 inde,
750 3463 775 3482 et
782 3456 858 3490 fhrte
869 3463 937 3483 retro
948 3456 1042 3491 magis,
1059 3457 1170 3491 legitur:
1206 3457 1280 3484 relle.
1355 3468 1390 3495 90
1404 3465 1448 3489 597
1469 3454 1616 3488 Rostroque
1630 3456 1754 3483 immanis
1768 3455 1860 3481 vultur
1873 3455 1999 3489 obunco,
2017 3463 2064 3482 etc.
2136 3454 2243 3482 Morsus
2254 3452 2374 3481 obuncus
2386 3453 2464 3489 aqui-

319 3501 339 3518 1)
348 3499 363 3518 [2
374 3499 393 3518 v
404 3500 414 3518 1
425 3498 446 3518 Α
459 3499 482 3518 Μ
492 3514 501 3527 ,
535 3493 590 3521 vicl.
609 3493 692 3527 infra.
1401 3492 1441 3518 lae
1465 3490 1557 3518 Claud.
1572 3490 1604 3517 dc
1617 3491 1692 3518 Bello
1707 3490 1816 3518 Gildon.
1831 3500 1881 3524 4¹7-

319 3536 340 3556 O
350 3535 365 3554 Β
375 3534 396 3553 V
409 3535 417 3554 ι
429 3533 449 3553 G
460 3525 541 3561 i'Lo,
569 3533 623 3555 are.
664 3528 767 3554 Verbum
776 3526 869 3562 fmssb,
887 3525 986 3562 colligas
999 3536 1030 3553 ex
1051 3527 1132 3554 Plaut.
1147 3528 1267 3555 Bacchid.
1281 3538 1301 3561 3,
1317 3539 1340 3562 2,
1440 3533 1460 3554 0
1472 3533 1489 3554 Β
1500 3534 1521 3554 ν
1531 3532 1553 3553 N
1565 3532 1584 3552 D
1594 3533 1613 3553 0
1623 3547 1631 3559 ,
1659 3532 1712 3554 Ere.
1755 3526 1895 3562 [nvaalm]
1937 3528 1967 3553 ab
1985 3527 2071 3554 Vnda.
2108 3526 2171 3554 Stat.
2189 3525 2285 3552 Achill.
2301 3535 2320 3558 1,
2334 3534 2376 3552 102
2413 3525 2462 3552 La-

283 3574 308 3598 ¹4
335 3565 394 3597 Qua
410 3572 452 3589 me
465 3564 538 3590 causa
552 3565 634 3598 magis
648 3573 707 3590 cum
722 3571 786 3590 cura
798 3564 847 3590 esse
861 3572 906 3596 ea,
930 3572 1009 3597 quam
1022 3562 1189 3598 obuigilato‚
1213 3564 1247 3590 est
1261 3573 1338 3599 opus.
1399 3569 1479 3598 teque
1491 3562 1553 3589 deae
1567 3562 1706 3596 Sperchios
1720 3562 1841 3590 obundat
1877 3562 2000 3597 obuius,
2021 3568 2049 3590 et
2061 3562 2132 3590 dulci
2146 3561 2257 3596 vestigia
2270 3560 2366 3589 circuit
2381 3560 2459 3588 vnda.

321 3605 342 3626 Ο
353 3606 368 3626 Β
378 3606 398 3625 V
410 3606 419 3626 1
433 3605 453 3626 0
465 3620 472 3631 ,
498 3604 551 3626 are.
589 3602 709 3633 [amam
726 3601 848 3633 ἂντιάξω,
868 3597 988 3634 ἄντομαι]
1026 3600 1129 3625 Obuiam
1145 3599 1280 3634 p’“².fi⁶1'fi·1'‚
1299 3601 1341 3626 vel
1397 3601 1444 3627 Al.
1463 3597 1586 3626 abundat.

281 3636 376 3663 obuium
389 3635 443 3669 effe.
482 3637 512 3661 Et
528 3643 574 3671 per
587 3636 775 3661 translationem
786 3642 833 3669 pro
847 3634 973 3670 Restssere.
1064 3634 1165 3663 Sallust.
1177 3635 1205 3661 in
1220 3635 1381 3671 Iugurth.95
1438 3641 1458 3662 Ο
1471 3641 1488 3662 Β
1498 3641 1518 3660 ν
1528 3640 1576 3662 ND
1585 3641 1608 3661 A
1617 3640 1639 3662 Τ
1652 3640 1663 3661 1
1676 3638 1698 3661 0
1707 3654 1716 3668 ,
1759 3635 1830 3662 151115.
1868 3635 1888 3663 f.
1935 3635 2008 3663 Flor.
2021 3645 2046 3669 4,
2065 3643 2087 3668 2,
2101 3643 2129 3668 27
2167 3631 2360 3660 Obundatione
2378 3639 2460 3659 verm

282 3681 303 3698 c.
318 3679 331 3704 ς
349 3671 426 3697 Tum
440 3671 556 3704 primum
571 3671 707 3706 superbiae
720 3670 870 3698 nobilitatis
881 3670 1030 3698 obuiatum.
1103 3674 1152 3697 Sed
1164 3672 1205 3697 hic
1217 3673 1338 3706 exempla·
1397 3671 1564 3706 prohibetur.

282 3707 323 3734 rt'a
337 3705 500 3741 castigatiora
513 3708 616 3739 hahent,
637 3707 754 3734 Obuiam
769 3707 837 3734 itum
852 3706 897 3734 est.
994 3706 1112 3734 Macrob.
1124 3708 1227 3734 Saturn.
1242 3717 1264 3740 7,
1273 3717 1285 3738 5
1306 3707 1340 3734 11-
1437 3714 1457 3734 O
1466 3713 1510 3734 BV
1520 3711 1570 3734 NG
1582 3710 1603 3731 0
1613 3725 1621 3738 ,
1647 3705 1701 3733 gre.
1744 3707 1812 3733 Vnde

282 3743 307 3770 le
320 3741 366 3768 diu
381 3741 431 3767 hoc
444 3750 457 3780 a
479 3742 503 3767 se
516 3741 634 3768 officium
647 3744 816 3778 deprecatus,
842 3743 890 3769 vbi
911 3748 952 3770 tot
972 3742 1166 3778 impellentium
1188 3751 1339 3778 procerum,
1439 3748 1461 3770 Ο
1471 3749 1487 3770 R
1496 3749 1517 3768 v
1526 3749 1547 3768 N
1556 3747 1603 3768 CT
1614 3747 1633 3767 V
1646 3748 1660 3768 s
1670 3762 1679 3775 ,
1701 3750 1715 3769 a
1724 3763 1732 3775 ‚
1752 3750 1808 3769 um.
1836 3742 1931 3769 Partic.
1968 3742 2046 3778 Apul.
2060 3741 2124 3767 Met.
2139 3749 2151 3766 2
2167 3749 2192 3774 p.
2207 3749 2243 3772 2¹3
2264 3740 2355 3767 Guttis
2367 3738 2458 3766 Arabi-

282 3778 380 3813 quibus
393 3776 557 3803 obturandum
575 3787 629 3804 non
642 3785 696 3805 erat
705 3800 713 3811 ‚
731 3778 849 3805 hortatui
863 3778 1017 3812 succubuit,
1036 3787 1081 3805 etr.
1153 3778 1341 3814 Vegetii‚Hie-
1399 3779 1437 3806 cis
1451 3778 1591 3806 obunctus.
1664 3778 1745 3805 Oculi
1758 3778 1872 3805 obuntffi
1886 3778 2011 3813 graphice
2030 3776 2102 3804 Idem
2116 3775 2153 3802 ib.
2163 3783 2176 3805 κ
2190 3785 2213 3810 p.
2222 3785 2273 3809 214.

284 3812 391 3846 ronymi
402 3832 411 3845 ,
431 3820 455 3838 et
468 3813 606 3846 aequalium
625 3814 677 3839 loca
694 3815 765 3841 dabit
796 3815 892 3842 Cellar.
907 3816 972 3842 Cur.
986 3814 1051 3842 Post.
1065 3824 1090 3849 p.
1103 3823 1163 3847 224.
1257 3817 1286 3840 ln
1299 3823 1396 3842 ’ve-100
1439 3821 1484 3842 ΟΒ
1495 3821 1515 3840 ν
1527 3819 1547 3840 0
1559 3819 1576 3839 L
1588 3819 1596 3837 1
1607 3818 1628 3838 Τ
1639 3818 1658 3839 0
1668 3834 1676 3846 ,
1702 3818 1755 3841 ᾖτε.
1790 3815 1914 3840 Vestibus
1932 3815 2090 3841 collucentes
2104 3811 2191 3846 pamm
2204 3810 2357 3838 obuolitare
2375 3809 2457 3838 cerni-

284 3852 333 3877 teri
349 3848 429 3879 Gbss'.
443 3849 491 3882 leg.
507 3850 620 3882 ἀπαντᾷ,
639 3849 740 3876 obuiat.
812 3852 873 3876 Item
886 3850 1044 3887 Aduersari,
1064 3851 1180 3885 7-›3l1'slcre.
1230 3850 1342 3883 Quinet.
1401 3860 1460 3877 mus
1481 3852 1552 3877 Porc.
1567 3848 1648 3875 Latro
1662 3849 1691 3875 in
1705 3849 1785 3876 Catil.
1800 3858 1830 3876 11.
1850 3852 1918 3877 Arld,
1934 3850 1970 3876 ib.
1986 3848 2076 3883 paullo
2094 3847 2160 3882 post.

285 3885 402 3913 Declam.
418 3892 462 3916 307
482 3883 611 3916 Nequitia
624 3885 764 3912 obuiatum
777 3886 814 3912 est
828 3886 890 3920 legi.
999 3886 1093 3913 Pallad.
1112 3898 1130 3919 1,
1145 3895 1170 3919 35
1209 3886 1341 3913 Grandini
1440 3893 1460 3913 o
1472 3893 1488 3913 Β
1498 3892 1518 3912 ν
1532 3892 1551 3911 0
1562 3891 1579 3910 Ι,
1587 3891 1607 3909 ν
1619 3892 1638 3912 0
1648 3906 1656 3919 ,
1683 3885 1777 3916 volui,
1807 3885 1930 3912 volutum
1941 3905 1948 3917 ,
1974 3887 2029 3911 ere.
2067 3883 2218 3918 [περιειλεῖν]
2254 3883 2457 3909 Circumuoluere.
2505 3886 2511 3893 “·

286 3922 407 3949 obuiare.
480 3918 552 3958 Asini
563 3920 638 3945 vriua
654 3921 790 3948 vermibus
801 3921 924 3948 obuiabit
943 3922 1220 3950 Pallad.Mart.tlt.1o.
1274 3922 1342 3955 Quis
1402 3922 1459 3950 Cic.
1475 3922 1503 3948 in
1516 3921 1591 3947 Orat.
1605 3930 1636 3954 74
1649 3931 1670 3948 c.
1686 3930 1711 3947 22
1744 3921 1770 3947 Si
1784 3921 1899 3956 denique
1916 3920 2004 3955 piftor
2016 3918 2062 3945 ille
2078 3919 2169 3954 venit,
2197 3927 2280 3953 quum
2293 3916 2456 3945 immolanda

286 3956 430 3991 pudicitiae
442 3955 526 3994 titulis
543 3953 654 3981 obuiare
667 3965 721 3983 non
736 3957 828 3984 timeat
848 3957 981 3990 Quinem.
994 3959 1022 3984 111
1035 3958 1118 3985 Trib.
1132 3958 1200 3986 Mar.
1215 3966 1288 3992 c03p.
1297 3965 1341 3992 77.
1401 3957 1539 3992 Iphigenia
1553 3956 1632 3983 tristis
1640 3956 1750 3984 Calchas
1763 3957 1839 3990 esset,
1876 3956 2004 3983 moestior
2017 3954 2132 3988 mystes,
2168 3961 2301 3982 moereret
2315 3954 2458 3987 Menelaus,

287 3995 351 4020 Suae
365 3990 520 4019 confessioni
535 3989 646 4019 obuiare
668 3992 788 4022 Marcell.
801 3993 857 4022 1ct.
870 3992 889 4022 1.
903 4003 916 4021 2
931 3992 955 4032 §.
969 4004 979 4022 1
992 3995 1020 4023 ff.
1032 3994 1063 4022 dc
1076 3994 1172 4022 Donat.
1263 3991 1600 4027 Chri-tosobuoluendutn
1615 3999 1692 4029 caput
1704 3993 1912 4028 Agamemnonis
1932 3991 1997 4027 esse,
2034 3991 2162 4025 quoniam
2183 3991 2316 4018 sumnum
2329 3988 2457 4054 illuknhlss
