2517 4231
272 226 342 267 503

2383 211 2458 250 504

1319 441 1395 503 O.

881 593 931 635 Ο.

448 685 489 712 LI
498 684 617 712 TERA
636 684 754 712 rotundo
761 693 809 711 ore
824 684 1001 719 proferenda,
1019 682 1043 718 s.
1057 688 1087 707 vt
1101 681 1181 708 Mart.
1196 678 1297 715 Capell.
1314 687 1334 711 3,

454 731 477 756 p-
487 727 514 753 58
533 722 580 754 ait,
606 720 717 748 rotundi
729 720 785 748 oris
799 720 894 755 spiritu
902 724 1086 754 comparatur:
1110 717 1184 743 etiam
1198 716 1335 742 rotundatu

446 759 533 793 figura
549 758 701 792 exprimitur
719 759 788 792 apud
802 758 932 792 plerosque
946 755 1054 790 populos.
1127 754 1205 788 Apud
1223 753 1332 778 Graecos

452 792 691 828 duplt'oemsoreitur
703 794 814 830 figuram
833 798 858 818 et
870 793 1050 827 quantitatem,
1070 790 1092 816 Ο
1104 789 1191 821 breue,
1215 795 1239 815 et
1253 797 1284 813 ex
1304 796 1332 812 ea

450 830 614 864 getmnataO
625 838 754 864 magnum:
785 839 805 861 a,
823 839 850 855 ee.
923 828 1032 853 Eandem
1052 827 1080 851 in
1099 824 1238 859 Alphabeto
1250 823 1332 859 sedem

265 870 340 903 inque
354 869 507 894 numerando
520 866 659 903 potestatem
671 868 743 894 habet
754 877 827 903 quam
847 872 867 893 Ξ)
886 866 951 891 Aiin
969 864 1144 903 Hebraeorum.
1222 863 1332 894 Vtraque

265 906 330 931 enim
337 904 557 939 septuagenarium
569 903 692 939 designat.
763 904 830 929 Vnde
838 903 910 937 sum,
925 900 969 934 qui
979 900 1049 925 haud
1063 897 1334 939 inflate-autumarun't,

265 948 289 966 et
301 939 364 966 illud
376 941 520 966 elementum
536 940 684 965 Hebraicum
695 940 778 964 eadem
784 939 842 964 olim
852 937 969 973 potestate
976 934 1057 969 suff
1070 933 1225 974 nfign'ttum.
1260 932 1335 968 Qtd

264 977 331 1011 quod
341 976 405 1001 Aiin
416 982 440 1002 et
453 976 552 1001 Fontem
565 982 589 1001 et
609 976 715 1001 Oculum
725 976 831 1009 propria
842 971 1028 1008 significatione
1047 970 1181 1006 exprimtt,
1205 975 1230 994 et
1246 970 1282 994 ad
1292 976 1332 992 ro-

265 1012 417 1038 tunditatem
432 1011 534 1044 formae
552 1011 669 1037 nonnihil
686 1011 800 1035 alludere
814 1009 935 1035 videtur?
1289 1039 1294 1044 -

265 1047 360 1073 ratione
375 1048 447 1072 huius
465 1047 623 1081 Vocalisagit
631 1045 776 1072 Priscianus
792 1055 832 1080 lp-
841 1053 891 1078 553.
930 1052 1001 1078 quem
1012 1043 1110 1077 longum
1125 1043 1198 1076 fieret
1211 1039 1332 1080 exscribe-

263 1092 307 1116 re,
326 1082 448 1117 consulere
459 1089 541 1108 tamen
553 1080 717 1115 vtiliffimum.
791 1084 850 1108 Cum
865 1081 1032 1107 Vmaximam
1041 1079 1114 1104 habet
1129 1074 1333 1110 mceffitudmcm,

263 1120 331 1145 vnde
335 1119 464 1154 pleraque,
483 1128 545 1153 quae
563 1119 631 1154 apud
647 1118 753 1143 Graecos
762 1117 952 1144 Nominatiuum
971 1114 998 1139 in
1011 1126 1034 1145 ος
1046 1114 1199 1154 terttiinapt,
1227 1112 1252 1138 O
1267 1112 1294 1136 in
1306 1146 1311 1150 ἡ

263 1161 409 1181 conuertunt
420 1157 488 1189 apud
498 1154 611 1183 Latinam
633 1161 662 1179 vt
676 1163 692 1179 a
703 1155 790 1185 κῦρος,
809 1153 912 1185 Cyrus,
929 1158 975 1177 etc.
1048 1149 1182 1183 antfihl.
1191 1157 1237 1182 i‚4
1257 1145 1333 1181 Qud

665 594 798 635 Litera

266 1196 301 1224 o,
314 1197 394 1224 atque
407 1196 429 1216 v
444 1196 608 1225 permutatae
622 1189 757 1216 inuicem?
792 1196 821 1216 vt
835 1187 961 1220 Hecoba,
993 1193 1020 1213 et
1039 1186 1148 1213 notrix:
1177 1183 1331 1218 Chulcides‚
1348 1190 1375 1216 ις
1405 1192 1449 1220 Ob
1462 1192 1592 1219 defletum
1612 1201 1710 1227 poenas
1723 1191 1763 1218 dii
1787 1197 1914 1227 expetunt
1944 1191 2001 1218 Cic·
2020 1201 2072 1226 pro
2090 1191 2199 1219 Marcel·
2216 1198 2240 1222 18
2260 1201 2283 1218 c,
2298 1193 2324 1218 6,

263 1232 290 1253 et
311 1226 445 1258 Pulyxena
462 1225 648 1252 scriberentur.
720 1225 795 1261 Qod
810 1226 851 1251 hic
866 1222 1067 1259 Qtinffiilianus
1080 1222 1158 1255 dicit,
1185 1221 1270 1261 multis
1284 1229 1332 1245 mo-

263 1262 382 1289 vimentis
395 1269 506 1288 veterum
517 1263 605 1297 probat
618 1262 718 1288 Pierius
739 1264 766 1287 in
776 1261 832 1296 suis
850 1260 1050 1296 castigationibus
1062 1259 1089 1283 in
1104 1257 1265 1292 Virgillumt
1302 1256 1330 1281 ln

262 1298 351 1333 quibus
360 1297 518 1334 sestriptnm
529 1297 620 1333 vidrffi*
634 1296 739 1332 testatur
753 1297 886 1332 Donupro
893 1296 986 1328 Dono,
1000 1296 1091 1321 Annus
1102 1301 1148 1330 pro
1162 1295 1264 1325 Annos,
1278 1292 1330 1318 Cu-

262 1334 350 1370 pressu
362 1340 407 1368 pro
420 1333 556 1368 Cupresso.
627 1334 669 1362 Sic
682 1332 799 1359 Ftundes
811 1339 857 1367 pro
871 1332 989 1359 Frondes
1004 1332 1073 1367 apud
1089 1330 1242 1364 antiquiores
1260 1328 1329 1355 Lati-

264 1379 322 1402 nos,
345 1369 518 1404 Angustoque
539 1369 610 1395 fretu
636 1369 741 1395 Lucret.
755 1378 773 1401 ι,
787 1377 834 1401 720
852 1374 898 1402 pro
919 1368 1009 1394 Freto.
1249 1401 1253 1404 ι

256 1406 330 1439 fimis
349 1406 442 1431 ltaliae
451 1405 548 1441 populis
561 1405 648 1439 quibus
668 1405 691 1431 V
711 1413 758 1431 non
771 1410 826 1430 erat
839 1403 866 1428 in
877 1402 938 1438 vsu,
965 1402 1102 1430 Poblicom
1117 1410 1163 1437 pro
1179 1400 1330 1430 Pubhcurn,

262 1441 407 1468 Herculem
417 1448 464 1476 pro
478 1441 637 1470 Hcrculem3
668 1441 821 1474 maximeque
841 1439 968 1473 digamma
980 1440 1152 1469 antecedente,
1179 1444 1209 1462 vt
1223 1437 1330 1505 Segne?

1277 1481 1304 1497 vn
1322 1491 1329 1497 .

571 1478 653 1511 Opro
680 1476 737 1509 Au,
762 1483 791 1501 vt
807 1475 906 1508 Plodo,
928 1474 1076 1505 Plostrum,
1096 1471 1199 1499 Codex.
1274 1504 1295 1544 q

1318 1516 1328 1538 3

261 1477 380 1512 Volgus,
400 1477 497 1504 Dauos.
998 1510 1002 1513 ι
1110 1508 1114 1512 ¹

689 1519 728 1545 48.
785 1512 810 1538 O
823 1518 848 1536 et
861 1512 883 1544 1,
904 1518 933 1536 vt
948 1509 1005 1537 Olli
1015 1517 1060 1545 pro
1073 1508 1127 1535 1111.

261 1513 348 1539 Euo-m.
368 1515 403 1537 acl
422 1512 549 1547 Calpurn.
570 1513 623 1539 Ecl.
643 1520 671 1543 2,

1364 830 1378 857 5

1178 1013 1191 1031 2
1230 1005 1269 1030 De
1283 1012 1333 1028 nm-
1352 1009 1382 1029 10

1087 1364 1197 1399 Vfciffim
1220 1363 1330 1400 vetustis·
1354 1371 1390 1391 20
1402 1382 1457 1399 non
1472 1373 1598 1399 conuenit
1616 1372 1674 1398 Cic.
1688 1381 1737 1407 pro
1752 1374 1828 1400 Font.
1846 1380 1881 1408 17.

1815 586 2043 628 OBA

1440 681 1463 703 0
1475 681 1496 703 Α
1509 680 1522 702 S
1530 682 1540 702 t
1551 681 1576 710 S,
1596 673 1627 716 is.
1647 674 1667 703 f.
1679 710 1685 715 .
1704 672 1823 713 Uonone]
1859 678 1982 714 Oppidum
1995 677 2022 703 in
2035 674 2141 712 desertis
2152 674 2253 709 Libyae,
2266 675 2358 712 septem
2369 675 2467 703 dierum*

1404 712 1495 738 itinere
1514 722 1530 738 a
1547 711 1634 738 Thebxs
1656 708 1766 752 dfians,
1793 715 1859 746 quod
1874 714 1996 740 Herodoti
2016 719 2096 740 aetate
2115 721 2132 738 a
2157 711 2247 738 Samiis
2272 713 2416 743 tenebatur,
2434 718 2465 737 vt

1407 747 1459 783 ipse
1470 748 1551 782 refert
1564 757 1585 780 3.
1599 782 1615 809 d
1639 747 1811 809 dgoctgsegliusro
1823 747 1908 782 exfilio
1922 756 2008 785 aptus,
2043 747 2099 775 vid.
2126 746 2222 774 zofim.
2237 756 2260 783 5,
2269 758 2299 783 9,
2313 754 2339 783 7.
2366 755 2389 774 et
2400 747 2464 783 Leg.

1403 784 1462 860 viti).
1471 782 1496 847 Ξ.
1506 792 1549 846 ξε
1557 784 1648 860 ξιονὲ,
1667 791 1821 852 a,¹i1m.AEti.
1830 818 1931 846 Oasena
1943 820 2094 856 deportatio
2100 819 2164 856 Leg.
2172 827 2217 847 vn.
2231 817 2420 847 Cod.The0d.
2433 816 2468 846 de
2484 808 2489 812 .

1402 854 1634 925 Νιὲιέἕέῑῐὸιξυξς.
1662 899 1698 917 m-
1725 888 1845 925 [Ὀαξιε]
1864 889 1968 916 Flauius
1981 892 2069 918 Cretae
2081 890 2278 928 ieffulaestil‘lus
2289 891 2321 917 ab
2334 890 2467 927 Oaxefih'c

1403 926 1536 962 Apollinis.
1589 927 1667 963 Virg.
1681 926 1735 954 Ecl.
1749 935 1774 960 2,
1796 928 1830 953 66
1856 927 1918 954 Pars
1931 925 2064 957 Scythiam
2083 934 2109 955 et
2127 927 2252 963 rapidum
2265 927 2362 955 Cretae
2375 926 2467 955 verne.

1399 972 1459 990 mus
1481 963 1594 990 Oaxem.
2467 985 2469 988 .
2495 965 2497 970 ‘
2508 975 2510 982 =

1853 1001 1884 1033 O
2005 1000 2029 1032 Β

1442 1052 1504 1075 ΟΒ.
1530 1045 1604 1081 Dm),
1641 1048 1715 1083 ἕπῃ]
1736 1046 2148 1083 Praepos.Accusatiuot‘ungitur‚
2172 1055 2196 1074 et
2209 1048 2340 1084 fignificat
2354 1049 2469 1084 Propter.
2502 1081 2505 1084 ,

1403 1084 1473 1111 Ter.
1489 1083 1570 1110 Andr.
1586 1091 1609 1116 3,
1623 1090 1646 1117 ς,
1662 1094 1677 1117 ⁴
1702 1085 1775 1118 Ergo
1794 1083 1911 1118 pretium
1930 1083 1966 1110 ob
1987 1083 2126 1111 stultitiam
2145 1083 2221 1111 fero:
2253 1084 2296 1111 sed
2311 1084 2428 1112 inultum
2440 1082 2471 1111 id

1400 1128 1537 1154 nunquam
1552 1120 1662 1147 auferet.
1719 1120 1856 1153 Donatus,
1875 1120 1894 1146 i.
1910 1119 2028 1145 Pretium
2041 1119 2176 1146 stultitiae.
2249 1121 2294 1146 Ob
2307 1120 2470 1148 adulterium

1403 1157 1489 1183 caesus
1509 1155 1587 1191 Virg.
1602 1157 1668 1183 Aen.
1683 1158 1709 1189 6,
1725 1159 1778 1184 612.
1852 1155 1896 1182 Ob
1909 1155 2048 1182 auaritiam
2062 1156 2165 1182 laborat
2185 1155 2254 1183 Hor.
2268 1156 2350 1183 Serm.
2358 1165 2378 1191 1,
2390 1158 2468 1217 4326.

2394 1193 2407 1219 Ι
2426 1200 2471 1220 em

1403 1229 1476 1256 Fam.
1490 1238 1512 1261 5,
1527 1237 1535 1254 ι
1555 1228 1739 1255 Εκίίὶίῐηῆωπι
1757 1237 1806 1263 pro
1821 1233 1916 1254 mutuo
1930 1227 2000 1254 inter
2013 1237 2062 1254 nos
2076 1229 2184 1261 animo,
2211 1235 2237 1254 et
2249 1237 2298 1262 pro
2312 1228 2471 1255 reconcilia·

1400 1271 1427 1292 ta
1441 1265 1542 1300 gratia,
1560 1273 1607 1291 nec
1620 1264 1754 1291 absentem
1769 1263 1889 1291 ludibrio
1904 1263 2000 1291 laesum
2016 1264 2052 1290 iri
2066 1273 2125 1297 me,
2146 1273 2194 1290 nee
2207 1264 2347 1291 Metellum
2360 1264 2472 1291 fratrem

1402 1301 1438 1333 ob
1452 1300 1571 1333 dietum,
1598 1301 1683 1335 capite
1702 1309 1731 1328 ac
1752 1301 1870 1328 fortunis
1892 1309 1940 1334 per
1955 1306 1980 1326 te
1994 1306 2177 1335 oppugnatum
2190 1300 2236 1327 iri.
2310 1299 2355 1327 Ob
2368 1299 2471 1327 emolu-

1400 1343 1522 1363 mentum
1534 1336 1644 1370 aliquod
1660 1337 1735 1363 suum
1749 1337 1766 1363 si
1777 1335 1953 1372 quicupidius
1967 1336 2070 1371 aliquid
2084 1336 2174 1363 dicere
2187 1336 2331 1369 videntur,
2350 1335 2385 1363 iis
2398 1335 2472 1363 credi

1955 1372 1998 1399 Ob
2013 1372 2066 1399 hoc
2080 1372 2202 1400 scribon.
2216 1371 2294 1407 Epist.
2307 1382 2332 1407 p.
2346 1381 2366 1399 2.
2386 1372 2405 1402 i.
2412 1379 2472 1407 pro-

1569 1408 1600 1435 Et
1612 1407 1650 1434 ob
1665 1408 1728 1434 haec
1743 1408 1852 1443 quidem
1866 1408 2046 1435 CelsiPraef.
2087 1408 2297 1436 Obindustriam
2317 1408 2401 1436 Plaut.
2412 1408 2471 1436 Cas.

1583 1444 1628 1470 Ob
1650 1444 1736 1471 minas
1749 1444 1840 1470 decem
1853 1445 1988 1479 oppositus
2006 1444 2117 1479 pignori
2142 1445 2213 1472 Ter.
2229 1444 2336 1472 Phorm.
2349 1455 2381 1478 4,
2395 1453 2416 1479 3,
2430 1451 2481 1479 57.‘

1402 1481 1446 1507 Ob
1459 1480 1560 1507 nullam
1573 1480 1685 1507 noxiam
1706 1480 1787 1507 Plaut.
1801 1480 1881 1506 Pocn.
1898 1490 1950 1515 1„1‚
1962 1489 1995 1510 15.
2068 1480 2139 1508 Ter.
2154 1481 2263 1507 Phorm.
2278 1490 2300 1514 3,
2312 1489 2335 1515 2,
2348 1489 2378 1514 4¹
2404 1479 2472 1508 Non

1400 1515 1482 1550 pudet
1494 1516 1636 1543 vanitatis}
1659 1523 1688 1543 Ι).
1709 1516 1839 1549 minime,
1860 1515 1923 1542 dum
1935 1515 1971 1544 ob
1984 1524 2051 1543 rem.
2089 1515 2106 1543 i.
2127 1518 2203 1543 Modo
2222 1516 2250 1542 in
2269 1526 2321 1543 rem
2339 1517 2471 1550 meamſst.

1397 1416 1497 1445 pterea.

1400 1453 1426 1478 2,
1439 1454 1460 1478 §i
1474 1451 1509 1475 58·

261 1550 292 1574 ln
306 1548 370 1573 Μή]
377 1548 508 1583 significat
527 1548 560 1574 0·
585 1547 709 1578 Obtulit,
729 1547 871 1579 Offivilmb
885 1546 962 1580 0¹1³,
979 1544 1084 1578 Omnis,
1105 1546 1237 1579 ΟΡΟΥΜ,
1251 1542 1329 1577 OPfi·
1350 1552 1383 1579 25
1401 1552 1458 1586 Ego
1471 1551 1624 1578 libertatem
1639 1553 1776 1587 experiar:
1808 1560 1903 1579 verum
1917 1551 1944 1578 id
1960 1551 2058 1579 frustra
2069 1561 2103 1579 an
2114 1552 2152 1579 ob
2165 1553 2231 1579 Rem
2246 1551 2359 1583 faciam,
2385 1551 2415 1579 in
2427 1561 2471 1580 ve·
2491 1574 2495 1580 .

261 1592 330 1618 mus,
345 1584 440 1618 Optio,
454 1583 547 1618 Ordo,
568 1583 700 1610 Ostendit.
755 1584 811 1611 OB.
825 1582 911 1610 Obiit.
950 1582 996 1610 OB
1012 1582 1042 1608 C.
1055 1581 1080 1607 S.
1118 1580 1162 1607 Ob
1175 1580 1257 1620 Ciues
1272 1580 1329 1619 Ser-

260 1626 345 1646 vatos
383 1620 438 1646 OB.
452 1620 488 1645 M.
502 1620 530 1646 E.
553 1619 597 1646 Ob
610 1619 708 1646 Merita
724 1620 794 1647 Eius.
846 1619 893 1646 OB
908 1619 945 1647 M.
961 1619 987 1645 P.
1004 1618 1031 1645 Ε.
1046 1617 1077 1644 C.
1115 1616 1159 1643 Ob
1168 1617 1265 1642 Merita
1273 1615 1329 1641 Pte-

260 1655 322 1683 tatis
342 1656 372 1683 Et
392 1655 574 1682 Concordiae.
631 1656 678 1683 OB
710 1657 742 1683 R.
769 1656 797 1683 B.
818 1656 851 1683 G.
890 1654 933 1682 Ob
956 1656 1007 1681 Res
1023 1654 1093 1680 Bene
1113 1652 1211 1680 Gestas.
1248 1652 1282 1678 O.
1296 1651 1328 1678 C.

259 1692 357 1718 Omnis
372 1691 483 1718 Ciuitas.
521 1693 580 1726 Ope
593 1692 723 1723 Consilio,
739 1692 816 1719 Ordo
829 1691 999 1718 clariffimus.
1028 1691 1061 1717 O.
1089 1690 1121 1716 C.
1143 1689 1167 1716 S.
1226 1687 1269 1715 Ob
1284 1688 1329 1714 Ci-

261 1736 306 1754 ves
315 1728 445 1753 Seruatos.
466 1727 663 1761 OC.Occasus,
680 1729 797 1755 Occisus.
805 1729 839 1756 O.
847 1729 880 1754 D.
895 1728 932 1754 M.
953 1728 1058 1761 Opera,
1079 1726 1206 1757 Donum,
1221 1725 1328 1750 Munus.

261 1763 296 1789 O.
310 1763 343 1789 D.
358 1762 381 1789 S.
396 1763 434 1788 M.
455 1763 565 1796 Optime
578 1764 618 1790 De
631 1765 662 1790 Se
677 1764 785 1791 merito.
859 1764 893 1790 O.
908 1764 935 1789 E.
950 1763 978 1789 B.
995 1764 1034 1795 Q
1046 1762 1076 1788 C.
1098 1762 1158 1787 Ossa
1173 1761 1238 1786 Eius
1257 1760 1327 1786 Bene

260 1798 402 1831 Quiescant
417 1798 540 1824 Condita.
578 1799 612 1825 O.
628 1799 656 1825 Ε.
671 1800 702 1826 R.
741 1799 785 1826 Ob
799 1800 863 1825 Eam
876 1797 953 1825 Rem.
991 1799 1025 1824 O.
1045 1797 1074 1824 F.
1084 1797 1158 1831 Opus
1168 1795 1250 1822 Fecit.
1289 1795 1325 1821 O.

261 1835 291 1861 F.
306 1835 339 1861 N.
355 1834 387 1859 D.
412 1834 495 1860 Omni
512 1834 577 1861 Fide
598 1834 714 1861 Numini
730 1834 850 1862 Dedicat.
900 1834 936 1861 O.
959 1834 994 1860 H.
1014 1834 1043 1860 F.
1082 1832 1217 1859 Omnibus
1231 1831 1327 1871 liono-

261 1870 337 1898 ribus
351 1869 484 1901 Fune'l1153
526 1870 677 1897 Oll'narium
700 1871 760 1897 Hoc
774 1870 854 1897 Fecit.
928 1870 962 1897 O.
975 1870 1011 1896 H.
1025 1869 1048 1896 S.
1061 1870 1086 1896 S.
1123 1868 1185 1894 Ossa
1205 1867 1259 1893 Hic
1272 1867 1326 1893 Sita

260 1907 336 1934 Sunt.
409 1905 443 1932 O.
460 1905 489 1932 L.
511 1906 599 1932 Ollam
618 1906 711 1941 Legit,
738 1909 781 1933 vel
795 1905 916 1933 Locauit.
954 1906 1055 1940 Operas
1073 1903 1195 1931 Locauit.
1269 1902 1326 1929 OL.

259 1943 293 1971 D.
308 1943 340 1969 D.
362 1941 452 1968 Ollam
461 1942 541 1968 Dono
549 1942 638 1969 Dedit.
683 1943 717 1969 O.
726 1943 756 1969 L.
769 1943 841 1969 O.C.
877 1942 966 1977 Opere
980 1942 1098 1974 Lot-ato,
1116 1940 1206 1974 Opere
1219 1938 1327 1966 Condu-

260 1978 314 2006 δὶο.
361 1978 396 2004 O.
411 1978 450 2004 M.
489 1978 597 2012 Optime
616 1979 733 2008 Merito,
753 1979 866 2013 Optimo
879 1978 1012 2005 Maximo.
1062 1978 1097 2003 O.
1113 1977 1151 2002 M.
1166 1977 1198 2003 D.
1211 1976 1234 2003 S.
1248 1974 1326 2010 Opti-

259 2023 303 2040 me
316 2013 416 2039 Merito
431 2013 470 2038 De
485 2013 524 2039 Se.
598 2013 631 2039 O.
646 2014 684 2039 M.
698 2014 723 2039 S.
762 2014 874 2046 Optimo
888 2013 1009 2039 Maximo
1029 2014 1146 2039 Sacrum.
1184 2012 1219 2037 O.
1234 2012 1271 2037 M.
1285 2011 1325 2037 T.

261 2048 373 2084 Optimo
393 2047 515 2073 Maximo
529 2046 663 2073 Tonanti.
738 2048 772 2073 O.
793 2049 827 2073 0.
843 2048 921 2073 Ordo
941 2048 1075 2080 Optimus.
1150 2047 1183 2071 Ο.
1203 2047 1230 2070 P.
1250 2045 1327 2082 Opti-

258 2093 317 2112 mus
334 2084 472 2117 Princeps,
500 2083 589 2113 Pater,
610 2083 747 2109 Patronus.
821 2082 856 2108 Ο.
870 2082 895 2108 Ρ.
908 2082 935 2108 F.
962 2082 1076 2115 Optimo
1093 2080 1180 2118 Patri,
1199 2079 1327 2110 Principi,

259 2122 391 2150 Patrono.
411 2119 492 2145 Fecit.
567 2119 620 2145 ΟΡ.
637 2119 750 2153 Opiter,
770 2118 899 2152 Oportet,
920 2116 1073 2152 Oppidum,
1095 2115 1222 2153 Optimo,
1243 2114 1328 2147 Opus,

258 2158 314 2184 ΟΡ.
347 2155 399 2182 ΕΤ
420 2155 444 2181 S.
460 2156 486 2182 P.
525 2154 639 2189 Optimo
663 2155 693 2181 Et
715 2153 812 2181 Sanfio
837 2154 963 2180 Patrono.
1037 2151 1128 2178 OPIC.
1157 2148 1329 2189 Opiconsiua.

259 2193 348 2220 OPIF.
373 2190 495 2225 Opifera.
538 2191 596 2217 OR.
618 2191 656 2218 M.
689 2190 766 2218 Ordo
785 2189 930 2222 Minoris,
959 2187 1132 2216 Ornamentis
1152 2184 1327 2224 Militaribus.

259 2229 327 2255 OSS.
348 2227 497 2259 Osshrimn,
529 2226 690 2253 Oss'uatium.
735 2227 767 2252 O.
786 2226 820 2252 V.
848 2226 961 2262 Optimo
974 2225 1057 2257 Viro,
1090 2222 1215 2258 Optimae
1231 2222 1327 2247 onrl-

259 2265 293 2291 Ο.
307 2265 340 2290 V.
354 2264 385 2290 D.
407 2263 520 2297 Optimo
535 2262 604 2288 viro
618 2262 706 2289 Dedit.
746 2261 778 2288 O.
793 2262 826 2288 V.
840 2261 868 2288 F.
891 2261 1004 2296 Optimo
1019 2261 1089 2287 Viro
1108 2258 1190 2288 Fecit.
1227 2257 1327 2284 Omnia
1339 2269 1374 2296 45
1398 2264 1440 2290 tis.

259 2301 362 2327 Viuens
376 2298 457 2325 Fecit.

296 2337 321 2362 O
329 2355 337 2367 ‚
358 2333 413 2369 [ἦ]
430 2333 538 2360 vocandi
546 2333 705 2367 Interiet'lio,
728 2332 889 2359 Nominatiuo
901 2333 1040 2365 interdum,
1063 2339 1239 2365 nonnunquam
1251 2329 1327 2355 etiam

261 2371 539 2405 Accusatiuogaudens.
589 2369 664 2403 Virg.
674 2370 737 2396 Aen.
749 2379 767 2402 1,
782 2374 824 2399 528
845 2369 870 2395 O
885 2369 976 2403 regina
991 2376 1089 2394 nouam
1101 2367 1144 2393 cui
1159 2365 1274 2406 condere
1281 2372 1327 2406 εἰς.

258 2408 316 2435 Cic.
330 2407 401 2433 Fam.
414 2415 456 2439 ιο,
470 2407 504 2431 26
531 2405 556 2432 O
570 2405 608 2432 mi
622 2405 706 2431 Furni
721 2414 800 2439 quam
820 2411 866 2437 tu,
886 2412 930 2431 ete.
1001 2404 1151 2438 Aliquando
1169 2404 1325 2434 admzrandt,

259 2444 330 2471 Ter.
345 2443 411 2469 Eun.
427 2449 452 2474 2,
465 2450 485 2474 3,
498 2450 510 2472 5
536 2441 562 2468 O
577 2441 672 2467 faciem
687 2438 841 2476 pulchram!
875 2439 952 2466 deleo
971 2448 1064 2466 omnes
1078 2437 1174 2465 dehinc
1187 2446 1220 2464 ex
1234 2436 1325 2463 animo

258 2479 396 2507 mulieres.
453 2478 548 2505 quen.
563 2478 612 2504 Sat.
630 2486 666 2511 ιο,
681 2484 723 2511 ις7
742 2478 767 2503 0
781 2477 866 2511 qualis
880 2476 977 2509 facies,
997 2485 1022 2502 e.
1036 2475 1109 2510 quali
1122 2474 1201 2510 digna
1215 2472 1325 2500 tabella!

261 2513 445 2542 Exclamantis.
500 2514 524 2540 O
538 2513 608 2540 bone
622 2513 692 2540 Deus
711 2513 831 2539 Scribon.
847 2518 885 2544 84.
910 2512 1095 2547 quaefhrmula
1114 2512 1211 2546 quidem
1233 2509 1324 2535 Rhodio

254 2550 367 2588 [uspet‘lu
381 2549 427 2584 est,
453 2558 524 2583 quam
530 2556 602 2584 putat
614 2560 629 2575 a
645 2549 786 2585 Christiano
799 2549 895 2574 homine
906 2548 1054 2583 profetiam.
1125 2547 1193 2574 Ter.
1214 2544 1326 2579 Adelph.

260 2594 286 2620 ς,
300 2596 321 2617 3,
334 2597 347 2618 4
368 2585 393 2612 O
411 2584 527 2612 caelum!
549 2594 566 2612 o
586 2591 672 2617 terra;
693 2594 710 2611 o
724 2585 807 2611 maria
825 2583 960 2619 Neptuni!
997 2584 1067 2612 Ter.
1081 2583 1179 2609 Heaut.
1188 2590 1213 2616 2,
1227 2592 1272 2615 3,3
1299 2581 1324 2608 O

1340 1732 1373 1758 30

1349 1917 1377 1943 35

1339 2083 1376 2109 40

1351 2439 1383 2466 5¹0

1399 1587 1451 1614 stra
1464 1596 1544 1614 manu
1557 1585 1636 1614 situm
1649 1589 1686 1614 est
1703 1588 1803 1615 Sallust.
1818 1589 1875 1623 lug.
1902 1597 1924 1615 e.
1939 1596 1972 1620 31.
2029 1588 2073 1616 Ob
2091 1588 2301 1621 abspluendum,
2321 1588 2367 1616 Ob
2385 1594 2471 1616 tacen-

1400 1623 1481 1657 dum,
1501 1624 1631 1657 etfimilia
1645 1634 1653 1648 :
1675 1626 1707 1650 Vt
1719 1624 1840 1660 absoluat.
1913 1625 1969 1652 Cic.
1984 1625 2062 1651 Verr.
2075 1634 2097 1658 2,
2105 1630 2134 1656 78
2157 1625 2265 1658 Qianto
2278 1624 2345 1651 illud
2357 1624 2473 1660 flagitio·
2502 1652 2506 1654 ,

1401 1660 1451 1687 fius
1461 1680 1469 1693 ,
1489 1659 1659 1695 improbius,
1680 1660 1827 1696 indignius,
1847 1669 1923 1694 eum,
1936 1669 1950 1687 a
1963 1667 2018 1694 quo
2030 1661 2170 1695 pecuniam
2184 1660 2419 1688 obabsoluendum
2431 1666 2477 1688 ae-‘

1400 1696 1520 1758 §3523
1531 1696 1738 1766 582232133‘31’,
1751 1696 2049 1768 ‘'gg-gulaffgffifflfftgss
2058 1697 2472 1769 ¹315⁶3¹¹320v⁰52¹³ss¹1¹2¹¹³55¹2

1400 1773 1453 1793 VA
1467 1772 1489 1793 G
1499 1775 1509 1793 1
1520 1772 1552 1793 ο.
1589 1767 1651 1800 Ob,
1668 1774 1714 1801 pro
1722 1770 1799 1794 Ante.
1870 1769 1953 1795 Plaut.
1968 1769 2029 1795 Mil.
2043 1778 2067 1802 2,
2080 1779 2105 1802 ⁴,
2119 1776 2145 1802 ςι
2177 1769 2258 1796 Nunc
2272 1769 2381 1797 demum
2395 1777 2472 1804 expe-

1400 1803 1461 1830 rior
1475 1802 1511 1829 ob
1523 1803 1617 1829 oculos
1630 1802 1772 1836 caliginem
1785 1802 1860 1836 prius
1873 1803 1942 1829 mihi
1956 1802 2088 1836 obtigisse.
2162 1804 2207 1831 Ob
2214 1806 2306 1832 oculos
2314 1805 2385 1832 mihi
2396 1806 2472 1841 saepe

1399 1847 1474 1865 mors
1487 1838 1589 1865 versata
1602 1837 1638 1864 est
1679 1838 1736 1864 Cic.
1751 1846 1801 1872 pro
1815 1837 1907 1865 Rabir.
1923 1837 1989 1864 Post.
2006 1842 2042 1869 38.
2117 1839 2189 1866 Mihi
2203 1840 2239 1866 ob
2253 1841 2347 1868 oculos
2359 1841 2473 1869 exilium

1397 1875 1519 1901 versatur
1538 1873 1613 1900 Idem
1626 1883 1677 1909 pro
1691 1873 1761 1900 Sext.
1774 1881 1807 1908 47
1828 1883 1849 1902 c.
1864 1883 1900 1900 21.
1974 1872 2018 1900 Ob
2031 1882 2061 1900 os
2076 1874 2176 1902 offusus
2189 1875 2259 1910 ignis
2287 1876 2327 1904 Id.
2340 1876 2372 1903 de
2386 1877 2471 1905 Vniu.

1399 1920 1434 1942 4¹-
1490 1909 1549 1942 Ob,
1570 1919 1620 1945 pro
1635 1909 1690 1945 Ad,
1715 1908 1787 1944 apud
1800 1910 1942 1944 antiquos,
1962 1910 2047 1944 inquit
2072 1910 2138 1937 Fen.
2151 1911 2269 1944 Ennius,
2296 1911 2341 1938 Ob
2354 1913 2471 1940 Romam

1397 1946 1482 1973 noctu
1495 1946 1614 1981 legiones
1626 1946 1732 1973 ducere.
1804 1946 1863 1974 Cic.
1877 1947 1950 1973 Fam.
1964 1954 1991 1979 9,
2005 1947 2034 1972 26
2062 1946 2146 1972 Cuius
2164 1947 2201 1973 ob
2213 1956 2244 1973 os
2262 1947 2341 1974 Graii
2360 1956 2408 1974 ora
2421 1947 2469 1976 ob-

1398 1982 1536 2009 vertebant
1550 1983 1603 2010 sua.
1804 1979 1825 2020 ff
1846 1992 1859 2009 2
1898 1981 1959 2015 Ob,
1985 1981 2015 2007 in
2036 1981 2245 2017 compositione,
2278 1991 2330 2018 pro
2349 1984 2467 2019 Circum,

1392 2019 1499 2044 ,auetore
1512 2018 1603 2047 Festo3
1624 2024 1654 2044 vt
1667 2016 1797 2044 Obfidere
1813 2018 1918 2045 vrbem.
1992 2017 2072 2052 Saepe
2088 2025 2136 2054 pro
2154 2021 2202 2045 Ad
2219 2019 2338 2054 ponitur.-
2371 2019 2405 2046 fic
2418 2020 2465 2048 Oc.

1400 2052 1466 2076 censi
1477 2058 1523 2084 pro
1536 2052 1656 2077 Accenfi.
1686 2052 1843 2079 Obmoueto
1853 2061 1900 2088 pro
1914 2053 2081 2087 Admoueto,
2107 2055 2174 2082 Enn.
2195 2055 2345 2082 occurrere
2356 2062 2402 2091 pro
2417 2055 2459 2085 Ac-

1400 2092 1524 2116 currere,
1543 2085 1649 2110 Luci-et.
1672 2084 1813 2123 Obtulerat
1823 2094 1869 2120 pre
1883 2088 2032 2118 Attulerat,
2051 2090 2139 2116 Catul.
2153 2090 2294 2125 Obligatus
2306 2098 2351 2126 pro
2370 2090 2460 2127 Alliga-

1399 2125 1456 2152 tus,
1477 2120 1547 2146 Hor.
1622 2119 1759 2146 Obstetrxx
1773 2129 1868 2155 quoque
1878 2122 1978 2147 dicitur
1990 2124 2020 2147 ab
2029 2123 2156 2157 Obstare,
2176 2135 2222 2160 quo
2227 2134 2273 2160 pro
2287 2126 2395 2153 Adstare
2412 2127 2463 2161 fiae

1400 2155 1518 2191 adfistere
1528 2162 1623 2182 veteres
1636 2156 1725 2182 Latini
1737 2157 1888 2190 vtebantur,
1918 2158 1972 2184 vid.
1986 2157 2052 2185 Fest.
2072 2160 2114 2186 Sic
2128 2160 2266 2188 ostendere
2279 2162 2314 2198 est
2332 2162 2407 2199 quast
2419 2161 2465 2189 ob.

1399 2191 1535 2225 stendere,
1554 2193 1598 2218 vel
1607 2191 1772 2225 obtendere,
1791 2192 1930 2228 oscillare,
1950 2192 2100 2228 obscissare,
2123 2197 2168 2222 vel
2178 2198 2322 2225 occillare?
2341 2206 2372 2226 vt
2382 2204 2465 2234 netnpae

1396 2234 1443 2263 pro
1456 2226 1497 2254 Ab
1517 2227 1594 2254 etiam
1607 2228 1639 2264 ‘ss
1651 2227 1718 2255 Abs:
1745 2229 1787 2255 Sic
1793 2229 1868 2262 forte
1879 2237 1976 2255 veteres
1988 2230 2038 2256 obs
2048 2238 2094 2266 pro
2108 2232 2145 2258 ob
2158 2233 2186 2258 in
2198 2234 2344 2268 quibusdam
2357 2233 2467 2269 compast-

1517 2264 1663 2299 Aliquando
1678 2272 1760 2292 tannen
1775 2265 1910 2291 Contrarii
1920 2266 1985 2299 quid
1995 2273 2020 2292 et
2034 2268 2106 2292 noxii
2110 2268 2252 2302 fignificat,
2274 2277 2305 2296 vt
2322 2273 2352 2296 in
2372 2269 2467 2304 Obsto,

1399 2299 1536 2327 Obscenus
1547 2320 1556 2334 ,
1580 2299 1691 2327 Obsum.
1747 2301 1876 2327 Interdum
1895 2307 2045 2337 augmenta,
2076 2309 2106 2327 vt
2119 2303 2279 2335 occallesco,
2313 2305 2466 2335 obcalescoz

1396 2336 1521 2362 interdum
1533 2334 1721 2372 depreffionem‚
1740 2342 1772 2363 vt
1783 2336 1914 2364 occumbo
1923 2356 1933 2371 ,
1952 2337 2048 2364 occido
2061 2344 2107 2364 etc.

1817 2391 1847 2423 O
1913 2391 1935 2422 B
2014 2391 2042 2422 A

1436 2441 1457 2463 Ο
1469 2441 1486 2464 Β
1497 2443 1519 2464 A
1529 2441 1547 2463 C
1557 2442 1574 2463 E
1583 2443 1603 2464 R
1612 2443 1628 2464 Β
1640 2443 1673 2472 o,
1693 2440 1748 2465 Ere.
1768 2437 1820 2472 est,
1839 2444 1870 2464 vt
1883 2438 1921 2464 ait
1934 2436 2040 2471 Festus,
2066 2436 2236 2464 Exacerbare.
2477 2458 2480 2463 ,

1436 2479 1457 2500 ο
1470 2478 1486 2499 Β
1497 2479 1519 2499 A
1528 2479 1544 2499 c
1556 2471 1572 2499 ἑ
1583 2481 1601 2500 R
1613 2479 1644 2508 o,
1672 2479 1727 2501 are.
1759 2473 1917 2510 Compefitum
1936 2483 1968 2500 ex
1987 2473 2031 2500 Ob
2046 2481 2070 2500 et
2079 2475 2146 2500 Acus
2155 2494 2164 2507 ,
2188 2473 2286 2505 aceris;
2318 2473 2355 2502 est
2368 2474 2463 2502 auHore

1398 2508 1489 2545 Festo,
1510 2508 1648 2544 Obloqui,
1673 2515 1751 2544 atque
1764 2510 1874 2537 alterius
1888 2509 2038 2537 sermonem
2057 2510 2166 2537 moleste
2184 2509 2326 2544 impedire.
2380 2510 2459 2545 Qud

1398 2546 1514 2572 sumtum
1527 2545 1635 2572 videtur
1647 2555 1661 2572 a
1677 2546 1757 2581 paleis
1767 2567 1775 2580 ,
1796 2555 1861 2581 quas
1876 2545 1971 2573 Graeci
1985 2545 2074 2580 ἄχυρον
2088 2552 2192 2573 vocant.
2235 2547 2285 2572 Sed
2295 2547 2400 2580 tm'rum,·
2410 2545 2460 2581 mfi

1398 2582 1441 2607 hoc
1457 2582 1603 2607 recentioris
1624 2583 1791 2608 Grammatici
1810 2590 1969 2609 commentum
1983 2582 2023 2617 ιβ.
2097 2583 2170 2608 Forte
2191 2581 2251 2616 fuit
2272 2582 2374 2609 verbum
2391 2581 2458 2610 Oba-

260 2621 377 2656 Iupiter!
405 2628 504 2648 tantam
521 2621 598 2647 inesse
612 2622 704 2648 animo
718 2620 867 2647 inscitiam?
908 2620 981 2647 ldetu
994 2619 1101 2647 Phorm.
1116 2628 1141 2651 2,
1156 2627 1181 2651 2,
1195 2626 1217 2650 13
1243 2618 1268 2644 O
1282 2626 1325 2658 au:
1347 2621 1374 2648 53
1399 2617 1518 2648 terhate,
1537 2617 1750 2652 velobacorare,
1768 2617 1863 2652 ὀξύνεω,

409 2658 488 2683 etiam
509 2666 552 2683 me
570 2657 641 2684 vltro
655 2657 803 2683 accusatum
822 2655 953 2683 aduenit?
995 2657 1020 2683 Ο
1033 2665 1107 2682 curas
1128 2653 1284 2682 hominum!
1307 2662 1323 2679 o

906 2692 968 2719 Auli
983 2699 1069 2718 autem
1084 2692 1172 2724 filius,
1191 2700 1209 2718 ο
1225 2691 1261 2717 DI
1277 2689 1325 2715 irn-

927 2729 952 2755 O
970 2727 1145 2754 immoderata
1164 2726 1263 2752 mulier
1284 2724 1322 2751 Id.

280 2657 376 2684 actam!

260 2658 388 2730 ‘duantum
407 2693 443 2720 est
458 2694 484 2719 in
506 2692 583 2719 rebus
602 2694 680 2719 inane
694 2693 776 2719 Persi
790 2699 832 2728 pr.

261 2730 402 2762 mortales,
422 2738 501 2764 quam
513 2729 624 2764 ignauus
646 2729 700 2755 Cic.
716 2729 766 2755 Att.
781 2737 806 2761 1,
824 2733 853 2759 18.

261 2775 312 2801 pro
325 2765 398 2792 Cael.
414 2773 448 2797 53.
522 2765 547 2792 O
561 2764 724 2792 consuetudo
741 2764 879 2799 peccandi,
899 2770 1024 2799 quantam
1038 2763 1118 2789 habes
1132 2762 1325 2789 iucunditatem

1437 2660 1456 2680 ο
1468 2659 1484 2680 13
1499 2660 1521 2680 A
1534 2660 1584 2680 ΕΜ
1595 2661 1615 2681 ν
1627 2661 1642 2680 L
1652 2660 1671 2681 ο
1682 2661 1700 2680 R
1710 2676 1719 2689 ‚
1739 2655 1789 2681 ari.
1828 2652 2000 2680 Obaemulati
2014 2653 2074 2679 sunt
2092 2661 2136 2679 me
2160 2652 2188 2679 in
2202 2662 2256 2680 non
2265 2670 2274 2675 -
2283 2653 2353 2685 deo,
2374 2659 2401 2682 et
2413 2661 2462 2688 ego

1397 2689 1592 2718 obaemulabor
1604 2698 1650 2715 eos
1674 2690 1794 2717 Tertull.
1808 2689 1875 2715 Adu.
1889 2688 1972 2715 Marc.
1986 2698 2010 2721 4,
2018 2698 2039 2720 3¹
2066 2689 2085 2715 i.
2098 2690 2207 2715 irritare
2219 2691 2369 2722 παραξηλέν.

1436 2732 1456 2752 0
1467 2732 1483 2751 Β
1493 2731 1538 2751 ΑΕ
1548 2732 1566 2750 R
1577 2726 1599 2751 Ᾰ
1611 2731 1634 2751 Τ
1646 2732 1667 2752 v
1676 2732 1688 2751 s
1698 2745 1707 2757 ‚
1725 2733 1750 2757 a,
1763 2733 1818 2750 um.
1839 2723 1898 2749 Adi.
1919 2723 2084 2760 [ὑπόχρεως]
2104 2725 2208 2758 dicitur,
2229 2725 2284 2761 Qi
2307 2735 2365 2752 aere
2381 2725 2462 2752 alim

1399 2762 1449 2786 iam
1463 2761 1587 2794 obligatus
1600 2759 1647 2795 est,
1668 2760 1742 2793 quast
1750 2769 1806 2784 aere
1818 2760 1899 2785 aliem
1912 2759 2035 2795 ulst›·i1‘7us
2072 2767 2097 2786 et
2109 2762 2204 2787 debitor
2218 2769 2354 2797 operarum.
2401 2760 2474 2790 Liu..

262 2803 292 2828 in
306 2800 437 2835 improbis
451 2805 477 2827 et
491 2801 648 2834 audacibus,
666 2810 748 2836 quum
763 2809 846 2835 poena
862 2800 962 2835 abfuit,
983 2800 1122 2826 etlicentia
1138 2797 1274 2825 consecuta
1289 2796 1325 2822 est
1338 2799 1374 2824 60
1399 2798 1439 2828 26,
1452 2804 1489 2828 40
1511 2797 1634 2828 Quatuor
1647 2795 1734 2822 millia
1748 2793 1891 2821 hominum
1903 2802 1977 2823 erant
1991 2782 2063 2822 milii
2079 2806 2110 2823 ex
2125 2798 2201 2824 omni
2215 2797 2380 2830 colluuione,
2400 2805 2463 2824 exu-

262 2838 320 2865 cic.
336 2838 412 2863 Verr.
426 2846 449 2871 ς,
463 2846 482 2872 3,
495 2839 534 2869 76.
604 2837 681 2872 Apul.
697 2837 775 2871 Apol.
791 2844 845 2872 327,
862 2846 884 2868 33
903 2838 928 2863 O
944 2836 1038 2861 infelix
1053 2841 1158 2861 vterum
1174 2841 1257 2873 tuum,
1278 2832 1325 2858 Pu-

262 2872 384 2902 dentilla!
406 2882 423 2899 o
437 2872 559 2899 sterilitas
574 2873 666 2900 liberis
681 2873 783 2907 potior!
806 2882 823 2900 0
835 2873 942 2900 infausti
958 2871 1048 2898 decem
1064 2870 1177 2896 menses!
1210 2878 1227 2896 ο
1241 2875 1326 2901 ingra-

263 2911 285 2938 ti
306 2909 505 2944 quatuordecim
526 2910 587 2936 anni
609 2909 766 2937 viduitatis!
805 2911 863 2935 Cum
883 2909 972 2945 affl-flu
987 2908 1157 2944 affueramis.
1206 2940 1211 2945 .
1254 2905 1325 2931 Ter.

262 2945 345 2972 Andr.
361 2955 379 2977 v,
393 2953 414 2978 ς,
428 2949 457 2976 48
484 2945 508 2971 O
523 2945 616 2976 Mysis,
637 2945 730 2979 Myfis,
749 2945 830 2973 ctiam
845 2954 913 2971 nunc
929 2943 996 2971 mihi
1015 2943 1109 2978 scripta
1125 2942 1171 2968 illa
1186 2940 1255 2967 dieta
1269 2941 1328 2966 sunt

263 2982 292 3009 in
306 2981 398 3008 animo
412 2979 544 3011 Chrysidis
559 2980 591 3007 de
604 2982 740 3013 Glycerio.

262 3018 367 3044 minum
383 3022 500 3049 mentes,
524 3025 541 3042 ο
554 3016 660 3050 ρεὲὶοτε
674 3026 748 3044 caeca
768 3019 874 3045 Lucret.
889 3026 920 3049 2,
935 3026 972 3050 ¹4·
1046 3016 1070 3042 Ο
1085 3015 1179 3041 misera
1196 3014 1266 3040 vitae
1286 3021 1325 3052 ra-

263 3054 305 3080 tio
320 3052 429 3080 Pseudo.
449 3051 506 3078 Cic.
520 3058 607 3087 anteq.
629 3053 680 3079 iret
693 3053 720 3078 in
738 3054 798 3081 exil.
816 3063 855 3087 30.
929 3054 954 3080 O
969 3061 1047 3087 quam
1062 3051 1169 3085 indigna
1181 3056 1326 3085 perpeteris

264 3089 334 3125 Nep.
351 3098 388 3122 ¹9,
405 3096 438 3122 4,
453 3096 474 3120 3.
549 3089 574 3114 O
598 3088 774 3124 spectaculum
794 3090 839 3116 vni
854 3090 944 3117 Crass‘o
958 3088 1103 3115 iucundum
1114 3107 1121 3120 ‚
1148 3086 1258 3113 caeteris
1272 3093 1326 3111 nou

264 3126 329 3153 item
351 3125 407 3151 Cic.
423 3126 475 3151 Att.
489 3133 511 3158 2,
524 3133 557 3152 2¹.
627 3124 664 3151 td.
682 3127 734 3151 Att.
750 3133 768 3157 ι,
782 3128 806 3151 ι6
833 3126 857 3152 O
872 3126 908 3152 DI
923 3125 1001 3152 boni!
1028 3134 1083 3151 rein
1100 3123 1229 3158 perditam
1244 3122 1249 3149 ἒ
1287 3123 1326 3161 (ν-

265 3162 381 3188 ridentis.
425 3160 482 3187 Cic.
501 3160 534 3187 de
549 3160 655 3194 Amicit.
675 3163 707 3193 46
754 3161 778 3186 O
792 3161 951 3195 praeclaram
967 3161 1134 3195 sapientiam:
1160 3160 1241 3186 solem
1255 3166 1328 3184 ennn

266 3207 281 3224 e
293 3196 394 3224 mundo
408 3196 502 3223 tollere
515 3195 656 3232 videntur,
677 3196 723 3232 qui
737 3197 882 3222 amicitiam
896 3205 910 3222 e
923 3197 977 3223 vita
992 3197 1098 3223 tollunt.
1172 3196 1196 3222 O
1216 3194 1328 3230 praecla-

267 3242 328 3260 rum
352 3231 486 3259 custodem
513 3232 626 3266 ouium,
663 3239 692 3260 vt
711 3232 801 3265 aiunt,
840 3233 930 3266 lupum
968 3233 1025 3258 Cic.
1041 3232 1155 3266 Philipp.
1170 3241 1200 3265 3,
1221 3241 1247 3263 e7
1269 3238 1327 3256 (ΛΙ-

268 3269 424 3295 Exultantis.
460 3268 620 3295 Ter.Andr.
637 3279 655 3302 r,
672 3280 690 3300 1,
703 3275 735 3304 78
757 3269 782 3295 O
797 3268 896 3295 factum
912 3267 995 3299 bene,
1016 3268 1094 3294 beasti
1110 3278 1162 3295 me.
1236 3268 1261 3294 O
1275 3274 1328 3292 ter-

267 3304 443 3337 rambeatam‚
458 3313 525 3339 quae
543 3303 619 3331 illum
633 3304 766 3340 exceperit
785 3305 842 3333 Cic.
863 3313 912 3339 pro
932 3304 1027 3330 Milon.
1045 3308 1098 3329 ¹06.
1171 3305 1196 3330 O
1211 3303 1242 3338 fi,
1269 3302 1329 3334 aefi-

268 3341 381 3366 deramis
399 3341 535 3375 pur-titula.
607 3340 683 3376 Virg.
698 3342 762 3367 Aen.
779 3349 810 3374 ιι,
824 3349 863 3374 4¹5
892 3341 1061 3373 Quamquam
1081 3349 1097 3365 o
1111 3339 1127 3365 si
1145 3340 1235 3364 solitae
1255 3338 1329 3372 quid-

269 3383 349 3410 quam
364 3375 470 3402 virtutis
484 3376 586 3403 adesset.
659 3378 723 3404 loia.
737 3383 761 3410 8,
777 3380 827 3409 560
848 3377 873 3403 O
888 3374 955 3402 mihi
970 3376 1127 3409 praeteritos
1142 3375 1237 3400 referat
1255 3375 1271 3399 fi
1288 3375 1327 3400 Iu-

269 3411 340 3446 piter
352 3419 443 3436 annox-
502 3412 584 3439 Ouid.
599 3412 677 3447 Epist.
693 3420 719 3444 t,
733 3421 746 3442 5
778 3413 803 3439 O
822 3412 924 3439 vtinam
938 3418 1010 3441 tunc,
1026 3420 1107 3445 quum
1128 3410 1326 3436 Lacedaemona

269 3446 342 3473 classe
356 3446 473 3479 petebat,
510 3448 629 3475 Obrutus
650 3447 746 3474 insanis
765 3449 824 3474 esset
839 3448 940 3474 adulter
960 3446 1044 3480 aquis.
1118 3448 1159 3479 Ο,
1187 3445 1326 3471 intev-iftslio

270 3488 368 3517 repente
379 3482 490 3515 stu-cufi.
562 3485 630 3511 Ter.
646 3484 728 3511 Andr.
740 3487 823 3519 4,6,7
844 3485 869 3510 O
882 3484 960 3515 Mysis
974 3483 1051 3509 salue.
1078 3490 1104 3510 c.
1126 3482 1210 3509 saluos
1226 3481 1255 3508 sis
1269 3481 1329 3507 Cri-

270 3524 308 3543 to.

270 3551 351 3587 phile.
426 3553 450 3579 O
463 3554 527 3588 quid
541 3556 595 3589 agis
617 3557 684 3583 Hor.
700 3556 789 3582 Carm.
805 3565 825 3588 ι,
841 3565 874 3590 14,
888 3565 908 3582 2.
981 3556 1023 3587 Ο,
1041 3563 1085 3590 pao
1104 3556 1211 3581 Vtinam.

270 3589 325 3615 Ecl.
340 3596 363 3620 2,
377 3593 405 3616 28
427 3589 451 3614 O
465 3595 565 3616 tantum
580 3591 658 3618 libeat
672 3601 777 3618 mecum
798 3591 848 3619 tibi
862 3590 965 3619 sordida
979 3600 1050 3617 rura.

270 3623 390 3650 habitare
405 3625 479 3650 casas.
514 3626 530 3650 ἱ.
551 3626 649 3653 utinam
662 3628 748 3655 libeat.
946 3625 966 3665 ff
992 3637 1005 3654 2
1043 3625 1166 3661 Obserua,
1195 3629 1231 3659 Ο,
1249 3627 1326 3651 inm·-

271 3662 329 3686 dum
342 3665 453 3692 tacetur,
473 3663 702 3698 quumAecusatitm
710 3663 834 3698 iungv'eur.
891 3662 960 3689 Ter.
977 3663 1043 3689 Eun.
1060 3673 1079 3695 3,
1098 3672 1115 3694 ·‚
1131 3669 1158 3692 28
1179 3663 1327 3688 Hominem

271 3694 406 3735 perditum
425 3696 616 3731 misc-rumque,
639 3703 665 3725 ct
679 3698 754 3725 illum
770 3698 932 3734 sacrilegum.

1252 3554 1328 3588 virg.

1108 3591 1192 3625 Atque
1212 3590 1327 3617 humiles

272 3739 309 3758 ris
331 3731 445 3765 stuporis
466 3732 514 3757 esse
533 3731 585 3758 hoc
607 3733 689 3760 modo
708 3735 912 3768 pronunciatum
939 3733 997 3761 Cic.
1012 3734 1043 3760 ad
1060 3734 1174 3760 Atticum
1198 3753 1204 3761 .
1226 3754 1232 3761 .
1255 3754 1260 3760 .
1281 3734 1325 3760 Mu.-

272 3766 413 3798 misernm,
440 3775 486 3792 cur
495 3776 549 3793 non
560 3768 638 3795 ades?
677 3771 718 3802 O,
733 3770 848 3805 sequente
864 3771 1089 3804 Vocalialiquanwo
1101 3777 1153 3804 prm
1166 3771 1261 3802 uritur,
1280 3770 1327 3793 ufl-

257 3803 370 3837 ..quando
383 3802 529 3836 corripitur.
600 3804 709 3831 Tibull.
724 3814 746 3835 2,
761 3815 785 3839 4,
800 3815 813 3838 7
840 3806 865 3832 Ο
879 3815 929 3841 ego
942 3815 994 3832 non
1011 3805 1111 3840 possum
1131 3813 1216 3832 tantos
1232 3805 1327 3831 sentite

272 3838 386 3865 dolores.
447 3838 533 3877 'Conf-
547 3839 628 3866 Ouid.
643 3840 721 3874 Epist.
737 3850 754 3872 1,
771 3850 791 3871 5.
847 3841 921 3877 Virg.
935 3842 1021 3873 Ecla,
1030 3847 1060 3876 05
1081 3841 1126 3868 Te
1135 3841 1280 3874 Corydon,
1300 3840 1325 3866 O

274 3874 366 3906 Alexi,
385 3871 466 3900 trahit
480 3872 523 3898 sua
538 3883 669 3909 quemque
687 3876 816 3910 voluptas.

733 3939 762 3969 O
853 3939 878 3969 A

313 3988 333 4007 0
346 3978 392 4021 (iR
403 3980 476 4008 i‘oN
489 4001 497 4013 ,
522 3981 590 4008 onis.
604 3991 639 4008 m.
660 3983 677 4010 i.
693 3984 778 4009 Orion.
811 3984 867 4011 Vid.
881 3984 965 4012 Rutil.
981 3995 1002 4020 1,
1015 3987 1068 4019 637.
1104 3984 1200 4013 Catuli.
1215 3987 1251 4021 67
1262 3992 1328 4013 extr.

275 4017 414 4044 Proximus
429 4017 589 4049 Hydrochoi
603 4017 703 4052 fulgeat
718 4019 833 4047 Oarion.

814 2982 929 3008 derem
954 2979 1066 3016 tstantix
1078 2999 1087 3012 ,
1112 2979 1137 3005 O
1152 2978 1258 3004 miseras
1278 2976 1323 3002 ho·
1337 2980 1367 3011 63

1341 3163 1377 3191 70

1344 3346 1376 3375 73

360 3517 421 3544 lbicl.
436 3527 453 3550 ι,
474 3526 496 3550 5,
516 3527 544 3549 32
572 3521 639 3553 Qus
652 3518 695 3546 hic
713 3520 849 3554 loquitur?
886 3518 963 3551 Mysss
978 3519 1055 3545 salue.
1075 3525 1110 3546 M.
1132 3519 1156 3545 O
1172 3520 1239 3545 salue
1257 3519 1327 3544 Pam-
1341 3529 1373 3554 30

995 3701 1070 3725 Dum
1087 3699 1219 3732 Donatus,
1246 3698 1366 3739 maio-83

1339 3895 1375 3920 90

1398 2832 1450 2864 les,
1469 2830 1597 2858 obaerati.
1671 2831 1742 2857 Caes.
1758 2831 1786 2858 B.
1802 2832 1833 2858 G.
1849 2841 1888 2864 ¹2⁴
1910 2832 2011 2859 Omnes
2023 2831 2181 2866 obaeratos,
2207 2842 2324 2867 quorum
2336 2841 2462 2869 magnum

1398 2875 1539 2894 numerum
1554 2865 1683 2899 habebat,
1721 2866 1860 2894 conduxit.
1935 2869 2009 2902 Conf.
2026 2869 2104 2896 Varr.
2127 2869 2158 2896 de
2171 2870 2201 2896 R.
2220 2871 2251 2897 R.
2268 2878 2288 2902 ι,
2305 2878 2337 2902 ¹7.
2393 2871 2462 2896 Com·
2494 2877 2498 2885 s

1394 2911 1451 2939 par.
1524 2903 1615 2930 Tacit.
1636 2904 1704 2930 Ann.
1718 2906 1750 2938 6,
1766 2913 1807 2938 17,
1821 2913 1840 2938 4
1873 2905 1983 2938 Qtanto
1996 2905 2056 2939 quis
2074 2905 2229 2933 obaeratior
2247 2905 2353 2941 aegrius
2369 2904 2463 2934 dinn-
2478 2903 2481 2914 '

1395 2939 1503 2967 hebant.

1433 2983 1452 3002 o
1465 2982 1482 3002 Β
1493 2981 1544 3003 AG
1554 2983 1564 3003 ι
1577 2981 1600 3003 'r
1613 2982 1633 3003 0
1643 2994 1651 3006 ,
1681 2979 1734 3002 are.
1773 2975 1901 3010 Obstant,
1936 2975 2135 3013 obstrigiuant,
2172 2977 2311 3013 obagitant
2330 2978 2397 3005 Enn.
2416 2980 2464 3014 ap.

1397 3013 1470 3041 Non.
1486 3022 1507 3045 2,
1520 3015 1577 3043 605-
1636 3013 1758 3048 Obigitat
1769 3020 1815 3048 pro
1829 3013 1970 3048 anteagitat
1983 3014 2049 3041 Fest.

1436 3056 1456 3075 O
1470 3054 1486 3075 Β
1500 3055 1555 3076 ΑΜ
1571 3054 1587 3075 Β
1599 3046 1646 3075 x's‘l.
1658 3056 1695 3082 Ο,
1724 3054 1777 3076 Ere.
1815 3049 1968 3083 berquerias,
1992 3050 2133 3083 περιοδεῦυ,
2158 3053 2272 3085 περίειμι]
2298 3049 2335 3078 est
2353 3051 2404 3084 (vt
2422 3049 2462 3077 ai!

1396 3085 1503 3118 Festus)
1527 3085 1674 3113 Aduersum
1694 3084 1761 3112 alios
1775 3086 1927 3119 ambulare,
1952 3092 1978 3113 et
1991 3086 2061 3122 quali
2082 3086 2228 3114 ambulanti
2245 3087 2296 3114 sese
2310 3094 2463 3121 opponere:

1398 3121 1440 3157 1:st
1453 3122 1526 3146 etiam
1536 3121 1632 3156 suasum
1647 3122 1757 3157 deorsum
1773 3123 1826 3153 ire,
1846 3122 1995 3150 Cim-mire.
2067 3123 2148 3150 Plaut.
2163 3123 2244 3150 Merc.
2257 3132 2285 3156 4,
2294 3131 2322 3155 4,
2337 3131 2369 3149 20
2393 3122 2460 3149 Sane
2479 3142 2484 3150 .

1398 3156 1449 3183 hoc
1465 3166 1518 3183 non
1532 3157 1560 3183 in
1575 3164 1693 3184 mentem
1708 3158 1796 3193 venit,
1813 3157 1913 3184 dudum
1927 3164 1955 3186 vt
1968 3158 2062 3185 vrbem
2077 3158 2232 3185 obambulo.
2283 3158 2359 3185 Solus
2367 3157 2462 3185 obam-

1398 3192 1470 3220 bulat
1488 3193 1542 3227 ipse
1570 3194 1652 3221 Ouid.
1672 3193 1756 3221 Trist.
1773 3203 1804 3227 2,
1828 3202 1888 3227 459.
1961 3194 2151 3221 Gemcbundus
2170 3193 2325 3221 obambulat
2349 3195 2461 3222 Aetnam

1396 3229 1469 3256 Idem
1484 3230 1547 3256 Met.
1563 3239 1599 3262 14,
1614 3236 1662 3260 188-
1719 3230 1927 3258 Obambulantes
1946 3236 2005 3257 ante
2018 3230 2116 3257 vallum
2130 3238 2273 3265 portasque
2291 3231 2353 3258 Liu.
2367 3239 2406 3263 25,
2421 3239 2461 3264 39.

1400 3264 1580 3292 Obambulare
1595 3266 1678 3292 muris
1699 3266 1772 3293 Idem
1786 3269 1825 3299 36,
1840 3276 1874 3297 34.
1948 3264 2142 3299 Obambulare,
2157 3273 2203 3301 pro
2216 3267 2346 3300 Insidias-i.
2384 3267 2462 3301 Virg.
2484 3280 2486 3285 v
2501 3286 2503 3296 .

1400 3302 1495 3335 Georg.
1506 3310 1528 3333 3,
1538 3308 1579 3333 538
1595 3302 1659 3328 Non
1673 3302 1762 3337 Lupus
1776 3302 1880 3329 infidias
1891 3301 2011 3336 explorat
2023 3303 2108 3329 ouilia
2122 3303 2237 3336 circum,
2262 3303 2319 3329 Nec
2334 3301 2462 3338 gregibus
2494 3324 2498 3332 ,

1400 3337 1544 3364 ηοᾶιιτηιιε
1559 3337 1720 3365 obambulat.
1757 3339 1774 3365 ι’.
1796 3337 1944 3365 insidiatur.
1964 3338 2080 3365 Seruius.
2116 3338 2312 3371 Obambubre,
2342 3347 2387 3374 pro
2405 3340 2460 3364 Vna
2478 3355 2481 3368 .

1400 3373 1545 3406 iunfffimque
1560 3375 1694 3400 ambulare.
1767 3375 1836 3401 Suet.
1856 3373 1955 3400 Tiber.
1973 3384 1996 3399 c.
2017 3384 2042 3403 25
2061 3383 2126 3401 extr.
2157 3375 2186 3401 Et
2202 3376 2333 3401 secretum
2348 3373 2462 3410 petenti,
2480 3377 2497 3391 *¹

1401 3406 1504 3436 nonnisi
1521 3407 1643 3435 adhibito
1658 3411 1743 3437 Druso
1757 3409 1831 3441 filio,
1865 3409 1953 3444 dedit,
1986 3411 2158 3446 dextramque
2179 3411 2391 3445 obambulantis,
2413 3417 2471 3437 ve·⁴

1399 3446 1449 3473 luti
1466 3444 1634 3478 incumbens,
1651 3446 1736 3479 quoad
1752 3451 1921 3480 perageretur
1935 3447 2032 3480 sermo,
2051 3447 2193 3474 continuit.

1437 3489 1457 3509 ο
1471 3487 1486 3508 Β
1499 3487 1548 3506 ΑΜ
1563 3486 1579 3506 Β
1594 3487 1612 3505 ν
1626 3489 1640 3506 ι,
1654 3489 1675 3507 Α
1688 3488 1771 3513 Τιο,
1792 3481 1860 3506 onis.
1899 3481 1917 3506 s.
1958 3482 2140 3517 [περινὸςησις]
2168 3483 2270 3510 Αιιόἱοι·
2288 3481 2319 3507 ad
2336 3482 2468 3510 Hei-enm·
2486 3486 2487 3489 ’

1398 3527 1410 3555 3
1430 3527 1451 3544 e.
1469 3526 1495 3550 ¹9
1531 3517 1708 3543 Commodius
1722 3516 1756 3543 est
1771 3517 1797 3542 in
1822 3516 1964 3551 derclh‘la,
1989 3527 2068 3552 quam
2088 3519 2115 3545 in
2134 3518 2231 3545 celebri
2253 3517 2363 3553 regione
2382 3518 2456 3546 locor
2511 3516 2517 3525 “

1397 3560 1563 3588 comparare:
1582 3559 1718 3586 propterea
1733 3551 1804 3587 quod
1822 3553 1973 3587 frequentia
1991 3562 2016 3581 et
2035 3554 2218 3582 obambulatio
2237 3554 2380 3581 hominum
2393 3563 2456 3582 con·

1397 3591 1502 3622 turbat,
1522 3595 1547 3615 et
1561 3588 1678 3614 infirmat
1694 3588 1840 3622 imaginum
1856 3597 1939 3617 notas.

1434 3633 1453 3653 0
1464 3631 1480 3651 Β
1494 3632 1515 3652 Α
1528 3631 1549 3651 Μ
1565 3629 1580 3650 13
1590 3630 1609 3648 v
1621 3630 1635 3649 ιΔ
1646 3625 1666 3650 A
1676 3630 1697 3650 τ
1712 3631 1731 3650 0
1745 3631 1761 3651 n
1771 3646 1779 3656 ‚
1806 3624 1869 3650 oris.
1890 3634 1926 3651 m.
1946 3626 2025 3654 Mart.
2039 3625 2141 3662 Capell.

1432 3668 1452 3688 o
1466 3667 1544 3688 ΒΑΜ
1557 3664 1572 3686 Β
1589 3666 1722 3687 VLATR
1737 3668 1743 3686 1
1758 3668 1792 3692 x,
1813 3661 1869 3686 icis.
1890 3662 1908 3688 f.
1931 3662 1999 3689 Gen.

1436 3704 1456 3724 o
1470 3703 1485 3724 B
1497 3703 1545 3725 AR
1557 3702 1599 3722 DE
1611 3702 1630 3721 o
1643 3717 1651 3726 ,
1676 3700 1734 3722 ῖηη
1755 3699 1797 3720 vr!
1817 3703 1835 3723 o
1849 3702 1865 3722 Β
1877 3704 1924 3724 sxa
1938 3703 2034 3724 urse
2047 3703 2084 3730 ο,
2105 3697 2158 3723 ἔτι.
2195 3695 2388 3733 Toruaclypei
2399 3706 2453 3726 me-

1396 3734 1507 3760 tuendus
1523 3731 1617 3758 obarsit
1642 3733 1711 3758 Luce
1727 3733 1808 3763 Dryas
1824 3733 1884 3759 Stat.
1898 3734 1990 3760 Theb.
2005 3743 2030 3766 9,
2043 3734 2098 3764 856.

1436 3775 1456 3796 0
1470 3776 1485 3796 Β
1499 3776 1516 3795 Α
1528 3776 1546 3795 R
1558 3775 1571 3794 Ε
1582 3774 1593 3792 s
1603 3773 1619 3793 C
1629 3775 1648 3793 0
1660 3789 1668 3799 ,
1705 3770 1759 3794 erc.
1798 3768 1914 3795 saciant.
1937 3769 1968 3795 de
1982 3769 2055 3803 Opis.
2071 3766 2121 3793 Dei
2168 3776 2190 3793 c.
2203 3776 2230 3794 10
2272 3769 2348 3796 Acies
2370 3769 2451 3801 enim,

1398 3814 1476 3839 quam
1490 3802 1576 3831 siccari
1593 3810 1616 3829 et
1631 3803 1782 3831 obarescere
1798 3814 1852 3831 non
1865 3812 1988 3840 oportet,
2005 3804 2054 3830 nifi
2073 3803 2186 3829 humore
2198 3803 2294 3830 assiduo
2308 3806 2373 3832 tersa
2387 3812 2450 3840 pure

1398 3842 1495 3873 niteat,
1515 3839 1661 3867 obsolescit.
1718 3843 1755 3866 De
1768 3842 1888 3866 oculatum
1902 3842 1953 3866 acie
1965 3841 2088 3874 loquitur,
2108 3839 2158 3864 alii
2171 3841 2220 3874 leg.
2240 3841 2365 3868 arescere.

1435 3883 1455 3903 o
1470 3883 1486 3903 Β
1498 3875 1541 3903 XR
1555 3881 1591 3907 O,
1614 3880 1665 3902 Ere.
1686 3875 1837 3911 [περιαρᾶω]
1859 3877 2053 3906 (Σῐνπηηικινινε,
2073 3875 2227 3900 velArmu'o
2235 3877 2352 3903 excolere.
2390 3875 2448 3903 Liu-

1397 3921 1435 3946 2.,
1455 3922 1478 3943 =9
1499 3912 1529 3938 Et
1544 3920 1625 3946 quum
1641 3912 1725 3938 hostes
1739 3910 1900 3944 obarassent,
1920 3910 2050 3945 quidquid
2066 3909 2172 3936 herbidi
2186 3911 2287 3937 terreni
2300 3919 2374 3938 extra
2392 3919 2449 3938 mu·

1397 3958 1457 3975 rum
1472 3953 1543 3978 erat,
1564 3955 1688 3982 raporum
1705 3948 1791 3974 semen
1806 3947 1955 3974 iniecerunt
1966 3966 1974 3977 ‚
1992 3952 2031 3978 vt,
2048 3953 2095 3972 ete.
2146 3949 2147 3954 ¹
2463 3955 2465 3957 ·

1435 3990 1454 4010 o
1467 3989 1483 4010 Β
1496 3990 1517 4008 Α
1527 3989 1544 4007 κ
1558 3985 1579 4008 Α·
1591 3990 1611 4008 'r
1623 3989 1642 4009 ο
1655 3990 1671 4009 n
1687 4005 1693 4015 ‚
1709 3985 1772 4009 oris.
1794 3992 1828 4008 m.
1850 3983 1921 4009 Seru.
1935 3982 2033 4014 Georg.
2048 3990 2066 4014 ι,
2082 3990 2106 4008 21
2132 3991 2163 4008 ex
2175 3981 2259 4010 Fabio
2273 3982 2387 4016 Pictore,
2395 3981 2448 4009 rta-

1395 4020 1496 4047 minem
1510 4018 1647 4046 Cerealem
1660 4019 1790 4047 inuocaffe
1803 4019 1887 4045 Deum
1901 4017 2078 4045 obaratorem.
2446 4038 2450 4044 ,

2333 4059 2352 4080 0
2362 4058 2378 4079 B
2388 4058 2410 4078 Α
2417 4058 2448 4078 R·
2467 4072 2469 4074 -
