2517 4231
46 190 125 232 ⁷405
473 172 519 216 N
573 172 612 215 A
664 170 703 214 V
1570 170 1615 212 N
1672 172 1712 212 A
1768 170 1807 212 V
2143 178 2224 229 406

86 274 111 296 N
121 263 377 299 AV119RKGVS,
395 273 427 297 a,
446 272 502 292 um.
540 263 600 292 Adi.
638 259 775 302 [νηυηγρς]
813 260 895 288 Ouid.
910 258 994 300 Trin,
1007 269 1029 290 ς,
1042 266 1066 295 8,
1080 269 1100 288 ιι
1161 265 1285 301 exerce-n
1321 262 1442 302 quamuis
1464 266 1559 289 nautae
1576 261 1741 302 appellantur
1762 269 1872 296 omnes,
1898 263 1944 297 qui
1965 265 2039 293 nauis
2059 265 2224 302 nauigandae

48 303 111 332 Vidi
123 312 172 338 ego
186 303 363 337 muifmgum,
375 301 421 336 qui
433 301 746 334 riserataequoremergi.
818 298 926 332 Aequor
934 296 1101 332 uatusragum
1161 297 1234 324 causa
1248 304 1276 322 in
1288 307 1349 324 naui
1365 299 1437 326 sunt:
1474 297 1518 325 sed
1536 297 1567 324 de
1581 305 1729 325 exercitorc
1744 297 1912 325 solummodo
1925 300 2031 328 Praetor
2045 303 2131 330 sentit.

47 339 144 367 Auson.
155 339 232 374 Epist.
240 347 266 374 7,
280 347 322 371 ⁴0·
392 337 501 363 Fretum
513 335 680 369 nauifragum
706 331 786 360 Ouid.
801 332 865 359 Met.
874 340 920 366 14,
932 334 957 359 6.
1031 333 1100 360 Noti
1200 337 1223 358 N
1233 337 1285 357 AV
1297 339 1304 358 1
1315 339 1335 359 G
1346 340 1367 360 A
1379 341 1447 361 Tio
1457 354 1465 367 ,
1485 334 1554 360 onis.
1580 333 1599 360 s.
1635 333 1779 369 [nuntia]
1818 333 1872 359 Cic.
1886 333 1917 360 de
1932 335 1988 362 Fin.
1998 347 2019 369 5,
2035 341 2061 365 1(-
2091 340 2126 364 Vt
2141 337 2223 365 medi.

45 375 179 410 nauisragi
192 375 246 401 vim
259 373 379 409 perferre
410 372 531 399 Prudent.
545 369 644 398 aduers.
657 367 802 401 symmach.
817 377 841 402 1,
853 376 877 403 9.
948 368 1010 395 Saxa
1036 369 1098 396 Stat.
1162 367 1219 394 cina
1234 367 1407 403 valetudinis,
1428 369 1605 404 nauigationis
1619 369 1793 404 gubernatio:
1830 368 1862 395 s1c
1876 369 1986 396 viuendi
2001 380 2042 397 ars
2062 373 2097 399 cst
2109 374 2222 408 pruden-

48 409 141 438 Theb.
156 417 179 443 ς,
193 418 232 444 4¹·
303 408 467 442 Scylacaeum
493 407 568 442 Virg.
582 406 647 433 Aen.
661 413 688 438 5,
702 411 752 436 ς53.
913 438 919 443 ·
1123 404 1138 431 5
1161 403 1206 429 tia.
1281 402 1353 442 Idem
1367 405 1437 431 Fam.
1454 415 1491 438 15,
1513 415 1532 432 ιι
1563 405 1635 440 Ego,
1661 405 1678 432 fi
1694 414 1735 432 me
1749 404 1885 440 nauigatio
1900 414 1953 431 uon
1967 406 2132 439 morabitur,
2157 418 2223 442 quae

82 451 106 472 N
117 452 140 473 A
151 452 172 472 v
183 451 200 472 F
212 446 345 472 RAGAL
356 451 365 471 1
376 451 389 471 S
405 464 416 479 ‚
435 452 458 472 e.
483 442 546 471 Adi.
562 440 662 476 Insulae
675 439 805 476 epitheton.
839 438 1071 475 Martian.Capell.
1083 442 1099 467 6
1162 436 1315 464 incurrebat
1330 447 1357 464 in
1372 440 1439 473 ipsos
1455 441 1565 474 Etefias,
1584 441 1739 476 propediem
1761 447 1785 467 te
1796 461 1804 474 ,
1825 446 1853 467 vt
1866 442 1942 475 spero
1952 460 1960 472 ,
1985 441 2091 469 videbo.
2166 445 2223 471 Cic.

47 481 174 516 Capraria
190 480 358 515 naufragalis,
1161 474 1199 506 Q
1211 473 1279 499 Frat.
1295 481 1320 503 Ζ,
1335 483 1348 504 ς
1380 475 1465 502 iidem
1484 477 1588 503 aiebant
1607 477 1731 503 nuntiare
1753 483 1777 503 te
1791 476 1878 512 prima
1892 476 2064 511 nauigatione
2077 478 2126 505 effe
2140 486 2223 506 traus-

82 519 361 550 NAVFRAGlosvs,
380 524 412 550 a,
430 523 485 543 um.
517 511 578 540 Adi.
605 510 697 539 Claud.
706 510 828 539 Mamert.
837 510 869 538 de
877 511 948 538 Statu
957 511 1070 545 Anim.1‚
1079 520 1098 538 1.
1160 509 1314 542 missurum,
1346 511 1366 535 i.
1385 512 1557 544 cumprimum
1571 513 1709 547 namjgramlt
1723 513 1774 538 erit
1781 513 1910 547 facultas,
1931 513 2107 547 opportunitas.
2182 516 2224 542 Sc-

48 560 72 580 eg
84 552 174 580 sidon,
188 552 267 588 Epist„
280 563 304 586 ⁴,
320 561 350 579 11.
1160 544 1245 570 cunda
1257 544 1393 579 nauigatio
1419 545 1510 573 Tacit.
1525 548 1595 573 Anu.
1606 556 1631 580 2,
1645 555 1668 582 8,
1683 557 1692 574 1
1721 549 1802 582 felix,
1822 548 2015 583 amne-secundo.
2088 549 2176 585 Longa
2189 560 2223 578 rx

81 594 134 616 ΝΛ
146 593 167 615 v
179 594 224 614 rx
235 595 255 615 A
266 595 287 616 G
298 595 336 621 o,
356 591 409 614 are.
425 586 470 612 vel
487 588 763 618 NAerAGox,
783 583 832 610 ari.
865 590 912 619 pro
925 581 1097 615 Nava-agium
1113 582 1142 600 ¹0
1158 580 1329 614 nauigatione
1352 580 1497 614 aliquando
1522 581 1550 607 in
1578 589 1686 616 portum
1707 592 1799 610 venire
1846 583 1903 610 Cic.
1925 583 1957 609 de
1975 582 2076 610 Sene&-
2097 594 2119 617 7¹
2148 595 2169 611 c.
2187 595 2223 619 ⁷9-

37 624 136 659 faaere.
193 623 298 651 Petron,
318 624 419 658 Fragm.
437 620 523 655 Trag.
541 621 619 654 076.
675 619 747 653 Conf.
767 617 890 654 cyprian.
905 616 938 644 de
957 617 1043 652 Lapfis
1059 625 1096 644 10.
1158 615 1335 655 Committere
1348 617 1373 642 se
1387 616 1554 650 nauigatioui
1587 617 1625 644 Id.
1648 619 1718 645 Fam.
1737 622 1776 652 16,
1796 628 1824 653 4.
1899 618 2071 654 Conquiescit
2095 629 2224 648 mercato-

42 659 179 694 Augustin.
192 659 270 695 Epist.
283 664 324 693 48.
349 666 372 685 et
383 655 455 684 Med.
468 664 507 689 24.
542 655 633 682 Sidon.
645 654 759 690 Epist.4‚
772 664 804 682 21.
828 661 853 680 et
865 652 977 680 Saluian.
992 661 1003 683 3
1018 660 1094 687 p.49.
1158 659 1218 691 rum
1237 651 1388 693 nauigatio,
1419 651 1473 678 vid.
1497 657 1514 678 C
1528 657 1548 678 ο
1560 658 1581 678 Ν
1591 659 1643 692 gv
1654 661 1661 679 1
1675 660 1691 679 E
1703 661 1716 679 s
1725 660 1742 680 c:
1752 661 1783 681 o.
1860 654 2003 682 Dimittere
2021 655 2222 690 nauigationem

42 695 155 723 Paullin.
170 694 203 721 ad
217 694 371 727 cytherium
383 701 409 719 ν.
422 699 475 726 154.
543 691 568 718 'A
588 690 640 718 fide
659 691 882 726 naufragauerunt
908 688 1045 722 Augustin.
1065 687 1097 714 de
1159 687 1215 714 Cic.
1230 687 1267 720 Q
1278 687 1347 713 irat.
1362 695 1386 720 2,
1401 695 1422 718 ς.
1470 721 1474 726 Ι
1496 687 1629 721 11nped1re
1657 689 1727 715 Caes.
1744 690 1806 716 Bell.
1820 690 1888 717 Gall.
1896 700 1917 724 3,
1930 700 1954 725 9.
2028 691 2157 725 Epicurus
2171 693 2221 719 F..-

43 729 144 758 Morib.
162 731 253 757 Eccles.
265 729 368 757 Cathol.
381 727 399 754 l.
421 736 463 754 1c.
477 736 512 762 19.
585 726 711 761 Cyprian.
730 726 762 753 de
781 724 854 760 Laps.
872 732 894 750 c.
906 731 944 750 ιο.
1017 723 1095 750 Circa
1157 731 1220 762 gere
1240 731 1288 762 nos
1311 731 1420 749 omnem
1450 721 1615 757 disciplinam
1647 725 1817 759 nauigatione
1849 734 1926 760 quam
1957 726 2114 754 velocissima
2146 727 2221 755 iubet

42 765 122 794 fldem
138 766 357 800 naufragauerunt
384 763 489 799 Vulgat.
505 772 512 789 1
526 762 654 790 Tiiuoth.
672 772 690 795 1,
705 770 740 795 14.
1113 760 1139 788 15
1159 757 1289 791 Quinctil.
1304 767 1343 790 12,
1362 767 1389 791 2,
1403 766 1443 791 24.

82 809 105 829 N
117 808 140 829 A
151 807 172 827 v
181 809 191 828 1
200 804 245 835 Af
257 808 296 827 ac.
315 798 334 826 f.
378 798 493 833 Lignum
508 805 626 825 cauatum
640 804 669 825 vt
681 798 771 831 nauis,
791 794 886 830 quoin
898 793 1041 820 vindemiis
1054 794 1094 822 vti
1192 799 1275 833 NAV
1285 795 1356 834 LGA
1365 800 1388 820 Τ
1399 799 1419 820 0
1430 800 1466 824 R,
1485 793 1550 820 oris.
1573 802 1609 820 m.
1645 793 1779 827 Quinetil.
1795 795 1867 822 Decl.
1876 804 1901 822 12
1920 797 2019 825 Infelix
2032 798 2173 834 nauigator
2182 809 2221 834 es,

43 837 133 866 solent.
172 836 228 862 Vid.
242 835 306 862 Fest.
319 842 344 860 et
358 834 478 862 Macrob.
491 835 594 862 Saturn.
607 843 631 869 1,
645 841 671 869 7.
1157 838 1232 855 cuuis
1247 835 1317 856 votis
1329 837 1408 856 aurae
1422 838 1476 856 non
1491 829 1660 864 respondent.
1714 829 1789 857 Idem
1802 830 1864 857 Inst.
1877 832 1951 859 Orat.
1965 842 1993 866 5,
2006 843 2043 862 ιο,
2102 837 2135 862 Ε,
2148 836 2220 863 paul,

79 878 102 900 Ν
111 877 179 898 Avi
188 876 205 898 c
216 869 238 898 v*
246 877 263 897 1.
272 877 319 898 OR
327 890 336 904 ,
350 869 375 906 s.
395 876 419 896 N
427 876 478 898 Av
486 876 504 897 c
513 876 534 897 v
545 876 562 897 1.
577 876 596 897 0
606 877 624 897 R
633 889 642 902 ‚
661 868 710 895 ari.
742 865 931 900 [normanni]
968 866 1094 892 Nauicula
1157 865 1256 892 Nolan.
1269 865 1300 892 ad
1318 865 1426 897 Cyther.
1438 873 1496 900 397·

0 927 2 931 ,
41 907 106 935 vehi.
160 906 304 939 Martial.3‚
319 915 349 933 20
376 906 453 942 Piger
469 906 586 933 Lucrino
599 903 764 931 nauiculatur
776 901 804 927 iu
816 901 916 936 stagno.
1191 908 1245 928 NA
1255 908 1275 929 v
1287 908 1297 927 1
1307 907 1327 928 G
1339 908 1361 928 A
1374 907 1390 928 B
1402 900 1416 928 1υ
1427 908 1443 927 L
1453 908 1463 927 1
1473 908 1501 933 s,
1526 909 1549 928 e.
1588 901 1714 935 [orma-bc,
1732 899 1871 937 ηλῶσιμος]
1919 904 1996 939 Qud
2005 906 2126 941 nauigari
2136 907 2221 944 potest.

76 947 160 970 NAv
172 948 182 968 1
193 947 210 968 c
219 949 241 969 v
250 948 266 968 1.
277 948 324 968 AR
337 949 346 968 1
360 949 381 968 v
390 948 420 975 s,
439 942 458 969 i.
477 951 513 969 m.
535 942 672 975 [murinae.
692 937 837 976 ναύκληρος]
874 939 940 962 Idem
951 937 995 971 qui
1002 938 1094 963 Graece
1108 941 1140 959 20
1161 937 1295 963 Columel.
1317 946 1341 970 ι,
1360 946 1373 965 2
1408 938 1465 964 Nec
1479 937 1571 971 procul
1585 946 1599 963 a
1612 937 1696 970 mari,
1723 943 1769 963 aut
1781 937 1926 972 nauigabili
1939 939 2056 967 flumine.
2131 944 2220 970 senec.

38 977 184 1005 Nauclerus.
257 977 313 1005 Cic.
322 978 437 1011 Fam.16,
449 986 466 1011 9
498 978 571 1004 Mare
583 982 708 1009 magnum
719 979 745 1000 et
758 971 870 1012 difficile
880 971 932 998 tibi
945 972 1034 999 restat:
1073 973 1092 999 fi
1155 972 1187 998 de
1200 973 1292 1000 Benef.
1307 982 1329 1005 3,
1342 978 1356 1003 8
1388 973 1552 1000 Beneficium
1571 973 1607 999 cst
1626 973 1726 999 donare
1739 973 1873 1008 regioneS,
1887 983 1934 1009 per
1941 984 2004 1009 quas
2017 977 2099 1003 multa
2111 978 2221 1006 flumina

35 1012 136 1048 poteriS
149 1021 210 1040 cum
221 1013 356 1041 Mcffinio:
393 1018 466 1039 caute
478 1012 501 1038 is
514 1008 580 1038 solet'
591 1010 726 1045 nauigare.
789 1008 815 1035 Si
835 1016 922 1034 minus
932 1029 940 1040 ‚
964 1017 1023 1034 cum
1045 1008 1092 1035 ho.
1155 1015 1180 1035 et
1193 1009 1356 1043 nauigabilia
1370 1008 1522 1048 decurrunt.
1596 1008 1759 1044 Nauigabile
1773 1017 1846 1036 mare
1872 1009 1932 1037 Liu.
1946 1020 1986 1044 35,
1998 1022 2037 1044 4⁴1-
2076 1014 2149 1048 Lonfi
2162 1015 2219 1041 Me.

36 1048 110 1075 nesto
123 1048 215 1084 aliquo
229 1049 355 1082 homine,
372 1048 446 1075 cuius
457 1046 614 1075 auctoritate
626 1044 803 1072 nauicularius
817 1050 965 1070 moueatur.
1020 1044 1093 1071 Idem
1156 1045 1209 1070 lam
1223 1052 1255 1077 z,
1270 1054 1287 1071 ι.
1321 1051 1344 1069 et
1357 1043 1489 1076 Quinctil.
1504 1049 1528 1077 8,
1543 1053 1565 1076 3,
1579 1046 1617 1076 76.

29 1084 147 1117 ‘Verr.5,
163 1092 199 1118 ¹53
227 1085 298 1112 Malo
312 1085 420 1118 inquam
432 1088 474 1115 te,
499 1081 543 1108 isti
559 1082 651 1116 generi
665 1080 822 1114 hominum,
849 1088 927 1115 quam
941 1080 1094 1106 mercatori.
1193 1086 1398 1107 NAVMACH
1410 1087 1419 1106 1
1431 1086 1452 1105 A
1463 1099 1471 1112 ‚
1492 1088 1530 1106 ae.
1565 1079 1584 1106 f.
1622 1080 1780 1115 [ναυμαχία]
1836 1080 1936 1107 Nauate
1949 1080 2047 1116 bellum,
2060 1082 2106 1118 seu
2118 1086 2218 1112 naualis

35 1118 85 1147 bus
103 1126 129 1147 et
148 1120 318 1148 nauiculariis
335 1118 477 1145 inimicum
495 1123 573 1152 atque
593 1117 718 1143 infestum
739 1115 836 1150 putari.
915 1115 980 1141 Ibid.
999 1125 1028 1150 2,
1052 1123 1093 1150 137
1110 1117 1138 1143 ²5
1153 1122 1248 1150 pugna.
1321 1115 1436 1142 Martial.
1450 1123 1475 1146 1,
1495 1121 1523 1145 28
1557 1115 1599 1142 Do
1618 1115 1669 1142 tibi
1691 1115 1894 1149 naumachiam,
1920 1122 1948 1142 tu
1967 1117 2011 1144 das
2030 1119 2220 1153 epigrammata

36 1163 94 1189 c·53
120 1157 157 1182 Vt
169 1163 300 1189 aratores,
327 1160 355 1181 vt
368 1159 542 1187 mercatores,
569 1158 597 1180 vt
610 1151 778 1179 nauicularii.
1156 1151 1256 1177 nobis:
1294 1151 1359 1184 Vis,
1386 1158 1467 1186 puto,
1494 1161 1553 1177 cum
1574 1150 1647 1178 libro
1668 1152 1757 1178 Marce
1782 1158 1871 1178 natare
1889 1158 1945 1179 tuo.
2024 1154 2218 1183 Naumachiam

73 1197 130 1218 NA
141 1198 162 1217 v
174 1200 182 1219 1
192 1198 262 1219 cv1.
272 1197 319 1218 AR
331 1196 341 1216 1
352 1196 413 1224 VS,
430 1198 461 1226 a,
478 1198 533 1216 utu.
570 1188 627 1215 Adi.
664 1187 781 1215 Fune‘tio
790 1186 951 1214 nauicularia
965 1186 1010 1218 l.3.
1024 1186 1093 1214 Cod.
1155 1187 1325 1214 committere
1348 1188 1418 1214 Suet.
1435 1187 1527 1214 Claud.
1542 1196 1563 1214 c.
1574 1195 1608 1213 21.
1645 1187 1717 1219 Conf.
1733 1187 1830 1214 Patcre.
1842 1197 1872 1221 2,
1885 1190 1931 1219 56,
1946 1197 1963 1215 1.
2038 1190 2219 1224 Naumachia,

35 1226 68 1253 de
81 1227 193 1263 praediis
207 1226 395 1254 nauicularior.
470 1226 545 1253 Onus
557 1223 751 1251 nauicularium
765 1222 783 1249 l.
792 1231 808 1249 2
822 1230 847 1248 et
860 1231 886 1249 12
905 1222 1094 1250 Cod.Theod.
1157 1224 1240 1256 Locus,
1249 1223 1275 1248 in
1290 1232 1334 1258 quo
1342 1224 1376 1258 fit
1387 1230 1472 1258 pugna
1486 1223 1593 1248 naualis.
1665 1222 1734 1249 Suet.
1749 1222 1848 1249 Tiber.
1865 1232 1885 1250 c.
1900 1226 1931 1250 62
1964 1224 2048 1252 Semel
2061 1227 2165 1253 triremi
2179 1237 2219 1254 vs.

36 1261 70 1290 de
82 1263 263 1290 nauiculariis,
1156 1267 1208 1293 que
1225 1257 1258 1285 ad
1276 1260 1414 1293 proximos
1434 1257 1606 1284 naumachiae
1623 1257 1718 1285 hortos
1738 1257 1879 1286 subuectus
1900 1259 1944 1286 est.
2014 1261 2089 1288 Idem
2115 1263 2219 1290 Neron.

36 1333 43 1338 Α
74 1305 97 1325 Ν
108 1305 158 1339 fxv
166 1306 176 1326 1
184 1305 202 1326 c
210 1306 231 1326 v
239 1305 257 1326 1.
266 1300 290 1327 A
297 1305 335 1326 R1
343 1304 374 1331 s,
401 1306 425 1324 e.
459 1296 520 1323 Adi.
573 1303 620 1330 vt,
640 1296 692 1323 Res
705 1293 867 1323 nauicularis
896 1294 1027 1330 Hermog.
1040 1295 1094 1322 ICt.
1111 1296 1144 1321 30
1155 1302 1240 1357 c..d27L
1263 1295 1399 1365 Prlze'tss'sa
1417 1293 1581 1321 naumachia.
1660 1294 1700 1321 De
1718 1294 1881 1321 naumachiis
1902 1297 2098 1331 Imperatorum
2121 1299 2220 1330 variis,

138 1353 144 1361 ,
1155 1340 1183 1356 v!
1203 1352 1209 1358 .
1242 1340 1280 1357 ex.
1317 1341 1325 1355 1
1339 1341 1347 1355 1
1360 1340 1380 1357 c.

34 1342 64 1362 m
72 1335 202 1397 Nphgvm
212 1375 233 1394 v
242 1369 287 1395 LA
298 1373 320 1395 Τ
332 1375 351 1396 ο
361 1375 398 1405 R,
418 1367 483 1395 oris.
503 1377 539 1394 m.
576 1366 737 1401 [ναυκληςδς]
781 1366 837 1393 Cic.
851 1374 902 1402 pro
915 1366 985 1401 Lege
998 1365 1092 1393 Manil.
1193 1373 1218 1393 N
1230 1373 1253 1393 A
1263 1374 1284 1393 ν
1295 1373 1322 1393 Μ
1333 1373 1356 1392 A
1366 1372 1383 1393 c
1398 1372 1420 1393 1·1
1431 1373 1441 1392 1
1454 1372 1477 1392 A
1488 1372 1507 1392 R
1517 1372 1527 1391 1
1536 1371 1596 1399 vs,
1616 1365 1636 1393 i.
1655 1375 1692 1393 m.
1730 1365 1879 1402 [ἔπιξάτης]
1921 1368 1976 1404 Qi
1985 1368 2111 1403 praelium
2127 1371 2219 1397 nauale

25 1407 58 1434 ’11
71 1413 115 1438 (κς
139 1405 256 1433 Maiores
269 1403 349 1431 vestri
361 1405 434 1440 saepe
446 1403 638 1432 mercatoribus
651 1412 681 1431 ac
694 1402 923 1430 nauiculatoribus
938 1401 1093 1429 iniuriosius
1153 1402 1292 1429 committit.
1366 1403 1436 1429 Suet.
1457 1401 1550 1428 Claud.
1565 1411 1586 1428 c.
1599 1410 1624 1428 21
1658 1402 1886 1429 Proclamantibus
1904 1403 2120 1432 naumachiariis.
2182 1407 2220 1432 Hi

34 1441 152 1469 traetatis
161 1464 169 1476 ,
189 1439 256 1467 bella
268 1440 407 1475 gelserunt.
1154 1438 1231 1463 etiam
1244 1437 1369 1473 Epibatae
1385 1438 1506 1463 dicuntur
1527 1438 1624 1463 Graeca
1638 1447 1702 1464 voce.

73 1483 96 1504 N
108 1483 133 1504 A
146 1483 168 1504 v
177 1485 187 1504 1
198 1481 216 1503 c
226 1483 248 1503 v
259 1482 275 1502 1.
284 1483 334 1503 AR
343 1483 400 1510 1A,
419 1484 457 1502 ac.
476 1475 496 1502 f.
533 1476 697 1511 [ναυκληρία]
742 1472 862 1509 Profeffio
875 1484 905 1500 ac
922 1475 979 1500 vim
993 1474 1094 1500 κακίαι-
1109 1477 1137 1504 35
1190 1478 1216 1498 Ν
1229 1479 1251 1500 Α
1263 1480 1317 1499 vm
1326 1480 1349 1500 Λ
1358 1479 1376 1500 c
1387 1479 1408 1499 u
1420 1480 1429 1499 1
1440 1479 1461 1499 A
1470 1479 1489 1499 R
1498 1480 1508 1500 1
1520 1480 1541 1499 v
1551 1479 1582 1507 s,
1600 1481 1631 1506 a,
1650 1482 1705 1500 um.
1742 1473 1802 1501 Adi.
1839 1472 2001 1511 [ναύμαχα]
2036 1483 2082 1509 vt,
2103 1477 2219 1505 Nauma-

33 1513 106 1540 larii.
179 1512 237 1540 Cic.
251 1513 329 1539 Verr.
340 1521 363 1545 ς,
375 1519 404 1546 43
418 1521 439 1539 c.
450 1521 473 1544 ¹7
500 1511 573 1544 Qud
586 1520 631 1537 eos
644 1510 720 1545 loqui
733 1510 781 1545 qui
797 1509 938 1541 videbant,
962 1509 1027 1543 quid
1040 1509 1093 1535 exi·
1155 1507 1271 1535 chiarius
1284 1517 1351 1544 pons
1378 1509 1444 1536 Plin.
1458 1511 1495 1542 16,
1508 1517 1546 1541 39.
1595 1509 1670 1536 Idem
1683 1518 1731 1543 40.

34 1549 140 1576 flimare
147 1557 203 1582 eos,
217 1548 263 1582 qui
272 1547 430 1581 audiebant,
450 1546 631 1574 arbitrabare?
667 1546 773 1573 inanem
787 1552 813 1572 te
825 1554 921 1572 nauem
934 1546 983 1571 ess'e
998 1546 1025 1571 in
1045 1547 1095 1572 lta·
1190 1551 1213 1570 N
1222 1551 1275 1571 Av
1284 1552 1301 1571 1.
1311 1552 1334 1572 V
1343 1552 1384 1576 M,
1404 1545 1422 1571 i.
1449 1554 1475 1573 n.
1513 1545 1629 1580 [ναῦλον]
1675 1545 1798 1579 Pretium,
1811 1545 1995 1581 quodsoluitur
2010 1554 2057 1582 pro
2071 1548 2173 1574 veHura
2191 1550 2220 1575 in

36 1584 100 1612 liam
113 1584 273 1611 ducturum?
294 1583 485 1610 nauiculariam
493 1589 528 1616 te,
547 1582 748 1617 quumRomam
756 1582 874 1614 venisses,
887 1582 934 1608 effe
942 1580 1093 1607 facturuml
1154 1580 1222 1605 naui.
1294 1582 1387 1608 quen.
1408 1581 1457 1607 Sat.
1473 1586 1503 1613 8,
1526 1590 1558 1613 97
1597 1581 1684 1607 Furor
1702 1581 1753 1613 est,
1780 1581 1839 1616 post
1856 1582 1948 1608 omnia
1969 1582 2080 1617 perdere
2100 1585 2219 1611 naulum.

69 1625 297 1655 NAVIGIVM‚
317 1619 335 1646 i.
353 1629 379 1646 n.
417 1621 531 1652 [πλοῖον]
554 1620 630 1644 Omne
639 1628 719 1652 genus
732 1617 1092 1651 nauis,anauigandodiz‘lum.
1156 1616 1226 1642 Paul.
1242 1615 1271 1642 in
1286 1617 1302 1643 l.
1320 1617 1412 1649 Quim
1425 1618 1524 1643 seruus.
1545 1615 1568 1653 §.
1584 1617 1603 1642 i.
1622 1617 1654 1643 D.
1669 1617 1701 1643 de
1715 1617 1764 1651 leg.
1781 1626 1790 1643 1
1815 1618 1846 1643 Et
1855 1617 1926 1643 idem
1938 1617 1966 1644 in
1973 1619 2063 1653 operis
2071 1621 2221 1652 seruorum,

38 1655 152 1689 Plin.32‚
167 1665 175 1682 1
203 1655 274 1682 Haec
286 1656 389 1682 tantilla
404 1655 440 1681 est
452 1655 512 1682 satis
526 1660 616 1681 contra
630 1658 670 1678 tot
683 1654 812 1688 impetus,
839 1660 867 1679 vt
880 1658 951 1679 vetet
968 1652 1008 1677 ire
1021 1652 1094 1676 naui·
1105 1657 1143 1682 40
1156 1652 1199 1677 vel
1214 1652 1333 1678 vecturis
1347 1653 1548 1685 iumentorum,
1572 1652 1614 1678 vel
1633 1652 1718 1679 naulis
1732 1652 1842 1678 nauium
1853 1652 2002 1679 dicendum.

35 1691 88 1727 gia.
161 1691 234 1718 Idem
250 1699 290 1723 13,
303 1698 325 1717 11
355 1690 469 1724 Noffis,
488 1689 596 1723 dieique
611 1688 716 1714 velifico
729 1688 831 1722 nauigii
844 1689 928 1714 cursu.
1000 1686 1094 1712 Αξὶιιει-
1193 1695 1215 1714 Ν
1225 1695 1248 1714 A
1257 1694 1277 1713 v
1286 1695 1301 1714 Ρ
1311 1688 1329 1714 ιέ
1337 1694 1388 1714 GV
1398 1694 1427 1720 S,
1445 1687 1465 1713 i.
1485 1696 1522 1713 m.
1564 1687 1645 1714 Gloss'.
1655 1689 1703 1714 Gr.
1718 1688 1775 1714 Lat.
1788 1692 1920 1719 ναυπηγὸς,
1940 1689 2025 1715 faber.
2066 1689 2123 1715 Vid.
2136 1690 2219 1723 infra,

31 1727 76 1754 ria
91 1727 214 1762 nauigia,
234 1729 289 1752 vid.
304 1733 356 1753 AG
367 1732 398 1753 o.
470 1725 614 1751 Luculenta
638 1723 694 1749 Cic.
710 1724 808 1755 Att.16,
821 1733 844 1754 4.
919 1722 1092 1749 Piscatorium
1189 1729 1241 1750 NA
1253 1729 1275 1748 v
1286 1729 1454 1750 PEG1AR1
1464 1728 1485 1748 v
1497 1729 1510 1748 s
1521 1743 1530 1755 ‚
1550 1722 1569 1749 i.
1602 1732 1638 1749 m.
1680 1725 1756 1749 Idem.
1811 1723 1933 1757 Inscript.
1947 1726 2029 1758 Spon.
2049 1724 2126 1750 Misc.
2147 1734 2171 1760 p.
2187 1728 2221 1760 67

34 1762 166 1795 Qintffil.
179 1764 205 1794 6,
220 1770 241 1793 3.
312 1761 370 1787 Cic.
383 1759 461 1786 Acad.
474 1770 498 1792 4,
513 1768 560 1785 100
574 1767 596 1784 c.
609 1766 631 1790 31
665 1757 713 1784 Sed
727 1757 744 1784 fi
759 1758 811 1784 iam
826 1766 858 1784 ex
871 1758 922 1784 hoc
939 1758 998 1784 loco
1013 1757 1092 1792 profi-
1156 1758 1337 1785 COLLEG.
1357 1758 1617 1785 NAVPEGIAR.
1675 1758 1749 1792 Conf.
1763 1758 1868 1786 Reines.
1883 1759 2003 1794 inscript.
2017 1769 2042 1794 p.
2057 1763 2114 1786 602.

33 1798 142 1824 ciscatut
157 1796 278 1823 Puteolos
295 1794 374 1822 stadia
393 1794 504 1829 triginta
516 1793 604 1829 probo
624 1793 749 1828 nauigio,
773 1793 846 1820 bono
865 1793 1043 1828 gubernatore
1064 1801 1093 1819 ac
1191 1801 1215 1821 N
1224 1801 1277 1821 AV
1288 1801 1301 1821 s
1313 1801 1334 1821 T
1343 1800 1354 1820 Ι
1364 1800 1380 1821 Β
1389 1800 1436 1820 VL
1445 1799 1466 1820 V
1479 1799 1505 1820 Μ
1516 1811 1525 1824 ,
1556 1795 1610 1820 vid.
1623 1794 1703 1828 infru.

31 1831 237 1867 tranquillitate,
255 1837 302 1857 etc.
374 1830 569 1865 Speculatoria,
588 1830 607 1856 i.
628 1830 808 1864 Exploratoria
834 1829 906 1855 caes.
917 1829 1093 1862 Bell.Gall.4,
1105 1836 1139 1863 45·
1194 1837 1217 1856 N
1228 1837 1250 1856 A
1260 1836 1332 1856 vsv
1343 1837 1384 1861 M,
1404 1830 1422 1856 i.
1451 1839 1478 1858 11.
1518 1830 1600 1855 Genus
1614 1829 1716 1865 nauigii
1729 1828 1827 1856 Gallici.
1867 1830 1966 1857 Auson.
1981 1831 2060 1866 Epist.
2071 1840 2098 1858 22
2120 1832 2222 1866 Nauso,

29 1869 72 1896 26.
125 1866 264 1901 Fragmina
280 1865 384 1901 nauigii
410 1866 491 1893 Ouid.
504 1866 607 1898 Memt,
621 1867 672 1897 561.
743 1865 859 1900 Lignum
878 1865 942 1891 vtile
963 1866 1093 1899 nauigiis,
1155 1865 1241 1893 aliaue
1255 1867 1348 1900 quauis
1362 1865 1434 1892 naui.
1507 1865 1580 1893 Idem
1594 1865 1631 1892 ib.
1646 1871 1705 1898 v.38
1735 1866 1772 1891 Vt
1785 1865 1849 1892 inde
1863 1867 1944 1893 nauso
1958 1866 2080 1894 deuehar.

29 1903 108 1940 pinus
133 1901 208 1938 Virg.
222 1902 321 1937 Georg.
332 1910 354 1935 2,
366 1909 422 1936 442.
494 1901 671 1929 Committere
685 1909 769 1936 paruo
785 1901 896 1936 nauigio
911 1910 1006 1935 pucros
1033 1902 1091 1927 Cic.
1193 1908 1217 1928 N
1227 1909 1278 1928 Av
1290 1908 1312 1929 Τ
1324 1906 1363 1933 A,
1389 1902 1432 1927 vel
1459 1908 1482 1927 N
1494 1908 1515 1928 A
1525 1908 1546 1926 ν
1557 1900 1572 1928 i'
1579 1908 1647 1934 TA,
1674 1910 1713 1928 ae.
1744 1910 1765 1927 c.
1821 1901 1940 1935 bathne,
1958 1907 2075 1937 νιράτης,
2095 1906 2222 1941 ναυτίλοι]

21 1939 83 1967 χΛ11.
93 1948 130 1972 ιο,
143 1947 174 1965 ιι.
245 1937 399 1965 Concedere
412 1938 481 1965 mari
494 1937 600 1972 nauigia
610 1957 618 1969 ,
637 1937 692 1964 vid.
707 1943 780 1964 CON
793 1943 810 1963 C
819 1944 835 1963 Ε
844 1943 863 1963 D
872 1944 901 1963 o.
976 1938 1092 1964 Concre-
1153 1938 1209 1974 Qi
1219 1939 1282 1963 naui
1295 1939 1394 1973 agenda
1406 1944 1552 1972 occupatur,
1572 1938 1708 1972 quicunque
1722 1936 1749 1962 in
1764 1938 1827 1962 naui
1839 1938 1887 1973 est,
1905 1939 1977 1964 nauis
1989 1941 2113 1965 ducendae
2121 1941 2223 1975 gratia.

33 1974 96 2002 dere
108 1974 193 2007 mari,
211 1974 266 2001 vid.
280 1979 298 2001 C
308 1980 327 2001 0
336 1980 359 2000 N
370 1979 388 2001 C
398 1980 419 2001 R
428 1980 473 2001 ΕΙ)
482 1980 512 2000 0.
585 1972 746 2000 Diffolutum
757 1979 783 1999 et
796 1972 944 2007 diffipatum
969 1973 1025 2000 Cic.
1040 1975 1091 2000 Att.
1155 1975 1226 2001 Ter.
1239 1974 1346 2000 Phorm.
1355 1983 1382 2006 4,
1398 1983 1417 2006 1,
1432 1983 1459 1999 10
1484 1973 1572 1999 Saluas
1585 1972 1677 1998 audiui
1691 1980 1723 1998 ex
1736 1977 1824 2006 nauta,
1839 1973 1885 2006 qui
1900 1973 1958 1998 illas
1972 1979 2087 2000 vexerat.
2161 1976 2221 2004 Cic.

31 2019 72 2044 15,
88 2019 118 2038 11.
195 2009 334 2037 qurenare
352 2010 460 2045 nauigia
477 2009 581 2036 ancoris
593 2029 602 2041 ‚
639 2009 695 2035 vid.
720 2014 840 2034 1NFRE
851 2015 874 2034 Ν
885 2015 916 2035 0.
998 2009 1094 2034 Instru-
1106 2017 1137 2042 50
1154 2010 1207 2035 Att.
1223 2017 1256 2041 9,
1267 2018 1280 2034 2
1314 2009 1441 2034 Nauitam
1460 2008 1514 2041 ipse
1534 2007 1623 2033 audiri
1641 2007 1738 2033 videor
1755 2007 1809 2031 iam
1829 2014 1994 2045 euocantem.
2067 2010 2167 2036 Nanita
2188 2011 2221 2038 de

24 2054 78 2074 -ere
99 2046 285 2079 armamentis,
313 2047 369 2072 vid.
389 2052 430 2072 ΙΝ
440 2052 453 2072 s
465 2051 488 2072 Τ
498 2051 588 2071 RVO.
669 2043 777 2070 Interiit
795 2043 934 2076 nauigium
970 2043 1042 2068 Caes.
1062 2043 1092 2067 in
1153 2043 1258 2075 ventis,
1280 2042 1312 2068 de
1325 2043 1407 2067 tauris
1422 2048 1511 2067 narrat
1524 2047 1631 2074 arator,
1651 2047 1787 2067 enumerat
1803 2041 1879 2067 unies
1899 2043 2027 2077 vulnera,
2054 2045 2142 2079 pastor
2154 2055 2219 2073 oues

25 2082 95 2110 Bell.
113 2083 187 2109 Alex.
200 2091 232 2108 21.
303 2080 426 2108 Scindere
439 2079 553 2113 nauigiis
565 2087 638 2105 mare
669 2077 752 2104 Ouid.
771 2077 802 2103 de
823 2078 887 2103 Arte
907 2079 964 2103 Am.
987 2086 1016 2109 2,
1042 2078 1091 2108 671.
1153 2078 1318 2110 Propert.2,
1337 2086 1363 2109 1,
1384 2085 1425 2109 43.
1500 2076 1556 2103 Cic.
1572 2076 1651 2103 Acad.
1666 2085 1701 2110 4,
1722 2084 1770 2111 147
1803 2077 1904 2104 Verum
1916 2079 2044 2113 quoniam
2063 2089 2118 2107 non
2131 2082 2219 2109 solum

14 2117 135 2145 'Trahit
146 2116 284 2151 nauigium
297 2124 409 2150 aquam,
435 2115 489 2140 vid.
509 2119 635 2140 TRAHO.
691 2114 804 2147 Metaph.
830 2112 877 2146 qui
898 2112 924 2137 in
939 2111 1033 2151 eodem
1048 2120 1091 2137 ve-
1154 2118 1232 2139 nauta
1250 2111 1392 2146 fignificat,
1424 2111 1467 2138 sed
1485 2112 1566 2138 etiam
1584 2112 1716 2139 Fauonius
1735 2112 1790 2147 ipse
1810 2113 1954 2140 insusurrat
1973 2115 2118 2150 nauigandi
2139 2118 2219 2145 nobis

25 2153 72 2181 {ut
85 2152 205 2187 Nauigio
218 2151 355 2190 participes
369 2150 427 2176 sunt
440 2149 552 2184 periculi
580 2149 640 2175 Liu.
651 2157 690 2181 44,
711 2167 718 2174 .
739 2168 745 2174 .
766 2168 772 2174 .
830 2148 901 2177 Conf.
916 2148 972 2174 Cic.
989 2149 1040 2173 Att.
1058 2155 1092 2181 ις,
1155 2148 1264 2174 Luculle
1278 2154 1380 2182 tempus
1393 2148 1443 2174 esse
1453 2165 1462 2179 ‚
1482 2155 1527 2175 etc.
1602 2148 1706 2176 Nautae
1721 2154 1746 2174 et
1759 2147 1951 2182 gubernatores
1987 2151 2057 2178 Caes.
2072 2151 2136 2179 Bell.
2150 2154 2218 2180 Gall.

33 2198 65 2217 ιι.
192 2185 213 2225 ff
233 2195 248 2213 2
285 2185 448 2220 Nauiguuu,
466 2192 511 2219 pro
525 2184 692 2218 Nauigatione
710 2183 813 2208 videtur
825 2183 940 2216 accepisse
950 2184 1045 2216 primus
1057 2193 1092 2219 eq·
1107 2191 1135 2216 55
1153 2193 1177 2217 3,
1192 2193 1217 2217 9.
1276 2183 1349 2210 Idem
1362 2193 1391 2217 5,
1413 2193 1450 2210 10.
1524 2183 1641 2210 Audaces
1669 2185 1738 2209 Hor.
1755 2184 1839 2210 Serm.
1855 2194 1872 2216 1,
1886 2192 1906 2217 1,
1920 2194 1959 2216 30-
2034 2186 2130 2214 Callidi
2145 2189 2219 2215 naui-

33 2233 103 2256 rum,
123 2223 166 2258 qm*
184 2223 253 2249 hodie
272 2222 384 2257 exstant,
417 2220 552 2247 Serbidius
572 2218 694 2244 Scaeuola
716 2217 745 2243 in
760 2218 777 2243 l.
794 2225 837 2243 122
870 2218 916 2250 qui
946 2218 1046 2244 Romae
1070 2219 1092 2253 9.
1154 2226 1195 2246 tae
1208 2219 1320 2246 horrida
1334 2220 1447 2246 vincunt
1461 2227 1577 2252 aequora
1609 2219 1646 2246 Id.
1661 2219 1749 2244 Carm.
1762 2228 1790 2252 3,
1804 2227 1847 2252 24,
1860 2228 1899 2253 41.
1974 2221 2122 2257 Fluc'liuagi
2156 2224 2218 2251 Stat,

33 2259 227 2291 Callimachus,
254 2257 285 2283 D.
305 2256 337 2282 de
351 2256 496 2282 verborum
509 2252 695 2288 obligationib.
717 2253 758 2279 his
778 2252 883 2286 verbis,
908 2252 991 2287 quue
1006 2253 1090 2280 credi·
1154 2255 1219 2282 Silu.
1233 2263 1256 2285 3,
1269 2264 1293 2287 1,
1308 2259 1350 2287 84.
1423 2254 1516 2280 Miseri
1549 2254 1624 2288 Virg.
1641 2254 1739 2288 Georg.
1754 2263 1781 2286 3,
1795 2263 1841 2286 3¹3-
1916 2256 2033 2291 Oppresli
2055 2257 2083 2283 in
2102 2267 2219 2293 aequore

26 2301 90 2323 'tum
105 2296 154 2321 effe
168 2294 195 2320 in
210 2301 301 2320 omnes
314 2291 415 2326 nauigii
428 2291 483 2318 dies
498 2290 622 2317 ducentos
639 2288 685 2315 sub
704 2288 860 2323 pignoribus
875 2294 902 2314 et
920 2288 1091 2322 hypothecis,
1153 2290 1215 2316 Stat.
1230 2289 1323 2316 Theb.
1336 2298 1367 2322 11,
1381 2296 1427 2319 118.
1500 2289 1613 2316 Pauidus
1641 2289 1707 2316 Hor.
1721 2289 1811 2316 Carm.
1825 2299 1844 2323 1,
1860 2299 1880 2323 1,
1896 2300 1932 2325 14.
1991 2292 2109 2319 Perfidus
2131 2295 2217 2323 Catul,

26 2330 166 2359 >mercibus
179 2338 194 2356 a
206 2329 302 2360 Beryto
314 2327 480 2362 comparatis.
535 2326 577 2351 Sic
597 2324 678 2351 Rutil.
699 2325 806 2351 Numat.
823 2333 830 2350 1
844 2343 853 2356 ‚
872 2333 910 2354 541
949 2325 1089 2358 Tempora
1154 2327 1256 2359 Argon.
1270 2327 1311 2357 62,
1327 2332 1378 2359 174.
1451 2324 1585 2351 Sollicitus
1612 2324 1694 2352 Ouid.
1707 2325 1798 2352 Amor.
1813 2335 1835 2361 2,
1852 2336 1880 2359 11,
1896 2335 1932 2360 25.
1996 2328 2126 2356 Timidus
2147 2332 2217 2360 Hor,

27 2366 136 2399 nauigii
156 2366 239 2392 clarus
259 2369 426 2398 reparauerat
446 2363 538 2389 Eurus.
592 2362 632 2386 lta
653 2360 724 2386 Seru.
744 2362 779 2386 ad
797 2360 872 2394 Virg.
892 2360 990 2394 Georg.
1009 2370 1031 2392 1,
1049 2368 1090 2393 139
1105 2361 1140 2386 60
1153 2361 1242 2388 Carm.
1257 2370 1274 2393 1,
1289 2371 1324 2393 ¹4,
1340 2368 1374 2393 14.
1447 2361 1515 2395 Vagi
1541 2360 1603 2388 Stat.
1617 2361 1680 2388 Silu.
1698 2370 1725 2394 3,
1742 2369 1767 2395 1,
1783 2370 1809 2395 4.
1885 2363 2017 2390 Festinare
2039 2364 2123 2393 solent
2139 2376 2217 2401 quae-

37 2401 156 2435 Nauigio
169 2401 295 2433 inuento,
316 2401 334 2425 i.
351 2398 537 2433 Nauigatione.
579 2396 635 2422 Vr'd.
651 2396 756 2423 Gronau.
771 2395 872 2430 Obsce-u.
890 2397 925 2420 acl
938 2397 1028 2430 Script.
1044 2397 1090 2421 Ec·
1152 2396 1204 2423 ssus
1219 2397 1258 2422 sui
1271 2396 1345 2423 causa
1375 2396 1432 2423 Cic.
1446 2396 1517 2423 Fam.
1532 2399 1574 2431 16,
1589 2406 1614 2430 9.
1687 2397 1747 2424 Hoc
1759 2397 1860 2433 signum
1875 2399 1985 2425 veniens
2004 2407 2131 2434 poterunt
2143 2411 2219 2436 prae.

37 2435 92 2470 eles.
110 2446 130 2462 c.
142 2445 176 2469 25.
212 2435 258 2460 vbi
277 2435 418 2460 recentioris
437 2435 491 2459 aeui
503 2432 548 2467 effi
567 2432 630 2457 hanc
647 2432 792 2457 notatimem
812 2430 930 2466 ostendit,
955 2438 980 2457 et
999 2441 1029 2458 ex
1045 2441 1090 2467 ea,
1152 2433 1262 2459 noscere
1283 2438 1378 2459 nautae
1423 2432 1462 2459 Id.
1480 2433 1509 2459 in
1536 2433 1609 2460 Atat.
1629 2442 1664 2466 75.
1756 2434 1821 2461 Vela
1840 2434 1883 2461 dat
1898 2435 1985 2461 ventis
2005 2436 2094 2462 nauita
2133 2438 2218 2467 Ouid.

39 2471 137 2503 Dictyn
151 2471 310 2502 Cretensem,
322 2469 476 2504 Constantini
487 2478 544 2494 aeuo
551 2476 598 2497 mm
611 2468 733 2498 maiorem,
746 2468 840 2500 annuit.
1150 2469 1216 2495 Met,
1232 2479 1251 2504 ι,
1271 2477 1320 2500 132,

74 2512 132 2534 NA
140 2513 209 2533 νισ
219 2514 228 2533 ι
238 2504 281 2534 <51-
291 2512 312 2532 v
322 2511 348 2531 M
359 2526 366 2538 ‚
386 2505 404 2531 i.
424 2514 450 2532 n.
487 2503 588 2531 Dimin.
628 2504 783 2538 [πλοιάριον]
839 2501 966 2529 Lentulus
978 2509 1018 2538 ap.
1033 2503 1089 2529 Cic.
1190 2511 1273 2530 NAv
1283 2512 1305 2531 T
1316 2511 1337 2530 A
1347 2510 1382 2529 L1
1392 2510 1404 2529 s
1415 2524 1424 2537 ,
1445 2512 1468 2530 e.
1507 2503 1566 2530 Adi.
1599 2504 1807 2532 Auson-Mosell.
1823 2513 1866 2538 223
1890 2505 1987 2533 Reddit
2000 2507 2113 2534 nautalis
2127 2509 2217 2537 vitreo

33 2542 106 2570 Fam.
121 2551 159 2575 12,
172 2549 196 2575 ις
227 2542 285 2568 Nos
302 2541 348 2567 vix
361 2540 408 2575 ipfi
420 2540 527 2576 singulis
539 2548 599 2566 cum
613 2539 754 2574 nauigiolis
774 2538 961 2573 reciperemus.
1015 2539 1090 2573 Conf.
1108 2540 1140 2572 6,·
1153 2541 1201 2568 sub
1214 2541 1318 2575 gurgite
1331 2540 1448 2573 formas,
1467 2540 1485 2567 i.
1506 2548 1639 2566 nautarum
1653 2541 1680 2565 in
1693 2550 1781 2575 aquam
1792 2541 1986 2577 despicientium.

33 2578 106 2606 Hirt.
120 2578 184 2619 ΒΕΙΙ8
199 2577 254 2604 Afr.
268 2586 290 2603 c.
299 2579 338 2609 63.
1192 2583 1215 2603 N
1227 2583 1278 2602 Av
1289 2582 1311 2602 T
1322 2582 1340 2602 Ε
1351 2582 1389 2606 Α,
1409 2584 1447 2603 ae.
1467 2575 1487 2603 f.
1527 2577 1602 2611 Aqua
1616 2576 1648 2602 de
1662 2576 1771 2603 sentinis
1796 2576 1870 2604 Non.
1887 2588 1912 2611 1,
1925 2587 1960 2608 25.
2003 2579 2058 2606 Vid.
2075 2579 2159 2613 infra.

70 2620 94 2640 N
105 2620 178 2641 AVI
189 2619 280 2644 GER,
298 2614 359 2645 era,
378 2613 464 2639 erum.
493 2611 553 2639 Adi.
588 2612 734 2646 [ναυφᾶρος]
780 2610 847 2637 Plin-
861 2619 894 2644 9,
908 2619 939 2642 30
964 2611 994 2636 de
1007 2610 1091 2645 loligi.
1191 2619 1276 2639 NAV
1288 2618 1311 2639 T
1322 2609 1362 2638 fc
1373 2618 1394 2637 v
1407 2618 1439 2646 s,
1459 2611 1479 2638 i.
1500 2621 1537 2638 m.
1572 2613 1716 2648 [taurim]
1752 2612 1807 2648 Qi
1820 2623 1906 2639 nauem
1914 2615 2049 2649 gubernat.
2110 2616 2174 2643 Plin.
2190 2624 2218 2650 9,

26 2650 120 2682 uibus,
142 2649 303 2684 Nanigeram
317 2648 517 2675 similitudinem
530 2654 556 2674 et
568 2649 646 2674 aliam
656 2648 684 2672 in
699 2646 862 2681 Propontide
875 2647 957 2672 visam
971 2645 1018 2672 fibi
1032 2655 1092 2680 pro.
1152 2658 1174 2682 31
1211 2647 1293 2682 Quod
1312 2646 1360 2674 vbi
1377 2647 1470 2674 videre
1486 2649 1601 2681 nautici,
1634 2647 1721 2675 statim
1741 2648 1862 2682 pluribus
1883 2650 1988 2676 ancoris
2007 2651 2113 2686 nauigia
2134 2652 2217 2680 infre.

35 2685 103 2712 didit
115 2685 262 2712 Mutianus:
300 2685 426 2711 concham
444 2685 492 2711 esse
506 2683 583 2710 acatii
597 2682 678 2709 modo
692 2683 851 2715 carinatam,
874 2682 968 2708 inflexa
988 2691 1091 2716 puppe,
1151 2690 1226 2715 nant.
1295 2684 1355 2710 Liu.
1367 2689 1415 2717 28,
1434 2691 1452 2717 7
1480 2684 1699 2719 Tumultumque
1716 2685 1796 2711 etiam
1814 2693 1846 2711 ex
1864 2691 1935 2712 terra
1952 2686 2064 2713 nauticis
2084 2688 2218 2722 praebuit.

34 2728 115 2758 prora
133 2720 249 2747 rostrata.
321 2721 425 2747 Lucret.
445 2730 471 2751 1,
490 2729 502 2753 3
535 2721 610 2752 Quae
630 2727 703 2745 mare
722 2719 896 2753 nauigerum,
921 2726 989 2752 quae
1009 2724 1091 2744 terras
1104 2726 1141 2755 70
1153 2720 1227 2754 Conf.
1242 2720 1311 2746 Gell.
1322 2728 1348 2753 2,
1362 2728 1399 2746 22.
1435 2720 1496 2746 Liu.
1511 2727 1550 2755 37,
1564 2726 1604 2750 28.

34 2764 79 2784 etc.
134 2757 206 2790 Conf.
220 2757 311 2791 Veget.
327 2766 351 2790 3,
365 2766 386 2788 7.
440 2757 472 2782 Et
484 2756 615 2782 Ammian.
630 2763 676 2788 23,
689 2764 728 2781 20.
1188 2762 1272 2782 NAV
1283 2762 1305 2783 'r
1317 2754 1386 2782 i'CV
1396 2762 1425 2790 S,
1446 2764 1476 2787 a,
1496 2765 1551 2783 um.
1610 2755 1672 2783 Adi.
1728 2755 1872 2792 [ναυτικὸς]
1927 2757 2004 2794 Qud
2021 2757 2054 2794 est
2074 2766 2215 2788 nautarum.

71 2790 254 2826 NAVI'GO,
275 2797 328 2819 Ere.
365 2793 464 2827 [ιι-Λέαι,
483 2792 657 2826 vavi-luviani]
696 2792 791 2816 Nauem
803 2799 890 2825 agere,
912 2790 984 2815 Nam*
993 2790 1091 2824 iterfa·
1152 2792 1229 2827 Virg.
1243 2793 1309 2818 Aen.
1323 2801 1351 2824 3,
1370 2797 1410 2822 128
1443 2792 1574 2819 Nauticus
1588 2792 1710 2818 exoritur
1724 2792 1802 2818 vario
1816 2793 1959 2819 certamine
1973 2793 2082 2822 clamor.
2157 2796 2214 2824 Cic.

33 2838 95 2856 cere.
148 2828 204 2855 Cic.
220 2830 273 2855 Att.
288 2836 311 2862 ς,
325 2837 350 2855 12
375 2828 520 2862 Negotium
536 2836 661 2861 magnum
674 2826 709 2853 est
724 2826 863 2860 nauigare,
883 2826 996 2860 atqueid
1003 2826 1090 2852 mense
1153 2828 1185 2855 de
1199 2828 1263 2855 Nat.
1279 2828 1361 2855 Deor.
1374 2836 1397 2861 2,
1412 2834 1443 2861 89
1463 2838 1485 2855 c.
1500 2837 1526 2861 35
1559 2827 1684 2862 Idemque
1697 2827 1840 2854 iuuenibus
1853 2828 1929 2861 vifis,
1950 2828 2094 2864 auditoque
2107 2833 2215 2860 nautico

33 2863 175 2898 Qiinctili.
246 2865 311 2891 Non
324 2864 411 2890 hercle
425 2862 514 2890 verbis
532 2863 584 2889 dici
601 2862 685 2897 potest
698 2867 797 2888 tantum
807 2883 816 2896 ,
843 2869 970 2896 quantum
993 2871 1022 2889 re
1037 2862 1091 2896 ipsa
1151 2873 1236 2891 cantu.
1308 2863 1398 2891 Castra
1411 2864 1517 2892 nautica
1543 2864 1635 2899 Nepos
1647 2871 1675 2898 7,
1690 2869 1713 2895 8,
1728 2871 1748 2893 5.
1822 2864 1940 2890 Exuuiae
1955 2866 2074 2892 nauticae
2101 2868 2215 2902 Cic.pro

33 2900 160 2935 nauigare
176 2899 375 2926 incommodum
388 2899 424 2925 est
438 2899 580 2926 Ter.Hec.
593 2907 616 2931 3,
630 2909 654 2931 4,
668 2906 692 2924 2.
762 2897 875 2930 Plin.13‚
891 2906 920 2928 25
948 2899 1003 2931 Qti
1016 2898 1090 2924 naui·
1102 2905 1135 2932 73
1150 2902 1219 2935 Lege
1234 2900 1327 2927 Manil.
1342 2907 1380 2932 53.
1454 2900 1519 2927 Plin.
1536 2909 1580 2933 22,
1598 2909 1626 2930 25
1656 2899 1786 2926 Nauticus
1806 2899 1882 2926 Panis
1900 2900 1988 2934 tusus,
2015 2909 2094 2936 atque
2114 2903 2214 2931 iterum

33 2944 128 2971 gauere
140 2936 169 2962 in
182 2935 260 2963 Indos
275 2934 418 2962 Alexandri
435 2935 543 2962 milites.
616 2934 751 2968 Nauigare
770 2933 799 2959 in
819 2940 914 2968 portu,
940 2936 974 2969 cst
987 2937 1013 2960 A
1023 2934 1090 2969 peri·
1151 2936 1241 2963 coftus
1262 2936 1324 2964 sistit
1344 2935 1443 2962 aluum.
1497 2935 1630 2971 Bifiot‘lum
1647 2942 1744 2961 vocant.
1822 2936 1901 2962 Pinus
1934 2936 2009 2972 Virg.
2025 2938 2115 2973 Eclog.
2130 2950 2158 2971 4,
2180 2945 2213 2971 33.

32 2972 85 2998 culo
96 2971 186 3007 aelnff:
202 2977 336 3007 propterea
348 2973 421 3006 quod,
434 2971 478 3006 qui
485 2970 573 2996 mediis
583 2971 663 2996 adhuc
674 2970 701 2995 in
708 2970 822 3004 fluc'libus
836 2970 976 3005 nauigauit,
991 2971 1018 2996 bi
1031 2979 1089 2995 ven.
1151 2971 1236 2998 Pubes
1270 2972 1317 3000 Sil,
1331 2974 1362 3005 6,
1375 2979 1422 3004 35¹·
1496 2971 1547 2997 Res
1577 2970 1634 2997 Cic.
1648 2969 1681 2997 de
1693 2970 1759 2998 Nat.
1772 2971 1853 2998 Deor,
1867 2980 1890 3005 2,
1904 2979 1954 3005 ¹52·
2026 2974 2090 3000 Vela
2116 2975 2210 3001 Horas,

33 3014 115 3035 torum
126 3014 150 3033 et
159 3007 235 3043 aestus
246 3007 352 3033 arbitrio
366 3008 495 3042 nauigant.
566 3006 635 3033 Ter.
649 3004 731 3032 Andr.
745 3014 767 3038 3,
781 3014 801 3036 1,
813 3013 846 3031 22
868 3005 954 3031 Huius
971 3006 1089 3041 periculo
1150 3008 1233 3034 Serm.
1249 3017 1273 3041 2,
1286 3017 1309 3041 3,
1324 3010 1379 3035 106.
1452 3006 1573 3034 Verbum
1601 3006 1657 3033 Cic.
1673 3007 1777 3041 Att.13,
1791 3016 1825 3034 21.

31 3042 79 3076 fit,
98 3046 154 3078 sego
174 3043 202 3069 in
221 3048 301 3078 portu
320 3042 427 3077 nauigo.
463 3043 488 3068 h.
504 3051 524 3068 e.
554 3042 631 3068 Tutus
645 3042 711 3077 sum.
783 3040 854 3067 Belle
868 3041 1009 3076 nauigare,
1035 3042 1090 3067 vid.
1188 3049 1211 3070 N
1223 3050 1351 3074 AVLA‚
1371 3051 1409 3069 ae.
1431 3042 1451 3070 f.
1488 3042 1602 3078 [ναῦλα]
1641 3043 1812 3076 Genusmufici
1825 3042 1992 3079 irfirumentt‘,
2010 3046 2077 3079 quud
2085 3046 2150 3072 idem
2162 3045 2210 3081 effi

31 3079 120 3112 Belle,
137 3079 165 3104 in
178 3085 194 3105 Β
206 3084 226 3105 ο
237 3085 259 3104 N
269 3085 291 3105 v
300 3084 323 3105 s.
396 3079 479 3105 Caute
513 3077 569 3104 Cic.
581 3078 651 3104 Fam.
666 3079 710 3112 16,
728 3086 752 3109 9.
824 3077 974 3104 Commode
988 3077 1071 3111 magis
1080 3098 1088 3110 ,
1103 3083 1136 3109 80
1149 3089 1201 3105 cum
1215 3079 1339 3113 Psalterio
1351 3079 1453 3112 quidam
1471 3079 1585 3105 tradunt.

34 3122 113 3147 quam
125 3114 229 3141 strenue
254 3115 292 3141 Id.
307 3115 406 3148 Att.16‚
419 3115 445 3141 6.
517 3114 585 3141 Cum
599 3114 647 3140 illo
655 3112 825 3140 Rhodiorum
838 3114 947 3146 ἁφράνῆῳ
961 3114 1089 3148 nauigans
1188 3120 1296 3140 NAvt„
1308 3121 1317 3140 1
1329 3119 1382 3139 VM
1392 3133 1401 3146 ,
1422 3113 1441 3139 i.
1461 3122 1487 3140 n.
1524 3113 1654 3150 [mu'mou]
1696 3115 1753 3142 Vid.
1765 3121 1818 3142 NA
1829 3119 1846 3140 Β
1857 3120 1873 3140 r.
1883 3121 1914 3141 A.

35 3148 93 3174 eie.
100 3149 150 3176 Att.
159 3158 203 3183 10,
217 3159 236 3177 11
257 3160 281 3185 p.
296 3157 342 3185 170
360 3152 452 3176 Graeu.
490 3149 652 3185 Graecismus.
725 3150 744 3175 Ε
759 3154 838 3184 portu
869 3149 1002 3182 Quinotil.
1017 3162 1046 3182 4,
1067 3157 1089 3176 2.
1189 3156 1212 3175 N
1222 3156 1301 3176 AVL
1312 3155 1413 3177 OCHV
1424 3155 1466 3182 Μ,
1485 3149 1505 3176 i.
1526 3159 1552 3178 n.
1590 3149 1758 3186 [N215aaxm]
1776 3151 1923 3177 Locrorum
1937 3149 2065 3185 oppidum
2079 3151 2131 3185 est,
2151 3152 2210 3188 teste

35 3182 173 3216 Explorate
197 3186 254 3212 Cic.
268 3187 340 3213 Fam.
356 3188 393 3219 16,
406 3191 428 3217 8.
499 3186 536 3212 Ex
549 3186 677 3212 sententia
708 3185 746 3212 Id.
760 3184 837 3211 Acad.
851 3196 864 3217 4
872 3204 882 3218 ‚
903 3194 959 3212 100.
1031 3185 1088 3212 Cic.
1150 3186 1216 3213 Plin.
1230 3194 1259 3219 4,
1273 3194 1293 3217 3.
1331 3186 1360 3213 it.
1374 3184 1526 3220 Thraciae,
1546 3196 1601 3214 non
1613 3187 1706 3222 procul
1720 3186 1753 3214 ab
1767 3187 1870 3213 Haemo
1885 3193 1990 3219 monte,
2015 3188 2082 3212 cuius
2094 3189 2208 3215 meminit

36 3219 115 3244 Verr-
129 3227 160 3251 2,
171 3227 201 3252 93
231 3222 342 3249 Romam
354 3222 445 3255 venit,
468 3221 582 3256 satisque
592 3221 708 3248 feliciter
720 3220 864 3255 nauigauit.
939 3222 1089 3248 Incommo-
1150 3223 1213 3249 idem
1226 3221 1293 3248 Plin.
1310 3230 1339 3255 4,
1354 3230 1384 3248 11.

36 3253 136 3280 diffime
144 3273 154 3287 ,
180 3255 231 3282 vid.
243 3263 254 3282 1
263 3264 284 3283 Ν
295 3263 312 3284 c
321 3264 374 3285 OM
386 3264 412 3285 M
426 3264 447 3285 0
457 3264 476 3285 D
486 3264 506 3284 v
516 3264 540 3284 s.
614 3257 695 3284 Recte
715 3257 772 3283 Cic.
785 3257 856 3283 Fam.
872 3259 907 3290 16,
922 3265 957 3284 12.
1029 3257 1088 3283 Sine
1101 3261 1132 3290 85
1185 3263 1209 3283 Ν
1218 3258 1313 3290 Avo,
1333 3261 1387 3284 are.
1422 3257 1436 3291 [
1443 3261 1600 3292 καταιιθηιιι,
1618 3259 1751 3293 σπυδάζω]
1808 3256 1918 3291 Studiose
1937 3257 2039 3291 aliquid
2056 3258 2209 3294 adimplere,

36 3290 136 3317 timore
160 3288 199 3316 Id·
211 3290 278 3317 lbid.
290 3295 326 3320 16.
398 3294 454 3321 Cic.
462 3294 532 3320 Fam.
541 3294 582 3326 16,
596 3302 613 3327 9
644 3294 688 3320 Ne
701 3299 799 3319 temere
811 3293 927 3326 nauiges.
1000 3294 1088 3326 Qtam
1150 3294 1226 3326 dare,
1247 3293 1378 3328 conferre,
1399 3303 1451 3319 cum
1463 3294 1551 3330 effh‘lu
1564 3293 1746 3329 demonstrare,
1765 3294 1796 3319 id
1806 3293 1839 3328 est
1851 3295 1987 3318 adiumento
2001 3293 2054 3328 eff‘e.
2091 3294 2210 3322 TraHum

38 3325 176 3358 celeriter,
196 3325 244 3351 Cn.
257 3327 381 3363 Pompeio
393 3329 474 3363 duce,
492 3329 557 3356 belli
572 3331 686 3364 Impetus
700 3328 837 3363 nauigauit
863 3328 919 3355 Cic.
934 3337 982 3363 pro
996 3329 1089 3354 L.Ma-
1150 3329 1253 3355 verbum
1267 3339 1283 3354 a
1297 3330 1395 3363 nautis,
1421 3339 1494 3364 quum
1502 3329 1565 3365 sunt
1577 3330 1673 3355 auxilio
1687 3329 1746 3355 aliis
1757 3330 1785 3355 in
1798 3328 1968 3364 gubernandis
1981 3329 2096 3359 nauibus;
2133 3340 2209 3357 naue:

36 3361 84 3388 nil·
97 3370 119 3387 c·
128 3369 162 3387 ¹2·
234 3360 348 3397 Nauigat
359 3365 450 3398 nauis,
468 3366 523 3393 vt'd.
530 3365 610 3401 supra
624 3366 649 3391 in
664 3373 686 3392 N
695 3372 717 3392 Α
726 3372 747 3390 V
758 3372 768 3391 1
779 3371 802 3391 S.
822 3363 826 3372 ¹
875 3363 1089 3391 Claffibusmaxi-
1150 3365 1215 3391 enim
1227 3374 1300 3400 quum
1311 3374 1342 3390 ex
1353 3365 1486 3391 naualibus
1501 3367 1527 3392 in
1540 3375 1607 3391 mare
1620 3367 1788 3397 deducuntur,
1807 3363 1911 3388 maximo
1923 3364 2045 3389 hominum
2059 3366 2154 3392 auxilio
2168 3367 2208 3392 in-

37 3397 88 3424 mis
113 3396 169 3423 Cic·
183 3396 282 3429 Atmo,
293 3401 316 3427 8-
384 3402 459 3428 Mare
472 3401 596 3436 nauigare
628 3402 704 3436 Virg.
722 3403 786 3427 Aen.
800 3410 824 3433 1,
836 3407 874 3435 71.
948 3401 1089 3434 Myoparo-
1150 3401 1245 3436 digent.
1283 3401 1377 3427 Probat
1389 3401 1463 3427 etiam
1483 3401 1549 3435 Voffi.
1560 3401 1664 3435 Etymol.
1683 3406 1708 3426 et
1720 3401 1778 3426 hinc
1790 3399 1882 3425 Nauos
1890 3398 1915 3434 s.
1930 3399 2038 3427 Gnauos
2050 3401 2127 3427 amos
2140 3403 2207 3427 arbi.

38 3432 116 3460 nibus
143 3433 199 3459 Cic·
214 3433 291 3458 Verr-
301 3441 323 3465 3,
335 3436 386 3463 186.
456 3436 544 3464 Probo
563 3438 672 3471 nauigio
682 3457 689 3467 .
716 3437 791 3464 bono
811 3435 987 3471 gubernatore
1018 3435 1090 3462 Idem
1103 3446 1139 3471 90
1151 3443 1246 3464 tratur.
1319 3436 1429 3471 Aliquid
1449 3445 1547 3464 nauare
1567 3442 1593 3463 et
1609 3435 1711 3463 efficere
1744 3435 1797 3462 Cic.
1816 3434 1887 3460 Fam.
1901 3437 1927 3467 6,
1941 3444 1949 3461 1
1963 3442 2029 3464 extr.
2102 3437 2206 3466 Bellum

37 3467 116 3495 Acad.
129 3478 152 3501 4,
169 3477 214 3494 100
229 3477 250 3494 c.
265 3476 297 3500 31.
368 3469 445 3498 Pinus
457 3472 563 3508 nauigat
575 3473 603 3499 in
618 3473 695 3499 vndis
733 3472 814 3499 Ouid.
829 3472 860 3498 de
875 3474 938 3499 Arte
952 3473 1008 3498 Am.
1021 3479 1051 3503 2,
1064 3479 1088 3503 9.
1151 3481 1250 3499 nauare
1275 3472 1365 3500 Tacit.
1378 3472 1444 3499 Hist.
1457 3479 1482 3506 5,
1494 3482 1531 3506 25,
1546 3481 1568 3504 5.
1639 3470 1855 3499 Beneuolentiam
1869 3478 1981 3504 nauare,
2005 3472 2022 3500 ι’.
2040 3474 2113 3499 Nauo
2125 3474 2207 3499 animo

38 3504 148 3531 Ratibus
162 3503 290 3537 nauigare
313 3503 378 3529 Plin·
392 3513 415 3537 7,
428 3508 466 3538 56·
536 3509 625 3535 Remis
649 3510 705 3536 Cic.
721 3510 773 3535 Att.
790 3511 825 3542 16,
839 3510 864 3535 6.
937 3507 975 3535 Id.
990 3508 1021 3533 de
1032 3507 1091 3534 Fin.
1150 3509 1267 3534 adhibere
1280 3516 1304 3534 et
1312 3508 1452 3544 praestare,
1471 3509 1554 3543 inquit
1567 3509 1686 3534 Budaeus.
1744 3506 1798 3533 Cic.
1813 3507 1884 3533 Fam.
1890 3515 1913 3540 3,
1928 3516 1954 3533 10
1969 3514 2010 3542 pr.
2036 3508 2106 3535 Illud
2121 3517 2210 3544 pugna.

39 3547 62 3572 2,
75 3548 113 3566 112
143 3541 179 3566 Vt
199 3538 217 3565 fi
231 3540 329 3565 Xerxes
342 3548 402 3565 cum
414 3542 490 3568 tantis
502 3544 631 3576 elaffibus,
659 3545 788 3579 tantisque
802 3543 966 3578 equestribus
979 3549 1003 3569 et
1016 3541 1091 3576 pede·
1152 3549 1178 3570 et
1189 3544 1290 3570 enitere
1299 3564 1308 3577 ,
1332 3553 1365 3571 ne
1374 3544 1439 3579 quid
1452 3545 1530 3571 nobis
1539 3543 1665 3578 temporis
1678 3549 1853 3577 prorogetur:
1891 3549 1919 3570 vt
1940 3551 2021 3577 quum
2043 3543 2091 3571 tibi
2114 3544 2158 3570 hic
2172 3545 2210 3572 sa.

39 3574 133 3602 stribus
147 3575 248 3610 copiis,
273 3575 446 3615 Hellesponto
463 3577 568 3612 111116ὶο,
593 3580 697 3608 Athone
711 3579 825 3615 perfosso
838 3580 923 3606 maria
934 3578 1091 3606 ambulauis-
1152 3580 1345 3613 tisfecerimus,
1379 3580 1436 3607 istic
1458 3589 1566 3615 quoque
1590 3578 1704 3605 nostram
1727 3577 1939 3606 beneuolentiam
1958 3587 2055 3606 nauare
2077 3580 2207 3614 poslimus.

40 3610 92 3642 set,
106 3617 214 3651 ‚terram
227 3611 377 3652 rjamgafl'et·
449 3612 597 3652 Pleniffimis
616 3617 681 3643 velis
712 3616 768 3643 Cic.
790 3625 840 3650 pro
858 3616 948 3642 Domo
962 3623 991 3645 24
1014 3623 1034 3640 c.
1054 3623 1090 3641 10.
1107 3624 1140 3650 95
1152 3616 1295 3650 Flagitium
1320 3616 1411 3643 Tacit.
1428 3616 1495 3643 Hist.
1508 3627 1531 3649 4,
1547 3625 1587 3650 59,
1600 3625 1621 3646 4.
1692 3613 1749 3641 Cic.
1763 3613 1795 3641 de
1808 3615 1884 3642 Orat.
1897 3623 1929 3648 2,
1942 3617 1970 3641 26
1984 3616 2005 3642 c'.
2019 3623 2036 3650 7
2067 3617 2121 3643 Iam
2138 3616 2208 3643 mihi

41 3644 203 3682 Nauigatur‚
230 3647 396 3683 mpersonale.
469 3647 526 3674 Cic.
540 3658 588 3683 pro
606 3651 676 3686 Lege
691 3651 783 3679 Mauil.
796 3660 830 3679 20
849 3662 871 3679 c.
886 3661 904 3678 11
938 3652 1028 3683 Qtum
1045 3655 1091 3676 aut
1151 3651 1247 3678 videor
1261 3653 1362 3679 nauaffe
1377 3661 1502 3687 operam,
1530 3651 1600 3686 quod
1620 3649 1672 3676 hue
1689 3651 1817 3677 venerim.
1855 3651 1874 3677 i.
1900 3658 1984 3686 nperae
1995 3659 2020 3686 p›
2028 3652 2102 3677 etium
2112 3652 2208 3687 senff.

41 3679 146 3714 hieme,
169 3688 213 3709 aut
231 3682 333 3710 referto
352 3682 515 3717 praedonum
535 3686 794 3722 marinauigaretur.
865 3686 968 3721 Paffiue.
1008 3686 1091 3713 Naui-
1153 3689 1270 3722 Operam
1288 3688 1432 3715 militarem
1465 3688 1524 3714 Liu.
1544 3695 1582 3719 44
1601 3684 1710 3713 fortiter
1729 3686 1757 3712 in
1776 3686 1832 3713 acie
1855 3687 1928 3713 Idem
1948 3696 1975 3719 7,
1994 3691 2028 3713 14.
2104 3687 2160 3714 Cic.
2176 3687 2208 3714 de

43 3721 119 3756 gatur
131 3717 256 3744 Occidens
282 3719 347 3745 Plin.
360 3728 383 3751 2,
397 3721 439 3754 67.
510 3719 722 3753 septentrionalis
737 3724 856 3751 Oceanus
869 3723 968 3750 maiori
980 3731 1011 3748 ex
1018 3728 1091 3756 parte
1152 3724 1246 3758 Arusp.
1260 3724 1382 3758 Responss
1400 3735 1404 3749 1
1438 3725 1527 3757 Qmm
1547 3723 1568 3748 is
1587 3721 1790 3756 publicanorum
1811 3723 1912 3749 eausam
1930 3721 2082 3749 stultiffimis
2095 3723 2208 3750 interro-

44 3758 181 3786 ¹¹³¹¹¹82ffl⁵
193 3753 229 3779 est
253 3754 319 3782 Plin·
333 3764 361 3786 2,
374 3756 414 3787 67-
1153 3759 1306 3795 gationibus
1320 3759 1478 3794 impediret,
1502 3764 1528 3784 et
1550 3758 1575 3784 Ρ.
1590 3757 1718 3785 Tullioni
1731 3758 1796 3790 Syro
1815 3763 1924 3784 nauaret
1943 3767 2061 3792 operam.
2134 3758 2206 3784 Idem

81 3794 164 3815 NAV
174 3796 183 3815 1
192 3794 213 3815 G
222 3795 278 3829 A-N
290 3797 303 3817 s
313 3811 321 3823 ,
341 3791 417 3818 antis.
455 3790 548 3817 Partic.
602 3791 658 3818 Cic·
671 3794 742 3827 Offia
755 3805 776 3823 c.
785 3804 823 3828 23.
860 3796 966 3822 Petron.
984 3803 1006 3820 c.
1022 3803 1074 3827 ¹07·
1100 3804 1147 3822 100
1154 3795 1186 3822 ad
1199 3796 1310 3823 Brutum
1322 3801 1336 3825 8
1362 3795 1432 3822 Tibi
1446 3803 1536 3821 omnes
1544 3793 1626 3820 fortes
1641 3794 1694 3820 viri
1709 3803 1805 3829 nauare
1819 3802 1926 3829 operam
1939 3800 1965 3820 et
1979 3793 2092 3820 studium
2105 3794 2207 3822 volunt.

48 3859 54 3863 -
82 3830 104 3849 N
115 3829 138 3849 A
149 3829 170 3849 v
183 3830 194 3851 1
205 3830 225 3851 G
234 3832 286 3851 AT
295 3833 315 3851 v
326 3833 356 3863 s,
375 3836 388 3852 a
398 3847 407 3860 ,
428 3836 482 3853 um.
521 3827 614 3852 partic.
651 3827 740 3866 Tacit,
753 3832 842 3858 Germ,
856 3840 905 3866 34,
919 3839 931 3856 2
963 3829 1092 3857 Ambiunt
1154 3831 1211 3858 Cic.
1225 3832 1277 3859 Λα.
1291 3841 1318 3865 9,
1333 3840 1359 3858 12.
1391 3831 1499 3857 Vtinam
1514 3830 1544 3856 in
1556 3829 1604 3857 hac
1618 3830 1728 3865 aliquod
1741 3829 1847 3856 miseria
1859 3829 1933 3864 Reip.
1946 3838 2064 3856 oram-ino.
2077 3838 2141 3862 opus
2155 3825 2208 3854 effi.

45 3859 186 3899 immensos
209 3860 276 3887 lacus
294 3862 422 3890 Romanis
455 3862 569 3890 claffibus
602 3871 746 3897 nauigium.
763 3868 765 3871 '
816 3867 964 3902 Nauigatus
997 3866 1094 3893 fluuius
1154 3875 1213 3894 cere
1225 3873 1252 3894 et
1263 3875 1361 3894 nauare
1373 3866 1442 3892 mihi
1460 3866 1545 3893 liceat.
1617 3867 1707 3893 Valet.
1726 3867 1824 3901 Argon.
1838 3875 1864 3898 3,
1887 3875 1924 3896 145
1959 3881 2004 3885 -—
2029 3865 2114 3898 potius
2139 3863 2207 3891 mihi

44 3895 111 3922 le·
126 3897 152 3927 ⁶,
164 3903 208 3921 20·
1155 3902 1260 3930 dextera
1273 3903 1348 3930 ferro
1362 3902 1451 3928 Nauet
1465 3910 1541 3936 opus.
1611 3903 1704 3936 Remp.
1719 3910 1815 3928 nauare
1836 3908 1860 3928 et
1880 3901 1912 3927 de
1929 3900 2047 3927 moribus
2067 3906 2092 3924 et
2106 3898 2206 3932 legibus

84 3937 107 3957 N
119 3936 140 3956 A
150 3936 171 3955 V
183 3936 378 3970 1GANDVS,
396 3943 428 3970 a,
448 3944 502 3961 um.
544 3942 589 3968 vt,
611 3934 765 3968 Nauiganda
777 3937 850 3963 nauis
883 3938 988 3974 leian.
1003 3937 1030 3963 in
1044 3937 1061 3964 l.
1074 3937 1094 3965 i.
1155 3947 1282 3972 quaerere
1309 3938 1365 3964 Cic.
1380 3937 1450 3964 Fam.
1465 3946 1492 3971 9,
1506 3945 1527 3965 2.
1537 3956 1544 3959 -
1582 3938 1654 3972 Conf.
1677 3940 1735 3965 Ραν.
1755 3939 1813 3963 Lex.
1833 3938 1898 3964 Crit.
1914 3945 1939 3972 p.
1957 3945 2013 3969 774·
2084 3934 2207 3963 Studium

46 3966 79 3994 D.
92 3966 210 4001 Nautae,
228 3975 335 4003 caupon.
350 3978 395 3999 etc.
438 3970 554 3999 Nautam
566 3971 683 4007 accipere
698 3969 822 4000 debemus
836 3981 914 4010 eum,
936 3974 984 4010 qui
999 3982 1093 4002 nauem
1102 3974 1231 4013 105suum
1242 3974 1329 4039 alicui:
1342 3973 1397 4000 Cic.
1407 3973 1479 4002 Fam.
1491 3982 1526 4010 ις,
1538 3983 1562 4009 4.
1634 3973 1724 4002 Studia
1737 3972 1896 4008 suffragandi
1915 3973 1953 4000 Id.
1962 3972 1993 3996 de
2005 3968 2206 4004 Petit.Cons.14.

1342 4017 1386 4038 ες
1410 4017 1427 4038 a.
1944 4011 2207 4041 NAVPACTVS,
