2517 4231
113 209 197 255 ¹¹89
459 166 539 240 'P
619 198 657 239 V
739 199 784 240 T

114 292 191 323 male,
205 291 306 319 recinis
319 289 397 317 illud.
432 289 504 326 conf.
523 290 597 317 Seru.
610 288 646 317 ad
658 289 733 324 Virg.
747 288 813 314 Aen.
834 294 860 312 2.

117 328 198 356 Gloss'.
212 328 270 354 Lat.
286 326 346 360 Gn]
363 325 442 353 eodem
455 325 524 352 modo
537 325 642 353 dicitur.
689 324 793 365 leian.
814 321 842 348 in
860 321 878 349 Ι.
899 322 1018 351 Iulianus
1037 323 1060 362 §.
1075 324 1122 351 vlt.
1136 324 1170 351 D.

113 363 148 390 de
166 363 224 391 A&
242 368 305 390 emt.
325 369 351 389 et
370 361 449 389 vend.
481 361 600 389 Aedibus
619 359 750 388 disti-aar·
769 357 811 384 vel
828 357 935 393 legatis,
956 368 987 387 0³
1001 362 1050 387 css'c
1063 359 1170 386 aedium

113 400 228 427 solemn·
241 398 346 431 dicere,
360 407 428 433 quae
440 398 512 433 quati
528 407 586 433 pars
599 396 723 427 aedium,
742 393 785 420 vel
807 401 915 430 propter
933 396 1010 422 aedes
1029 395 1172 426 habentur,

957 288 993 315 Vt
1010 293 1087 323 puta,
1107 286 1172 322 [οἷὸν

112 441 142 462 vt
160 440 222 469 puta
235 440 323 469 putea.
365 434 431 471 Vfiss
449 441 473 460 ct
493 434 588 461 Seneca
607 429 827 463 Nat-Q1acst.2‚
849 439 870 457 2.
905 437 929 458 et
948 431 1017 458 Cels·
1033 441 1056 465 ς,
1070 434 1111 458 26-
1147 437 1172 458 et
1190 436 1204 462 5

112 470 246 498 Columel.
268 478 297 504 5,
317 479 349 504 2,
366 481 389 504 4.
432 470 514 498 Poeta
528 469 636 496 Phallie.
651 473 693 500 37·
742 465 800 494 Vid.
824 468 936 494 Gocicnii
950 468 1070 496 Problem.
1084 468 1172 494 Gram-

112 514 173 534 mat.
193 517 205 534 ι
224 517 238 534 2
257 526 264 533 .

148 547 164 569 P
173 549 194 569 v
205 512 287 570 ’,ΓΞΝ
297 549 327 575 S,
353 542 429 569 antis.
466 541 560 569 Partic.
611 537 694 565 Ouid.
710 538 774 565 Met·
788 545 812 572 ς,
827 542 875 569 828
900 538 1010 566 Nomen
1017 539 1066 566 esse
1078 543 1172 574 putatu

112 578 253 614 nymphae.
295 577 354 605 vid.
361 577 452 615 fitpra.
998 584 1001 588 ·

151 621 355 648 ΡνΤΑΤνε,
381 623 406 647 3,
434 622 489 640 11111.

113 650 170 678 111111
184 660 214 678 ex
226 650 397 686 Festofispra.
454 650 556 676 Aurum
572 652 702 680 putatum,
716 652 788 672 ratio
802 652 891 681 putata
911 645 974 673 ibid.

150 694 196 714 Pv
208 682 230 714 T
242 688 370 719 KTOR,
403 684 465 712 oris.
493 691 530 708 m.
570 680 739 716 [κλαδευτῆς,
759 681 894 717 ndns-5115&
921 681 1001 709 Gloss'.
1023 681 1081 708 Lat.
1103 681 1171 717 Gn]

113 722 250 751 Arborum
265 728 400 758 purgator,
411 720 494 755 inquit
507 718 633 745 Donatus.
742 717 811 744 Plin.
826 725 870 752 27,
883 722 897 748 8
924 718 1052 745 Curatum
1065 725 1096 743 ea
1109 717 1172 743 scio.

114 758 242 786 omnibus
259 759 318 785 sere
335 756 428 785 ollibus
441 754 602 787 consuetis,
620 753 774 788 prolapsum
792 761 825 780 ex
837 753 936 780 arbore
955 753 1007 780 alta
1020 759 1172 788 putatorem

112 795 275 822 circumdata
287 791 411 820 vniuerso
425 790 542 825 corpori.
579 789 638 817 add.
656 788 697 816 ld.
714 795 750 822 18,
764 797 799 822 33.

113 838 223 866 putator
240 827 365 857 horridus
384 827 468 854 refert
489 835 562 853 vuas.
658 825 728 852 Vitis
748 831 856 860 putator
883 825 965 852 Ouid.
985 826 1052 852 Met.
1073 834 1091 858 1,
1110 827 1174 858 649.

113 866 209 894 Pallad.
225 873 246 898 r,
257 867 284 892 6.
319 864 395 898 Virg.
408 863 507 898 Georg.
522 871 546 895 2,
561 867 597 892 28.
681 861 811 888 Pendulus
825 866 942 895 putator,
967 860 1022 888 uid.
1039 867 1174 888 PENDEO.

112 902 181 931 Add.
201 900 271 928 Paul.
283 899 392 935 Recept.
406 899 478 926 Sent.
490 907 504 930 5
518 904 536 926 t.
549 907 579 930 23
593 897 658 924 sent.
673 905 696 931 5.
720 900 752 924 it.
770 897 789 924 1.
806 895 824 923 fi
839 902 946 932 putator
959 897 990 924 C.
1003 896 1036 923 ad
1051 897 1069 923 l.
1083 897 1174 933 Aquil.

112 939 198 966 Varro
210 936 293 973 supra
310 939 337 962 in
359 941 462 962 ewro.

145 979 190 1000 rv
203 978 226 999 'r
237 978 289 999 ΑΤ
300 978 320 998 o
331 978 430 1004 n1vs,
451 979 476 1003 3,
494 979 551 997 mn.
587 968 650 996 Adi.

110 1007 290 1036 Instrumenta
309 1008 342 1034 D.
364 1007 398 1034 de
411 1006 531 1034 instruet.
542 1010 568 1032 et
578 1005 651 1033 inste.
663 1005 713 1040 leg.
758 1004 857 1032 Pallad.
872 1013 892 1038 1,
905 1013 941 1037 35.

146 1050 162 1071 P
174 1049 286 1072 VTAT
296 1050 305 1071 1
315 1050 346 1074 o,
370 1043 440 1070 onis.
469 1042 489 1069 f.
528 1039 697 1076 [κλάδευσις]
733 1041 803 1077 Opus
817 1044 950 1077 putatoris
965 1043 993 1067 in
1007 1043 1061 1067 vite
1075 1042 1116 1068 vel
1132 1050 1174 1067 ar-

109 1080 176 1108 bore.
212 1081 270 1107 Cic.
283 1078 316 1106 de
324 1080 399 1106 Orat.
414 1087 434 1111 1,
447 1086 500 1112 ²49
515 1086 538 1103 c.
549 1082 578 1111 58
595 1079 630 1104 Vt
643 1077 709 1112 quid
723 1076 753 1104 fit
767 1077 890 1104 sementis
905 1086 934 1103 ac
946 1076 1039 1109 meffis,
1053 1077 1118 1112 quid
1132 1085 1173 1104 ar-

110 1116 211 1144 borum
225 1116 329 1152 putatio
343 1124 373 1142 ac
392 1114 508 1144 vitium,
529 1121 583 1148 quo
596 1120 716 1149 tempore
729 1112 809 1145 anni,
829 1119 874 1140 aut
894 1112 1033 1148 quomodo
1050 1122 1080 1139 ea
1099 1113 1172 1144 fiant,

112 1152 224 1180 omnino
238 1152 344 1179 uestiat.
398 1149 531 1178 Columel.
544 1149 656 1184 praefat.
670 1157 690 1176 1.
746 1149 822 1175 Idem
841 1157 871 1182 4,
885 1156 923 1184 ¹7·

111 1197 132 1223 4
150 1198 174 1225 p.
187 1196 232 1222 ¹29
260 1187 413 1216 Putationes
426 1186 564 1213 arborum.
763 1182 784 1222 ff
806 1193 823 1212 2.
859 1185 908 1213 Sed
922 1191 972 1220 pro
992 1183 1172 1218 Aistimatione

110 1224 217 1252 Paullus
231 1225 260 1251 in
275 1223 292 1251 l.
300 1224 377 1256 Eum,
391 1223 439 1258 qui
456 1221 480 1259 §.
493 1221 542 1248 vlt.
563 1221 595 1247 D.
617 1219 650 1246 de
662 1219 746 1247 iniur.
758 1227 785 1248 et
803 1221 898 1248 samos.
912 1221 998 1248 libell.
1019 1221 1077 1248 Nec
1088 1228 1172 1248 trans-

109 1260 178 1288 ferri
190 1261 318 1296 personae
330 1260 433 1295 putatio
446 1266 478 1285 ex
492 1258 603 1292 persona
615 1256 736 1284 filiorum
749 1256 782 1284 ad
796 1266 838 1284 cas
851 1257 946 1292 potest.
1000 1257 1172 1292 Comparatio:

108 1295 230 1324 Macrob.
251 1296 354 1324 Saturn-
373 1303 400 1329 1,
425 1303 450 1328 13
485 1295 559 1321 Vnus
572 1292 666 1320 menfis
683 1293 836 1322 vniuerfam
855 1294 1023 1328 putationem
1042 1294 1173 1329 imparem

110 1333 185 1360 fecit.

145 1375 162 1396 P
171 1374 193 1394 v
202 1375 224 1396 'r
233 1374 255 1396 Α
263 1374 286 1395 T
295 1367 308 1395 f
317 1373 338 1394 v
345 1373 368 1394 V
377 1373 400 1400 s,
408 1376 432 1399 3,
439 1375 495 1393 um.
516 1363 576 1392 Adi.
594 1362 719 1400 [δοκητδς]
739 1365 805 1402 quod
812 1371 928 1401 putatur,
935 1375 980 1392 nec
987 1362 1030 1398 est.
1051 1365 1172 1394 Tei-tull.

109 1403 143 1432 de
157 1405 236 1432 Carn.
251 1403 349 1432 Christ.
363 1412 384 1430 c.
399 1412 410 1430 1
435 1402 492 1436 Qi
509 1410 614 1428 carnem
627 1401 729 1428 Christi
745 1403 894 1437 putatiitam
908 1402 1071 1428 introduxit.
1123 1403 1172 1428 Pu-

107 1441 209 1468 tatiuus
229 1439 354 1472 habitus,
373 1439 510 1474 putatiuus
526 1437 615 1468 aetus,
635 1437 810 1473 imaginarius
823 1444 950 1474 operator
977 1438 1052 1465 Idem
1068 1437 1172 1465 aduers.

109 1477 194 1506 Marc.
211 1485 235 1510 3,
249 1481 272 1507 8.
340 1474 479 1502 Putatiuus
492 1473 616 1509 magister
632 1475 694 1501 Vet.
707 1475 806 1510 interp.
823 1473 893 1502 [ren.
907 1484 935 1507 4,
952 1476 996 1501 60.

145 1519 190 1539 ev
201 1518 222 1539 T
233 1512 341 1539 Ava
353 1517 382 1538 E.
419 1510 487 1538 Adu.
531 1510 608 1537 Mem.

144 1554 160 1574 P
169 1555 191 1576 v
200 1555 223 1575 Τ
235 1549 256 1575 K
266 1555 290 1575 M
299 1554 316 1574 E
326 1554 358 1580 N,
376 1547 438 1575 inis.
460 1556 487 1573 n.
526 1546 658 1581 [ἔλυτροῃ
673 1549 795 1581 κέλυφες]
832 1547 906 1574 Non.
922 1555 947 1580 2,
958 1549 1003 1579 683
1023 1547 1172 1579 Ptuamina,

110 1593 167 1612 non
186 1584 272 1612 solum
292 1583 419 1611 arborum
439 1584 514 1616 sunt,
535 1591 630 1609 verum
647 1583 769 1610 omnium
786 1592 876 1611 rerum
897 1591 1083 1618 purgamenta:
1110 1592 1173 1609 nam

109 1620 243 1657 quidquid
257 1629 289 1647 ex
302 1620 392 1655 aliqua
405 1629 434 1646 re
451 1619 606 1654 proiicitur,
617 1617 646 1644 id
661 1627 786 1654 putamen
797 1619 954 1655 appellatur.
1004 1619 1087 1646 Plaut.
1096 1620 1172 1654 Capt.

110 1665 133 1690 3,
145 1667 170 1690 4,
185 1665 231 1684 122
250 1656 385 1684 Nucleum
398 1655 488 1687 31111ίί,
501 1654 602 1695 reliqui
616 1654 724 1690 pignori
741 1657 886 1690 putamina.
930 1655 988 1682 Vid.
1007 1661 1173 1682 NVCLEVS.

717 968 806 996 Falces
819 955 972 1005 putatoriae
988 968 1096 1004 leian.
1111 969 1139 995 in
1154 968 1172 995 l.
1182 976 1217 997 20

1628 198 1899 241 PYD

1235 285 1292 314 Cic.
1307 286 1338 313 de
1353 287 1441 314 Finib.
1454 296 1476 321 5,
1489 292 1516 319 38
1541 288 1668 314 Animum
1683 288 1724 315 illi
1739 287 1833 323 pecudi
1846 288 1935 316 datum
1949 302 1996 325 pro
2008 297 2059 322 1⁸31<-
2072 307 2104 324 ης
2116 300 2275 332 ,κω-ερας(

1234 323 1290 350 Cur
1304 324 1369 349 Aiax
1385 323 1462 350 heros
1479 324 1513 350 ab
1528 324 1631 350 Achille
1648 325 1773 351 secundus
1787 325 1912 360 putrescit
1935 327 2027 357 Horat.
2041 333 2122 360 Serm.
2143 344 2155 360 2
2189 344 2202 367 3
2234 320 2284 368 193.

1235 357 1321 385 Vestis
1334 360 1459 393 pun-escit
1473 359 1501 386 in
1515 367 1575 386 arca
1596 359 1633 386 ld.
1648 360 1714 387 ibid.
1731 369 1754 393 2,
1769 370 1789 393 3,
1804 369 1853 393 119.
1957 363 2111 400 Putre-scere,
2133 355 2181 405 μ’.)
2190 355 2285 406 ιῖψμῤ

1236 402 1317 420 verem
1330 396 1430 430 resolui,
1465 395 1518 421 vid.
1538 395 1707 423 Fermentarc
1721 403 1828 428 terrain,
1847 400 1874 422 iu
1896 401 2110 430 ΡΕΒΜιικτνΜ,

1276 435 1292 455 P
1304 436 1322 454 v
1332 437 1354 457 T
1365 438 1381 457 κ
1395 437 1411 457 Ε
1424 438 1437 457 s
1449 436 1467 457 c
1478 438 1493 457 12·
1505 437 1525 457 N
1537 438 1560 463 S,
1577 432 1653 457 entis.
1674 433 1769 458 Partic.
1816 432 1941 459 l'rudcnt.
1957 432 2045 460 Pcrist.
2060 445 2086 467 4,
2100 447 2133 470 ¹3¹
2158 441 2227 467 Dum
2240 451 2286 476 p...

1234 465 1373 492 crescentes
1386 472 1475 492 tcnuat
1490 466 1617 493 medullas
1653 468 1777 494 Tabidun
1792 467 1897 495 humor.
2039 477 2047 482 ’

1270 506 1390 528 Ρντκι
1403 503 1465 529 131'1¹
1477 509 1484 527 1
1496 509 1509 528 s
1530 511 1552 528 e.
1586 501 1646 529 Adi.
1686 504 1757 530 Paul.
1773 503 1870 530 Nolan.
1884 504 1963 539 Epist.
1978 502 2010 530 ad
2024 504 2113 532 Seuer.
2135 515 2164 537 30
2178 513 2213 542 (g)
2233 522 2248 538 η
2270 515 2286 539 ⁶

1232 535 1482 599 'imagines-nostras
1500 537 1597 565 nonin
1610 538 1709 566 tabulis
1723 539 1914 574 putribilibus,
1935 548 2020 575 neque
2041 541 2071 567 in
2083 541 2152 568 aeris
2167 533 2288 578 liquenii.

1252 580 1282 599 us
1301 580 1396 607 pinxit.

2199 225 2284 262 1190

534 609 602 638 Idem
616 618 646 636 oc
661 611 745 637 Purus
756 595 825 650 opud
838 612 965 646 antiquos.
1015 610 1075 638 Vid.
1097 609 1171 637 Paul·
1190 620 1220 640 to
1273 613 1289 634 P
1299 615 1320 634 v
1330 616 1352 636 Τ
1366 615 1387 635 R
1398 609 1447 637 v6
1456 616 1469 637 s
1478 616 1532 642 vs,
1543 618 1568 643 a,
1585 618 1642 636 um.
1664 609 1725 637 Adi.
1759 611 1917 637 Putruosum
1930 611 2004 638 vlcus
2023 612 2195 640 CacLAurcl.
2206 612 2288 644 Tard,

1235 652 1259 677 ²⁹
1272 652 1319 707 11411
1328 686 1349 707 Τ
1359 687 1378 706 n
1387 687 1401 707 Ε
1412 688 1428 707 1·-
1437 679 1460 708 Ᾰ
1469 686 1487 707 c
1499 687 1508 706 1
1520 687 1552 714 o,
1570 680 1635 714 feci,
1654 681 1765 715 saelum,
1785 683 1838 709 ere.

1232 722 1308 752 pere,
1321 716 1456 751 resoluere,
1469 724 1546 752 putre
1557 717 1654 752 aliquid
1660 717 1759 753 facere.

1234 752 1325 787 tigna,
1345 752 1541 787 putre-facitque
1555 761 1664 787 operam
1678 753 1758 780 fabri.

1876 681 1970 716 [erinon
1989 683 2141 718 κατασήπω]
2177 684 2291 712 Corrum-

1816 718 1899 744 Plaut.
1917 718 1995 745 Most.
2014 727 2036 752 2,
2054 728 2074 752 1,
2092 729 2121 750 30
2146 719 2291 755 Perpluunt

1846 754 1979 780 Columcl.
1993 762 2016 787 3,
2033 763 2061 782 12
2086 757 2177 789 Quum
2193 757 2218 783 se
2232 765 2292 792 pro-

870 789 989 817 Martial.
1007 797 1032 822 3,
1047 794 1074 819 58
1100 789 1174 816 Seras
1193 798 1218 825 ις
1234 795 1311 815 munt
1326 790 1411 821 vites,
1431 788 1538 815 modico
1552 794 1673 824 tempore
1685 794 1796 816 euocant
1813 789 1953 817 humorem
1967 796 2052 817 terrae
2066 791 2135 818 iusto
2149 793 2292 828 maiorem,

1234 824 1282 860 qui
1295 824 1438 859 putrefacit
1449 824 1565 858 deposita
1583 825 1691 852 semina.

1273 867 1288 887 P
1297 867 1318 887 V
1326 868 1348 888 T
1358 866 1376 887 R
1388 867 1404 887 E
1416 866 1457 887 ΡΑ
1467 866 1484 888 C
1493 867 1514 887 T
1524 867 1544 887 V
1554 868 1566 887 s
1574 881 1583 894 ,
1603 870 1617 887 a
1625 881 1634 894 ,
1654 870 1709 887 um.
1747 861 1841 888 Panic.
1879 860 2008 895 [σηπτᾶς]
2045 863 2145 888 Primae
2158 863 2220 890 duat
2237 874 2292 891 cor-

1235 899 1319 932 ripuit
1355 895 1438 923 Ouid.
1451 897 1516 924 Met.
1531 905 1564 929 15,
1582 902 1628 930 389
1657 896 1722 923 Sunt
1737 897 1785 931 qui
1801 905 1883 932 quum
1896 896 1984 923 clauso
2005 898 2151 931 putretaeta
2163 899 2200 926 est
2219 901 2293 935 spina

1236 933 1356 968 sepulcro
1376 938 1421 959 etc.
1464 933 1565 959 Mutari
1579 932 1686 960 credant
1699 932 1827 959 humanas
1844 941 1928 967 angue
1947 932 2083 960 medullas.
2141 934 2189 962 Sed
2200 936 2293 971 produ.

1235 971 1276 995 xit
1288 975 1433 1004 veramque,
1452 971 1480 995 in
1496 978 1539 995 ver
1553 979 1583 995 u.-
1603 970 1635 995 Et
1649 975 1738 996 tamen
1752 968 1815 995 haec
1833 977 1916 1003 quum
1928 968 1977 995 lint
1990 969 2061 1004 quali
2080 971 2229 1004 putrefaeta
2246 980 2294 1007 per

1235 1004 1336 1032 imbres
1356 1005 1460 1032 Lucret.
1476 1013 1502 1037 2,
1517 1009 1575 1039 897.

1270 1046 1286 1066 P
1298 1047 1317 1067 v
1330 1048 1351 1067 T
1361 1048 1379 1067 R
1388 1047 1405 1067 Ε
1414 1046 1458 1067 ΡΑ
1470 1047 1516 1068 CT
1526 1047 1535 1066 1
1547 1046 1580 1073 o,
1600 1040 1671 1066 onis.
1690 1039 1710 1067 f.
1747 1038 1885 1075 Augustin.
1893 1039 1972 1075 Epist.
1987 1048 2035 1076 147
2052 1040 2198 1068 Vulnerum
2207 1049 2293 1078 putre—

1234 1076 1352 1103 fafflone
1374 1076 1496 1103 dolorem
1511 1076 1683 1111 perdidimus.

1271 1118 1286 1138 P
1296 1119 1316 1138 v
1326 1120 1348 1140 Τ
1358 1119 1402 1140 RE
1413 1118 1430 1138 1²
1442 1114 1455 1139 i
1467 1118 1501 1145 ο,
1523 1112 1572 1139 eri.
1609 1111 1705 1139 Pallad.
1719 1120 1740 1147 1,
1760 1119 1787 1144 33
1809 1112 1916 1139 Humor
1930 1111 2066 1139 abundans
2081 1111 2133 1140 hoc
2145 1113 2292 1149 praestabit,

977 1150 1047 1176 Plur.
1067 1149 1170 1176 Arnob.
1189 1160 1220 1187 ²5
1233 1154 1263 1175 vt
1275 1149 1427 1183 putrefiant.
1464 1148 1539 1175 Idem
1556 1148 1635 1175 Febr.
1652 1157 1688 1174 10.
1709 1155 1733 1174 et
1754 1148 1824 1182 Sept.
1838 1156 1863 1180 9.

1269 1191 1284 1211 r
1295 1191 1314 1211 ν
1329 1191 1351 1212 Τ
1363 1191 1383 1212 R
1392 1191 1412 1211 o
1421 1191 1451 1217 R,
1464 1185 1529 1211 oris.
1549 1193 1587 1211 111.
1611 1181 1756 1219 [σηπηδών]
1793 1182 1862 1210 Idem
1876 1182 1940 1219 quod
1951 1182 2068 1211 Putredo.
2100 1185 2206 1213 Lucret.
2213 1194 2238 1220 2,
2246 1191 2294 1222 872

1393 1221 1501 1255 Quippe
1512 1220 1607 1247 videre
1619 1220 1681 1246 licet
1697 1220 1774 1246 vinos
1788 1219 1899 1246 existere
1912 1228 2016 1246 vermes

1393 1257 1514 1283 Stercore
1530 1256 1563 1283 de
1578 1262 1658 1288 tetro,
1672 1261 1810 1290 putrorern
1822 1263 1904 1289 qutun
1917 1255 1967 1282 fibi
1980 1254 2056 1282 nacta
2069 1254 2107 1282 est

1393 1292 1591 1327 Intempestiuis
1607 1301 1639 1319 ex
1661 1291 1795 1318 imbribus
1815 1290 1924 1317 humida
1939 1291 2025 1318 tellus.

1190 1340 1223 1365 30
1233 1328 1277 1355 Sic
1294 1330 1359 1354 enim
1375 1328 1503 1365 legendum
1523 1327 1572 1362 esi,
1592 1338 1642 1355 non
1662 1334 1692 1355 vt
1710 1330 1737 1354 1⁴⁷²
1755 1328 1868 1363 vulgarit
1888 1327 2022 1354 Putorem.
2049 1326 2192 1354 Lambinus.
2233 1327 2296 1356 Via.

1295 1370 1316 1389 T
1382 1384 1388 1391 .
1750 1382 1753 1386 .

1237 1370 1287 1425 1²3⁷:
1299 1370 1417 1432 vglits,
1434 1409 1459 1434 a,
1477 1409 1533 1427 um.
1562 1398 1623 1426 Adi.
1653 1396 1800 1435 [καθαρδς]
1835 1399 1933 1425 Purus:
1957 1397 2022 1425 vnde
2036 1388 2131 1424 Putum
2145 1403 2295 1433 argentum,

1233 1438 1252 1461 i.
1268 1437 1416 1473 Purgatum.
1487 1436 1599 1463 Alfenus
1619 1436 1698 1463 ICtus
1713 1434 1781 1470 apud
1799 1434 1869 1461 Gell.
1891 1436 1918 1467 6,
1937 1441 1949 1467 5
1966 1434 2110 1470 respondit,
2130 1435 2178 1461 efl'e
2199 1443 2297 1469 purum

1235 1477 1330 1506 putum
1343 1472 1420 1499 valde
1436 1481 1548 1507 purum:
1568 1472 1631 1499 ficut
1643 1480 1745 1498 nouum
1754 1471 1895 1497 nouitium
1909 1470 2031 1502 dicimus,
2043 1476 2068 1496 et
2083 1470 2222 1510 proprium
2235 1480 2297 1506 pro-

652 1511 836 1543 Interp.1ren.
856 1518 879 1537 et
893 1511 1006 1538 Hieron.
1019 1509 1098 1546 Epist.
1112 1512 1151 1537 61.
1189 1517 1218 1544 35
1234 1508 1349 1543 pitium,
1370 1517 1469 1544 augere
1491 1515 1572 1544 atque
1591 1507 1728 1535 intendere
1747 1506 1867 1533 volentes
1880 1506 1946 1532 noui
1965 1512 1991 1533 et
2009 1507 2113 1541 proprii
2127 1506 2298 1547 significatio-

1234 1553 1305 1570 nem.
1342 1545 1390 1572 Sed
1402 1545 1499 1581 refellit
1511 1546 1559 1579 isla
1573 1544 1686 1575 Gellius,
1703 1550 1736 1576 et,
1756 1543 1793 1570 lis
1807 1551 1871 1577 ergo
1885 1543 2052 1574 alsentimus,
2070 1545 2169 1578 inquit,
2189 1552 2236 1577 qui
2251 1551 2299 1578 pu-

1235 1586 1292 1607 tum
1315 1581 1364 1607 effe
1379 1581 1472 1608 dicunt
1486 1590 1500 1608 a
1513 1581 1632 1616 putando
1649 1579 1768 1612 dietum,
1788 1585 1814 1606 et
1833 1580 1869 1605 ob
1890 1587 1948 1605 eam
1967 1578 2071 1606 causam
2090 1578 2178 1612 prima
2191 1579 2296 1611 Syllaba

1234 1616 1312 1643 breui
1333 1617 1529 1651 pronunciant,
1552 1626 1607 1643 non
1628 1616 1708 1650 longa
1734 1630 1781 1636 -—-
1822 1616 1927 1650 Reliqua
1940 1613 2027 1641 damus
2042 1617 2069 1640 in
2091 1620 2107 1640 l>
2116 1621 2167 1641 VT
2177 1620 2210 1647 0,
2232 1620 2256 1641 et
2268 1617 2298 1641 in

1235 1660 1258 1679 Λ
1269 1659 1288 1679 R
1297 1659 1341 1680 GE
1350 1661 1372 1679 N
1384 1660 1406 1679 T
1417 1660 1471 1680 VM
1493 1662 1589 1688 purum
1602 1659 1707 1687 putum.
1745 1653 1776 1678 Et
1789 1651 1861 1678 babet
1873 1650 1955 1677 eadem
1975 1651 2050 1676 Non.
2064 1657 2084 1680 1,
2097 1658 2145 1676 112.
2179 1650 2299 1677 Laudant

109 1693 258 1720 eic.Tusc.
274 1700 297 1726 5,
311 1697 339 1726 58
354 1701 376 1718 c.
392 1701 427 1719 20
446 1691 636 1726 Instiuutque,
649 1698 679 1718 vt
692 1691 866 1719 candentibus
879 1691 1046 1726 iuglandium
1061 1691 1174 1726 [111131111-
1188 1692 1310 1727 40etiam
1329 1690 1422 1715 quen.
1444 1690 1494 1716 Sat.
1518 1698 1556 1719 10,
1574 1697 1603 1720 19
1628 1689 1713 1714 Pauca
1728 1687 1793 1714 licet
1814 1692 1903 1720 portes
1921 1686 2025 1719 argenti
2042 1685 2146 1711 vascula
2160 1686 2228 1719 puti.
2266 1687 2300 1712 Ee

109 1728 190 1757 nibus
203 1728 314 1756 barbam
327 1727 378 1755 fibi
391 1734 417 1755 et
432 1727 559 1763 capillum
572 1729 725 1755 adurerent.
821 1729 960 1756 Putamina
975 1736 1094 1753 ouorum
1107 1727 1174 1753 Plin.

110 1773 139 1801 7,
152 1773 177 1792 2.
249 1764 433 1792 Testudinum
446 1763 585 1799 putamina
599 1764 685 1790 secare
697 1764 726 1790 in
745 1763 858 1790 laminas
884 1763 959 1788 Idem
978 1770 1006 1793 9,
1019 1769 1051 1787 11.
1124 1762 1175 1786 Ex-

108 1802 211 1829 teriora
221 1801 362 1828 Putamina
383 1801 509 1828 Seribon.
524 1801 568 1834 76.
622 1826 626 1827 ⁷
742 1820 744 1822 .

145 1843 192 1864 Pv
201 1843 224 1863 T
233 1844 266 1870 Α,
291 1845 330 1863 ac.
352 1836 371 1862 f.
408 1838 471 1867 Dea,
479 1833 654 1870 putationibus
661 1831 778 1857 arborum
786 1829 933 1866 praefidens
953 1829 1055 1858 Arnob.
1064 1838 1174 1865 4p.130.

146 1879 192 1899 rv
204 1878 299 1902 Ton,
319 1871 385 1897 oris.
404 1879 440 1896 m.
475 1868 597 1894 vid.1›v
609 1871 698 1893 Tsso.

146 1912 317 1937 PVTREO,
336 1909 551 1934 PVTRESCO,
571 1907 886 1933 PVTREI-'ACTVS,
905 1906 1177 1933 PVTRICAVVS,

107 1948 260 1971 rvi-Ru>
270 1948 290 1967 v
302 1949 326 1968 s.
362 1941 417 1967 vid.
430 1938 488 1975 post
510 1944 644 1965 PVTRIS.

129 1973 131 1978 ¹
144 1984 162 2004 P
171 1984 193 2003 V
202 1984 226 2004 'r
235 1982 273 2004 R!
282 1983 308 2008 S,
333 1984 357 2002 e.
390 1975 452 2002 Adi.
485 1973 615 2008 [σαπρδς]
647 1973 722 2009 Qcod
737 1971 772 2006 esi
785 1978 932 2008 corruptum
948 1971 978 1998 ab
992 1971 1093 1999 humore
1112 1974 1177 2003 acri,

109 2019 175 2040 certe
185 2011 327 2048 resolutum,
346 2013 421 2037 etiam
443 2019 482 2036 me
494 2012 568 2036 vitio.
613 2010 690 2043 Vix-g.
705 2010 769 2035 Aen.
785 2014 809 2041 8,
822 2011 871 2041 596
893 2007 1119 2042 Quadrupedante
1130 2017 1177 2043 pu-

1235 1725 1287 1751 Sat.
1300 1733 1328 1757 9,
1344 1734 1394 1759 ¹4¹·
1431 1725 1479 1751 Sed
1492 1724 1564 1750 hodie
1577 1726 1671 1758 legitur
1686 1722 1758 1748 Puri.
1801 1723 1901 1746 Cer-tius
1914 1719 1947 1752 est
1959 1720 2035 1746 illud:
2054 1720 2114 1745 Sole
2128 1726 2224 1746 exorto
2233 1727 2300 1755 puto

1237 1760 1315 1784 Varr.
1339 1761 1369 1784 R.
1391 1760 1423 1784 R.
1443 1766 1468 1789 2,
1491 1767 1514 1789 2,
1534 1766 1563 1783 10
1610 1756 1677 1791 quod
1705 1765 1733 1782 ex
1767 1758 1870 1790 optimis
1899 1755 1975 1781 libris
2002 1755 2131 1790 prolatum
2159 1755 2302 1791 probarunt

1241 1791 1340 1819 Vic‘lor.
1361 1800 1384 1819 et
1400 1794 1522 1829 Scaliger.
1578 1791 1654 1819 Non.
1670 1800 1699 1824 4,
1714 1799 1753 1817 112
1772 1799 1802 1817 ex
1819 1791 1952 1826 Varrone,
1973 1791 2035 1817 Mea
2046 1791 2131 1825 igitur
2143 1791 2301 1819 hecatombe

1236 1837 1302 1863 pura
1316 1838 1345 1854 ac
1363 1834 1434 1863 puta.
1494 1830 1525 1854 Et
1542 1836 1573 1853 ex
1589 1826 1749 1854 Prometheo
1763 1827 1900 1859 eiusdem,
1927 1825 2151 1858 Chrysosandalus
2163 1827 2233 1854 locat
2250 1828 2302 1855 fibi

1236 1865 1377 1890 amiculam
1390 1864 1423 1890 de
1438 1863 1506 1889 lacie
1521 1868 1546 1888 et
1559 1871 1618 1889 cera
1634 1862 1786 1888 Tarentina
1795 1881 1802 1892 ,
1816 1870 1896 1896 quam
1910 1870 1971 1896 apes
1984 1861 2103 1888 Miletiae
2116 1864 2254 1898 coegerint
2267 1873 2301 1892 ex

1238 1899 1365 1925 omnibus
1378 1898 1491 1925 floribus
1507 1898 1632 1929 libantes,
1647 1897 1701 1924 fine
1714 1898 1766 1924 oss'e
1780 1903 1807 1924 et
1819 1898 1909 1924 neruis
1919 1917 1927 1930 ,
1943 1897 1995 1924 fine
2011 1898 2088 1932 pelle,
2102 1898 2154 1925 sine
2168 1900 2239 1934 pilis,
2253 1909 2301 1936 pu.

1237 1943 1296 1962 ram
1310 1941 1412 1970 putam,
1426 1943 1575 1970 proceram,
1589 1933 1738 1966 candidam,
1752 1939 1882 1964 teneram,
1897 1933 2053 1961 formosam.
2109 1935 2192 1962 Plaut.
2207 1937 2299 1964 Pseud.

1236 1980 1265 2005 4,
1279 1979 1304 2002 2,
1318 1980 1341 2003 31
1360 1971 1483 2004 ridicule,
1524 1970 1598 2003 Eho,
1617 1969 1939 2004 Polymachaeroplacides
1958 1978 2039 2004 purus
2060 1977 2139 2004 putus
2157 1972 2193 1998 est
2210 1973 2301 2007 ipsus;

1236 2008 1312 2033 noui.
1351 2007 1427 2042 Quasi
1440 2007 1549 2040 diceret,
1565 2006 1617 2042 Ipse
1631 2005 1664 2039 est
1678 2010 1785 2038 omnino,
1802 2014 1825 2032 et
1839 2006 1920 2032 nuilus
1933 2008 1999 2032 alius
2008 2007 2127 2042 prorsus:
2153 2017 2237 2041 verus,
2250 2018 2301 2036 non

109 2055 180 2076 trem
193 2047 282 2075 sonitu
295 2047 381 2083 quatit
394 2046 493 2087 vngula
506 2053 639 2079 campum.
676 2044 746 2081 cous.
769 2044 839 2071 lbid.
850 2053 883 2076 11,
899 2049 955 2079 875.
990 2045 1066 2079 Virg.
1076 2046 1175 2079 Georg.
1188 2055 1222 2081 50
1235 2043 1393 2071 adulterinus
1407 2042 1455 2077 est:
1483 2044 1562 2071 Verba
1574 2045 1637 2080 juni
1646 2043 1763 2070 Lenonis
1777 2046 1804 2068 in
1817 2042 1917 2078 epistola
1924 2042 2052 2079 symbolon
2066 2045 2157 2070 militis
2170 2045 2301 2081 agnoscen-

112 2093 134 2118 1,
146 2092 186 2119 44
211 2084 242 2111 Et
254 2084 376 2118 Zephyro
392 2090 477 2118 putris
497 2082 522 2108 se
542 2080 618 2116 gleba
639 2081 762 2107 resoluit.
857 2083 921 2114 Qio
935 2088 1072 2115 tempore,
1091 2084 1177 2116 inquit

111 2120 229 2152 Seruius,
241 2119 357 2147 Fauonii
371 2119 435 2146 flatu
449 2127 512 2146 arua
526 2117 656 2149 laxantur,
670 2124 737 2152 quae
750 2117 855 2144 fuerant
868 2117 1002 2151 praeclusa
1018 2117 1176 2152 frigoribus.

110 2157 198 2184 Putris
210 2155 296 2192 gleba,
315 2155 452 2183 Solubilis.
489 2153 619 2181 Haec-ille.
681 2155 723 2180 Sic
735 2163 792 2179 mox
811 2154 900 2180 Creta.
933 2156 1054 2188 inprimis
1072 2153 1173 2180 Solum.

110 2194 215 2220 Aranea
231 2192 315 2228 putris
333 2192 400 2218 etin
414 2200 501 2219 vacuo
514 2196 620 2217 texetur
634 2189 705 2216 leelo
729 2190 848 2224 Propert.
862 2198 884 2224 3,
901 2191 926 2221 6,
945 2198 982 2222 33.
1070 2190 1175 2216 Arenae

1235 2083 1281 2107 tis.
1354 2080 1429 2108 Idem
1448 2080 1477 2106 in
1497 2080 1588 2106 eadem
1608 2088 1637 2113 4,
1656 2087 1683 2114 7,
1702 2087 1743 2111 103
1769 2079 1852 2105 Purus
1873 2084 1950 2114 putus
1969 2078 2128 2113 sycophanta
2146 2079 2191 2106 est.
2227 2082 2252 2107 h.
2279 2091 2299 2108 e.

1236 2116 1516 2153 Alerusffiscopbaizt‹1,-
1527 2120 1555 2142 in
1569 2125 1616 2150 quo
1632 2116 1699 2142 nihil
1709 2114 1846 2150 probitatis
1865 2113 1936 2148 inest.
1992 2115 2011 2142 F
2015 2115 2097 2142 estus:
2122 2116 2217 2144 Putuin
2232 2117 2300 2144 anti-

1236 2153 1284 2187 qni
1300 2162 1349 2187 pro
1364 2153 1434 2180 Puro
1448 2153 1588 2180 dicebant:
1609 2150 1678 2178 vnde
1694 2152 1788 2178 rutum
1803 2160 1909 2184 aurum,
1925 2156 2046 2186 putatum
2058 2150 2112 2178 dici
2128 2152 2209 2185 solet,
2221 2152 2248 2180 id
2262 2153 2299 2180 est

1235 2196 1419 2223 expurgatum.
1543 2188 1641 2224 Superi.
1678 2187 1735 2214 Cic.
1752 2188 1806 2214 Att.
1821 2197 1844 2220 2,
1858 2196 1873 2218 9
1901 2188 1937 2213 Vt
1956 2188 2019 2215 sciat
2034 2187 2077 2214 hic
2097 2188 2186 2215 noster
2199 2189 2299 2216 Hiero·

110 2234 199 2266 putres
219 2229 282 2256 Stat.
295 2227 361 2255 Silu.
375 2237 402 2262 4,
417 2237 441 2261 3,
454 2229 501 2254 126
514 2227 598 2262 facilc
611 2228 689 2252 nimis
701 2225 828 2258 cedentes,
841 2233 865 2252 et
879 2225 1094 2261 iter-jacientibus
1106 2226 1134 2253 ob
1148 2225 1177 2252 id
1195 2232 1224 2260 55
1236 2225 1408 2258 solyinitanus
1435 2240 1481 2244 —
1507 2233 1587 2259 quam
1601 2224 1699 2251 bonam
1714 2224 1779 2250 meis
1793 2223 1931 2258 putillimis
1944 2224 2112 2251 orationibus
2132 2225 2243 2259 gratiam
2258 2235 2300 2252 re·

108 2265 189 2302 ipsum
203 2264 377 2292 incommodae.
410 2264 462 2291 Sed
474 2264 583 2290 Colum.
597 2269 606 2289 1
620 2271 659 2296 pr.
670 2271 706 2295 24
724 2265 752 2288 in
768 2262 840 2289 laude
846 2261 1080 2298 fertilitatissunt.
1114 2262 1175 2289 Vid.

109 2301 203 2330 Solum
217 2307 303 2336 putre.
408 2301 460 2328 Bos
486 2299 569 2327 Ouid.
583 2298 650 2326 Fast.
671 2307 692 2331 1,
710 2306 766 2331 379.
864 2299 996 2333 Campus,
1025 2299 1078 2325 uid.
1084 2298 1175 2335 supra.

110 2337 224 2365 Chartae
239 2338 302 2365 Stat.
311 2336 377 2364 Situ.
390 2346 414 2370 4,
428 2345 452 2369 3,
465 2343 516 2368 ¹4¹⁵
584 2354 587 2355 ν
606 2335 725 2361 Cineres
745 2334 820 2361 Idem
827 2334 921 2361 Theb.
935 2337 961 2367 6,
976 2343 1034 2368 234.
1091 2336 1176 2362 Coma

109 2373 229 2403 Martial.
244 2383 273 2407 4,
288 2382 324 2407 53.
420 2374 524 2408 Corpus
545 2371 651 2398 Lucret.
666 2379 689 2403 3,
704 2375 756 2404 585.
866 2372 955 2401 Creta,
966 2380 1027 2406 quoe
1034 2370 1177 2407 facilesol·

108 2413 191 2443 vitia,
203 2416 228 2436 et
234 2413 274 2445 Jic
287 2415 347 2445 apta
360 2407 395 2442 est
405 2409 441 2435 ad
445 2407 606 2445 scribendum
627 2408 707 2434 Mart.
724 2415 761 2439 12,
776 2408 818 2433 62.

110 2455 147 2481 49
166 2447 239 2473 Haec
251 2445 304 2473 tibi
318 2445 452 2472 die'tabam
464 2444 522 2479 post
537 2444 638 2470 Fanum
656 2449 734 2478 putre
748 2443 881 2469 Vacunae.
987 2443 1073 2477 Fungi
1100 2443 1176 2477 Virg.

106 2484 210 2517 Georg.
229 2491 250 2515 1,
264 2491 319 2518 392.
424 2482 486 2508 Stat.
498 2479 592 2507 Theb.
607 2488 629 2512 1,
648 2487 700 2514 437
720 2479 865 2513 Fun-esque
880 2479 1025 2514 sanguineo
1039 2478 1113 2505 videt
1127 2479 1178 2504 im-

109 2520 159 2547 bre
173 2519 272 2551 Genas,
308 2521 327 2545 i.
343 2519 491 2550 maculatas,
511 2516 678 2552 deformatas.
775 2515 876 2547 Gleba,
897 2516 952 2541 vid.
959 2515 1041 2551 supm
1054 2524 1083 2540 ex
1097 2515 1175 2549 Virg.

109 2556 294 2590 Georg.1,44.
314 2562 337 2580 er
348 2553 511 2580 aMAEallad.
527 2561 547 2584 1,
562 2560 585 2586 5,
600 2561 618 2578 1.
690 2550 774 2577 Liber
786 2552 860 2578 rosus
875 2551 969 2584 tineis,
990 2557 1015 2577 et
1029 2550 1076 2577 fitu
1092 2551 1177 2585 putris

110 2591 248 2619 stansnu.
258 2599 287 2622 4,
302 2598 328 2622 9,
343 2598 381 2616 10.

111 2627 246 2654 Mammae
264 2626 331 2651 Hor.
346 2625 429 2659 Epod.
444 2630 469 2657 8,
484 2633 504 2656 7.
602 2624 690 2650 Nauis
703 2624 787 2658 putris
800 2624 829 2650 in
844 2632 927 2650 vacua
941 2624 1083 2658 requiescit
1096 2632 1177 2650 arena

111 2662 232 2697 Propert.
246 2669 271 2696 2,
287 2667 327 2692 25,
339 2668 366 2694 7.
470 2661 539 2686 Hor.
553 2659 642 2685 Carm.
657 2668 678 2692 1,
698 2661 740 2692 36,
755 2667 784 2694 17
812 2660 913 2687 Omnes
932 2660 960 2686 in
973 2660 1114 2687 Damalim
1128 2668 1174 2694 pu-

113 2704 166 2725 tres
185 2697 326 2732 Deponent
339 2695 448 2722 Oculos.
482 2698 502 2722 i.
529 2694 629 2721 Nimio
644 2702 709 2728 potu
721 2702 884 2729 marcentes,
908 2702 935 2723 et
947 2695 1063 2723 libidine
1074 2696 1176 2723 resolu-

112 2739 164 2762 tos.
197 2734 298 2760 Acron.
353 2731 490 2767 Hucfacn
503 2729 566 2756 iliud
585 2730 667 2757 Perfii
687 2735 711 2763 5,
723 2735 752 2764 58
770 2731 820 2758 Ille
836 2733 867 2758 ln
882 2733 1014 2759 Venerem
1029 2732 1065 2758 est
1078 2731 1173 2767 putris.

1233 2549 1359 2583 simillimo
1372 2553 1469 2576 nomine
1481 2549 1552 2576 hodie
1565 2550 1595 2575 ab
1609 2551 1684 2576 italis
1698 2552 1793 2580 vocari,
1806 2557 1889 2575 notum
1906 2547 1948 2581 est.

455 2587 610 2624 PiinAEpist.
625 2590 674 2620 256
694 2588 756 2614 Siue
765 2587 842 2622 Lapis
855 2588 909 2622 ipse
924 2587 1030 2627 gracilis
1045 2595 1070 2613 et
1083 2587 1176 2622 putris.
1189 2591 1222 2623 63
1237 2587 1330 2613 Putaui
1343 2592 1390 2612 aut
1404 2585 1538 2618 Putillam,
1552 2585 1687 2622 secundum
1701 2586 1794 2622 Scalig.
1822 2586 1855 2611 αΙ.
1870 2585 1971 2611 Pusam.

1235 2262 1338 2288 tulerit.
1390 2262 1514 2297 Loquitur
1542 2261 1570 2287 de
1589 2263 1640 2293 iis,
1673 2260 1762 2296 quilius
1791 2261 1931 2295 Pompeium
1952 2262 2046 2296 populo
2080 2261 2301 2290 commendaueraa

1236 2296 1257 2334 q
1279 2306 1294 2324 2
1331 2298 1411 2324 Putus
1434 2299 1510 2323 etiam
1527 2298 1635 2324 Paruum
1654 2298 1694 2323 vel
1713 2298 1819 2324 Puerum
1837 2296 1956 2329 denotat,
1984 2305 2034 2331 pro
2052 2305 2099 2332 quo
2116 2297 2191 2333 fiche
2210 2297 2298 2334 Pusus.

1237 2333 1317 2362 Gloll'.
1337 2334 1406 2366 Puti,
1426 2334 1517 2367 μικροί.
1554 2333 1642 2363 Funis,
1655 2332 1748 2368 μικρός.
1799 2333 1904 2368 Legitur
1914 2340 1938 2358 et
1947 2339 1996 2368 pro
2011 2342 2036 2359 eo
2050 2333 2138 2360 Potus.
2174 2341 2204 2360 vt
2223 2335 2299 2361 Cata-

1237 2370 1298 2396 lee't.
1315 2375 1352 2400 118
1367 2379 1391 2405 p.
1406 2378 1441 2402 90
1468 2369 1621 2404 Dispcrcam
1634 2368 1681 2395 nili
1698 2378 1740 2395 me
1755 2368 1872 2404 perdidit
1892 2368 1940 2395 isse
1961 2374 2048 2403 potus.
2083 2369 2126 2396 Ad
2139 2379 2206 2405 quem
2219 2371 2299 2397 Iocum

928 2407 997 2433 Hor.
1013 2407 1093 2441 Epist.
1107 2415 1177 2439 1‚10,
1193 2411 1231 2437 60
1239 2407 1350 2442 Scaliger
1368 2406 1467 2432 clerinat
1486 2405 1551 2432 hanc
1571 2405 1757 2441 appellationem
1782 2415 1798 2432 a
1814 2404 1898 2437 πέιθη,
1922 2414 1983 2440 quoe
2000 2415 2050 2431 vox
2064 2405 2131 2441 apud
2148 2407 2253 2432 Graecor
2271 2406 2301 2432 id

1229 2441 1382 2479 fignyicot²
1404 2451 1449 2477 quo
1470 2443 1524 2468 viri
1536 2441 1615 2478 sum,
1635 2449 1658 2468 ct
1678 2451 1707 2468 ex
1725 2441 1890 2476 eodemfoizte
1912 2441 2080 2475 praeputium
2102 2447 2126 2467 et
2142 2441 2299 2476 salaputium

1236 2477 1345 2513 arceffr't.
1406 2480 1500 2512 Nempe
1519 2480 1630 2504 nutrices
1648 2480 1702 2508 ait,
1727 2478 1758 2503 ob
1779 2477 1822 2503 illa
1842 2483 1929 2512 parte,
1955 2485 2027 2511 quom
2043 2476 2136 2503 Putam
2154 2479 2243 2504 Latine
2262 2478 2299 2504 de·-

1236 2517 1331 2544 xerint,
1348 2514 1460 2540 alumnos
1468 2513 1529 2550 suot
1537 2521 1585 2550 per
1596 2513 1724 2549 lasciuiam
1736 2511 1907 2546 denominasse.
1945 2514 2027 2539 Etiam
2033 2512 2187 2548 femininam
2198 2520 2299 2548 partem

2002 2549 2070 2575 Hor.
2084 2549 2165 2575 Serm.
2178 2557 2203 2581 2,
2213 2557 2236 2581 3,
2251 2551 2299 2576 216

2019 2584 2067 2611 Sed
2082 2585 2164 2611 Bciitl.
2178 2593 2207 2610 ex
2220 2586 2297 2612 MSS.

1235 2623 1333 2649 Rufam
1347 2628 1393 2649 aut
1405 2622 1537 2654 Potillam,
1550 2625 1650 2648 nomina
1657 2625 1767 2658 propria
1780 2623 1908 2648 mulierum
1919 2619 2044 2653 restituit,
2058 2629 2126 2656 quem
2133 2620 2175 2647 hic
2181 2620 2298 2657 sequitur

1234 2661 1310 2685 etiam
1324 2659 1500 2695 Cum'ngamus.

1259 2692 1264 2696 ⁷
1274 2701 1289 2721 P
1300 2702 1321 2720 v
1330 2701 1351 2721 T
1361 2703 1370 2721 1
1380 2702 1396 2721 L
1406 2702 1421 2720 L
1430 2702 1451 2720 V
1460 2702 1483 2727 S,
1503 2703 1527 2725 a,
1546 2703 1600 2721 11111.
1629 2693 1732 2721 Dimin.
1784 2694 1838 2720 Vox
1849 2695 1877 2718 in
1889 2689 2022 2718 blanditiis
2033 2690 2161 2723 adhibita,
2175 2691 2231 2718 dum
2238 2699 2298 2728 pue-

1234 2741 1277 2758 ros
1288 2731 1408 2766 putillos,
1417 2738 1440 2757 et
1448 2731 1546 2766 puellas
1555 2730 1660 2766 putillas
1670 2731 1775 2757 dixerea
1788 2729 1893 2763 lasciuia
1905 2730 2040 2759 nutricum,
2052 2727 2081 2753 de
2088 2736 2136 2763 qua
2148 2731 2176 2754 in
2190 2734 2296 2757 PVTVS

112 2770 139 2798 b.
156 2778 177 2796 e.
199 2770 243 2796 Ita
256 2771 294 2796 rei
311 2776 428 2795 venereae
446 2770 575 2798 intentus,
594 2772 625 2792 vt
636 2772 778 2797 oneramur,
790 2767 964 2802 exhauriatur,
977 2775 1000 2795 et
1014 2767 1107 2800 offldua
1120 2767 1176 2796 libi·
1188 2780 1225 2809 70
1236 2777 1262 2794 n.
1279 2777 1302 2794 2.
1338 2769 1380 2795 Sic
1391 2768 1458 2803 opud
1477 2767 1558 2794 Plaut.
1574 2766 1643 2793 Afin.
1656 2775 1679 2798 3,
1693 2774 1717 2797 3,
1730 2773 1778 2796 104
1798 2764 1847 2790 Dic
1866 2771 1908 2790 me
1921 2769 1993 2790 tuam
2009 2762 2193 2796 hirundinem,
2207 2773 2297 2792 mone.

111 2805 169 2833 dine
188 2805 335 2842 refiiluatur.
448 2804 485 2831 Os
503 2800 632 2829 vetustate
658 2801 724 2828 vitii
748 2802 929 2836 putrefactum
974 2799 1094 2832 Scribon.
1117 2813 1174 2831 201.

114 2842 233 2870 Martial.
253 2849 286 2879 7,
306 2842 342 2867 66
373 2839 503 2868 Palaestra
523 2837 608 2872 putris
627 2837 663 2864 est
685 2837 880 2872 puluerulenta.
993 2841 1084 2868 Sanies
1111 2841 1173 2867 Stat.

113 2878 206 2907 Theb.
220 2886 258 2910 η,
272 2879 328 2911 568.
426 2876 492 2903 Saxa
512 2873 606 2901 Claud.
628 2873 658 2900 in
671 2874 780 2908 Eutrop.
801 2883 826 2905 2,
845 2882 904 2910 277.
1008 2877 1100 2904 Putria
1115 2878 1174 2903 sunt

113 2915 182 2942 Saxa
201 2914 291 2941 Sencc.
304 2911 383 2948 Epist.
399 2920 435 2939 12.
545 2910 639 2937 Solum
657 2910 734 2945 Virg.
748 2910 846 2946 Georg.
861 2919 887 2943 2,
903 2919 962 2945 204.
1002 2913 1046 2939 Sic
1065 2912 1172 2938 Colum.

113 2959 141 2984 2,
156 2959 181 2984 2,
197 2958 225 2984 4.
262 2958 288 2983 2,
304 2958 336 2982 11,
351 2953 374 2979 18
393 2955 440 2975 etc.

111 2987 184 3014 bilem
196 2986 267 3013 iuius
279 2987 437 3012 teneritatem
455 2989 544 3016 notat,
563 2982 633 3019 quod*
645 2982 754 3019 resoluta
767 2980 817 3016 eft,
834 2984 899 3020 quod
911 2983 995 3019 facile
1007 2986 1034 3009 in
1045 2984 1175 3019 puluerem

113 3023 177 3056 abit,
205 3023 343 3058 acilius-quc
355 3020 414 3047 adeo
425 3026 450 3047 et
462 3022 555 3055 acciprit
568 3025 592 3045 et
603 3020 651 3046 alit
656 3021 763 3056 jeminei.
856 3019 943 3054 Spinis
958 3019 1082 3055 putribus
1095 3025 1175 3055 atque

113 3059 173 3086 deci
194 3059 234 3086 uis
248 3058 323 3085 Ptin.
336 3062 360 3090 8,
374 3064 414 3090 37.
520 3053 591 3082 Sulci
611 3055 687 3090 Virg.
703 3056 805 3089 Georg.¹
825 3063 852 3089 1‚-
865 3063 914 3089 213.
1001 3055 1086 3083 Tabo
1101 3056 1176 3091 putri

113 3095 246 3132 liquentia
260 3102 373 3130 corpora
392 3092 439 3119 Sil.
455 3101 490 3127 13,
503 3097 564 3127 487.
635 3091 735 3119 Tellus
759 3091 821 3119 Stat.
829 3091 956 3125 Theb.6‚
970 3099 1029 3127 507.
1086 3092 1174 3119 Putris

114 3131 145 3158 in
155 3133 301 3164 Venerem,
325 3129 378 3156 vid.
393 3128 474 3155 Oculi
488 3133 588 3163 putres,
598 3127 688 3165 fiepra.
736 3126 740 3131 “

150 3174 299 3200 PVTER,
322 3173 373 3202 pro
393 3164 481 3192 Putris
501 3166 619 3201 antique,
671 3165 751 3192 Varr.
772 3164 808 3191 R.
823 3164 855 3192 R.
879 3173 900 3198 1,
919 3169 941 3197 8,
960 3173 979 3199 4
1008 3164 1083 3192 Palus
1097 3170 1176 3200 puter

116 3203 259 3231 euertitur.

151 3245 262 3266 PVTR
273 3239 396 3270 ᾹΜΕΝ,
413 3235 479 3264 inis.
501 3246 528 3264 n.
564 3235 691 3270 cyprian.
705 3236 738 3263 de
751 3236 826 3271 Laps.
844 3246 867 3264 c.
883 3245 920 3264 12.

151 3281 169 3301 P
179 3281 200 3301 V
209 3280 231 3300 Τ
240 3281 260 3301 R
269 3281 280 3300 1
289 3281 306 3302 c
314 3272 363 3300 ἄν
372 3280 392 3298 ν
402 3281 425 3305 s,
443 3282 469 3306 a,
489 3283 546 3300 um.
569 3272 630 3299 Adi.
658 3273 731 3299 Carie
742 3273 826 3309 exestu-
839 3280 862 3300 ετ
876 3279 1018 3304 exeduntur,
1034 3282 1120 3300 nomen
1128 3276 1176 3301 tri-

117 3309 202 3337 butum
216 3311 324 3337 Lucret.
333 3314 409 3342 2‚859
445 3309 493 3336 Sed
502 3309 639 3346 legendum,
659 3310 733 3343 Qiae
743 3309 867 3343 quumita
876 3309 1094 3343 sunttandem,vt
1106 3318 1178 3337 mor·
1194 3313 1223 3343 85

117 3346 182 3374 talia
197 3346 329 3378 constent,
365 3345 447 3372 Molli
459 3345 540 3378 lenta,
551 3346 654 3380 fragosa
667 3345 747 3379 putri,
755 3354 821 3372 caua
833 3351 946 3380 corpore
959 3354 1021 3372 raro
1039 3353 1086 3373 etc.

154 3388 358 3409 rv'rRier
368 3388 422 3414 vs,
441 3389 466 3414 3,
485 3389 541 3408 um.
566 3381 628 3408 Adi.
665 3382 764 3417 Eugen.
781 3381 908 3409 Toletan.
924 3382 1012 3409 Carni.
1027 3391 1054 3409 η
1075 3381 1179 3410 Anhela

116 3417 186 3445 tuffis
198 3418 304 3454 exspuit
316 3417 452 3452 putriflua.
844 3423 847 3425 ·

154 3461 170 3481 P
179 3459 278 3481 v'riu
289 3460 305 3480 1.
314 3455 337 3480 Ᾱ
345 3460 405 3486 so,
429 3452 491 3480 inis.
511 3452 531 3480 f.
568 3451 637 3479 Idem
649 3452 715 3488 quod
724 3453 825 3486 caries,
844 3452 911 3489 apud
925 3453 998 3481 Non.
1013 3463 1033 3487 1,
1048 3461 1092 3489 79.

155 3496 201 3516 ev
212 3496 233 3516 T
244 3497 263 3516 R
277 3488 318 3517 fn
329 3496 381 3522 vs,
397 3497 421 3520 a,
441 3498 496 3516 um.
533 3488 595 3515 Adi.

119 3527 177 3554 son.
192 3534 202 3552 1
224 3526 290 3553 Non
303 3526 376 3552 enim
388 3534 437 3552 nos
448 3525 525 3552 color
539 3523 587 3551 iste
602 3523 721 3558 seruilis,
734 3535 788 3552 non
802 3526 899 3561 pilosae
913 3534 1004 3559 genae,
1017 3535 1072 3553 non
1085 3526 1176 3553 dentes

139 3562 223 3589 utridi
236 3561 404 3596 deceperunt.
448 3566 450 3569 ⁴
508 3562 592 3587 Antra
613 3560 706 3587 Claud.
719 3560 751 3587 de
766 3563 851 3598 Raptu
862 3562 984 3598 Proserp.
1002 3571 1026 3593 ι,
1049 3571 1103 3596 174.
1140 3565 1176 3589 al.

141 3598 218 3625 utria.
273 3597 396 3625 Membra
417 3597 516 3624 Lucan.
529 3605 555 3629 2,
571 3604 625 3630 141.
680 3596 789 3625 Ρεὸὶοτει
806 3598 891 3626 Catul.
906 3598 1005 3633 Argon.
1019 3600 1060 3631 62,
1073 3606 1122 3631 351.

158 3640 174 3660 ἲ
182 3641 204 3661 v
213 3640 235 3660 Τ
243 3641 263 3661 R
274 3635 290 3660 1}
298 3641 317 3661 D
325 3640 345 3660 O
355 3653 364 3666 ,
390 3633 451 3660 inis.
482 3632 503 3660 f.
538 3633 550 3664 [
563 3631 700 3668 σαπρότης,
719 3631 820 3663 &nitzdu-iv
831 3636 844 3670 ]
879 3634 1012 3669 Corruptio
1020 3655 1029 3667 ,
1050 3634 1176 3671 resolutio.

123 3668 190 3696 Plin.
205 3678 249 3703 ιο,
271 3679 313 3696 20.
339 3676 364 3696 et
381 3676 418 3701 22,
433 3676 474 3702 24.
486 3687 492 3694 .

125 3704 205 3741 Ouid.
213 3715 244 3733 ex
252 3707 327 3733 Pont.
342 3713 362 3737 1,
376 3713 398 3738 1,
410 3708 455 3738 69.
574 3737 576 3739 .

161 3745 177 3765 P
185 3746 206 3767 v
214 3747 236 3767 'r
246 3748 266 3768 R
276 3743 293 3769 f:
304 3749 322 3768 D
333 3739 352 3768 ὖ
362 3747 407 3768 LV
415 3747 428 3767 s
436 3761 446 3774 ,
463 3749 477 3767 a
486 3760 494 3774 ,
514 3749 570 3767 um.
590 3740 693 3768 Dimin.
724 3747 775 3777 pro
789 3742 945 3770 Pan-idaim.

124 3774 204 3802 dulae
222 3777 352 3806 Ammian.
365 3785 408 3810 22,
421 3785 464 3811 42.

162 3818 327 3847 PVTREQ
346 3813 384 3845 ui,
406 3817 459 3840 ere.

988 3742 1075 3769 Voces
1090 3747 1179 3777 putre-

495 3811 634 3853 [eoerepa'goi,
657 3813 769 3846 σέσηπα]
805 3813 940 3847 Marcere,
959 3818 986 3842 et
998 3813 1027 3840 111
1044 3823 1091 3848 pus
1106 3814 1177 3841 reso-

502 2948 597 2982 Nempe
615 2948 711 2980 Putris,
730 2955 785 2973 cum
796 2953 878 2974 terra.⁷
891 2947 1015 2982 epitheton
1027 2945 1060 2980 est
1069 2966 1076 2978 ,
1090 2943 1174 2974 loudo—
1190 2950 1231 2985 75]

631 3487 801 3525 [σαπριώδης]
837 3491 983 3525 Corruptus.
1021 3491 1078 3517 Cic.
1094 3491 1122 3517 in
1135 3490 1174 3517 Pi.
1187 3501 1223 3527 90
1240 3488 1386 3521 Euthymus
1401 3488 1476 3524 pycta
1489 3486 1740 3522 semperOlympiae
1752 3485 1849 3513 vi&or.

1235 2804 1324 2830 dulam
1334 2823 1342 2836 ,
1363 2803 1551 2839 ρ3ίΓε1-ςιιιιιηι,
1572 2801 1706 2835 putillum.
1749 2802 1787 2827 De
1801 2798 1896 2835 putilla
1907 2799 1976 2836 apud
1993 2800 2063 2827 Hor.
2076 2799 2159 2827 Serm.
2172 2809 2196 2836 ε,
2207 2809 2232 2834 3,
2248 2803 2296 2829 216

1234 2839 1304 2867 modo
1317 2841 1437 2866 diximus.
1474 2837 1543 2873 conf.
1564 2835 1628 2871 Voffi
1644 2837 1724 2871 Etym.
1739 2842 1769 2872 p.
1781 2846 1835 2871 42¹·

1508 2910 2040 2943 PVXetPYC

1272 2988 1399 3009 rvxxs.
1437 2981 1558 3009 Scribon.
1574 2990 1628 3015 230.
1670 2987 1695 3008 et
1713 2981 1791 3008 alibz‘:
1816 2980 1870 3010 vid.
1892 2988 1907 3008 Ρ
1919 2987 1937 3008 Y
1950 2987 2019 3008 xrs.

1275 3024 1292 3044 P
1303 3025 1320 3044 Y
1331 3025 1378 3045 CH
1388 3024 1405 3044 O
1415 3025 1448 3051 N,
1467 3018 1485 3044 i.
1507 3028 1532 3044 n.
1570 3018 1641 3045 Cael.
1654 3027 1683 3051 4,
1697 3026 1709 3050 3
1729 3027 1744 3044 a
1764 3018 1856 3050 πῆχυῑ,
1875 3017 1988 3043 cubitus.

1270 3061 1286 3080 Ρ
1296 3062 1314 3081 v
1324 3060 1342 3081 c
1353 3062 1375 3081 N
1385 3054 1427 3080 iT
1438 3061 1447 3080 1
1458 3062 1482 3087 s,
1501 3054 1562 3081 i'dis.
1582 3055 1602 3081 f.
1632 3054 1776 3089 [πυκνί-ης]
1817 3053 1971 3088 Verbascum.
2008 3051 2086 3086 Apul.
2095 3051 2127 3078 de
2134 3051 2216 3078 Herb.
2225 3060 2247 3078 c.
2256 3059 2294 3086 71.

1272 3096 1287 3116 P
1296 3096 1372 3118 YssN
1383 3089 1402 3117 ὀ
1413 3096 1430 3117 C
1442 3088 1460 3117 ὅ
1470 3097 1496 3117 M
1508 3096 1528 3117 O
1541 3097 1576 3122 N,
1594 3091 1613 3116 i.
1635 3100 1661 3116 n.
1690 3089 1873 3124 [πνκνόκομον]
1910 3090 2006 3115 Nomen
2017 3088 2119 3119 herbae,
2140 3097 2212 3123 quam
2225 3088 2294 3116 Plin.

1189 3133 1222 3159 80
1234 3129 1279 3159 26,
1293 3130 1306 3158 8
1327 3126 1454 3162 describit.
1492 3126 1540 3154 Sed
1551 3126 1623 3167 hodie
1634 3129 1765 3163 incognita
1778 3124 1820 3159 est.
1857 3124 1910 3151 vid.
1923 3124 2035 3160 Dioscor.
2051 3127 2145 3164 44169.

1276 3169 1292 3189 Ρ
1304 3167 1347 3190 rc
1360 3169 1380 3188 N
1393 3162 1589 3196 osTerM,
1610 3171 1630 3189 ι.
1649 3171 1676 3188 n.
1703 3163 1744 3189 vel
1763 3167 1863 3188 PYCN
1875 3162 2061 3192 οςΤῨιος,
2079 3168 2098 3186 1.
2118 3169 2154 3185 m.
2190 3159 2294 3192 [πυκνό-

1235 3201 1326 3232 ςυλον]
1363 3198 1513 3235 Aedificium
1526 3198 1720 3226 demnhulationi
1737 3208 1751 3223 α
1770 3204 1832 3229 tum,
1848 3195 1958 3224 cinHum
1973 3196 2105 3222 columnis
2118 3195 2294 3227 densioribus,

1235 3235 1375 3271 modicoque
1388 3235 1520 3262 interuallo
1532 3236 1583 3272 ast?
1595 3238 1700 3261 inuicem
1713 3233 1749 3266 dis
1763 3234 1870 3259 antibus.
1906 3232 1960 3259 viti.
1982 3233 2091 3258 Vitruu.
2104 3241 2127 3264 3,
2142 3241 2153 3257 2
2168 3238 2191 3257 et
2204 3239 2226 3263 3.

1276 3277 1292 3297 Ρ
1301 3279 1344 3299 γε
1354 3279 1375 3298 Τ
1384 3271 1431 3299 Ac
1440 3279 1449 3297 1
1460 3278 1531 3305 VM,
1550 3272 1624 3308 salsa
1637 3269 1711 3297 11ἐῖιο
1727 3268 1761 3304 est
1778 3271 1886 3296 nominis
1905 3275 1920 3294 P
1931 3276 1938 3294 1
1948 3275 1970 3295 T
1979 3275 2000 3294 T
2009 3267 2053 3295 lic
2062 3274 2072 3293 1
2082 3274 2135 3293 VM
2145 3287 2153 3300 ,
2173 3275 2199 3293 υ.
2213 3276 2239 3293 υ.

1275 3314 1291 3334 Ρ
1302 3314 1320 3333 Y
1330 3315 1347 3335 c
1357 3306 1410 3335 'res
1422 3314 1446 3334 N
1458 3314 1479 3335 0
1489 3315 1524 3342 Ν,
1545 3309 1563 3334 1.
1582 3317 1607 3333 n.
1645 3308 1726 3332 Genus
1739 3308 1803 3332 uini.
1841 3305 1908 3331 Plin.
1925 3313 1964 3337 14,
1979 3306 2004 3330 6.
2040 3306 2073 3330 al.
2094 3304 2273 3330 Praecianum.

1274 3350 1289 3369 Ρ
1299 3350 1317 3369 Υ
1327 3351 1343 3372 C
1352 3350 1374 3370 Τ
1383 3351 1400 3371 E
1410 3352 1423 3372 S
1432 3364 1440 3377 ,
1464 3344 1496 3371 is.
1528 3343 1583 3378 stu?
1608 3348 1623 3368 P
1633 3349 1651 3368 Y
1661 3348 1676 3368 C
1687 3349 1709 3369 T
1718 3349 1738 3368 A
1748 3362 1755 3374 ,
1775 3350 1815 3368 ae.
1843 3350 1878 3367 m.
1917 3339 2051 3374 [πύκτης]
2096 3340 2172 3375 pugil
2191 3342 2297 3365 dicitur.

1238 3380 1375 3415 Lamprid.
1396 3380 1425 3407 in
1442 3381 1549 3414 Heliog.
1570 3388 1592 3405 c.
1608 3386 1634 3411 25
1661 3378 1828 3404 Gladiatores
1841 3384 1902 3404 ante
1916 3376 2074 3403 conuiuium
2089 3381 2231 3410 pugnantes
2246 3374 2296 3402 fibi

1238 3424 1264 3443 et
1277 3416 1366 3452 pyehs
1381 3417 1537 3452 frequenter
1551 3414 1684 3442 exhibuit.
1719 3414 1774 3440 vid.
1791 3413 1893 3449 Casmil».
1931 3414 1999 3438 Hinc
2011 3411 2144 3438 Columel.
2162 3416 2185 3443 8,
2203 3420 2215 3436 2
2237 3412 2295 3437 Gol-

1236 3453 1357 3479 linaceum
1368 3456 1395 3479 in
1408 3451 1587 3479 certaminibus
1598 3450 1718 3487 gal-lorum
1731 3457 1875 3486 pugnacem,
1894 3448 1991 3481 nyoen
2010 3454 2092 3474 vocar.
2141 3447 2209 3473 Plin.
2219 3454 2245 3482 7,
2259 3454 2296 3481 47

1918 3485 2007 3511 Senec.
2022 3484 2153 3510 Controu.
2167 3491 2186 3514 1,
2200 3491 2213 3515 3
2229 3489 2295 3509 extr.

1240 3525 1294 3551 Aut
1308 3525 1406 3552 athleta
1422 3530 1467 3550 aut
1484 3523 1573 3558 pyStes
1592 3523 1638 3549 est.
1688 3523 1729 3549 Sic
1747 3520 1907 3557 Apollonius
1921 3520 1997 3555 py6ia
2019 3519 2092 3546 Idem
2107 3519 2170 3545 Nat.
2187 3517 2294 3552 Qiaest.

1237 3561 1321 3595 praef.
1337 3572 1363 3596 4.
1439 3559 1556 3586 Martial.
1572 3568 1605 3592 11,
1620 3564 1647 3592 85
1675 3559 1748 3585 Haec
1762 3566 1935 3594 quaecunque
1949 3564 2009 3583 meo
2022 3555 2166 3582 numerasti
2178 3554 2295 3589 stigmata

1238 3604 1338 3630 mento,
1376 3597 1406 3622 In
1419 3595 1505 3622 vetuli
1521 3594 1611 3629 pyetae
1623 3594 1713 3629 qualia
1726 3595 1815 3621 fronte
1829 3593 1927 3620 sedent.
1968 3590 2036 3619 Add.
2057 3590 2167 3617 Phacdr.
2181 3600 2209 3624 4,
2222 3598 2266 3621 24,
2281 3595 2294 3621 5

1236 3643 1258 3660 c.
1273 3642 1324 3660 nor.
1341 3632 1403 3658 Gud.
1462 3631 1583 3658 Tertull.
1598 3630 1630 3658 de
1644 3631 1693 3656 An.
1710 3640 1732 3657 c.
1745 3632 1782 3663 46
1807 3636 1830 3655 et
1850 3629 1909 3655 adu.
1925 3627 2015 3654 Gnost.
2036 3635 2058 3654 e.
2072 3629 2098 3654 6.
2205 3624 2294 3657 Pyenis
2320 3650 2323 3652 .

561 3668 655 3702 Estur,
673 3674 702 3695 vt
715 3669 818 3697 occulta
831 3671 924 3698 vitiata
944 3670 1085 3705 putredine
1099 3671 1177 3698 nauis
1191 3679 1223 3706 95
1237 3680 1252 3696 a
1266 3668 1423 3697 pammach-is
1437 3667 1560 3704 distingui
1573 3666 1679 3700 ostendit
1693 3668 1722 3694 P.
1739 3666 1815 3692 Faber
1828 3662 1945 3701 Agomst.
1964 3673 1985 3690 c.
1999 3673 2024 3698 9.

1278 3713 1294 3732 P
1308 3712 1327 3731 Y
1340 3711 1356 3731 C
1368 3711 1389 3731 T
1399 3705 1444 3730 XL
1456 3711 1464 3730 1
1474 3710 1496 3734 Q,
1517 3713 1540 3730 c.
1578 3703 1639 3729 Adi.
1674 3705 1693 3730 i.
1720 3702 1868 3739 pagiuam.
1923 3700 1996 3727 Sero.
2009 3702 2037 3726 in
2050 3698 2124 3733 Virg.
2137 3697 2201 3722 Aen.
2216 3700 2237 3727 ς,
2250 3702 2291 3726 373

1236 3741 1329 3769 vietus
1342 3740 1379 3766 est
1393 3740 1492 3775 pytStali
1511 3740 1662 3766 certamine.
2269 3767 2274 3771 .

1278 3783 1294 3802 1>
1305 3783 1322 3801 r
1332 3783 1349 3803 c
1361 3782 1383 3803 'r
1394 3784 1413 3803 o
1423 3783 1448 3802 M
1458 3783 1479 3802 A
1490 3781 1507 3802 c
1518 3782 1538 3802 H
1548 3782 1568 3802 A
1580 3782 1598 3801 R
1609 3782 1648 3801 ιν
1657 3782 1670 3802 s
1681 3795 1689 3808 ,
1714 3775 1732 3801 i.
1761 3783 1797 3809 m.
1847 3771 1915 3799 Idem
1935 3770 2001 3808 quod
2019 3769 2124 3806 nyles,
2157 3766 2197 3805 vg!
2209 3765 2291 3805 puga.

1239 3813 1349 3840 Firmic.
1369 3818 1391 3843 3,
1412 3817 1424 3842 8
1451 3812 1528 3838 Hunc
1550 3811 1640 3837 locum
1662 3811 1679 3837 si
1694 3811 1766 3837 Mars
1783 3808 1947 3845 respexerit,
1965 3805 2158 3835 stadiodromos
2171 3804 2246 3827 ¹³01&
2273 3799 2290 3826 fi

125 3846 214 3878 lutum
226 3847 285 3880 esse,
296 3850 338 3878 vel
352 3849 498 3885 putridum.
533 3849 661 3875 Pacuuius
667 3849 790 3880 Teucro,
802 3852 952 3885 quanquam
965 3851 1042 3877 annis
1055 3856 1080 3877 et
1093 3855 1178 3876 aetate
1185 3857 1231 3877 roo
1237 3850 1313 3876 Luna
1325 3857 1386 3875 cum
1398 3848 1495 3881 Marte,
1510 3846 1749 3882 pye'tomacharios.

125 3882 178 3923 hoe
191 3891 286 3918 corpus
300 3885 394 3918 putrer.
431 3887 468 3912 Ex
479 3885 554 3912 Non.
568 3893 594 3917 2,
609 3886 669 3917 692.

124 3925 163 3946 ua
177 3919 280 3954 putruit
293 3923 441 3957 ‹arcad-lor.
450 3922 532 3949 Serm.
543 3929 570 3953 2,
583 3929 612 3954 4,
626 3922 669 3947 66.

149 3960 179 3995 ‘P
188 3962 210 3981 V
218 3960 240 3980 T
248 3961 266 3981 R
276 3961 292 3982 E
301 3962 314 3982 S
322 3961 339 3982 C
348 3960 381 3988 Ο,
396 3960 449 3985 ἕπε.
485 3957 616 3990 [abneptem
636 3955 823 3991 κατασῆκσμάι]
847 3956 990 3986 ‘Putridum
1001 3956 1068 3992 fieri.
1127 3957 1179 3985 Ni-

127 3988 169 4017 hil
187 3999 246 4017 mea
259 3990 380 4022 interest,
397 3992 508 4021 humine
528 4001 561 4020 an
580 3992 695 4019 sublime
713 3993 867 4027 putrescam*
888 3995 946 4021 Cic.
960 3993 1044 4020 Ture.
1066 4002 1076 4020 1
1097 4003 1120 4020 c.
1136 4002 1178 4026 43.

774 3884 840 3912 Non
848 3887 912 3920 alia,
925 3895 1006 3922 quam
1018 3895 1071 3921 qua
1079 3886 1179 3919 Byzan-

127 4026 263 4054 Columel·
281 4035 298 4053 2
322 4027 356 4054 Vt
369 4025 511 4058 herbarum
522 4029 615 4058 culmis
629 4030 790 4064 caeterisque
804 4028 882 4056 rebus
894 4029 1008 4058 immista
1022 4030 1179 4065 putrescant.
1188 4038 1304 4066 ro5cum.
1339 4028 1394 4056 vid.
1417 4029 1506 4065 Geogr.
1542 4027 1611 4062 conf.
1636 4026 1705 4060 Nep.
1722 4034 1746 4058 2,
1763 4031 1786 4057 8,
1800 4034 1822 4055 5.
1849 4031 1872 4051 ct
1889 4021 1979 4049 lustin.
1996 4027 2035 4051 14,
2049 4020 2073 4043 6.
2088 4023 2134 4043 etc.

1492 3923 1513 3954 P
1564 3921 1591 3953 Y
1641 3921 1671 3952 D
1755 3927 1787 3951 et
1867 3918 1889 3950 P
1940 3916 1966 3947 Y
2014 3913 2041 3944 E

1278 3999 1294 4019 P
1306 3999 1324 4019 Y
1335 3999 1354 4018 D
1364 3999 1386 4018 N
1396 3997 1417 4018 A
1427 4012 1434 4024 ‚
1458 4000 1497 4019 ae.
1524 3991 1544 4017 f.
1586 3990 1652 4018 Vrbs
1665 3988 1826 4017 Macedoniae
1843 3991 1872 4016 in
1885 3987 1968 4014 Pieria
1986 3980 2146 4015 iuxmfinum
2162 3978 2291 4006 Thirmi-

1498 4071 1514 4098 7
1536 4063 1556 4090 L
1594 4072 1610 4090 3
2164 4054 2293 4080 erm-vs,
