2517 4231
247 194 304 234 315
654 167 885 211 Mor.
1567 212 1570 215 y
1794 155 2025 204 MQL
2363 153 2433 205 316

249 268 325 295 Vitia
339 265 432 292 molita
453 264 541 289 Varro
549 261 586 289 de
606 261 637 288 R.
651 261 682 288 R.
702 270 725 293 2,
744 268 768 287 2.
861 255 972 287 Molita,
993 252 1120 284 absolute,
1141 249 1222 277 Neut.
1236 248 1307 277 Plur.
1367 248 1461 277 lelium
1474 250 1511 277 est
1525 248 1645 282 Scribon.
1658 249 1697 276 62.
1754 247 1863 281 Quouis
1876 248 1998 274 sermone
2016 246 2142 276 molestus
2162 247 2232 275 Hor.
2245 245 2364 279 Sermh,
2380 244 2440 279 3‚65

249 303 390 335 Scrib.159.
425 299 566 331 Melicum,
584 297 698 331 absalme,
710 295 780 321 dixit
801 293 881 320 Plaut.
896 289 1031 317 Menaech.
1046 298 1068 320 ς,
1088 289 1115 320 6,
1129 295 1162 316 1,·-
1369 285 1428 312 Nifi
1442 287 1512 313 forte
1527 285 1632 312 molesti
1646 284 1861 316 interuenimus,
1881 283 1979 310 veniss'e
1997 283 2109 312 delcetat
2129 284 2186 310 Cic.
2203 283 2235 309 de
2255 283 2331 309 Orat.
2353 291 2382 314 2,
2405 288 2442 311 14-

287 346 312 365 M
324 345 343 364 o
357 344 373 363 1.
387 342 397 362 1
410 341 432 362 'r
443 336 463 362 V*
475 341 495 361 R
507 341 544 368 Α,
562 342 601 360 ae.
623 332 642 358 f.
663 330 815 366 [ἁλέίὶησις]
835 328 900 354 Ρ1111.
915 335 947 358 15,
957 333 986 356 23
1005 324 1135 350 Molitum
1142 322 1221 349 etiam
1235 329 1309 357 prae·
1370 321 1497 348 Amicitia
1511 321 1696 357 intempestiua
1711 326 1736 347 et
1751 319 1862 346 molesta
1876 327 2013 352 nunquam
2034 319 2069 346 est
2086 321 2125 348 1d.
2142 320 2173 346 de
2195 319 2303 346 Amicit.
2323 326 2348 344 22
2367 326 2389 343 c.
2416 316 2442 342 6.

249 375 315 402 stant
352 371 456 399 ieiunio
504 370 666 397 feminarum
703 365 834 401 quandam
874 361 1019 396 imaginem
1057 359 1142 394 panis.
1234 356 1309 391 Confi
1373 356 1440 382 Sunt
1452 357 1569 391 quidam,
1582 357 1629 392 qui
1643 357 1765 384 molestas
1779 355 1917 382 Amicitias
1928 354 2040 388 faciunt,
2052 364 2133 390 quum
2150 355 2196 391 ipsi
2210 356 2234 382 se
2250 352 2387 381 contemni
2394 359 2442 386 pil-⁷

249 410 323 438 Idem
345 413 386 440 ¹3,
406 416 431 441 9·
1335 393 1351 416 5
1374 396 1430 418 tant
1449 391 1487 418 1d.
1501 392 1567 420 ibid.
1581 403 1602 420 c.
1615 401 1655 420 20.
1728 393 1802 419 Cura
1822 391 1905 418 Ouid.
1919 390 1951 416 de
1964 392 2029 417 Arte
2042 391 2101 418 Am.
2117 403 2137 425 3,
2153 396 2210 424 603.
2282 388 2371 416 Labor
2379 395 2443 419 ope-

288 452 312 471 M
324 450 343 471 ο
357 450 374 470 1.
385 441 397 469 ἶ
410 450 432 470 Τ
445 449 464 469 0
475 448 496 469 R
506 462 513 474 ‚
534 440 599 469 oris.
620 449 655 466 m.
676 435 832 472 [umeqbc]
846 433 900 469 Q?
907 432 986 459 molit.
999 429 1091 461 ὲλητιῖι
1104 429 1309 457 Onomast.Vet.
1373 427 1448 453 rosus
1462 432 1487 452 et
1499 429 1623 456 molestus
1643 429 1699 456 Cic.
1713 428 1745 455 de
1758 428 1822 455 Nat.
1835 428 1916 454 Deor.
1932 435 1954 459 2,
1970 435 2014 460 59.
2085 428 2156 454 Lites
2171 437 2230 454 cum
2243 434 2304 461 rege
2319 423 2443 451 molestae

251 481 302 507 Sed
313 481 378 515 quod
389 481 484 505 Partus
497 479 556 504 Lex.
570 476 633 502 Crit.
648 472 737 499 tm'buz't
750 471 842 498 Plauto
856 469 914 509 Mil.
928 477 953 500 2,
967 474 1026 501 2,38
1048 466 1123 507 Se¹3tfia
1145 465 1255 507 offa-erfo,
1272 464 1312 489 ni·
1375 463 1445 502 Hor.
1461 462 1544 489 Serm.
1559 473 1578 497 1,
1592 474 1615 501 7,
1630 474 1651 495 ς.
1690 465 1766 492 Onus
1782 463 1934 495 molestum,
1954 471 2051 488 munus
2072 462 2185 491 Id.ibid.
2201 465 2253 498 1,(1,
2268 472 2309 496 99.
2347 459 2445 486 Otium

251 517 290 543 hil
298 516 341 552 est,
359 522 383 541 ct
399 513 563 548 redarguitur
575 512 605 537 ab
617 509 673 544 ipsis
685 507 775 533 verbis.
813 507 849 531 En
863 504 918 537 illa,
937 504 1007 531 Nam
1021 503 1119 529 mulier
1131 502 1228 529 olitori
1241 502 1312 532 (hor-
1374 497 1426 525 tibi
1441 497 1582 524 molestum
1595 500 1631 526 est
1647 500 1747 528 Catuli.
1762 510 1803 535 49,
1817 509 1848 533 13.
1921 498 2069 533 Negotiosa
2082 505 2108 524 ct
2116 499 2222 526 molesta
2235 495 2377 534 prouincia
2384 494 2442 528 Cic.

251 560 288 579 tos
299 560 323 578 et
336 552 403 577 olera
418 550 507 575 colenti
518 545 643 582 profez‘lo,
659 553 706 569 non
718 541 852 571 molliori,
872 541 915 576 qui
929 540 1005 575 ipsam
1019 539 1157 574 permolat)
1177 545 1314 572 nunquam
1377 543 1428 570 pro
1443 534 1566 560 Muraen.
1582 541 1616 564 ¹8.
1707 536 1827 564 pustulae
1843 536 1902 562 sunt
1920 534 2046 562 molestae
2068 534 2190 561 Scribo„—
2206 545 2243 565 24-
2332 530 2445 559 Tunic,

252 587 389 623 supplicat,
407 585 425 611 li
440 593 490 618 qua
505 583 540 609 est
553 581 629 608 mala.
667 578 751 606 Domi
759 577 956 605 habethoi·tum
967 582 994 603 et
1002 575 1170 602 condimenta
1183 572 1315 600 adomnes
1332 577 1361 596 ¹0
1379 569 1499 610 molesta.
1518 570 1574 596 vid.
1595 576 1748 609 TvtsucA.
1820 572 1884 599 Vita
1900 571 2052 598 otiosorum
2066 570 2154 605 grauis
2174 577 2199 597 ct
2219 569 2327 597 molesta
2347 566 2446 600 aliqui-

251 632 340 651 mores
359 621 500 649 maleficos.
1380 606 1440 638 bus,
1459 615 1549 633 minus
1563 605 1599 632 est
1619 606 1676 633 Cic.
1691 607 1745 634 Off.
1761 617 1779 642 1,
1792 618 1834 642 70.
1907 608 1992 634 Voces
2006 607 2143 641 compesce
2156 606 2276 633 molestas
2291 607 2411 639 Propert.
2426 611 2448 636 1.,

290 666 317 687 M
328 665 346 686 0
358 665 374 684 L
386 658 401 683 s
411 663 432 683 T
443 662 461 680 0
471 661 488 680 R
497 673 506 686 ‚
533 652 590 679 vid.
610 658 636 678 M
647 657 667 678 ο
678 658 695 678 L
706 657 718 677 1
728 656 748 677 ο
758 655 789 677 R.
1378 653 1403 676 5,
1418 652 1436 670 1.
1510 641 1637 668 Molestus
1657 641 1734 668 etiam
1750 643 1876 671 interdum
1889 643 2011 675 Difficilis
2026 642 2138 673 dit-itum
2160 642 2266 677 leian.
2283 641 2312 666 in
2325 641 2342 667 1,
2358 639 2383 667 Si
2398 639 2448 664 ser.

291 702 318 723 Μ
330 702 348 721 0
360 700 377 719 1.
389 699 404 718 κῖ
415 698 436 717 N
451 696 469 716 D
482 695 503 714 A
516 694 534 715 R
545 694 583 714 iv
593 694 618 718 s,
638 696 663 721 a,
684 696 740 714 um.
762 685 819 713 Adi.
833 685 952 721 Qodad
965 681 1228 716 molendumpertinet.
1244 681 1317 707 Meta
1379 688 1429 705 vus
1451 677 1474 715 §.
1510 678 1583 705 Idem
1596 678 1628 704 D.
1647 675 1688 703 Ad
1703 676 1754 712 leg.
1772 679 1862 712 Aquil.
1877 679 1943 707 item
1956 679 1974 706 fi
1989 678 2194 713 quisfrumcnto
2207 686 2313 704 arenam
2323 675 2366 703 vel
2375 672 2449 702 aliud

254 728 417 758 molendaria
438 725 540 752 Paullus
561 724 579 750 l.
600 730 625 754 153
646 725 671 757 §.
688 733 708 755 5.
735 723 767 749 de
787 720 906 749 1111111181.
924 725 949 746 et
969 718 1088 744 instrum.
1109 718 1160 752 leg.
1180 718 1234 743 vid.
1257 718 1318 743 Am.
1381 714 1528 748 miscuerit,
1554 719 1583 754 yt
1607 712 1718 740 molesta
1739 713 1868 746 separatio
1881 716 1924 742 fit:
1979 714 2050 749 quasi
2072 714 2104 741 de
2125 720 2255 749 corrupto
2276 711 2319 746 agi
2338 709 2450 746 poterit.

254 767 335 793 mian,
352 772 389 798 17,
412 768 425 791 3
446 770 470 796 p.
487 768 525 786 101
546 759 691 786 Lindenbr.
712 759 760 794 sed
784 757 863 791 Vales.
891 766 915 791 p.
936 756 975 781 162
1000 754 1080 780 edidit
1099 753 1318 780 molendinarias.
1336 758 1362 781 ις
1382 753 1495 786 Compar.
1533 750 1590 777 Clc.
1612 750 1684 776 Fam·
1698 758 1748 783 5‚3
1767 749 1811 775 Ne
1823 749 1901 776 vobis
1914 751 2089 779 multitudine
2106 750 2246 777 literarum
2266 744 2451 775 molestiores-

233 835 236 838 Α
255 802 330 841 Atina
343 800 359 826 1.
372 804 396 827 18
416 796 438 834 ᾧ.
460 805 475 823 2
495 797 528 823 D.
549 796 581 822 de
594 795 716 822 instruet.
730 801 756 821 et
770 793 890 820 instrum.
912 792 962 824 leg.
1037 789 1120 818 Etiam
1137 789 1178 816 hic
1188 790 1317 816 variatur.
1381 787 1445 814 scm.
1519 786 1690 813 Molestiores
1704 784 1779 811 venti
1805 784 1902 813 Pallad.
1920 796 1945 820 i,
1964 797 1986 818 ς,
2060 788 2159 823 Supw-J,
2216 785 2273 813 Cic,
2294 782 2452 817 (nminat.)

291 842 345 863 §.10
356 839 401 861 LE
413 840 436 860 N
451 839 470 860 n
484 839 553 859 1Nv
561 839 604 864 M,
625 832 642 858 i.
663 841 689 858 n.
725 832 748 857 S.
765 827 909 856 Bernhard.
929 825 1009 861 Epist.
1028 830 1051 856 8.
1382 824 1461 850 Verr.
1477 832 1497 857 1,
1510 824 1538 855 36
1559 832 1580 848 c.
1596 831 1614 849 11
1638 821 1734 848 Omnis
1750 820 1904 855 arrogantia
1918 821 2009 849 odiosa
2027 823 2080 854 est3
2117 830 2175 850 tum
2188 822 2234 849 illa
2254 819 2358 855 ingenii
2370 823 2452 852 atque

292 878 319 900 Μ
333 877 352 898 ο
365 877 382 896 L
400 875 417 896 E
428 876 451 896 N
463 875 482 895 D
495 876 505 896 1
517 874 540 894 N
551 874 602 894 AR
614 876 623 894 1
635 874 656 893 V
668 874 680 893 s
689 888 698 900 ,
716 875 739 899 a,
759 875 813 892 11111.
834 863 894 890 Adi.
915 860 1099 896 [μυλωθρικδς]
1124 861 1202 897 Qoa'
1217 861 1254 886 ad
1271 870 1320 886 me·-
1380 858 1554 892 eloquentiae
1568 857 1752 885 molestiffima.
1827 856 1933 883 Vitium
1945 858 2153 886 molestiffimum
2172 858 2295 886 Scribon.
2305 862 2342 889 38.

255 908 382 935 landinum
393 906 517 941 pertinet.-
532 904 636 931 Paullus
645 904 677 930 D.
692 902 724 929 de
738 901 815 927 fund.
831 898 949 926 instruct.
964 897 982 924 1.
1004 897 1074 923 Cum
1082 896 1253 928 delanionis,
1269 896 1320 922 Asi·
1422 901 1448 921 M
1462 900 1481 920 Ο
1496 901 1513 920 L
1524 900 1542 920 E
1554 901 1566 920 S
1579 900 1601 921 T
1614 901 1673 928 1A,
1690 902 1729 920 ae.
1751 892 1770 919 f.
1790 893 1930 926 [Buqtqnag
1951 895 2023 927 Zeila]
2040 895 2184 928 solicitudo,
2194 893 2321 931 grauitas,
2394 888 2454 916 Cic,

254 952 315 971 nani
328 940 550 969 molendinarium
565 946 590 966 et
603 939 701 965 molam
716 943 791 971 negat
811 935 938 962 Neratius
953 933 1131 960 instrumento
1145 931 1224 957 fundi
1236 931 1321 958 conti·
1335 939 1368 956 20
1386 930 1504 962 Tusca,
1519 936 1545 960 18
1566 938 1589 956 c.
1604 936 1617 960 8
1639 929 1772 960 Molestia,
1791 928 1933 963 aegritudo
1945 936 2112 963 permanens.
2150 931 2233 958 Plaut.
2246 930 2326 956 Poen.
2345 925 2456 958 Prcl.35

256 979 324 1007 neri.
399 978 544 1003 Haloamler
557 984 580 1001 ct
595 975 733 1001 Pande-Hae
749 972 905 999 florentinae
917 971 1007 996 habent
1021 967 1229 999 Molcndariam,
1245 975 1269 993 et
1277 967 1322 992 ibi.
1385 966 1430 992 Ne
1444 972 1471 992 et
1485 964 1528 991 hic
1545 965 1614 992 viris
1629 965 1677 992 lint
1692 972 1717 993 et
1730 965 1806 992 domi
1820 964 1966 991 molestiae.
2047 965 2104 991 Cic.
2117 966 2191 994 Fam.
2205 976 2238 1000 13,
2253 975 2277 998 14
2297 965 2363 991 Eum
2380 959 2456 995 quod

255 1017 310 1043 dem
321 1013 401 1050 paullo
418 1012 485 1048 post,
504 1012 574 1038 Meta
595 1009 767 1038 molendaria.
840 1008 911 1034 Add.
930 1004 1063 1033 Ammian.
1081 1012 1120 1040 17,
1138 1013 1167 1038 4=
1177 1004 1277 1038 (Grut.
1291 1005 1323 1035 8)
1386 1001 1440 1029 sine
1453 1000 1575 1028 molestia
1589 1007 1632 1027 tua
1646 1001 1700 1034 fiat,
1721 1001 1740 1028 fi
1755 1010 1808 1036 qua
1821 1001 1851 1027 in
1864 1009 1894 1027 re
1909 1009 1976 1036 opus
1985 999 2011 1026 ei
2019 999 2114 1035 fuerit,
2126 1001 2236 1029 iuueris.
2307 1001 2376 1027 Ter.
2387 999 2457 1024 Eun.

255 1060 282 1087 p,
302 1053 339 1078 161
361 1049 446 1076 Valcs.
946 1062 948 1066 ,
1386 1047 1410 1070 5,
1423 1048 1448 1071 4,
1462 1041 1477 1064 6
1498 1037 1641 1072 Virginem
1654 1046 1734 1071 quam
1747 1037 1850 1064 amabat
1863 1045 1922 1064 eam
1940 1036 2044 1063 confeci
2057 1036 2111 1063 sine
2120 1037 2248 1064 molestia.
2287 1034 2457 1063 Aberratioa

292 1094 319 1114 Μ
329 1093 348 1114 O
358 1092 376 1112 L
386 1092 436 1112 EN
450 1091 469 1111 n
481 1092 491 1110 1
503 1090 526 1110 N
539 1090 561 1111 Α
572 1090 590 1110 R
602 1091 610 1108 1
621 1089 678 1115 vs,
699 1081 717 1108 i.
737 1090 773 1107 m.
810 1079 865 1115 Qi
878 1078 956 1104 molae
966 1076 1073 1113 praeest.
1111 1077 1189 1103 Grut.
1202 1074 1323 1109 Inscript.
1386 1073 1516 1100 molestiis
1536 1073 1673 1101 Cic.Fam.
1683 1083 1716 1106 ις,
1728 1078 1762 1102 18.
1790 1074 1905 1099 .Vacuus
1914 1072 2043 1099 molestiis
2051 1072 2259 1100 velAmolestiis
2272 1073 2390 1099 1d.Fam.
2398 1079 2425 1104 4,
2433 1077 2458 1100 4.

257 1133 283 1157 p.
296 1131 338 1155 114
358 1131 384 1148 n.
405 1123 422 1147 6
443 1120 500 1147 VT
521 1119 675 1147 OMNJVM
697 1114 1018 1144 MOLENmNARIOR.
1037 1113 1197 1141 FRAVDES
1215 1112 1325 1139 AMPV-
1341 1117 1370 1140 25
1386 1109 1536 1146 iudicialis,
1555 1110 1610 1136 vid.
1634 1117 1646 1137 1
1662 1115 1683 1135 v
1696 1115 1716 1136 D
1728 1116 1739 1135 1
1751 1114 1769 1134 C
1784 1114 1816 1135 o.
1889 1108 2029 1135 Abducere
2043 1117 2058 1135 a
2075 1109 2197 1136 molestia
2216 1108 2272 1135 Cic.
2291 1108 2363 1135 Fam.
2382 1117 2413 1138 4,
2435 1113 2460 1137 3-

256 1157 432 1187 TENTVR.
1388 1146 1427 1174 Id.
1442 1146 1474 1173 de
1488 1145 1591 1173 Sene&
1608 1155 1621 1172 2
1642 1145 1713 1172 Mihi
1729 1144 1839 1179 quidem
1853 1143 1890 1170 ita
1903 1144 2019 1171 iucunda
2035 1144 2114 1172 huius
2128 1144 2192 1172 libri
2208 1143 2415 1174 confeftiofuit,
2428 1146 2460 1167 vt

294 1201 320 1222 M
329 1200 348 1221 0
357 1200 374 1219 L
385 1194 398 1220 f
412 1199 436 1219 N
445 1199 466 1218 v
475 1199 488 1218 S
498 1213 506 1223 ‚
525 1200 550 1223 a,
573 1201 628 1219 11111.
683 1189 744 1217 Adi.
765 1189 831 1215 Mem
844 1188 910 1224 quod
920 1186 1041 1213 Molaris.
1080 1184 1217 1212 Molinum
1235 1184 1326 1211 saxum
1388 1192 1444 1210 non
1458 1182 1540 1209 modo
1555 1190 1647 1208 omnes
1660 1179 1973 1208 Absterseritsene&11tis
1987 1179 2131 1216 molestias,
2150 1181 2194 1208 scd
2212 1179 2330 1207 effecerit
2350 1177 2462 1205 mollem

260 1229 383 1258 Tertull.
403 1228 463 1255 adu.
477 1229 560 1255 Marc.
572 1237 601 1261 4,
615 1234 650 1260 35.
1219 1230 1222 1233 ’
1389 1219 1471 1246 etiam
1484 1224 1511 1246 et
1526 1218 1670 1245 iucundam
1690 1217 1863 1244 senectutem.
1936 1214 2029 1242 Abefl'e
2041 1224 2067 1249 a,
2085 1218 2139 1244 vid.
2149 1223 2280 1243 ABSVM.
2354 1212 2461 1241 Addere

297 1266 429 1293 MOLiN
440 1271 480 1298 A,
498 1273 537 1290 ae.
558 1264 578 1290 f.
616 1263 696 1289 Mola.
735 1260 865 1287 Ammian,
881 1264 915 1291 18,
936 1266 971 1284 20
997 1257 1101 1290 (vales.
1116 1259 1141 1289 8)
1160 1257 1281 1284 Molinae
1294 1255 1327 1283 ad
1390 1256 1460 1283 Ter.
1474 1256 1541 1282 Eun.
1557 1264 1575 1287 1,
1591 1264 1610 1287 1,
1623 1263 1658 1286 32-
1733 1253 1837 1280 Afferre
1857 1252 1916 1279 Cic.
1930 1252 2003 1279 Fam.
2024 1261 2049 1285 7,
2071 1260 2106 1284 13.
2198 1251 2311 1279 Afficere
2330 1248 2463 1281 molestia,

261 1303 338 1330 ealles
352 1300 472 1328 artandas
485 1299 646 1326 aedificatae.
685 1297 764 1324 Gloss'.
784 1297 842 1322 Vet.
864 1293 1140 1328 Molinasziegaasm.
1183 1293 1240 1321 Via'.
1261 1293 1326 1320 Gre-
1342 1301 1374 1325 30
1389 1291 1445 1318 vid.
1462 1297 1630 1318 AFFicxo.
1702 1290 1853 1321 Amouere,
1879 1288 1935 1316 vicl.
1963 1293 2130 1316 AMOVEO.
2202 1287 2357 1321 Anticipare
2379 1285 2465 1311 mole-

259 1348 318 1375 gor.
330 1338 440 1365 anon.
454 1345 478 1370 3,
494 1345 530 1371 19·
566 1335 652 1362 Vales.
665 1335 700 1360 ad
717 1334 735 1360 l.
751 1342 771 1358 r.
793 1332 924 1358 Ammian.
972 1349 974 1353 .
1021 1348 1032 1353 „
1390 1327 1466 1354 stiam
1488 1327 1546 1353 Cic.
1562 1328 1614 1353 Att.
1628 1333 1652 1360 8,
1666 1335 1699 1353 12.
1736 1325 1775 1352 Id.
1790 1325 1924 1359 QFratr.
1939 1333 1962 1357 2,
1974 1334 1989 1359 9
2011 1325 2071 1358 (10)
2097 1324 2180 1351 Nunc
2198 1323 2268 1350 mihi
2287 1319 2463 1350 iucunditatis

297 1380 353 1403 ΜΟ
365 1380 404 1401 LI
418 1379 470 1400 ΝΑ
481 1378 549 1398 Rlv
561 1378 574 1398 s
588 1392 595 1405 ‚
616 1371 635 1397 i.
657 1380 692 1397 m.
729 1368 856 1402 ὁδριλέτης
869 1366 948 1393 Gloll'.
970 1365 1028 1392 Lat.
1043 1366 1090 1393 Gr.
1390 1363 1469 1398 plena
1482 1362 1604 1397 epistola,
1623 1361 1674 1388 hoc
1694 1361 1806 1396 Aspersit
1822 1360 1975 1394 molestiae,
1995 1360 2085 1395 quod,
2104 1368 2152 1388 etc.
2225 1359 2282 1387 Cic.
2302 1367 2353 1395 pro
2373 1355 2438 1385 Sull.
2454 1364 2463 1382 1

299 1416 354 1438 Mo
364 1410 518 1436 LETRiN
529 1414 552 1435 A
562 1429 571 1441 ‚
591 1416 630 1433 ac.
651 1406 671 1432 f.
690 1405 794 1439 [uv'qu
817 1403 914 1435 μύλων]
934 1403 959 1427 A
968 1401 1107 1432 Molendo,
1123 1400 1329 1438 Pistrinumolim
1390 1401 1429 1427 Ex
1444 1399 1522 1426 huius
1541 1397 1722 1425 incommodis
1743 1405 1870 1431 magnam
1887 1397 1980 1423 animo
1998 1396 2149 1423 molestiam
2169 1396 2265 1431 Capio.
2338 1392 2412 1427 Conf.
2426 1391 2467 1419 Id.

260 1447 400 1478 dicebatur,
420 1454 464 1479 qua
478 1451 583 1479 tempore
596 1443 765 1469 tundebantur
772 1440 917 1474 frumenta,
936 1446 984 1464 non
996 1444 1077 1464 autem
1089 1438 1254 1463 molebantur.
1281 1437 1330 1462 Ca·
1393 1436 1426 1462 de
1440 1434 1524 1461 Amic.
1539 1445 1560 1462 c.
1584 1430 1622 1467 212.
1696 1432 1880 1459 Circumfnsae
1899 1431 2020 1466 vndique
2040 1432 2194 1467 molestiae,
2220 1433 2276 1458 vid.
2304 1434 2467 1457 Cincvm-

262 1489 292 1510 to
305 1482 333 1508 in
348 1480 515 1511 Thermum,
533 1480 640 1511 Neruo,
659 1485 774 1508 carcere,
800 1474 952 1502 moletrina.
1025 1473 1094 1498 Haec
1115 1471 1224 1498 Nonius
1239 1480 1258 1504 1,
1273 1480 1330 1504 320.
1349 1479 1375 1502 35
1396 1477 1535 1498 FVNDO.
1607 1469 1768 1497 Conflifitari
1783 1467 1916 1494 molestiis
1935 1467 1991 1496 Cic.
2005 1468 2079 1496 Fam.
2094 1471 2118 1502 6,
2132 1478 2165 1501 ¹3·
2237 1467 2277 1495 1d.
2291 1466 2427 1501 QFratr.
2443 1473 2467 1497 3,

301 1523 329 1544 Μ
341 1523 360 1544 o
372 1523 388 1542 Ι.
397 1518 411 1542 1“
422 1522 439 1542 L
449 1523 466 1542 E
476 1536 483 1549 ,
505 1516 535 1542 is.
557 1525 582 1543 11.
618 1514 808 1550 lustramentum
821 1512 887 1545 quod
897 1510 991 1539 molae,
1009 1516 1054 1534 aut
1066 1506 1131 1534 collis
1143 1507 1221 1540 boum,
1233 1508 1278 1533 vel
1289 1507 1332 1532 hu-
1395 1513 1409 1537 8
1431 1506 1539 1533 Deleuit
1553 1506 1623 1532 mihi
1637 1514 1747 1532 omnem
1758 1503 1911 1532 molestiam
1930 1505 2065 1531 recentior
2085 1503 2206 1540 epistola.
2280 1503 2396 1529 Demere
2409 1509 2469 1526 1110-
2514 1530 2517 1533 ,

260 1555 338 1581 meris
345 1551 475 1588 seruorum
490 1550 646 1585 adallsgatm·
658 1550 694 1575 ad
705 1549 843 1574 tradendas
857 1547 941 1572 molas.
980 1545 1047 1571 Cato
1061 1553 1082 1570 c.
1103 1552 1123 1570 11
1144 1544 1209 1577 Iuga
1222 1542 1332 1577 plostra·
1392 1542 1499 1569 lessiam
1518 1543 1589 1569 Ter.
1603 1542 1632 1568 in
1646 1541 1758 1576 Adelph.
1772 1550 1796 1573 5,
1809 1549 1830 1573 3,
1843 1549 1878 1573 33.
1953 1540 2011 1567 Cic.
2025 1541 2097 1568 Fam.
2113 1549 2136 1574 2,
2153 1543 2178 1567 16
2197 1538 2258 1567 Nisi
2277 1539 2331 1565 iam
2351 1543 2377 1564 et
2395 1535 2468 1563 ratio

262 1590 303 1617 ria
316 1588 381 1621 duo,
399 1587 491 1622 iugum
504 1585 644 1612 asinarium
659 1592 752 1615 vnum,
770 1582 863 1608 molile
876 1590 968 1609 vnum.
1044 1579 1151 1606 Turneb.
1170 1582 1271 1614 Scapus,
1292 1578 1336 1604 vel
1396 1579 1451 1613 ipsa
1464 1578 1609 1613 Depuliss'et
1623 1586 1715 1604 omnes
1727 1576 1871 1604 molestias.
1943 1575 1982 1604 Id.
1996 1576 2063 1604 ibid.
2077 1586 2112 1610 14,
2131 1587 2145 1610 7
2162 1576 2265 1603 Omnes
2285 1573 2420 1601 molestias
2440 1577 2471 1599 ee

262 1625 429 1656 manubrium,
442 1632 488 1657 quo
503 1629 613 1647 mouetur
625 1622 701 1653 mola,
721 1618 815 1645 molile
827 1625 943 1652 vocatur,
957 1623 987 1643 vt
999 1627 1014 1642 a
1026 1616 1094 1642 libra
1108 1616 1201 1642 libi-ile.
1396 1614 1591 1647 solicitudines,
1611 1613 1710 1648 quibus
1724 1620 1749 1640 te
1762 1612 1943 1639 miserrimam
1955 1611 2048 1643 habui,
2062 1613 2181 1648 Deposui
2189 1618 2215 1639 et
2228 1611 2306 1638 eieci.
2376 1609 2470 1636 Deuo-

299 1667 355 1688 ΜΟ
367 1666 384 1686 1.
396 1665 460 1692 ΑΕ,
479 1666 565 1684 arum.
584 1656 605 1683 f.
645 1658 730 1687 Dens,
749 1664 809 1689 quas
831 1653 899 1680 Gell.
915 1662 948 1686 13,
969 1662 996 1679 22
1016 1654 1046 1679 111
1066 1651 1196 1679 Romanis
1214 1659 1333 1686 compre·
1345 1658 1380 1682 40
1396 1660 1455 1678 rate
1472 1659 1619 1685 paucorum
1635 1649 1741 1676 dierum
1761 1646 1911 1676 molestiam
1930 1648 1969 1676 Id.
1991 1647 2108 1683 Philipp.
2125 1651 2160 1680 6,
2180 1657 2214 1681 ¹7·
2284 1646 2408 1678 Diluere,
2425 1643 2472 1670 vet

264 1696 414 1725 nationibus
429 1693 566 1721 nominari
581 1692 668 1719 solitas
683 1692 731 1718 ess'e
746 1690 831 1717 Molas
840 1690 933 1717 Martis
943 1689 1044 1722 scribit,
1081 1689 1157 1726 Qid
1167 1687 1334 1715 libriMoles.
1397 1693 1543 1714 extenuare
1562 1686 1600 1713 Id.
1615 1686 1699 1713 Tusc.
1717 1695 1739 1718 3,
1753 1694 1793 1717 34.

1867 1684 2016 1711 Dimouere
2038 1684 2078 1712 Id.
2093 1684 2214 1711 Diuinat.
2228 1684 2339 1717 ἵζειν-4.
2376 1694 2380 1696 >
2411 1679 2469 1707 Ess'e

265 1732 415 1768 Masi-Manus
434 1741 451 1756 a
473 1729 616 1757 molimine
642 1728 723 1755 dic‘t‘as
738 1735 821 1763 putat.
898 1726 971 1759 Conf.
991 1725 1083 1753 Turn.
1111 1733 1157 1757 19,
1180 1733 1213 1750 11.
1284 1723 1334 1749 Ni-
1397 1724 1427 1750 in
1444 1722 1501 1750 Cic.
1516 1723 1590 1749 Fam.
1604 1730 1634 1754 4,
1654 1729 1685 1753 13.

1756 1720 1796 1748 Id.
1811 1720 1865 1747 Att.
1879 1729 1902 1755 2,
1918 1730 1927 1747 1
1945 1721 2001 1747 Iam
2023 1720 2159 1748 Exhibere
2177 1718 2248 1747 mihi
2265 1718 2414 1745 molestiam
2427 1715 2472 1742 de-

266 1769 305 1795 hil
324 1768 396 1793 certi.
805 1783 807 1786 ψ
1309 1779 1310 1782 1
1397 1759 1529 1787 stiterunt.
1603 1756 1734 1790 Expedire
1749 1755 1873 1782 molestia
1897 1756 1936 1782 Id.
1957 1757 2011 1782 Att.
2031 1765 2055 1789 2,
2070 1765 2108 1786 25·
2181 1755 2270 1790 Fungi
2288 1753 2409 1781 molestia
2428 1751 2470 1780 Id.

304 1810 357 1830 1110
369 1809 385 1828 1.
399 1808 417 1828 E
427 1806 481 1827 Mo
493 1807 516 1826 N
528 1807 538 1826 1
551 1805 571 1826 v
582 1806 625 1832 M,
644 1799 663 1825 i.
680 1808 707 1824 11.
745 1799 839 1831 Herba,
857 1806 924 1833 quae
938 1796 1028 1824 faciles
1047 1796 1210 1823 vomitiones
1225 1794 1337 1831 praestat
1397 1795 1472 1823 Fam.
1485 1804 1508 1826 ς.
1600 1792 1696 1820 Habeo
1710 1792 1791 1818 etiam
1806 1790 1882 1817 illam
1899 1788 2067 1825 molestiam,
2086 1790 2169 1825 quod,
2188 1798 2234 1817 etc.
2327 1790 2384 1816 Cic.
2394 1790 2470 1816 Fam.

266 1840 334 1868 Plin.
348 1840 390 1871 26,
410 1845 435 1872 7-
1352 1836 1382 1861 45
1400 1833 1437 1866 16,
1453 1840 1483 1858 ιι.
1539 1829 1579 1857 Id.
1593 1829 1646 1856 Att.
1661 1833 1686 1862 8,
1702 1836 1716 1861 3
1737 1827 1787 1854 Sed
1801 1827 1830 1853 in
1843 1826 1896 1853 hoc
1910 1825 1969 1862 ipso
1982 1825 2081 1853 habent
2093 1833 2182 1853 tamen
2196 1825 2280 1851 iidem
2294 1825 2373 1851 fasces
2386 1824 2473 1850 molc-

304 1882 330 1903 Μ
340 1876 360 1902 6
370 1881 387 1901 L
400 1880 417 1901 E
430 1880 460 1906 S,
480 1871 512 1898 is.
532 1870 550 1897 f.
571 1866 666 1904 [ἔγκοῦ
687 1871 775 1903 βάρος]
797 1870 842 1895 Res
856 1877 948 1903 magna
960 1876 983 1894 et
997 1871 1084 1901 magni
1095 1868 1228 1903 ponder-ir:
1242 1876 1259 1892 a
1278 1876 1337 1893 mo·
1395 1868 1484 1894 stiam.
1558 1864 1694 1901 Implicari
1705 1863 1836 1890 molestiis
1845 1862 2034 1889 haereditariis
2055 1862 2163 1897 leian.
2178 1861 2196 1889 l.
2215 1860 2292 1896 Apud
2308 1860 2378 1888 Cels.
2398 1858 2422 1896 §.
2442 1859 2472 1886 Si

267 1911 356 1940 vendo
370 1909 473 1936 dicitur.
546 1906 649 1938 Festus,
670 1905 756 1932 Moles
770 1914 819 1940 pro
833 1903 1018 1938 magnitudine
1029 1904 1087 1930 fere
1096 1904 1160 1938 poni
1171 1903 1246 1930 solet.
1283 1905 1336 1929 lta.
1399 1903 1460 1937 quis
1468 1911 1500 1930 ex
1514 1903 1593 1930 vncia
1613 1902 1646 1929 D.
1664 1901 1704 1927 De
1719 1900 1773 1927 dol.
1785 1899 1848 1926 mal.
1863 1904 1888 1926 et
1902 1904 2084 1934 metmexcept.
2121 1898 2222 1925 Laxare
2241 1896 2391 1923 molestiam
2411 1894 2472 1922 Cic.

269 1957 315 1984 que
329 1954 381 1973 tum
394 1947 425 1973 de
438 1944 560 1978 corporeis
572 1942 652 1974 rebus,
675 1943 719 1968 vc!
730 1941 888 1967 naturalibus
902 1941 1046 1974 adhibetur,
1064 1947 1184 1974 tanquam
1197 1947 1272 1965 carne
1279 1941 1336 1964 am'-
1398 1940 1472 1965 Fam.
1487 1948 1508 1972 5,
1524 1947 1557 1970 14.
1630 1937 1734 1963 Leuare
1747 1935 1898 1962 molestiam
1919 1935 1958 1962 Id.
1971 1934 2038 1961 ibid.
2059 1944 2082 1967 3,
2102 1940 2124 1964 8.
2198 1932 2328 1959 Liberare
2348 1929 2475 1958 molestia

269 1984 382 2014 mulium,
400 1990 462 2015 quac
470 1979 550 2012 facit,
570 1985 600 2003 vt
613 1978 746 2016 difficulter
758 1983 910 2008 mammas,
929 1976 1034 2010 itemque
1047 1977 1078 2002 de
1091 1976 1220 2007 montibus,
1241 1976 1283 2000 vel
1295 1983 1337 2000 ar·
1399 1975 1495 2009 Id.pro
1503 1973 1579 2001 Rosc.
1587 1973 1665 2000 Com.
1675 1981 1710 2004 34·
1747 1972 1804 1999 Cic.
1819 1991 1826 1998 .
1841 1992 1848 1999 .
1864 1990 1871 1998 .
1883 1970 2166 2006 Mitigaremolefliam
2175 1969 2266 2004 posset.
2302 1967 2358 1995 Id..
2371 1987 2380 1994 .
2394 1987 2400 1993 .
2412 1965 2474 1993 Pri-

269 2026 294 2045 η’
301 2018 393 2052 saetis,
406 2022 436 2040 vt
449 2016 479 2040 de
492 2013 564 2050 omni*
573 2021 666 2045 genere
677 2012 858 2044 aeclzfici0mm3
872 2012 962 2036 camele
973 2011 1132 2044 incmporeis,
1154 2018 1183 2036 vt
1190 2010 1254 2044 sunt
1266 2019 1337 2044 nego·
1352 2017 1385 2039 50
1400 2019 1476 2037 vares
1489 2019 1532 2036 me
1546 2009 1593 2036 ista
1606 2007 1737 2035 molestia.
1776 2008 1918 2034 Renouare
1932 2006 2082 2033 molestiam
2102 2005 2264 2034 Id.de.Orat.
2271 2013 2293 2037 3,
2308 2013 2326 2030 1.
2358 2002 2403 2031 .Id.
2424 2023 2431 2030 .
2444 2021 2453 2029 .
2466 2019 2476 2029 .

269 2054 309 2080 ,ia
328 2050 451 2083 difficilia,
531 2047 608 2080 Virg.
629 2046 728 2084 Θεοῖς.
752 2052 780 2083 33
799 2051 859 2083 370·
874 2058 922 2082 ——3
940 2045 1118 2081 confertoque
1137 2045 1245 2075 agmine
1264 2044 1339 2068 cerui
1400 2046 1542 2076 Pergamus
1551 2043 1730 2073 adeaffilada,
1739 2052 1806 2076 quae
1815 2040 1870 2069 non
1878 2043 1964 2069 solum
1972 2042 2065 2070 fiedatis
2079 2040 2272 2072 niolestiis,rt.·.
2311 2039 2385 2067 Conf.
2398 2038 2476 2065 Idem

269 2089 399 2122 Torpent
412 2084 483 2111 mole
495 2090 573 2109 noua.
594 2082 612 2106 ἱ.
632 2078 828 2114 Magnitudinc,
849 2084 934 2110 mqurt
953 2077 1070 2103 Seruius.
1143 2077 1276 2109 Columel.
1288 2084 1312 2107 3,
1327 2081 1341 2104 8
1402 2077 1457 2102 Off.
1473 2085 1495 2108 2,
1510 2085 1541 2107 ¹3-
1612 2075 1670 2101 Cic.
1684 2077 1756 2100 Fam.
1771 2079 1808 2107 16,
1821 2085 1850 2102 ιο
1872 2078 2008 2104 Festinare
2021 2078 2138 2110 tevnolo,
2155 2086 2188 2103 ne
2206 2077 2316 2103 nauseae
2324 2069 2475 2101 molestiam

270 2124 356 2157 India,
376 2120 532 2158 perhibetur
544 2117 662 2144 molibus
675 2116 794 2142 ferarum
808 2113 950 2140 mirabilis.
999 2113 1102 2139 Molem
1117 2117 1143 2139 et
1156 2116 1271 2143 numm,
1289 2118 1339 2144 pro
1401 2111 1526 2146 suscipias
1541 2118 1627 2145 aeger.
1700 2109 1826 2136 Tradere
1841 2110 1923 2136 alicui
1935 2111 2006 2145 Nep,
2020 2113 2127 2146 fragm,
2144 2113 2218 2139 Orat,
2236 2111 2379 2138 Corneliae
2393 2110 2478 2135 Grac-

271 2160 376 2189 Molem
387 2157 521 2185 montium
536 2154 604 2180 dixit
623 2153 699 2187 Virg.
713 2153 777 2178 Aen.
791 2159 812 2183 1,
826 2152 865 2180 65-
938 2149 1036 2185 Figura
1053 2149 1089 2175 cst
1111 2147 1136 2175 ἓν
1148 2151 1185 2175 διὰ
1199 2145 1247 2174 δυό.
1282 2146 1340 2173 Ser·
1401 2147 1518 2175 chorum
1532 2146 1635 2173 matris.
2133 2147 2139 2152 ·

680 2189 685 2193 .
711 2188 715 2192 ,
756 2188 761 2192 ,
1095 2185 1100 2189 ¹
1165 2185 1170 2188 ῃ
1528 2183 1532 2187 η
1576 2182 1581 2186 .
1709 2144 1837 2172 Trahere
1851 2145 2002 2173 molestiam
2017 2154 2049 2173 ex
2063 2147 2188 2182 pernicie
2198 2146 2274 2182 Reip.
2289 2145 2347 2174 Cic.
2363 2146 2434 2172 Fam.
2447 2152 2479 2177 4,

272 2196 342 2224 vius.
417 2193 475 2219 Alta
487 2189 571 2217 moles
590 2190 718 2216 Auentini
737 2187 784 2214 Sil.
803 2195 845 2217 12,
864 2193 916 2220 713.
988 2186 1116 2212 Immanis
1137 2185 1214 2218 Virg.
1235 2184 1299 2209 Aen.
1313 2191 1341 2216 9,
1361 2187 1389 2210 55
1404 2194 1425 2217 3.
1498 2182 1646 2209 Vindicate
1661 2181 1810 2209 arnolestia
1829 2181 1870 2209 Id.
1883 2182 1922 2216 Q
1934 2182 2034 2218 Fr.1‚4.
2073 2183 2178 2210 Vocare
2193 2191 2208 2210 a
2221 2182 2342 2210 molestia
2362 2181 2402 2209 Id,
2420 2181 2478 2210 Λςς,

275 2234 328 2264 516.
400 2229 496 2263 Ingens
513 2225 590 2259 Virg.
603 2225 668 2251 Aen.
685 2231 708 2256 ς,
722 2231 779 2254 223.
852 2223 959 2248 Insanae
974 2221 1201 2247 substructionum
1216 2219 1272 2247 Cic.
1291 2227 1342 2254 pro
1404 2221 1445 2254 12‚'
1454 2221 1484 2252 36
1504 2219 1570 2252 (37)
1595 2226 1663 2246 extr.
1980 2227 1983 2230 >

275 2267 336 2297 Mii.
356 2274 378 2292 c.
394 2273 426 2297 31.
496 2262 638 2295 Praerupta
654 2256 826 2292 Ouid-Epist.
841 2265 867 2289 2,
882 2264 932 2288 132.
1004 2257 1060 2282 Iam
1075 2266 1154 2291 pauca
1166 2261 1256 2282 aratro
1270 2255 1343 2289 iuge·
1442 2263 1468 2283 M
1479 2260 1500 2281 ο
1511 2260 1529 2280 1.
1540 2260 1559 2281 E
1569 2260 1582 2280 S
1595 2260 1618 2281 Τ
1632 2260 1662 2281 E.
1683 2253 1752 2282 Adu.
1773 2254 1919 2290 [δυιχεςίιῖς]
1940 2255 1999 2281 Cum
2011 2253 2130 2290 molestia,
2141 2255 2273 2291 grauiter,
2289 2262 2371 2288 aegre.
2416 2251 2480 2280 Cic.

275 2313 306 2332 ra
320 2302 418 2336 Regiae
431 2299 514 2325 moles
533 2296 685 2330 relinquent
707 2294 775 2320 Hor·
784 2292 836 2319 Od-
850 2300 876 2325 2,
889 2301 922 2324 15,
936 2300 955 2319 1-
1026 2292 1166 2329 {QXffi-stflt
1179 2291 1264 2317 moles
1278 2297 1343 2316 tem-
1405 2292 1440 2319 de
1456 2290 1562 2317 Amicit.
1577 2299 1612 2323 90
1631 2290 1779 2325 Obiurgari
1787 2290 1897 2325 moleste
1911 2290 2010 2317 ferunt.
2083 2289 2211 2316 Grauiter
2225 2289 2388 2322 molesteque
2401 2288 2477 2314 ferre

277 2341 351 2377 plum
363 2339 455 2371 ingens
468 2333 552 2360 cineri
573 2332 634 2358 Stat.
648 2329 742 2358 Theb.
756 2331 782 2362 6,
796 2337 855 2361 242.
891 2327 1011 2354 Sti-uene
1025 2328 1116 2354 Tacit.
1129 2328 1197 2353 Ann.
1217 2336 1239 2353 2.
1276 2325 1344 2353 Edu·
1406 2328 1481 2354 Seru.
1495 2325 1593 2360 Sulpic.
1607 2327 1642 2352 acl
1654 2327 1712 2354 Cic.
1728 2327 1801 2354 Fam.
1816 2335 1844 2360 4,
1858 2333 1922 2362 5pr.
1995 2326 2053 2353 Cic.
2067 2325 2148 2352 Acad.
2163 2335 2188 2360 4,
2208 2331 2248 2357 148
2268 2325 2335 2352 Non
2356 2321 2479 2355 moleste,

278 2384 337 2403 cere
348 2373 448 2400 a'ejriam
469 2372 530 2397 Stat.
543 2368 608 2395 Silu.
623 2376 645 2400 5,
658 2376 682 2399 3,
696 2371 733 2398 48.
807 2365 936 2404 E'xtrucre
950 2372 1031 2403 opere
1044 2363 1185 2397 magnifico
1205 2362 1263 2388 Cic.
1284 2361 1344 2387 Phi·
1359 2360 1394 2387 60
1407 2362 1508 2397 inquit,
1527 2362 1587 2389 fero
1601 2371 1650 2388 nos
1663 2362 1727 2389 haec
1741 2363 1890 2390 contulisse.
1977 2361 2035 2388 Pati
2055 2366 2082 2388 et
2100 2369 2158 2388 non
2175 2360 2284 2386 moleste
2305 2360 2376 2386 ferre
2400 2357 2480 2384 Idem

278 2413 340 2447 lipp.
354 2418 394 2442 14,
407 2416 432 2440 33
453 2416 474 2433 c.
488 2414 526 2432 ιε.
595 2399 885 2443 Ορρ1-1111Ῡ101110111111ε
897 2401 993 2440 insanis
1005 2408 1062 2425 aras
1072 2400 1230 2440 aliquorum
1250 2396 1288 2424 Id.
1296 2405 1346 2438 pro
1408 2400 1488 2426 Verr.
1503 2408 1522 2432 1,
1538 2407 1559 2424 2.
1631 2399 1738 2433 Rogare
1751 2399 1870 2432 moleste,
1890 2399 2060 2426 vid.ROGo.
2135 2398 2247 2431 Compar.
2262 2402 2287 2421 et
2301 2394 2399 2429 Superl.
2419 2391 2480 2418 Cic.

279 2448 377 2475 Milon.
391 2446 432 2475 86.
505 2440 591 2467 Moles
609 2439 636 2464 in
649 2448 712 2464 mam
733 2439 843 2471 dicum»,
864 2442 957 2470 quoties
975 2436 1122 2461 excludam·
1141 2444 1213 2469 aqua.
1286 2434 1344 2460 Cic.
1409 2435 1544 2469 QFratr.
1559 2441 1580 2467 Ι,
1596 2443 1604 2460 1
1625 2440 1668 2469 pr.
1689 2435 1828 2468 Qioniam
1843 2443 1873 2462 ea
1887 2433 2066 2460 molestiffime
2078 2433 2149 2459 ferre
2157 2431 2281 2458 homines
2289 2430 2398 2464 debent,
2412 2435 2494 2463 quae·

279 2485 332 2511 Att.
346 2490 375 2515 4,
393 2488 417 2512 13
438 2477 545 2505 Constat
565 2475 637 2502 enim
652 2474 737 2500 aditus
749 2472 850 2499 insulae
871 2471 920 2497 effe
939 2470 1058 2497 munitos
1077 2470 1199 2497 mirificis
1220 2469 1348 2497 molibus.
1408 2471 1531 2506 ipsorum
1545 2469 1766 2505 culpacontraom
1778 2471 1807 2497 su

282 2517 412 2546 Obiectus
429 2514 543 2541 molium
564 2512 634 2538 Tac.
649 2511 716 2537 Ann.
731 2518 769 2542 14,
785 2514 808 2541 8,
822 2517 840 2535 1.
915 2507 987 2533 Caes.
1002 2506 1065 2533 ssell.
1080 2507 1163 2534 Ciuil.
1183 2516 1203 2539 1,
1218 2514 1247 2539 25
1275 2505 1347 2538 Qiia
1409 2506 1525 2534 rendum
1538 2515 1618 2541 quam
1638 2504 1703 2535 tibi·v

282 2556 369 2582 fauces
387 2557 462 2578 erant
480 2547 668 2583 angustiffimae
687 2551 796 2581 portus,
826 2544 927 2571 molem
939 2549 1018 2577 atque
1038 2551 1161 2578 aggerem
1180 2542 1214 2569 ab
1236 2547 1348 2576 vti-aque
1366 2543 1397 2574 65
1448 2548 1505 2571 MO
1519 2548 1616 2570 LEST
1627 2547 1666 2576 o,
1685 2546 1740 2569 fite.
1764 2542 1876 2577 [ὰνιᾰω]
1896 2542 1979 2567 Notae
1988 2540 2191 2576 significationis.
2263 2537 2438 2570 Modestinus,
2451 2536 2484 2564 i·

283 2596 356 2627 parte
371 2587 459 2615 litoris
473 2585 596 2613 iaciebat.
671 2583 721 2608 Hic
734 2581 821 2608 Moles
834 2580 918 2614 inquit
932 2580 1054 2619 Βηιίξιεειι,
1067 2578 1099 2615 qs}
1112 2577 1348 2613 Immensastruflu-
1411 2580 1430 2608 l.
1445 2588 1484 2607 20.
1506 2579 1539 2605 D.
1555 2578 1658 2607 liberat.
1678 2578 1754 2613 legat.
1781 2576 1822 2604 Ab
1842 2576 1956 2604 Aurelio
1976 2572 2137 2611 Sempronio
2155 2575 2239 2601 fratre
2260 2583 2322 2600 meo
2344 2573 2484 2600 neminem

285 2627 429 2660 rainportu
436 2623 520 2657 ah'quo
527 2621 617 2647 ubicffa
624 2616 901 2656 adarccmlmjifltefiuu
922 2616 1004 2649 qualts
1011 2614 1042 2655 (st
1052 2615 1160 2641 Genuae.
1187 2614 1262 2648 Conf.
1276 2614 1350 2640 Hirt.
1411 2614 1548 2643 molestari
1562 2614 1637 2643 volo.
1711 2613 1834 2641 Scribon.
1848 2613 1950 2648 Largus
1964 2621 1987 2644 7¹
2009 2613 2082 2639 Raro
2096 2611 2173 2638 valde
2188 2610 2318 2637 molestat,
2356 2610 2484 2635 Vuamo-

284 2664 315 2691 B.
323 2661 396 2689 Alex.
409 2669 430 2686 c.
445 2666 473 2692 17
492 2665 514 2684 et
531 2661 562 2687 18.
599 2655 694 2682 Caesar
701 2660 740 2688 ep.
754 2653 810 2678 Cic.
820 2653 906 2686 Att.9‚
916 2656 949 2691 ¹8:
986 2652 1165 2686 Vn·g.Aen.2,
1177 2658 1240 2685 497-
1278 2650 1349 2676 Tac-
1412 2652 1487 2679 iestat
1500 2650 1622 2678 Scribon.
1637 2660 1673 2684 71.
1748 2651 1823 2676 Adde
1836 2650 1944 2676 Petron.
1957 2648 2061 2684 Fragm.
2074 2649 2162 2682 Trag.

285 2698 428 2730 H‚1‚86,3.
444 2694 527 2727 flor.
537 2702 560 2726 ε’,
574 2700 625 2726 2,2.
663 2690 740 2717 Curt.
748 2697 775 2722 4,
785 2690 855 2721 2,16.
890 2687 1000 2713 Adiacet
1008 2687 1085 2713 vnclis
1093 2686 1257 2714 Faciamanu
1266 2686 1351 2712 moles
1414 2690 1506 2716 Burin.
1520 2696 1544 2722 p.
1559 2689 1616 2719 674.
1653 2686 1733 2721 Apul.
1748 2685 1781 2713 de
1795 2684 1880 2713 Herb.
1903 2694 1925 2712 c.
1944 2693 1977 2718 71.

287 2732 442 2762 Ouid.Met.
450 2739 481 2763 11,
495 2734 554 2765 728.
589 2727 718 2754 Attollere
732 2725 886 2752 immensam
904 2723 1086 2758 Vix·g.Aen.2,
1101 2729 1149 2756 183.
1185 2722 1287 2749 Crescit
1305 2732 1353 2748 vn-
1368 2730 1401 2755 70
1413 2734 1440 2761 p,
1454 2732 1503 2755 223·
1542 2723 1633 2749 Barth.
1647 2725 1682 2748 ad
1692 2723 1758 2749 Brit.
1773 2731 1798 2756 p.
1812 2727 1871 2752 580.

288 2770 320 2798 da
333 2766 466 2804 praecelsis
479 2764 595 2792 molibus
614 2764 677 2790 Stat.
692 2761 755 2788 Silu.
773 2770 791 2793 1,
805 2770 828 2793 ς,
843 2767 885 2795 27.
960 2759 1081 2786 Fundare
1095 2759 1165 2786 Suet.
1178 2758 1272 2785 Claud.
1287 2768 1309 2785 c.
1318 2766 1352 2784 20
1451 2766 1478 2786 M
1491 2764 1511 2785 o
1521 2765 1539 2785 1.
1553 2764 1572 2784 E
1586 2763 1599 2783 s
1614 2763 1637 2784 Τ
1648 2763 1670 2783 Α
1682 2763 1706 2783 N
1720 2763 1750 2790 S,
1771 2757 1849 2784 antis,
1888 2758 1957 2784 Part.
1981 2755 2033 2783 Iul.
2054 2755 2210 2790 obsequens
2230 2753 2345 2781 Obseru.
2359 2762 2388 2787 42
2407 2751 2486 2780 Festi.

287 2813 355 2834 extr.
426 2804 484 2830 Itur
499 2801 527 2828 in
542 2808 642 2835 aequor
655 2797 782 2824 mollibus
796 2796 886 2823 Sidon.
904 2796 997 2831 Paneg.
1011 2794 1135 2821 Anthcm.
1154 2804 1178 2821 v.
1192 2802 1233 2829 57.
1284 2795 1353 2821 Iace·
1416 2795 1501 2824 lentia
1510 2799 1653 2827 Vtrumque
1665 2793 1984 2820 exercitummolestante.
2076 2815 2078 2817 .
2189 2804 2191 2806 ·

288 2851 318 2870 re
337 2840 421 2868 moles
440 2838 472 2865 ab
495 2844 610 2870 vtroque
629 2840 721 2870 portus
745 2842 839 2866 cornu,
860 2832 915 2859 vid.
936 2837 1052 2859 IACIO.
1127 2832 1216 2857 Iacere
1235 2830 1264 2857 in
1278 2838 1353 2856 mare
1455 2838 1480 2858 M
1497 2835 1517 2856 0
1535 2835 1553 2855 1.
1567 2835 1584 2856 Ε
1603 2835 1616 2854 s
1631 2835 1653 2855 'r
1668 2836 1691 2856 A
1708 2835 1733 2856 Τ
1749 2835 1760 2855 1
1776 2834 1816 2863 0,
1836 2829 1907 2857 fmis.
1934 2829 1954 2856 f.
1992 2827 2129 2856 Constant.
2144 2826 2210 2854 Afer
2230 2836 2258 2862 7,
2280 2828 2296 2854 6
2314 2824 2409 2853 Febris
2426 2832 2487 2851 mo·

289 2877 374 2907 moles
393 2876 463 2902 Hor.
475 2874 564 2901 Carm.
577 2881 601 2905 3,
614 2879 635 2905 1,
649 2879 689 2904 34.
761 2870 905 2904 Opponere
924 2867 1048 2894 fluetibus
1070 2867 1154 2893 moles
1181 2867 1239 2893 Cic.
1261 2865 1315 2893 Off.
1327 2873 1353 2898 2,
1420 2865 1571 2895 lestatio.it.
1584 2865 1611 2890 in
1621 2865 1684 2900 Dig.
2424 2875 2427 2879 ,

291 2923 329 2948 ¹4·
399 2913 491 2939 quen.
506 2910 556 2936 Sat.
572 2916 606 2934 12.
620 2914 651 2940 7,-
672 2905 798 2933 Tandem
807 2906 887 2932 intrat
899 2903 994 2939 positas
1007 2903 1107 2930 inclusa
1120 2911 1167 2938 per
1174 2910 1290 2938 aequora
1297 2910 1354 2928 mo·
1386 2907 1415 2932 75
1452 2908 1509 2930 Mo
1521 2908 1539 2928 1.
1549 2907 1566 2926 E
1576 2907 1599 2928 'r
1613 2907 1635 2927 R
1648 2909 1659 2928 1
1671 2907 1693 2927 N
1702 2907 1741 2933 A,
1761 2908 1787 2928 M
1797 2907 1817 2928 o
1830 2908 1847 2927 1.
1858 2908 1869 2928 1
1878 2907 1896 2928 1.
1907 2907 1924 2928 E
1935 2922 1943 2935 ‚
1968 2901 2024 2927 vid.
2048 2905 2154 2928 ΜοιΑ.

291 2951 337 2978 les.
373 2949 424 2975 Per
443 2945 539 2974 Pofitas
554 2943 672 2978 intelligit
687 2941 819 2978 Ostiensem
831 2948 937 2975 portum,
957 2949 1027 2975 quem
1040 2940 1160 2965 Claudius
1174 2938 1266 2973 Caesar
1273 2937 1357 2973 Ostiae
1453 2945 1509 2966 ΜΟ
1520 2943 1536 2963 1.
1549 2945 1559 2964 1
1570 2943 1590 2964 ο
1602 2943 1622 2964 R
1631 2955 1640 2968 ‚
1659 2937 1704 2965 iri.
1725 2937 1738 2971 [
1745 2939 1918 2973 μηχανῶμαι]
1940 2936 2053 2970 Molem,
2073 2939 2093 2963 i.
2109 2944 2191 2971 graue
2202 2935 2321 2970 quiddam
2334 2941 2358 2960 et
2369 2941 2488 2969 ”mgnum

291 2984 425 3017 extruxit,
456 2989 487 3008 vt
505 2980 539 3017 est
551 2981 620 3015 apud
636 2979 744 3005 Sueton.
763 2979 789 3005 111
809 2976 903 3004 Claud.
921 2976 943 3003 c.
959 2985 1003 3003 20.
1077 2975 1118 3001 Sic
1130 2976 1160 3001 ale
1172 2974 1354 3010 amphitheatro
1416 2976 1535 3010 incipere,
1554 2980 1579 2999 et
1592 2983 1693 3001 mouere.
1768 2973 1830 3000 Liu.
1842 2982 1869 3008 9,
1884 2984 1894 3006 3
1912 2973 1989 3000 Num
1997 2978 2102 2999 montes
2115 2971 2210 2998 moliri
2224 2971 2267 2997 sua
2281 2968 2491 3004 scdeparamusss

292 3023 364 3050 Tac.
377 3020 412 3046 H.
425 3028 447 3053 2,
461 3027 499 3051 21,
512 3026 533 3049 3.
571 3017 611 3041 De
625 3014 876 3054 moni1neptogl0m'ae
896 3013 952 3039 Cic.
962 3012 1028 3039 Phil.
1049 3020 1084 3046 14,
1102 3020 1128 3044 33
1153 3020 1174 3037 c.
1194 3019 1227 3037 12.
1302 3008 1357 3035 Pri·
1418 3012 1460 3038 Sic
1479 3008 1587 3042 Moliri,
1607 3009 1769 3045 [ίπιχυρεῖν]
1791 3009 1831 3045 Fst
1846 3011 1890 3036 vel
1903 3009 2016 3044 Ingenio,
2035 3009 2079 3035 vel
2088 3009 2194 3043 Corpore
2206 3008 2242 3033 ad
2252 3006 2353 3041 aliquid
2362 3006 2489 3040 agendum

292 3066 335 3086 ma
344 3056 395 3083 fuit
404 3063 494 3082 rerum
501 3049 667 3080 confusafine
674 3049 769 3076 ordine
777 3049 860 3075 moles
881 3048 962 3075 Ouid.
970 3048 1003 3075 de
1011 3049 1073 3075 Arte
1088 3048 1147 3074 Am.
1155 3057 1176 3080 2,
1185 3049 1249 3081 467.
1288 3046 1358 3080 Ope·
1417 3046 1520 3074 moueri.
1614 3045 1672 3072 Cic.
1686 3045 1718 3072 de
1732 3046 1835 3073 Senect.
1850 3047 1880 3072 26
1901 3054 1922 3072 c.
1937 3051 1950 3074 8
1970 3045 2018 3072 Sed
2026 3043 2146 3078 videtis,
2161 3049 2190 3070 vt
2204 3041 2321 3070 senectus
2335 3050 2392 3067 non
2405 3039 2490 3067 modo

294 3094 353 3122 rosa
367 3090 462 3119 mundi
482 3088 564 3117 Ouid.
580 3087 649 3127 Met.
661 3095 680 3117 1,
694 3090 747 3126 2⁵8:
790 3120 795 3125 .
819 3085 902 3111 Rudis
917 3085 1098 3120 indigestaque
1117 3083 1199 3111 Ouid.
1215 3083 1279 3109 Met.
1292 3090 1319 3114 1,
1338 3089 1360 3113 7-
1375 3091 1408 3116 80
1420 3082 1554 3118 languida,
1572 3086 1650 3116 atque
1665 3082 1737 3108 iners
1749 3090 1804 3108 non
1819 3081 1865 3113 fit,
1878 3089 1976 3108 verum
1989 3081 2069 3110 etiam
2083 3080 2112 3106 fit
2120 3079 2240 3114 operosa,
2258 3083 2284 3104 et
2297 3077 2401 3111 semper
2409 3084 2491 3111 agens

294 3129 437 3157 Chimaera
449 3126 541 3161 ingens
553 3123 625 3150 mole
642 3127 744 3157 ingenti
763 3122 838 3154 Virg.
860 3123 923 3148 Aen.
935 3131 959 3154 ς,
973 3127 1016 3152 1¹8·
1090 3121 1122 3146 Ee
1140 3119 1207 3146 ibid.
1227 3127 1273 3150 223
1295 3117 1359 3145 Inde
1421 3118 1525 3153 aliquid
1538 3124 1564 3144 et
1579 3117 1703 3145 molienS.
1779 3117 1853 3145 Idem
1866 3118 1946 3144 Verr.
1960 3127 1984 3149 5,
1999 3123 2027 3149 87
2047 3116 2173 3142 Euolarat
2186 3115 2240 3141 iam
2253 3122 2269 3140 e
2282 3112 2432 3147 conspeetu
2448 3111 2492 3138 fu.

295 3166 388 3200 Gyan,
413 3163 549 3198 ipsamque
568 3158 672 3194 ingenti
692 3157 763 3184 mole
794 3157 963 3183 Chimaeram
1001 3156 1189 3191 Consequitur.
1263 3154 1361 3186 Mo1es,
1418 3156 1497 3190 giens
1511 3154 1699 3189 quadriremis,
1713 3162 1796 3188 quum
1810 3153 1891 3180 etiam
1906 3159 1970 3180 tunc
1984 3157 2100 3180 caeterae
2108 3159 2188 3183 naues
2208 3151 2255 3176 suo
2269 3149 2298 3176 in
2317 3149 2379 3175 loco
2393 3147 2491 3175 moliea

443 3199 449 3204 ’
1423 3192 1529 3222 bantur,
1550 3191 1567 3216 i.
1581 3191 1676 3225 Magno
1688 3192 1771 3217 labore
1782 3190 1812 3226 se
1824 3189 1994 3225 explicabant,
2006 3195 2036 3213 vt
2045 3186 2257 3221 consequerentur.
2332 3185 2388 3211 Cic.
2403 3183 2491 3211 -Tusc,

315 3210 341 3227 ro
356 3198 543 3235 Magmsmline‚
561 3198 597 3222 nd
614 3204 654 3220 res
667 3194 791 3220 animatas
810 3192 978 3225 transfhrtur.
1013 3193 1099 3219 Crass'a
1121 3192 1192 3218 mole
1213 3191 1256 3217 leo
1268 3189 1363 3217 Claud.

297 3247 326 3264 111
344 3237 454 3268 Eutrop.
469 3242 490 3267 2,
505 3240 561 3266 377.
604 3231 689 3257 Densa
704 3229 776 3256 mole
788 3229 912 3256 feruntur
924 3227 956 3253 ad
975 3237 1066 3254 muros
1082 3228 1159 3262 Virg.
1172 3229 1238 3254 Aen.
1261 3235 1296 3259 12,
1310 3235 1362 3258 575-
1423 3237 1443 3259 1,
1458 3228 1491 3257 68
1512 3228 1634 3260 Qlarum
1647 3226 1736 3259 altera,
1756 3234 1836 3260 quam
1850 3233 1898 3252 nos
1912 3224 2065 3256 incolimus,
2084 3223 2132 3249 sub
2147 3230 2195 3248 axe
2208 3221 2290 3257 polita
2304 3220 2335 3247 ad
2351 3220 2437 3247 stellas
2451 3220 2493 3246 se-

1665 3263 1795 3289 Horrit'er
1831 3260 1974 3296 Aquilonis
2003 3258 2115 3285 stridor:
2136 3258 2235 3292 gelidas
2262 3257 2376 3285 molitur
2403 3256 2491 3282 niues.

297 3273 399 3300 Natiua
413 3269 496 3297 moles
522 3266 605 3295 Ouid.
618 3266 683 3292 Fast.
698 3275 719 3298 ς,
733 3274 783 3299 149,
862 3263 957 3291 Tarda
971 3264 1044 3289 mole
1058 3264 1082 3290 se
1096 3264 1166 3290 ferre
1175 3263 1300 3289 homines
1308 3270 1364 3288 ma-
1379 3272 1408 3302 35
1423 3270 1511 3299 ptem,
1538 3262 1609 3288 vnde

299 3308 347 3341 gni
361 3313 385 3333 et
400 3306 471 3334 cralii
489 3305 625 3332 dicamur,
644 3303 697 3337 Qt'
722 3302 748 3326 oh
766 3300 874 3336 corporis
891 3301 975 3327 molem
995 3301 1069 3325 tarde
1093 3299 1273 3333 ingrediuntur
1299 3299 1361 3325 Stat.
1424 3298 1558 3327 Columel.
1577 3307 1598 3330 2,
1613 3308 1635 3331 2,
1650 3308 1674 3331 23
1695 3299 1726 3325 Et
1745 3299 1808 3325 ideo
1827 3295 1981 3324 minoribus
2002 3294 2097 3321 aratris
2116 3294 2280 3320 moliuntur.
2354 3293 2449 3319 Facere
2464 3296 2492 3318 et

1997 3330 2116 3357 Minime
2137 3330 2279 3357 obscurum
2289 3329 2344 3362 est,
2363 3326 2426 3362 quid
2444 3326 2491 3354 issi

299 3342 394 3370 Theb.
410 3352 432 3375 ς,
444 3350 500 3375 442.
572 3338 650 3365 Vasta
665 3337 736 3363 mole
749 3338 773 3363 se
786 3345 898 3363 mouens
919 3336 994 3371 Virg.
1007 3336 1072 3361 Aen.
1086 3344 1106 3370 ς,
1120 3335 1174 3364 656.
1193 3336 1227 3360 de*
1245 3335 1363 3368 Polyphe-
1423 3335 1517 3363 moliri
1538 3334 1640 3368 aliquid
1661 3335 1718 3362 Cic,
1740 3333 1819 3361 Acad‚
1839 3343 1869 3368 4,
1888 3340 1925 3358 22.

300 3388 346 3407 ΜΟ·
417 3375 547 3404 MembfiS
562 3381 587 3402 et
600 3373 673 3401 m0¹e
688 3372 777 3399 valens
798 3372 836 3399 ld·
852 3374 917 3399 Aefl-
930 3381 1010 3406 5³43h
1084 3370 1183 3403 Moles,
1204 3369 1363 3400 Difficultas:
1425 3371 1573 3400 moliantur
1587 3370 1625 3397 Id.
1642 3371 1694 3398 Att.
1710 3381 1744 3403 14,
1758 3378 1794 3396 22.
1832 3369 1905 3394 Haec
1918 3375 2000 3401 quum
2014 3366 2159 3393 moliretur
2179 3367 2249 3401 Nep.
2264 3370 2291 3400 7,
2302 3375 2340 3400 10,
2360 3372 2378 3389 1.
2415 3362 2491 3396 Confi

301 3414 417 3449 quoniam
430 3422 492 3448 quae
505 3410 673 3446 magnasunt,
687 3409 802 3440 difficilia
813 3408 858 3443 effi
872 3407 1055 3443 confhcuerunt.
1128 3405 1203 3439 Virg.
1220 3407 1285 3432 Aen.
1302 3415 1323 3438 ς,
1338 3415 1362 3438 37
1425 3409 1499 3436 Non,
1514 3415 1541 3440 4,
1556 3416 1613 3439 300.
1685 3408 1770 3442 Agere
1782 3412 1830 3439 per
1842 3404 1868 3430 se
1881 3410 1906 3430 et
1917 3402 2012 3430 moliri
2031 3403 2088 3430 Cic.
2105 3403 2178 3429 Fam.
2194 3405 2225 3437 6,
2248 3411 2284 3429 10.
2355 3398 2385 3426 Id
2405 3398 2491 3433 spera*

302 3451 412 3477 Tantae
425 3447 505 3474 molis
520 3454 576 3473 erat
589 3447 736 3473 Romanam
750 3443 864 3470 condere
882 3443 1002 3475 gentem!
1075 3442 1142 3469 Belli
1161 3442 1245 3468 moles
1271 3441 1364 3468 Tacit.
1379 3454 1414 3480 90
1427 3453 1496 3477 mus,
1515 3443 1595 3477 idque
1608 3441 1738 3469 molimilr
1762 3441 1801 3468 Id.
1811 3439 1882 3471 ibid.
1898 3449 1916 3473 1,
1931 3448 1953 3469 ς.
2025 3439 2118 3474 Inepte
2128 3439 2224 3466 moliri
2245 3434 2346 3470 aliquid
2369 3435 2437 3460 Hor.
2459 3433 2493 3461 de

303 3485 372 3512 Hist.
387 3494 406 3518 1,
422 3487 489 3517 61,1-
524 3483 598 3516 Conf-
619 3482 684 3509 ibid-
699 3490 724 3514 2,
740 3483 774 3513 16,
787 3489 807 3508 2·
850 3478 922 3505 Flor-
944 3489 966 3511 ε,
986 3481 1012 3511 6,
1028 3487 1063 3509 55·
1136 3478 1269 3505 Curarum
1282 3478 1366 3504 moles
1428 3483 1492 3509 Arte
1506 3480 1577 3507 Poet.
1594 3487 1644 3511 140.
1717 3477 1815 3505 Misere
1835 3476 1917 3502 Plaut.
1932 3476 2012 3502 Cure.
2027 3485 2047 3506 1,
2062 3485 2126 3510 3‚;1.
2200 3473 2318 3501 obscure
2337 3471 2492 3498 Cic.Tusc.

303 3522 396 3549 Tacit.
412 3522 481 3546 Anu.
495 3529 527 3551 12,
543 3519 584 3545 (16.
656 3517 768 3552 Imperii
782 3515 897 3543 Romani
914 3515 984 3543 Vcll.
1004 3524 1032 3547 2,
1054 3522 1097 3545 131.
1168 3513 1289 3540 Inuidiae
1308 3523 1366 3540 mo·
1428 3527 1450 3545 2,
1502 3514 1627 3543 Nauibus
1648 3515 1676 3542 in
1693 3513 1807 3541 insulam
1826 3511 1896 3538 Tac.
1911 3511 1981 3539 Hist.
2002 3521 2025 3545 2,
2037 3520 2072 3544 35,
2088 3520 2106 3538 1.
2179 3511 2283 3537 Struere
2297 3514 2322 3532 et
2337 3506 2431 3533 moliri
2444 3505 2493 3533 ali-

306 3558 357 3584 lem
373 3556 496 3583 sustinere
521 3555 578 3581 Cic.
592 3553 620 3579 in
633 3553 712 3580 Catil.
726 3563 744 3589 1,
758 3561 783 3585 23
804 3561 825 3579 c.
841 3561 864 3585 (7.
943 3551 1009 3577 Mali
1024 3550 1122 3576 molem
1135 3550 1308 3577 aceruicibus
1316 3550 1368 3577 suis
1427 3552 1494 3588 quid
1508 3551 1663 3579 calamitatis
1680 3549 1761 3578 alicui
1779 3547 1836 3575 Cic.
1849 3556 1900 3583 pro
1912 3547 2020 3574 Cluent.
2041 3553 2091 3579 173.
2165 3545 2262 3574 Aedem
2291 3543 2362 3570 Flor.
2384 3552 2402 3575 1,
2423 3552 2446 3575 7,
2468 3551 2492 3575 7.

1810 2476 1854 2501 nt;
1872 2469 1908 2496 est
1923 2468 2052 2504 quiddam
2068 2469 2099 2495 in
2114 2468 2162 2494 hac
2175 2476 2204 2494 re
2211 2467 2281 2494 mihi
2295 2465 2433 2493 molestius
2441 2464 2483 2491 fe·

2177 2657 2202 2682 p.
2217 2656 2247 2678 30
2265 2655 2286 2674 c.
2299 2650 2328 2677 58
2345 2645 2485 2679 etFragm'.

2055 2685 2112 2711 Vid.
2127 2683 2202 2710 exiam
2217 2680 2305 2709 cellar.
2322 2683 2385 2708 Cur.
2394 2679 2485 2717 pqsler·

307 3593 439 3628 depellere
462 3592 500 3618 Id.
517 3591 583 3617 ibid.
600 3601 620 3623 3,
635 3599 658 3623 17
680 3599 700 3618 c.
709 3599 729 3622 7.
804 3588 845 3614 Sic
859 3588 986 3623 eleganter
1001 3586 1085 3612 Moles
1098 3586 1236 3621 vsurpmur
1255 3587 1286 3612 de
1300 3594 1368 3623 pom-
1430 3590 1569 3618 Amorem,
1589 3586 1682 3614 odium
1696 3587 1726 3615 in
1739 3583 1860 3612 iudicum
1876 3584 1972 3610 animis
1992 3583 2116 3610 oratione
2134 3579 2225 3609 moliri
2253 3579 2310 3605 Cic.
2329 3578 2362 3605 de
2381 3580 2456 3605 Orat.
2469 3586 2493 3608 2.

301 3637 348 3667 pu,
368 3627 508 3664 maiaestatc,
528 3627 566 3657 vi,
580 3637 608 3652 ac
619 3627 746 3661 potentia:
767 3625 820 3650 vid.
839 3625 945 3650 Gronau.
958 3622 1058 3658 Obstru.
1076 3631 1094 3652 ι,
1108 3631 1149 3648 20.
1383 3632 1415 3658 95
1431 3626 1490 3651 206,
1560 3623 1635 3650 Prius
1650 3624 1678 3649 in
1691 3617 1804 3658 ρόῃιιπκ
1818 3619 1917 3652 (vela)
1937 3619 2087 3647 intulerunt
2099 3618 2314 3653 quinqueremes,
2335 3623 2413 3649 quam
2428 3615 2493 3640 Poe-

345 3672 371 3692 M
382 3662 401 3691 6
412 3670 429 3690 1.
440 3670 456 3690 Ε
467 3670 480 3689 S
491 3670 512 3688 T
525 3669 546 3688 v
561 3669 573 3688 s
585 3683 592 3695 ‚
614 3671 637 3693 a,
658 3670 713 3688 11111.
736 3661 795 3687 Adi.
816 3660 958 3694 [ἀργαλέος.
977 3657 1087 3691 anwed„
1103 3657 1212 3691 ἆχλῆρός,
1228 3656 1370 3691 &manetis-qe.
1431 3661 1461 3687 ni
1476 3661 1592 3687 Ancoras
1606 3659 1768 3686 molirentur
1781 3656 1842 3684 Liu.
1864 3663 1908 3689 28,
1924 3663 1952 3691 17
1973 3663 2039 3683 extr.
2078 3666 2081 3669 *
2100 3654 2245 3684 ..Ancon-2⁵,
2265 3661 2298 3677 ne
2312 3651 2338 3677 in
2353 3649 2493 3677 moliendo

308 3700 442 3733 δύσφορα]
464 3700 577 3724 Grauisa
592 3698 686 3724 Moles.
723 3693 1373 3731 Sedpmetw-naturamhuiusortjqinissuacpm'mam
1432 3705 1509 3723 mora
1523 3696 1592 3729 effer,
1612 3693 1768 3730 praecidunt
1789 3692 1826 3719 Id.
1839 3699 1877 3726 23,
1896 3695 1936 3725 36,
2009 3690 2092 3718 Ouid.
2115 3686 2148 3713 de
2169 3687 2233 3713 Arte
2254 3690 2312 3713 Am.
2335 3695 2357 3720 2,
2378 3696 2415 3719 ¹¹9
2436 3687 2494 3713 Iam

309 3736 421 3770 cmv-Ipsi.
494 3733 593 3760 Nimio
606 3734 718 3760 celerius
731 3731 841 3765 venire,
860 3731 932 3765 quod
945 3729 1087 3758 Molestum
1101 3730 1147 3762 cst,
1168 3738 1246 3762 quani
1263 3730 1291 3757 id
1299 3729 1371 3764 quod
1432 3732 1530 3759 molire
1538 3732 1669 3764 animum,
1682 3728 1729 3764 qui
1738 3727 1824 3761 duret,
1837 3735 1864 3755 et
1877 3727 1979 3756 adstrue
1987 3727 2096 3755 formae.
2170 3722 2246 3757 Virg.
2263 3726 2328 3750 Aen.
2340 3732 2358 3756 1,
2367 3728 2410 3755 428
2432 3723 2494 3748 P³r⁵

310 3771 405 3807 cupide
420 3776 490 3805 petas
510 3769 592 3796 Plaut.
609 3769 687 3796 Most.
705 3779 722 3801 1,
739 3779 757 3799 1,
772 3770 813 3802 69.
868 3768 936 3794 Ter.
951 3767 1017 3794 Eun.
1034 3776 1054 3798 3,
1065 3775 1086 3797 2,
1102 3775 1122 3797 3¹
1144 3766 1245 3791 Verum
1258 3765 1306 3792 vbi
1315 3774 1372 3792 mo-
1433 3767 1530 3795 ducere
1544 3776 1646 3801 muros,
1702 3764 1834 3791 Moliriue
1847 3765 1953 3791 Arcem.
2025 3758 2103 3795 Qtafl
2119 3758 2239 3785 Molibus
2259 3759 2336 3785 sat-“tis
2354 3767 2441 3784 arcem
2456 3763 2496 3784 at-

312 3809 406 3836 lestum
420 3815 477 3832 11011
491 3806 559 3839 erit,
578 3803 624 3831 vbi
639 3812 666 3831 tu
682 3806 776 3837 voles,
797 3801 844 3830 vbi
858 3808 961 3837 tempus
983 3802 1033 3830 tibi
1045 3803 1112 3834 erit,
1132 3801 1167 3827 sat
1185 3800 1264 3827 habet
1279 3802 1296 3828 fi
1313 3808 1370 3827 tum
1379 3803 1572 3835 iootollebant‚
1590 3812 1620 3830 vt
1633 3802 1671 3829 ait
1691 3801 1811 3827 Seruium
1836 3799 1910 3836 idest
1923 3797 2063 3835 ingentibus
2080 3795 2210 3830 aedificiis.
2285 3794 2392 3821 Atrium
2413 3793 2496 3820 subli-

312 3843 450 3878 recipitur.
537 3841 593 3867 Cic.
615 3840 646 3866 de
666 3840 768 3867 Seneci.
789 3849 801 3872 7
830 3839 1022 3873 Importunitas
1040 3845 1128 3865 autem
1147 3842 1173 3863 et
1193 3836 1372 3864 inhumanitas
1432 3848 1476 3866 me
1491 3839 1596 3872 moliri,
1621 3836 1751 3873 Exstruere
1770 3837 1840 3863 Hor.
1854 3836 1979 3867 Carm.3,
1999 3842 2017 3864 ¹,
2032 3832 2071 3862 46.
2148 3830 2252 3857 Bellum
2272 3831 2377 3861 moliri,
2392 3829 2496 3864 Bellige-

312 3880 389 3908 omni
403 3877 480 3905 aetati
495 3876 603 3902 molesta
617 3876 660 3902 cst.
733 3875 806 3902 Idem
821 3875 853 3902 de
877 3875 984 3902 Amicit.
1004 3881 1035 3907 89
1055 3884 1076 3902 c.
1095 3882 1124 3906 24
1142 3872 1253 3900 Molesta
1274 3873 1372 3900 veritas
1431 3885 1491 3902 rare
1512 3874 1644 3902 Columel.
1658 3873 1686 3899 in
1700 3873 1785 3899 Praef.
1858 3872 2005 3906 Bipennem
2019 3867 2047 3892 in
2066 3866 2133 3893 vites
2161 3867 2238 3902 Virg.
2259 3867 2357 3901 Georg.
2374 3876 2398 3901 4,
2410 3874 2454 3898 33¹·
2473 3866 2494 3891 i.

312 3917 359 3951 est,
380 3915 398 3942 fi
412 3913 520 3949 quidem
536 3921 567 3938 ex
579 3920 609 3937 ea
623 3911 737 3938 nascitur
749 3911 851 3939 odium.
923 3911 1063 3938 IdeniAtt.
1078 3919 1112 3941 15,
1126 3919 1146 3941 13
1167 3908 1273 3935 Molesti
1292 3909 1374 3936 inter.
1434 3911 1574 3939 Succidere
1583 3910 1659 3938 vites.
1679 3909 1796 3937 Seruius,
1867 3906 1977 3935 Classem
1984 3901 2088 3937 moliri,
2108 3903 2202 3929 Parare
2215 3903 2327 3936 classem,
2348 3900 2496 3937 inquies&-

314 3952 464 3987 pellatorcs.
539 3947 767 3981 Magismolestu<‚
793 3947 848 3973 vid.
874 3952 996 3974 MAGIS.
1069 3945 1230 3973 Laboriosus
1248 3950 1274 3971 et
1289 3945 1372 3972 mole-

314 3988 366 4015 stus
387 3988 443 4013 Cic.
457 3986 489 4012 de
503 3983 597 4019 Legib.
613 3993 633 4015 3,
647 3992 682 4015 ¹9·
753 3982 886 4009 Odiosum
899 3989 925 4010 ct
938 3982 1080 4009 molestum
1095 3982 1132 4009 est
1145 3980 1250 4015 cupidis
1267 3989 1422 4014 careretios

315 4023 412 4051 satiatis
424 4031 490 4050 vero
505 4028 530 4049 et
543 4019 654 4055 expletis
667 4018 810 4045 iucundius
823 4018 859 4046 est
873 4027 963 4047 carere
984 4018 1041 4047 Cic.
1054 4018 1086 4046 de
1102 4017 1204 4046 Senoct.
1219 4026 1259 4052 47.
1311 4017 1370 4045 Mo-

1432 3948 1495 3974 vius
1514 3946 1591 3981 Virg.
1606 3949 1669 3973 Aen.
1682 3954 1707 3978 3,
1720 3946 1745 3972 6.
1818 3943 1940 3978 Corpora
1953 3948 1985 3967 ex
1999 3939 2093 3979 somno
2114 3939 2176 3966 Liu.
2190 3942 2227 3972 36,
2234 3948 2263 3972 24
2281 3945 2322 3973 pr.
2384 3937 2497 3963 ,Corru-

1432 3982 1531 4021 ptelam
1544 3981 1641 4011 iudicii
1661 3981 1719 4010 Cic.
1731 3980 1763 4009 in
1775 3978 1865 4011 Parad.
1883 3978 1909 4006 6.
1982 3974 2106 4005 erimina
2125 3975 2255 4010 molitur,
2274 3980 2300 4002 et
2320 3973 2497 4036 accusassargiip
