<?xml version="1.0" encoding="UTF-8"?>
<!DOCTYPE html PUBLIC "-//W3C//DTD XHTML 1.0 Transitional//EN"
    "http://www.w3.org/TR/xhtml1/DTD/xhtml1-transitional.dtd">
<html xmlns="http://www.w3.org/1999/xhtml" xml:lang="en" lang="en">
 <head>
  <title>
</title>
<meta http-equiv="Content-Type" content="text/html;charset=utf-8" />
  <meta name='ocr-system' content='tesseract 3.04.00' />
  <meta name='ocr-capabilities' content='ocr_page ocr_carea ocr_par ocr_line ocrx_word'/>
</head>
<body>
  <div class='ocr_page' id='page_1' title='image "./novuslinguaeeter03gesn_0256.png"; bbox 0 0 2517 4231; ppageno 0'>
   <div class='ocr_carea' id='block_1_1' title="bbox 1792 183 2033 257">
    <p class='ocr_par' dir='ltr' id='par_1_1' title="bbox 1792 183 2033 257">
     <span class='ocr_line' id='line_1_1' title="bbox 1792 183 2033 257; baseline -0.012 1"><span class='ocrx_word' id='word_1_1' title='bbox 1792 183 2033 257; x_wconf 69' lang='lat' dir='ltr'>Nv1&lt;1</span> 
     </span>
    </p>
   </div>
   <div class='ocr_carea' id='block_1_2' title="bbox 1386 305 2453 737">
    <p class='ocr_par' dir='ltr' id='par_1_2' title="bbox 1386 305 2451 587">
     <span class='ocr_line' id='line_1_2' title="bbox 1386 305 2117 341; baseline -0.003 -6"><span class='ocrx_word' id='word_1_2' title='bbox 1386 307 1444 336; x_wconf 88' lang='lat' dir='ltr'>Cic.</span> <span class='ocrx_word' id='word_1_3' title='bbox 1457 309 1536 336; x_wconf 79' lang='lat' dir='ltr'>Vcrr.</span> <span class='ocrx_word' id='word_1_4' title='bbox 1552 317 1562 336; x_wconf 84' lang='grc' dir='ltr'>ι</span> <span class='ocrx_word' id='word_1_5' title='bbox 1574 319 1596 336; x_wconf 88' lang='grc'>0.</span> <span class='ocrx_word' id='word_1_6' title='bbox 1610 318 1648 341; x_wconf 75' lang='grc'>43.</span> <span class='ocrx_word' id='word_1_7' title='bbox 1734 307 1779 334; x_wconf 80' lang='lat' dir='ltr'>Lis</span> <span class='ocrx_word' id='word_1_8' title='bbox 1792 305 1959 339; x_wconf 81' lang='lat' dir='ltr'>nummaria,</span> <span class='ocrx_word' id='word_1_9' title='bbox 1976 306 2032 334; x_wconf 75' lang='lat' dir='ltr'>vid.</span> <span class='ocrx_word' id='word_1_10' title='bbox 2047 313 2064 333; x_wconf 81' lang='lat'>1.</span> <span class='ocrx_word' id='word_1_11' title='bbox 2073 313 2084 333; x_wconf 87' lang='grc'>1</span> <span class='ocrx_word' id='word_1_12' title='bbox 2094 313 2117 333; x_wconf 84' lang='lat' dir='ltr'>S.</span> 
     </span>
     <span class='ocr_line' id='line_1_3' title="bbox 1386 340 2451 374; baseline -0.006 -2"><span class='ocrx_word' id='word_1_13' title='bbox 1386 343 1427 369; x_wconf 65' lang='lat' dir='ltr'>ria</span> <span class='ocrx_word' id='word_1_14' title='bbox 1453 345 1615 372; x_wconf 77' lang='lat' dir='ltr'>Callistratus</span> <span class='ocrx_word' id='word_1_15' title='bbox 1629 346 1658 371; x_wconf 89' lang='lat' dir='ltr'>in</span> <span class='ocrx_word' id='word_1_16' title='bbox 1672 344 1690 371; x_wconf 89' lang='grc'>1.</span> <span class='ocrx_word' id='word_1_17' title='bbox 1704 343 1799 370; x_wconf 75' lang='lat' dir='ltr'>vltima</span> <span class='ocrx_word' id='word_1_18' title='bbox 1820 343 1852 371; x_wconf 90' lang='lat' dir='ltr'>D.</span> <span class='ocrx_word' id='word_1_19' title='bbox 1867 342 1910 370; x_wconf 81' lang='lat' dir='ltr'>Ne</span> <span class='ocrx_word' id='word_1_20' title='bbox 1923 341 1956 369; x_wconf 89' lang='lat' dir='ltr'>de</span> <span class='ocrx_word' id='word_1_21' title='bbox 1968 341 2033 368; x_wconf 78' lang='lat' dir='ltr'>statu</span> <span class='ocrx_word' id='word_1_22' title='bbox 2047 341 2237 369; x_wconf 62' lang='lat' dir='ltr'>defunClorum</span> <span class='ocrx_word' id='word_1_23' title='bbox 2247 361 2256 374; x_wconf 91' lang='lat'>‚</span> <span class='ocrx_word' id='word_1_24' title='bbox 2274 349 2321 368; x_wconf 70' lang='lat' dir='ltr'>etc.</span> <span class='ocrx_word' id='word_1_25' title='bbox 2394 340 2451 367; x_wconf 80' lang='lat' dir='ltr'>Cic.</span> 
     </span>
     <span class='ocr_line' id='line_1_4' title="bbox 1387 375 2449 412; baseline -0.002 -8"><span class='ocrx_word' id='word_1_26' title='bbox 1387 379 1442 405; x_wconf 81' lang='lat' dir='ltr'>Att.</span> <span class='ocrx_word' id='word_1_27' title='bbox 1457 388 1493 412; x_wconf 91' lang='lat'>10,</span> <span class='ocrx_word' id='word_1_28' title='bbox 1507 389 1529 412; x_wconf 85' lang='lat'>¹3</span> <span class='ocrx_word' id='word_1_29' title='bbox 1554 382 1602 409; x_wconf 85' lang='lat' dir='ltr'>Illa</span> <span class='ocrx_word' id='word_1_30' title='bbox 1615 381 1647 408; x_wconf 86' lang='lat' dir='ltr'>de</span> <span class='ocrx_word' id='word_1_31' title='bbox 1663 380 1776 407; x_wconf 76' lang='lat' dir='ltr'>Ratione</span> <span class='ocrx_word' id='word_1_32' title='bbox 1795 378 1945 405; x_wconf 81' lang='lat' dir='ltr'>nummaria</span> <span class='ocrx_word' id='word_1_33' title='bbox 1958 386 2013 404; x_wconf 92' lang='lat' dir='ltr'>non</span> <span class='ocrx_word' id='word_1_34' title='bbox 2028 378 2086 404; x_wconf 91' lang='lat' dir='ltr'>sunt</span> <span class='ocrx_word' id='word_1_35' title='bbox 2101 377 2243 404; x_wconf 84' lang='lat' dir='ltr'>eiusmodi.</span> <span class='ocrx_word' id='word_1_36' title='bbox 2338 375 2378 403; x_wconf 87' lang='lat' dir='ltr'>Id.</span> <span class='ocrx_word' id='word_1_37' title='bbox 2393 375 2449 402; x_wconf 73' lang='lat' dir='ltr'>Off.</span> 
     </span>
     <span class='ocr_line' id='line_1_5' title="bbox 1389 411 2450 446; baseline -0.008 -1"><span class='ocrx_word' id='word_1_38' title='bbox 1389 423 1411 446; x_wconf 79' lang='lat'>3,</span> <span class='ocrx_word' id='word_1_39' title='bbox 1427 420 1461 444; x_wconf 82' lang='lat'>80</span> <span class='ocrx_word' id='word_1_40' title='bbox 1478 423 1500 441; x_wconf 91' lang='lat' dir='ltr'>c.</span> <span class='ocrx_word' id='word_1_41' title='bbox 1516 425 1547 443; x_wconf 84' lang='lat'>20</span> <span class='ocrx_word' id='word_1_42' title='bbox 1574 418 1610 443; x_wconf 83' lang='lat' dir='ltr'>Vt</span> <span class='ocrx_word' id='word_1_43' title='bbox 1629 418 1680 443; x_wconf 84' lang='lat' dir='ltr'>Res</span> <span class='ocrx_word' id='word_1_44' title='bbox 1700 415 1850 442; x_wconf 78' lang='lat' dir='ltr'>nummaria</span> <span class='ocrx_word' id='word_1_45' title='bbox 1870 415 1901 441; x_wconf 82' lang='lat' dir='ltr'>dc</span> <span class='ocrx_word' id='word_1_46' title='bbox 1923 414 2062 440; x_wconf 76' lang='lat' dir='ltr'>commimi</span> <span class='ocrx_word' id='word_1_47' title='bbox 2083 414 2211 441; x_wconf 87' lang='lat' dir='ltr'>sententia</span> <span class='ocrx_word' id='word_1_48' title='bbox 2236 411 2450 440; x_wconf 79' lang='lat' dir='ltr'>constitueretur.</span> 
     </span>
     <span class='ocr_line' id='line_1_6' title="bbox 1388 447 2450 483; baseline -0.002 -8"><span class='ocrx_word' id='word_1_49' title='bbox 1388 449 1546 483; x_wconf 72' lang='lat' dir='ltr'>Id.Verr.4‚</span> <span class='ocrx_word' id='word_1_50' title='bbox 1561 461 1579 478; x_wconf 91' lang='grc'>11</span> <span class='ocrx_word' id='word_1_51' title='bbox 1601 452 1677 480; x_wconf 90' lang='lat' dir='ltr'>Num</span> <span class='ocrx_word' id='word_1_52' title='bbox 1694 459 1764 479; x_wconf 87' lang='lat' dir='ltr'>tanta</span> <span class='ocrx_word' id='word_1_53' title='bbox 1779 450 1918 478; x_wconf 84' lang='lat' dir='ltr'>difficultas</span> <span class='ocrx_word' id='word_1_54' title='bbox 1931 459 1993 476; x_wconf 90' lang='lat' dir='ltr'>eum</span> <span class='ocrx_word' id='word_1_55' title='bbox 2009 449 2059 476; x_wconf 87' lang='lat' dir='ltr'>Rei</span> <span class='ocrx_word' id='word_1_56' title='bbox 2072 449 2238 477; x_wconf 78' lang='lat' dir='ltr'>nummariae</span> <span class='ocrx_word' id='word_1_57' title='bbox 2251 447 2377 480; x_wconf 87' lang='lat' dir='ltr'>tenuerit,</span> <span class='ocrx_word' id='word_1_58' title='bbox 2394 452 2450 474; x_wconf 82' lang='lat' dir='ltr'>tan-</span> 
     </span>
     <span class='ocr_line' id='line_1_7' title="bbox 1388 482 2450 524; baseline -0.002 -13"><span class='ocrx_word' id='word_1_59' title='bbox 1388 491 1413 511; x_wconf 91' lang='lat' dir='ltr'>ta</span> <span class='ocrx_word' id='word_1_60' title='bbox 1429 485 1540 524; x_wconf 54' lang='lat' dir='ltr'>egesta,</span> <span class='ocrx_word' id='word_1_61' title='bbox 1559 492 1629 514; x_wconf 83' lang='lat' dir='ltr'>tanta</span> <span class='ocrx_word' id='word_1_62' title='bbox 1641 488 1682 515; x_wconf 85' lang='lat' dir='ltr'>vis</span> <span class='ocrx_word' id='word_1_63' title='bbox 1695 487 1866 523; x_wconf 77' lang='lat' dir='ltr'>opprefferit,</span> <span class='ocrx_word' id='word_1_64' title='bbox 1885 492 1914 513; x_wconf 78' lang='lat' dir='ltr'>vt</span> <span class='ocrx_word' id='word_1_65' title='bbox 1927 484 2071 512; x_wconf 85' lang='lat' dir='ltr'>sacrarium</span> <span class='ocrx_word' id='word_1_66' title='bbox 2085 486 2161 512; x_wconf 90' lang='lat' dir='ltr'>suum</span> <span class='ocrx_word' id='word_1_67' title='bbox 2175 485 2318 520; x_wconf 81' lang='lat' dir='ltr'>spoliaret,</span> <span class='ocrx_word' id='word_1_68' title='bbox 2344 489 2373 510; x_wconf 90' lang='lat' dir='ltr'>vt</span> <span class='ocrx_word' id='word_1_69' title='bbox 2386 482 2450 509; x_wconf 81' lang='lat' dir='ltr'>deos</span> 
     </span>
     <span class='ocr_line' id='line_1_8' title="bbox 1387 521 2450 561; baseline -0.004 -14"><span class='ocrx_word' id='word_1_70' title='bbox 1387 527 1487 561; x_wconf 73' lang='lat' dir='ltr'>patmos</span> <span class='ocrx_word' id='word_1_71' title='bbox 1502 521 1645 550; x_wconf 70' lang='lat' dir='ltr'>venderet?</span> <span class='ocrx_word' id='word_1_72' title='bbox 1738 524 1795 551; x_wconf 87' lang='lat' dir='ltr'>Cic.</span> <span class='ocrx_word' id='word_1_73' title='bbox 1811 524 1888 550; x_wconf 81' lang='lat' dir='ltr'>Attic.</span> <span class='ocrx_word' id='word_1_74' title='bbox 1904 532 1927 555; x_wconf 64' lang='grc'>,1,</span> <span class='ocrx_word' id='word_1_75' title='bbox 1940 531 1953 555; x_wconf 70' lang='lat'>7</span> <span class='ocrx_word' id='word_1_76' title='bbox 1979 522 2070 555; x_wconf 81' lang='lat' dir='ltr'>Qare</span> <span class='ocrx_word' id='word_1_77' title='bbox 2083 521 2113 548; x_wconf 87' lang='lat' dir='ltr'>in</span> <span class='ocrx_word' id='word_1_78' title='bbox 2126 521 2178 549; x_wconf 84' lang='lat' dir='ltr'>hoe</span> <span class='ocrx_word' id='word_1_79' title='bbox 2191 521 2317 549; x_wconf 82' lang='lat' dir='ltr'>Thecam</span> <span class='ocrx_word' id='word_1_80' title='bbox 2330 525 2450 546; x_wconf 82' lang='lat' dir='ltr'>numma-</span> 
     </span>
     <span class='ocr_line' id='line_1_9' title="bbox 1387 558 1986 587; baseline 0.002 -5"><span class='ocrx_word' id='word_1_81' title='bbox 1387 565 1457 583; x_wconf 83' lang='lat' dir='ltr'>riam</span> <span class='ocrx_word' id='word_1_82' title='bbox 1473 565 1506 583; x_wconf 89' lang='lat' dir='ltr'>ne</span> <span class='ocrx_word' id='word_1_83' title='bbox 1519 558 1659 584; x_wconf 83' lang='lat' dir='ltr'>retexeris:</span> <span class='ocrx_word' id='word_1_84' title='bbox 1694 559 1725 587; x_wconf 85' lang='lat' dir='ltr'>in</span> <span class='ocrx_word' id='word_1_85' title='bbox 1737 560 1795 587; x_wconf 82' lang='lat' dir='ltr'>aliis</span> <span class='ocrx_word' id='word_1_86' title='bbox 1807 560 1862 586; x_wconf 87' lang='lat' dir='ltr'>eris</span> <span class='ocrx_word' id='word_1_87' title='bbox 1873 558 1986 586; x_wconf 78' lang='lat' dir='ltr'>cautior.</span> 
     </span>
    </p>

    <p class='ocr_par' dir='ltr' id='par_1_3' title="bbox 1387 590 2453 737">
     <span class='ocr_line' id='line_1_10' title="bbox 1426 590 2452 630; baseline -0.002 -12"><span class='ocrx_word' id='word_1_88' title='bbox 1426 600 1448 619; x_wconf 68' lang='lat' dir='ltr'>N</span> <span class='ocrx_word' id='word_1_89' title='bbox 1459 599 1479 618; x_wconf 74' lang='lat' dir='ltr'>v</span> <span class='ocrx_word' id='word_1_90' title='bbox 1489 599 1513 618; x_wconf 70' lang='lat' dir='ltr'>M</span> <span class='ocrx_word' id='word_1_91' title='bbox 1523 601 1532 619; x_wconf 92' lang='lat'>1</span> <span class='ocrx_word' id='word_1_92' title='bbox 1541 600 1554 618; x_wconf 81' lang='lat' dir='ltr'>S</span> <span class='ocrx_word' id='word_1_93' title='bbox 1564 599 1589 619; x_wconf 86' lang='lat' dir='ltr'>M</span> <span class='ocrx_word' id='word_1_94' title='bbox 1598 599 1619 619; x_wconf 85' lang='lat' dir='ltr'>A</span> <span class='ocrx_word' id='word_1_95' title='bbox 1629 613 1638 625; x_wconf 96' lang='lat'>‚</span> <span class='ocrx_word' id='word_1_96' title='bbox 1658 594 1717 621; x_wconf 75' lang='lat' dir='ltr'>atis.</span> <span class='ocrx_word' id='word_1_97' title='bbox 1740 605 1767 623; x_wconf 88' lang='lat' dir='ltr'>n.</span> <span class='ocrx_word' id='word_1_98' title='bbox 1804 597 1872 622; x_wconf 70' lang='lat' dir='ltr'>Idem</span> <span class='ocrx_word' id='word_1_99' title='bbox 1884 595 1949 630; x_wconf 74' lang='lat' dir='ltr'>quod</span> <span class='ocrx_word' id='word_1_100' title='bbox 1962 595 2064 619; x_wconf 72' lang='lat' dir='ltr'>Numus.</span> <span class='ocrx_word' id='word_1_101' title='bbox 2103 593 2195 619; x_wconf 74' lang='lat' dir='ltr'>Graece</span> <span class='ocrx_word' id='word_1_102' title='bbox 2207 597 2232 619; x_wconf 67' lang='grc' dir='ltr'>νᾶ</span> <span class='ocrx_word' id='word_1_103' title='bbox 2379 590 2452 617; x_wconf 80' lang='lat' dir='ltr'>Hor.</span> 
     </span>
     <span class='ocr_line' id='line_1_11' title="bbox 1389 625 2452 666; baseline -0.004 -11"><span class='ocrx_word' id='word_1_104' title='bbox 1389 629 1468 664; x_wconf 85' lang='lat' dir='ltr'>Epist.</span> <span class='ocrx_word' id='word_1_105' title='bbox 1488 637 1510 663; x_wconf 77' lang='lat'>2,</span> <span class='ocrx_word' id='word_1_106' title='bbox 1527 638 1545 661; x_wconf 88' lang='lat'>1,</span> <span class='ocrx_word' id='word_1_107' title='bbox 1560 637 1601 661; x_wconf 73' lang='lat'>234</span> <span class='ocrx_word' id='word_1_108' title='bbox 1626 629 1736 657; x_wconf 76' lang='lat' dir='ltr'>Rettulit</span> <span class='ocrx_word' id='word_1_109' title='bbox 1750 639 1868 666; x_wconf 87' lang='lat' dir='ltr'>acceptos</span> <span class='ocrx_word' id='word_1_110' title='bbox 1884 630 1971 665; x_wconf 81' lang='lat' dir='ltr'>regale</span> <span class='ocrx_word' id='word_1_111' title='bbox 1985 629 2116 655; x_wconf 83' lang='lat' dir='ltr'>numisma</span> <span class='ocrx_word' id='word_1_112' title='bbox 2131 628 2277 663; x_wconf 82' lang='lat' dir='ltr'><strong>Philippos.</strong></span> <span class='ocrx_word' id='word_1_113' title='bbox 2333 625 2452 654; x_wconf 84' lang='lat' dir='ltr'>Martial.</span> 
     </span>
     <span class='ocr_line' id='line_1_12' title="bbox 1390 663 2452 702; baseline -0.005 -10"><span class='ocrx_word' id='word_1_114' title='bbox 1390 674 1411 699; x_wconf 92' lang='grc'>1,</span> <span class='ocrx_word' id='word_1_115' title='bbox 1427 673 1449 691; x_wconf 82' lang='lat'>12</span> <span class='ocrx_word' id='word_1_116' title='bbox 1497 673 1562 691; x_wconf 89' lang='lat' dir='ltr'>uum</span> <span class='ocrx_word' id='word_1_117' title='bbox 1575 664 1634 691; x_wconf 88' lang='lat' dir='ltr'>data</span> <span class='ocrx_word' id='word_1_118' title='bbox 1647 663 1695 691; x_wconf 85' lang='lat' dir='ltr'>sint</span> <span class='ocrx_word' id='word_1_119' title='bbox 1708 667 1793 699; x_wconf 88' lang='lat' dir='ltr'>equiti</span> <span class='ocrx_word' id='word_1_120' title='bbox 1807 667 1849 694; x_wconf 86' lang='lat' dir='ltr'>bis</span> <span class='ocrx_word' id='word_1_121' title='bbox 1863 667 1944 702; x_wconf 89' lang='lat' dir='ltr'>quina</span> <span class='ocrx_word' id='word_1_122' title='bbox 1958 665 2132 698; x_wconf 76' lang='lat' dir='ltr'>numismata,</span> <span class='ocrx_word' id='word_1_123' title='bbox 2150 663 2249 698; x_wconf 61' lang='lat' dir='ltr'>quare?</span> <span class='ocrx_word' id='word_1_124' title='bbox 2285 663 2351 697; x_wconf 57' lang='lat' dir='ltr'>tons.</span> <span class='ocrx_word' id='word_1_125' title='bbox 2371 671 2396 696; x_wconf 85' lang='lat'>9,</span> <span class='ocrx_word' id='word_1_126' title='bbox 2416 670 2452 693; x_wconf 72' lang='lat'>32.</span> 
     </span>
     <span class='ocr_line' id='line_1_13' title="bbox 1387 697 2453 737; baseline -0.004 -10"><span class='ocrx_word' id='word_1_127' title='bbox 1387 709 1412 727; x_wconf 84' lang='lat' dir='ltr'>et</span> <span class='ocrx_word' id='word_1_128' title='bbox 1427 710 1460 734; x_wconf 82' lang='lat'>12,</span> <span class='ocrx_word' id='word_1_129' title='bbox 1475 703 1513 733; x_wconf 81' lang='lat'>63.</span> <span class='ocrx_word' id='word_1_130' title='bbox 1604 700 1748 727; x_wconf 88' lang='lat' dir='ltr'>Numisma</span> <span class='ocrx_word' id='word_1_131' title='bbox 1757 708 1804 737; x_wconf 82' lang='lat' dir='ltr'>pro</span> <span class='ocrx_word' id='word_1_132' title='bbox 1818 703 1968 729; x_wconf 67' lang='lat' dir='ltr'>com-attere</span> <span class='ocrx_word' id='word_1_133' title='bbox 1983 700 2030 737; x_wconf 73' lang='lat' dir='ltr'>seu</span> <span class='ocrx_word' id='word_1_134' title='bbox 2044 700 2131 734; x_wconf 48' lang='lat' dir='ltr'>,fin-nm</span> <span class='ocrx_word' id='word_1_135' title='bbox 2146 701 2215 726; x_wconf 75' lang='lat' dir='ltr'>numi</span> <span class='ocrx_word' id='word_1_136' title='bbox 2225 698 2307 734; x_wconf 69' lang='lat' dir='ltr'>posuit</span> <span class='ocrx_word' id='word_1_137' title='bbox 2328 697 2453 724; x_wconf 88' lang='lat' dir='ltr'>Prudent.</span> 
     </span>
    </p>
   </div>
   <div class='ocr_carea' id='block_1_3' title="bbox 2372 225 2450 266">
    <p class='ocr_par' dir='ltr' id='par_1_4' title="bbox 2372 225 2450 266">
     <span class='ocr_line' id='line_1_14' title="bbox 2372 225 2450 266; baseline 0.026 -2"><span class='ocrx_word' id='word_1_138' title='bbox 2372 225 2450 266; x_wconf 82' lang='lat'>492</span> 
     </span>
    </p>
   </div>
   <div class='ocr_carea' id='block_1_4' title="bbox 2191 303 2451 344">
    <p class='ocr_par' dir='ltr' id='par_1_5' title="bbox 2191 303 2451 344">
     <span class='ocr_line' id='line_1_15' title="bbox 2191 303 2451 344; baseline -0.015 -11"><span class='ocrx_word' id='word_1_139' title='bbox 2191 303 2318 339; x_wconf 80' lang='lat' dir='ltr'>Qiacstio</span> <span class='ocrx_word' id='word_1_140' title='bbox 2332 312 2451 344; x_wconf 75' lang='lat' dir='ltr'>numina.</span> 
     </span>
    </p>
   </div>
   <div class='ocr_carea' id='block_1_5' title="bbox 265 223 922 282">
    <p class='ocr_par' dir='ltr' id='par_1_6' title="bbox 265 223 922 282">
     <span class='ocr_line' id='line_1_16' title="bbox 265 223 922 282; baseline -0.003 -15"><span class='ocrx_word' id='word_1_141' title='bbox 265 242 336 282; x_wconf 80' lang='lat'>49¹</span> <span class='ocrx_word' id='word_1_142' title='bbox 675 223 922 268; x_wconf 91' lang='lat' dir='ltr'>NVM</span> 
     </span>
    </p>
   </div>
   <div class='ocr_carea' id='block_1_6' title="bbox 258 308 2517 1029">
    <p class='ocr_par' dir='ltr' id='par_1_7' title="bbox 258 308 2517 1029">
     <span class='ocr_line' id='line_1_17' title="bbox 263 308 1327 352; baseline -0.011 -6"><span class='ocrx_word' id='word_1_143' title='bbox 263 318 323 346; x_wconf 86' lang='lat' dir='ltr'>Cic.</span> <span class='ocrx_word' id='word_1_144' title='bbox 339 318 394 345; x_wconf 82' lang='lat' dir='ltr'>Off.</span> <span class='ocrx_word' id='word_1_145' title='bbox 410 326 432 352; x_wconf 85' lang='lat'>3,</span> <span class='ocrx_word' id='word_1_146' title='bbox 447 325 474 351; x_wconf 87' lang='lat'>91</span> <span class='ocrx_word' id='word_1_147' title='bbox 529 317 644 351; x_wconf 79' lang='lat' dir='ltr'>Qiaerit</span> <span class='ocrx_word' id='word_1_148' title='bbox 663 316 761 350; x_wconf 86' lang='lat' dir='ltr'>etiam,</span> <span class='ocrx_word' id='word_1_149' title='bbox 797 314 815 341; x_wconf 85' lang='lat' dir='ltr'>fi</span> <span class='ocrx_word' id='word_1_150' title='bbox 837 313 939 347; x_wconf 83' lang='lat' dir='ltr'>sapiens</span> <span class='ocrx_word' id='word_1_151' title='bbox 951 308 1125 337; x_wconf 83' lang='lat' dir='ltr'>Adultcrinos</span> <span class='ocrx_word' id='word_1_152' title='bbox 1145 317 1241 336; x_wconf 84' lang='lat' dir='ltr'>numos</span> <span class='ocrx_word' id='word_1_153' title='bbox 1255 317 1327 336; x_wconf 84' lang='lat' dir='ltr'>aece-</span> 
     </span>
     <span class='ocr_line' id='line_1_18' title="bbox 263 345 1326 390; baseline -0.01 -9"><span class='ocrx_word' id='word_1_154' title='bbox 263 354 335 390; x_wconf 84' lang='lat' dir='ltr'>perit</span> <span class='ocrx_word' id='word_1_155' title='bbox 348 353 503 389; x_wconf 77' lang='lat' dir='ltr'><strong>imprudens</strong></span> <span class='ocrx_word' id='word_1_156' title='bbox 516 362 566 388; x_wconf 88' lang='lat' dir='ltr'>pro</span> <span class='ocrx_word' id='word_1_157' title='bbox 584 353 677 385; x_wconf 83' lang='lat' dir='ltr'>bonis,</span> <span class='ocrx_word' id='word_1_158' title='bbox 702 360 783 386; x_wconf 90' lang='lat' dir='ltr'>quum</span> <span class='ocrx_word' id='word_1_159' title='bbox 802 349 830 375; x_wconf 88' lang='lat' dir='ltr'>id</span> <span class='ocrx_word' id='word_1_160' title='bbox 851 347 1005 378; x_wconf 88' lang='lat' dir='ltr'>resciuerit,</span> <span class='ocrx_word' id='word_1_161' title='bbox 1031 345 1200 373; x_wconf 85' lang='lat' dir='ltr'>soluturusne</span> <span class='ocrx_word' id='word_1_162' title='bbox 1220 345 1250 372; x_wconf 86' lang='lat' dir='ltr'>sit</span> <span class='ocrx_word' id='word_1_163' title='bbox 1269 353 1326 377; x_wconf 78' lang='lat' dir='ltr'>eos,</span> 
     </span>
     <span class='ocr_line' id='line_1_19' title="bbox 265 382 1327 426; baseline -0.011 -9"><span class='ocrx_word' id='word_1_164' title='bbox 265 389 284 417; x_wconf 83' lang='lat' dir='ltr'>fi</span> <span class='ocrx_word' id='word_1_165' title='bbox 305 390 349 416; x_wconf 87' lang='lat' dir='ltr'>cui</span> <span class='ocrx_word' id='word_1_166' title='bbox 362 389 471 426; x_wconf 79' lang='lat' dir='ltr'>debeat,</span> <span class='ocrx_word' id='word_1_167' title='bbox 499 398 549 425; x_wconf 82' lang='lat' dir='ltr'>pro</span> <span class='ocrx_word' id='word_1_168' title='bbox 564 389 650 416; x_wconf 85' lang='lat' dir='ltr'>bonis.</span> <span class='ocrx_word' id='word_1_169' title='bbox 746 386 828 419; x_wconf 81' lang='lat' dir='ltr'>Asper</span> <span class='ocrx_word' id='word_1_170' title='bbox 841 392 936 410; x_wconf 89' lang='lat' dir='ltr'>numus</span> <span class='ocrx_word' id='word_1_171' title='bbox 945 404 953 415; x_wconf 95' lang='lat'>‚</span> <span class='ocrx_word' id='word_1_172' title='bbox 977 382 1109 408; x_wconf 78' lang='lat' dir='ltr'><em>dicebatur</em></span> <span class='ocrx_word' id='word_1_173' title='bbox 1121 382 1178 408; x_wconf 82' lang='lat' dir='ltr'>olim</span> <span class='ocrx_word' id='word_1_174' title='bbox 1195 382 1258 408; x_wconf 73' lang='lat' dir='ltr'>Bene</span> <span class='ocrx_word' id='word_1_175' title='bbox 1269 387 1327 415; x_wconf 70' lang='lat' dir='ltr'>per-</span> 
     </span>
     <span class='ocr_line' id='line_1_20' title="bbox 265 416 1327 460; baseline -0.012 -8"><span class='ocrx_word' id='word_1_176' title='bbox 265 425 360 460; x_wconf 82' lang='lat' dir='ltr'>cuffus,</span> <span class='ocrx_word' id='word_1_177' title='bbox 381 433 406 452; x_wconf 77' lang='lat' dir='ltr'>et</span> <span class='ocrx_word' id='word_1_178' title='bbox 422 434 522 458; x_wconf 76' lang='lat' dir='ltr'>recens,</span> <span class='ocrx_word' id='word_1_179' title='bbox 542 434 588 451; x_wconf 82' lang='lat' dir='ltr'>non</span> <span class='ocrx_word' id='word_1_180' title='bbox 603 431 687 455; x_wconf 77' lang='lat' dir='ltr'>vetus,</span> <span class='ocrx_word' id='word_1_181' title='bbox 705 430 782 456; x_wconf 67' lang='lat' dir='ltr'>neque</span> <span class='ocrx_word' id='word_1_182' title='bbox 795 420 890 453; x_wconf 76' lang='lat' dir='ltr'>tritus,</span> <span class='ocrx_word' id='word_1_183' title='bbox 907 426 982 454; x_wconf 73' lang='lat' dir='ltr'>atque</span> <span class='ocrx_word' id='word_1_184' title='bbox 994 416 1044 453; x_wconf 80' lang='lat' dir='ltr'>ipso</span> <span class='ocrx_word' id='word_1_185' title='bbox 1057 416 1103 453; x_wconf 78' lang='lat' dir='ltr'>vsu</span> <span class='ocrx_word' id='word_1_186' title='bbox 1115 418 1209 450; x_wconf 77' lang='lat' dir='ltr'>laeuis,</span> <span class='ocrx_word' id='word_1_187' title='bbox 1222 416 1327 451; x_wconf 72' lang='lat' dir='ltr'>fugien-</span> 
     </span>
     <span class='ocr_line' id='line_1_21' title="bbox 265 451 1364 495; baseline -0.01 -7"><span class='ocrx_word' id='word_1_188' title='bbox 265 457 332 488; x_wconf 81' lang='lat' dir='ltr'>tibus</span> <span class='ocrx_word' id='word_1_189' title='bbox 343 463 423 494; x_wconf 83' lang='lat' dir='ltr'>notis,</span> <span class='ocrx_word' id='word_1_190' title='bbox 441 461 580 495; x_wconf 72' lang='lat' dir='ltr'>neefhrma</span> <span class='ocrx_word' id='word_1_191' title='bbox 591 457 717 493; x_wconf 70' lang='lat' dir='ltr'>expreſjb:</span> <span class='ocrx_word' id='word_1_192' title='bbox 754 454 879 491; x_wconf 77' lang='lat' dir='ltr'>quosensu</span> <span class='ocrx_word' id='word_1_193' title='bbox 892 454 955 480; x_wconf 83' lang='lat' dir='ltr'>illud</span> <span class='ocrx_word' id='word_1_194' title='bbox 970 454 1038 480; x_wconf 84' lang='lat' dir='ltr'>Pers.</span> <span class='ocrx_word' id='word_1_195' title='bbox 1050 462 1073 488; x_wconf 74' lang='grc' dir='ltr'>ς,</span> <span class='ocrx_word' id='word_1_196' title='bbox 1087 454 1120 488; x_wconf 89' lang='lat'>69</span> <span class='ocrx_word' id='word_1_197' title='bbox 1136 453 1219 489; x_wconf 77' lang='lat' dir='ltr'><em>accipi</em></span> <span class='ocrx_word' id='word_1_198' title='bbox 1234 451 1327 487; x_wconf 71' lang='lat' dir='ltr'>censeo,</span> <span class='ocrx_word' id='word_1_199' title='bbox 1349 454 1364 481; x_wconf 82' lang='grc' dir='ltr'><strong>ς</strong></span> 
     </span>
     <span class='ocr_line' id='line_1_22' title="bbox 266 490 1327 532; baseline -0.013 -7"><span class='ocrx_word' id='word_1_200' title='bbox 266 497 341 530; x_wconf 71' lang='lat' dir='ltr'>Qud</span> <span class='ocrx_word' id='word_1_201' title='bbox 354 497 429 532; x_wconf 81' lang='lat' dir='ltr'>asper</span> <span class='ocrx_word' id='word_1_202' title='bbox 493 496 567 522; x_wconf 86' lang='lat' dir='ltr'>Vtile</span> <span class='ocrx_word' id='word_1_203' title='bbox 580 501 675 520; x_wconf 84' lang='lat' dir='ltr'>numus</span> <span class='ocrx_word' id='word_1_204' title='bbox 693 491 791 518; x_wconf 72' lang='lat' dir='ltr'>habet?</span> <span class='ocrx_word' id='word_1_205' title='bbox 838 491 894 527; x_wconf 68' lang='lat' dir='ltr'>Q?</span> <span class='ocrx_word' id='word_1_206' title='bbox 906 490 971 516; x_wconf 83' lang='lat' dir='ltr'>enim</span> <span class='ocrx_word' id='word_1_207' title='bbox 980 490 1101 528; x_wconf 74' lang='lat' dir='ltr'>pecuniae</span> <span class='ocrx_word' id='word_1_208' title='bbox 1115 497 1226 516; x_wconf 68' lang='lat' dir='ltr'>amantes</span> <span class='ocrx_word' id='word_1_209' title='bbox 1245 494 1327 519; x_wconf 76' lang='lat' dir='ltr'>crant,</span> 
     </span>
     <span class='ocr_line' id='line_1_23' title="bbox 265 520 1327 568; baseline -0.011 -8"><span class='ocrx_word' id='word_1_210' title='bbox 265 533 295 559; x_wconf 73' lang='grc' dir='ltr'>ἰη</span> <span class='ocrx_word' id='word_1_211' title='bbox 314 533 393 560; x_wconf 77' lang='lat' dir='ltr'>nuruis</span> <span class='ocrx_word' id='word_1_212' title='bbox 404 531 536 568; x_wconf 77' lang='lat' dir='ltr'>fastidiefi</span> <span class='ocrx_word' id='word_1_213' title='bbox 551 536 638 560; x_wconf 73' lang='lat' dir='ltr'>eram,</span> <span class='ocrx_word' id='word_1_214' title='bbox 671 527 836 561; x_wconf 63' lang='lat' dir='ltr'>deleffumque</span> <span class='ocrx_word' id='word_1_215' title='bbox 853 527 991 559; x_wconf 75' lang='lat' dir='ltr'>habebant,</span> <span class='ocrx_word' id='word_1_216' title='bbox 1032 531 1059 552; x_wconf 76' lang='lat' dir='ltr'>e!</span> <span class='ocrx_word' id='word_1_217' title='bbox 1079 534 1162 551; x_wconf 78' lang='lat' dir='ltr'>numos</span> <span class='ocrx_word' id='word_1_218' title='bbox 1178 520 1327 560; x_wconf 64' lang='lat' dir='ltr'>petfeHIffi-</span> 
     </span>
     <span class='ocr_line' id='line_1_24' title="bbox 264 559 1327 603; baseline -0.012 -7"><span class='ocrx_word' id='word_1_219' title='bbox 264 578 320 596; x_wconf 81' lang='lat' dir='ltr'>mae</span> <span class='ocrx_word' id='word_1_220' title='bbox 334 576 358 595; x_wconf 86' lang='lat' dir='ltr'>et</span> <span class='ocrx_word' id='word_1_221' title='bbox 371 565 553 603; x_wconf 77' lang='lat' dir='ltr'>exprefflffimae</span> <span class='ocrx_word' id='word_1_222' title='bbox 559 564 663 598; x_wconf 74' lang='lat' dir='ltr'>fhmuae</span> <span class='ocrx_word' id='word_1_223' title='bbox 674 562 830 599; x_wconf 71' lang='lat' dir='ltr'>seruabant:</span> <span class='ocrx_word' id='word_1_224' title='bbox 866 572 895 589; x_wconf 80' lang='lat' dir='ltr'>ac</span> <span class='ocrx_word' id='word_1_225' title='bbox 913 571 943 588; x_wconf 77' lang='lat' dir='ltr'>ne</span> <span class='ocrx_word' id='word_1_226' title='bbox 953 562 1015 588; x_wconf 80' lang='lat' dir='ltr'>alios</span> <span class='ocrx_word' id='word_1_227' title='bbox 1029 561 1128 596; x_wconf 73' lang='lat' dir='ltr'>quidem</span> <span class='ocrx_word' id='word_1_228' title='bbox 1141 561 1248 595; x_wconf 74' lang='lat' dir='ltr'>recipere</span> <span class='ocrx_word' id='word_1_229' title='bbox 1262 559 1327 584; x_wconf 74' lang='lat' dir='ltr'>vole-</span> 
     </span>
     <span class='ocr_line' id='line_1_25' title="bbox 264 595 1325 640; baseline -0.009 -10"><span class='ocrx_word' id='word_1_230' title='bbox 264 605 342 640; x_wconf 79' lang='lat' dir='ltr'>bant,</span> <span class='ocrx_word' id='word_1_231' title='bbox 371 605 437 638; x_wconf 81' lang='lat' dir='ltr'>quod</span> <span class='ocrx_word' id='word_1_232' title='bbox 447 610 470 628; x_wconf 81' lang='lat' dir='ltr'>et</span> <span class='ocrx_word' id='word_1_233' title='bbox 482 602 510 626; x_wconf 84' lang='lat' dir='ltr'>in</span> <span class='ocrx_word' id='word_1_234' title='bbox 521 599 645 626; x_wconf 55' lang='lat' dir='ltr'>exustione</span> <span class='ocrx_word' id='word_1_235' title='bbox 657 599 806 625; x_wconf 84' lang='lat' dir='ltr'>tributorum</span> <span class='ocrx_word' id='word_1_236' title='bbox 817 599 977 633; x_wconf 75' lang='lat' dir='ltr'>plerumque,</span> <span class='ocrx_word' id='word_1_237' title='bbox 998 605 1029 624; x_wconf 80' lang='lat' dir='ltr'>ve</span> <span class='ocrx_word' id='word_1_238' title='bbox 1043 606 1115 631; x_wconf 86' lang='lat' dir='ltr'>reor,</span> <span class='ocrx_word' id='word_1_239' title='bbox 1142 595 1325 630; x_wconf 59' lang='lat' dir='ltr'>obser-:taborum</span> 
     </span>
     <span class='ocr_line' id='line_1_26' title="bbox 263 631 1372 669; baseline -0.011 -1"><span class='ocrx_word' id='word_1_240' title='bbox 263 641 335 667; x_wconf 87' lang='lat' dir='ltr'>Suet.</span> <span class='ocrx_word' id='word_1_241' title='bbox 350 640 453 667; x_wconf 75' lang='lat' dir='ltr'>Neron.</span> <span class='ocrx_word' id='word_1_242' title='bbox 467 646 488 662; x_wconf 88' lang='grc'>0.</span> <span class='ocrx_word' id='word_1_243' title='bbox 503 646 532 667; x_wconf 77' lang='lat'>44</span> <span class='ocrx_word' id='word_1_244' title='bbox 562 635 708 669; x_wconf 80' lang='lat' dir='ltr'>Exegitque</span> <span class='ocrx_word' id='word_1_245' title='bbox 725 634 830 669; x_wconf 80' lang='lat' dir='ltr'>ingenti</span> <span class='ocrx_word' id='word_1_246' title='bbox 844 633 966 664; x_wconf 79' lang='lat' dir='ltr'>fastidio,</span> <span class='ocrx_word' id='word_1_247' title='bbox 1005 638 1032 659; x_wconf 90' lang='lat' dir='ltr'>et</span> <span class='ocrx_word' id='word_1_248' title='bbox 1051 631 1194 659; x_wconf 75' lang='lat' dir='ltr'>acerbitate</span> <span class='ocrx_word' id='word_1_249' title='bbox 1215 639 1328 657; x_wconf 88' lang='lat' dir='ltr'>numum</span> <span class='ocrx_word' id='word_1_250' title='bbox 1343 640 1372 659; x_wconf 88' lang='lat'>10</span> 
     </span>
     <span class='ocr_line' id='line_1_27' title="bbox 265 666 1328 711; baseline -0.008 -12"><span class='ocrx_word' id='word_1_251' title='bbox 265 677 409 711; x_wconf 79' lang='lat' dir='ltr'>Asperum,</span> <span class='ocrx_word' id='word_1_252' title='bbox 431 677 570 706; x_wconf 84' lang='lat' dir='ltr'>argentum</span> <span class='ocrx_word' id='word_1_253' title='bbox 589 670 765 705; x_wconf 81' lang='lat' dir='ltr'>pustularum,</span> <span class='ocrx_word' id='word_1_254' title='bbox 790 679 885 697; x_wconf 87' lang='lat' dir='ltr'>aurum</span> <span class='ocrx_word' id='word_1_255' title='bbox 898 669 929 697; x_wconf 89' lang='lat' dir='ltr'>ad</span> <span class='ocrx_word' id='word_1_256' title='bbox 944 669 1078 697; x_wconf 75' lang='lat' dir='ltr'>obtusam.</span> <span class='ocrx_word' id='word_1_257' title='bbox 1150 668 1200 694; x_wconf 84' lang='lat' dir='ltr'>Sed</span> <span class='ocrx_word' id='word_1_258' title='bbox 1210 674 1234 694; x_wconf 85' lang='lat' dir='ltr'>et</span> <span class='ocrx_word' id='word_1_259' title='bbox 1247 666 1328 692; x_wconf 76' lang='lat' dir='ltr'>o-ea&#39;i-</span> 
     </span>
     <span class='ocr_line' id='line_1_28' title="bbox 263 703 1329 741; baseline -0.009 -3"><span class='ocrx_word' id='word_1_260' title='bbox 263 720 329 738; x_wconf 77' lang='lat' dir='ltr'>tores</span> <span class='ocrx_word' id='word_1_261' title='bbox 342 717 427 736; x_wconf 80' lang='lat' dir='ltr'>cauere</span> <span class='ocrx_word' id='word_1_262' title='bbox 439 707 553 740; x_wconf 85' lang='lat' dir='ltr'>solebant</span> <span class='ocrx_word' id='word_1_263' title='bbox 556 706 608 740; x_wconf 79' lang='lat' dir='ltr'>fibi</span> <span class='ocrx_word' id='word_1_264' title='bbox 625 715 650 732; x_wconf 83' lang='lat' dir='ltr'>eo</span> <span class='ocrx_word' id='word_1_265' title='bbox 665 715 757 741; x_wconf 82' lang='lat' dir='ltr'>genere</span> <span class='ocrx_word' id='word_1_266' title='bbox 774 716 900 733; x_wconf 69' lang='lat' dir='ltr'>numerum</span> <span class='ocrx_word' id='word_1_267' title='bbox 913 706 1021 741; x_wconf 82' lang='lat' dir='ltr'>solutum</span> <span class='ocrx_word' id='word_1_268' title='bbox 1041 704 1095 736; x_wconf 86' lang='lat' dir='ltr'>iri,</span> <span class='ocrx_word' id='word_1_269' title='bbox 1130 704 1198 738; x_wconf 85' lang='lat' dir='ltr'>quod</span> <span class='ocrx_word' id='word_1_270' title='bbox 1213 713 1226 729; x_wconf 81' lang='lat' dir='ltr'>e</span> <span class='ocrx_word' id='word_1_271' title='bbox 1239 703 1329 729; x_wconf 84' lang='lat' dir='ltr'>Senec.</span> 
     </span>
     <span class='ocr_line' id='line_1_29' title="bbox 263 732 2452 781; baseline -0.006 -9"><span class='ocrx_word' id='word_1_272' title='bbox 263 746 342 781; x_wconf 81' lang='lat' dir='ltr'>Epist.</span> <span class='ocrx_word' id='word_1_273' title='bbox 357 754 381 777; x_wconf 86' lang='lat'>¹9</span> <span class='ocrx_word' id='word_1_274' title='bbox 406 741 521 777; x_wconf 73' lang='lat' dir='ltr'><em>colligere</em></span> <span class='ocrx_word' id='word_1_275' title='bbox 533 742 602 769; x_wconf 85' lang='lat' dir='ltr'>licet.</span> <span class='ocrx_word' id='word_1_276' title='bbox 647 743 782 769; x_wconf 67' lang='lat' dir='ltr'>Turnebus.</span> <span class='ocrx_word' id='word_1_277' title='bbox 840 742 913 775; x_wconf 73' lang='lat' dir='ltr'>Confi</span> <span class='ocrx_word' id='word_1_278' title='bbox 940 742 1054 768; x_wconf 67' lang='lat' dir='ltr'>Tot—rent.</span> <span class='ocrx_word' id='word_1_279' title='bbox 1071 741 1108 765; x_wconf 86' lang='lat' dir='ltr'>ad</span> <span class='ocrx_word' id='word_1_280' title='bbox 1124 739 1193 766; x_wconf 79' lang='lat' dir='ltr'>Suet.</span> <span class='ocrx_word' id='word_1_281' title='bbox 1217 740 1325 765; x_wconf 68' lang='lat' dir='ltr'>Gronau.</span> <span class='ocrx_word' id='word_1_282' title='bbox 1387 737 1533 769; x_wconf 70' lang='lat' dir='ltr'>HymnoB.</span> <span class='ocrx_word' id='word_1_283' title='bbox 1548 736 1673 763; x_wconf 89' lang='lat' dir='ltr'>Laurent.</span> <span class='ocrx_word' id='word_1_284' title='bbox 1686 745 1709 767; x_wconf 74' lang='lat'>2,</span> <span class='ocrx_word' id='word_1_285' title='bbox 1724 745 1754 771; x_wconf 85' lang='lat'>95</span> <span class='ocrx_word' id='word_1_286' title='bbox 1797 737 1835 764; x_wconf 81' lang='lat' dir='ltr'>En</span> <span class='ocrx_word' id='word_1_287' title='bbox 1854 739 1950 766; x_wconf 63' lang='lat' dir='ltr'>Caesar</span> <span class='ocrx_word' id='word_1_288' title='bbox 1963 737 2082 772; x_wconf 63' lang='lat' dir='ltr'>agnoscit</span> <span class='ocrx_word' id='word_1_289' title='bbox 2095 736 2171 762; x_wconf 83' lang='lat' dir='ltr'>suum</span> <span class='ocrx_word' id='word_1_290' title='bbox 2208 734 2350 763; x_wconf 79' lang='lat' dir='ltr'>Numisma</span> <span class='ocrx_word' id='word_1_291' title='bbox 2364 732 2452 759; x_wconf 72' lang='lat' dir='ltr'>nuruis</span> 
     </span>
     <span class='ocr_line' id='line_1_30' title="bbox 260 768 2453 815; baseline -0.006 -7"><span class='ocrx_word' id='word_1_292' title='bbox 260 790 288 808; x_wconf 82' lang='lat' dir='ltr'>et</span> <span class='ocrx_word' id='word_1_293' title='bbox 299 779 363 815; x_wconf 85' lang='lat' dir='ltr'>Lips.</span> <span class='ocrx_word' id='word_1_294' title='bbox 377 780 413 804; x_wconf 76' lang='lat' dir='ltr'>ad</span> <span class='ocrx_word' id='word_1_295' title='bbox 424 779 483 805; x_wconf 88' lang='lat' dir='ltr'>Sen.</span> <span class='ocrx_word' id='word_1_296' title='bbox 496 777 522 805; x_wconf 86' lang='lat' dir='ltr'>ll.</span> <span class='ocrx_word' id='word_1_297' title='bbox 535 788 568 804; x_wconf 84' lang='lat' dir='ltr'>ec.</span> <span class='ocrx_word' id='word_1_298' title='bbox 665 778 749 804; x_wconf 89' lang='lat' dir='ltr'>Aurei</span> <span class='ocrx_word' id='word_1_299' title='bbox 777 778 834 805; x_wconf 85' lang='lat' dir='ltr'>Cic.</span> <span class='ocrx_word' id='word_1_300' title='bbox 848 777 963 812; x_wconf 81' lang='lat' dir='ltr'>Philipp.</span> <span class='ocrx_word' id='word_1_301' title='bbox 978 785 1010 808; x_wconf 84' lang='grc'>12,</span> <span class='ocrx_word' id='word_1_302' title='bbox 1023 784 1064 801; x_wconf 81' lang='grc'>20.</span> <span class='ocrx_word' id='word_1_303' title='bbox 1136 775 1242 807; x_wconf 85' lang='lat' dir='ltr'>Bonus,</span> <span class='ocrx_word' id='word_1_304' title='bbox 1268 774 1323 800; x_wconf 65' lang='lat' dir='ltr'>vid.</span> <span class='ocrx_word' id='word_1_305' title='bbox 1386 773 1512 799; x_wconf 82' lang='lat' dir='ltr'>inditum.</span> <span class='ocrx_word' id='word_1_306' title='bbox 1547 773 1567 799; x_wconf 90' lang='lat' dir='ltr'>i.</span> <span class='ocrx_word' id='word_1_307' title='bbox 1595 772 1734 808; x_wconf 72' lang='lat' dir='ltr'>Imaginem</span> <span class='ocrx_word' id='word_1_308' title='bbox 1748 773 1828 799; x_wconf 80' lang='lat' dir='ltr'>numis</span> <span class='ocrx_word' id='word_1_309' title='bbox 1846 773 1996 810; x_wconf 69' lang='lat' dir='ltr'>impr-effluo.</span> <span class='ocrx_word' id='word_1_310' title='bbox 2057 772 2113 799; x_wconf 64' lang='lat' dir='ltr'>rid.</span> <span class='ocrx_word' id='word_1_311' title='bbox 2135 770 2240 807; x_wconf 73' lang='lat' dir='ltr'>Salmas.</span> <span class='ocrx_word' id='word_1_312' title='bbox 2260 769 2294 796; x_wconf 87' lang='lat' dir='ltr'>ad</span> <span class='ocrx_word' id='word_1_313' title='bbox 2315 768 2453 804; x_wconf 88' lang='lat' dir='ltr'>Lamprid.</span> 
     </span>
     <span class='ocr_line' id='line_1_31' title="bbox 261 809 1560 847; baseline -0.005 -6"><span class='ocrx_word' id='word_1_314' title='bbox 261 823 308 845; x_wconf 76' lang='lat' dir='ltr'>Bo</span> <span class='ocrx_word' id='word_1_315' title='bbox 320 821 373 841; x_wconf 76' lang='lat' dir='ltr'>NV</span> <span class='ocrx_word' id='word_1_316' title='bbox 383 820 406 841; x_wconf 85' lang='lat' dir='ltr'>S.</span> <span class='ocrx_word' id='word_1_317' title='bbox 532 815 611 841; x_wconf 82' lang='lat' dir='ltr'>Varr.</span> <span class='ocrx_word' id='word_1_318' title='bbox 629 813 662 840; x_wconf 88' lang='lat' dir='ltr'>de</span> <span class='ocrx_word' id='word_1_319' title='bbox 679 814 709 840; x_wconf 89' lang='lat' dir='ltr'>L.</span> <span class='ocrx_word' id='word_1_320' title='bbox 723 814 753 840; x_wconf 89' lang='lat' dir='ltr'>L.</span> <span class='ocrx_word' id='word_1_321' title='bbox 767 823 794 847; x_wconf 87' lang='lat'>4,</span> <span class='ocrx_word' id='word_1_322' title='bbox 808 816 836 847; x_wconf 83' lang='lat'>36</span> <span class='ocrx_word' id='word_1_323' title='bbox 869 813 956 841; x_wconf 87' lang='lat' dir='ltr'>Numi</span> <span class='ocrx_word' id='word_1_324' title='bbox 972 809 1083 838; x_wconf 89' lang='lat' dir='ltr'>Denarii</span> <span class='ocrx_word' id='word_1_325' title='bbox 1095 809 1206 838; x_wconf 83' lang='lat' dir='ltr'>decuma</span> <span class='ocrx_word' id='word_1_326' title='bbox 1223 809 1326 842; x_wconf 89' lang='lat' dir='ltr'>libella,</span> <span class='ocrx_word' id='word_1_327' title='bbox 1343 818 1369 844; x_wconf 79' lang='grc'>1,·</span> <span class='ocrx_word' id='word_1_328' title='bbox 1385 809 1459 836; x_wconf 76' lang='lat' dir='ltr'>Alex.</span> <span class='ocrx_word' id='word_1_329' title='bbox 1472 818 1497 843; x_wconf 82' lang='lat' dir='ltr'>p.</span> <span class='ocrx_word' id='word_1_330' title='bbox 1512 815 1560 838; x_wconf 84' lang='lat'>218.</span> 
     </span>
     <span class='ocr_line' id='line_1_32' title="bbox 261 838 2454 886; baseline -0.003 -9"><span class='ocrx_word' id='word_1_331' title='bbox 261 850 335 886; x_wconf 87' lang='lat' dir='ltr'>quod</span> <span class='ocrx_word' id='word_1_332' title='bbox 348 849 446 877; x_wconf 88' lang='lat' dir='ltr'>libram</span> <span class='ocrx_word' id='word_1_333' title='bbox 459 849 552 886; x_wconf 85' lang='lat' dir='ltr'>pondo</span> <span class='ocrx_word' id='word_1_334' title='bbox 563 858 590 877; x_wconf 89' lang='lat' dir='ltr'>as</span> <span class='ocrx_word' id='word_1_335' title='bbox 602 849 722 885; x_wconf 82' lang='lat' dir='ltr'>valebat,</span> <span class='ocrx_word' id='word_1_336' title='bbox 750 857 775 877; x_wconf 83' lang='lat' dir='ltr'>et</span> <span class='ocrx_word' id='word_1_337' title='bbox 789 856 845 877; x_wconf 86' lang='lat' dir='ltr'>erat</span> <span class='ocrx_word' id='word_1_338' title='bbox 858 859 890 876; x_wconf 82' lang='lat' dir='ltr'>ex</span> <span class='ocrx_word' id='word_1_339' title='bbox 906 854 1015 883; x_wconf 82' lang='lat' dir='ltr'>argento</span> <span class='ocrx_word' id='word_1_340' title='bbox 1029 854 1119 882; x_wconf 87' lang='lat' dir='ltr'>parua.</span> <span class='ocrx_word' id='word_1_341' title='bbox 1215 845 1327 874; x_wconf 88' lang='lat' dir='ltr'>Rcdiui-</span> <span class='ocrx_word' id='word_1_342' title='bbox 1424 851 1479 871; x_wconf 80' lang='lat' dir='ltr'>NV</span> <span class='ocrx_word' id='word_1_343' title='bbox 1488 851 1512 870; x_wconf 68' lang='lat' dir='ltr'>M</span> <span class='ocrx_word' id='word_1_344' title='bbox 1523 851 1548 871; x_wconf 77' lang='lat' dir='ltr'>M</span> <span class='ocrx_word' id='word_1_345' title='bbox 1560 850 1582 870; x_wconf 92' lang='lat' dir='ltr'>v</span> <span class='ocrx_word' id='word_1_346' title='bbox 1593 852 1609 871; x_wconf 87' lang='lat' dir='ltr'>L</span> <span class='ocrx_word' id='word_1_347' title='bbox 1619 850 1639 870; x_wconf 72' lang='grc' dir='ltr'>Α</span> <span class='ocrx_word' id='word_1_348' title='bbox 1649 851 1668 871; x_wconf 79' lang='lat' dir='ltr'>R</span> <span class='ocrx_word' id='word_1_349' title='bbox 1679 850 1689 871; x_wconf 89' lang='lat'>1</span> <span class='ocrx_word' id='word_1_350' title='bbox 1700 850 1721 869; x_wconf 87' lang='lat' dir='ltr'>v</span> <span class='ocrx_word' id='word_1_351' title='bbox 1730 849 1743 870; x_wconf 80' lang='lat' dir='ltr'>S</span> <span class='ocrx_word' id='word_1_352' title='bbox 1752 863 1761 877; x_wconf 93' lang='lat'><em>‚</em></span> <span class='ocrx_word' id='word_1_353' title='bbox 1775 841 1799 878; x_wconf 84' lang='lat' dir='ltr'>s.</span> <span class='ocrx_word' id='word_1_354' title='bbox 1820 849 1870 870; x_wconf 74' lang='lat' dir='ltr'>NV</span> <span class='ocrx_word' id='word_1_355' title='bbox 1879 851 2020 872; x_wconf 78' lang='lat' dir='ltr'>MVLAR</span> <span class='ocrx_word' id='word_1_356' title='bbox 2031 852 2042 872; x_wconf 91' lang='lat'>1</span> <span class='ocrx_word' id='word_1_357' title='bbox 2055 850 2078 871; x_wconf 91' lang='lat' dir='ltr'>v</span> <span class='ocrx_word' id='word_1_358' title='bbox 2090 850 2102 870; x_wconf 86' lang='lat' dir='ltr'>s</span> <span class='ocrx_word' id='word_1_359' title='bbox 2111 864 2120 877; x_wconf 86' lang='lat'>‚</span> <span class='ocrx_word' id='word_1_360' title='bbox 2147 843 2167 870; x_wconf 91' lang='lat' dir='ltr'>i.</span> <span class='ocrx_word' id='word_1_361' title='bbox 2193 852 2230 870; x_wconf 92' lang='lat' dir='ltr'>m.</span> <span class='ocrx_word' id='word_1_362' title='bbox 2268 838 2454 876; x_wconf 62' lang='lat' dir='ltr'>[nemus-ult]</span> 
     </span>
     <span class='ocr_line' id='line_1_33' title="bbox 261 876 2517 921; baseline -0.005 -8"><span class='ocrx_word' id='word_1_363' title='bbox 261 896 311 914; x_wconf 76' lang='lat' dir='ltr'>vus</span> <span class='ocrx_word' id='word_1_364' title='bbox 333 895 430 913; x_wconf 86' lang='lat' dir='ltr'>numus</span> <span class='ocrx_word' id='word_1_365' title='bbox 443 886 554 921; x_wconf 87' lang='lat' dir='ltr'>pullulat</span> <span class='ocrx_word' id='word_1_366' title='bbox 566 894 624 912; x_wconf 83' lang='lat' dir='ltr'>area</span> <span class='ocrx_word' id='word_1_367' title='bbox 637 885 761 913; x_wconf 77' lang='lat' dir='ltr'>exhausta</span> <span class='ocrx_word' id='word_1_368' title='bbox 803 887 897 913; x_wconf 88' lang='lat' dir='ltr'>quen.</span> <span class='ocrx_word' id='word_1_369' title='bbox 915 885 965 911; x_wconf 88' lang='lat' dir='ltr'>Sat.</span> <span class='ocrx_word' id='word_1_370' title='bbox 979 885 1004 916; x_wconf 89' lang='lat'>6,</span> <span class='ocrx_word' id='word_1_371' title='bbox 1021 885 1071 916; x_wconf 79' lang='lat'>363.</span> <span class='ocrx_word' id='word_1_372' title='bbox 1270 879 1291 919; x_wconf 58' lang='lat' dir='ltr'><strong>ff</strong></span> <span class='ocrx_word' id='word_1_373' title='bbox 1314 890 1326 914; x_wconf 83' lang='lat'><em>3</em></span> <span class='ocrx_word' id='word_1_374' title='bbox 1386 879 1533 915; x_wconf 76' lang='lat' dir='ltr'>Menfizrius</span> <span class='ocrx_word' id='word_1_375' title='bbox 1545 881 1613 906; x_wconf 80' lang='lat' dir='ltr'>alias</span> <span class='ocrx_word' id='word_1_376' title='bbox 1625 881 1733 913; x_wconf 74' lang='lat' dir='ltr'>dicitur,</span> <span class='ocrx_word' id='word_1_377' title='bbox 1771 880 1825 916; x_wconf 74' lang='lat' dir='ltr'>Qi</span> <span class='ocrx_word' id='word_1_378' title='bbox 1843 888 1927 906; x_wconf 80' lang='lat' dir='ltr'>numos</span> <span class='ocrx_word' id='word_1_379' title='bbox 1940 882 1975 905; x_wconf 81' lang='lat' dir='ltr'>ad</span> <span class='ocrx_word' id='word_1_380' title='bbox 1986 881 2093 916; x_wconf 80' lang='lat' dir='ltr'>mensam</span> <span class='ocrx_word' id='word_1_381' title='bbox 2107 887 2190 912; x_wconf 78' lang='lat' dir='ltr'>tem-t,</span> <span class='ocrx_word' id='word_1_382' title='bbox 2216 879 2259 905; x_wconf 83' lang='lat' dir='ltr'>vel</span> <span class='ocrx_word' id='word_1_383' title='bbox 2277 877 2322 912; x_wconf 75' lang='lat' dir='ltr'>qui</span> <span class='ocrx_word' id='word_1_384' title='bbox 2333 886 2365 904; x_wconf 74' lang='lat' dir='ltr'>ex</span> <span class='ocrx_word' id='word_1_385' title='bbox 2375 876 2455 908; x_wconf 79' lang='lat' dir='ltr'>officio</span> <span class='ocrx_word' id='word_1_386' title='bbox 2516 891 2517 909; x_wconf 75' lang='lat'>1</span> 
     </span>
     <span class='ocr_line' id='line_1_34' title="bbox 260 912 2517 955; baseline -0.004 -6"><span class='ocrx_word' id='word_1_387' title='bbox 260 922 393 949; x_wconf 85' lang='lat' dir='ltr'>Salarium</span> <span class='ocrx_word' id='word_1_388' title='bbox 413 922 442 949; x_wconf 90' lang='lat' dir='ltr'>in</span> <span class='ocrx_word' id='word_1_389' title='bbox 457 922 578 950; x_wconf 83' lang='lat' dir='ltr'>Sexcenis</span> <span class='ocrx_word' id='word_1_390' title='bbox 598 922 720 948; x_wconf 89' lang='lat' dir='ltr'>millibus</span> <span class='ocrx_word' id='word_1_391' title='bbox 739 920 852 948; x_wconf 69' lang='lat' dir='ltr'>numum</span> <span class='ocrx_word' id='word_1_392' title='bbox 871 920 1000 955; x_wconf 83' lang='lat' dir='ltr'>Accipere</span> <span class='ocrx_word' id='word_1_393' title='bbox 1018 919 1130 945; x_wconf 88' lang='lat' dir='ltr'>Eumen.</span> <span class='ocrx_word' id='word_1_394' title='bbox 1144 925 1195 952; x_wconf 88' lang='lat' dir='ltr'>pro</span> <span class='ocrx_word' id='word_1_395' title='bbox 1215 917 1324 944; x_wconf 86' lang='lat' dir='ltr'>rcstaur.</span> <span class='ocrx_word' id='word_1_396' title='bbox 1387 915 1483 951; x_wconf 68' lang='lat' dir='ltr'>mensae</span> <span class='ocrx_word' id='word_1_397' title='bbox 1495 925 1622 942; x_wconf 78' lang='lat' dir='ltr'>numorum</span> <span class='ocrx_word' id='word_1_398' title='bbox 1634 915 1749 951; x_wconf 61' lang='lat' dir='ltr'>infimis.</span> <span class='ocrx_word' id='word_1_399' title='bbox 1792 917 1848 942; x_wconf 73' lang='lat' dir='ltr'>lsid.</span> <span class='ocrx_word' id='word_1_400' title='bbox 1864 915 2027 950; x_wconf 80' lang='lat' dir='ltr'>Mensarius,</span> <span class='ocrx_word' id='word_1_401' title='bbox 2057 917 2084 941; x_wconf 87' lang='lat' dir='ltr'>in</span> <span class='ocrx_word' id='word_1_402' title='bbox 2098 923 2123 943; x_wconf 78' lang='lat' dir='ltr'>M</span> <span class='ocrx_word' id='word_1_403' title='bbox 2135 922 2152 942; x_wconf 75' lang='grc' dir='ltr'>ις</span> <span class='ocrx_word' id='word_1_404' title='bbox 2163 921 2186 942; x_wconf 83' lang='lat' dir='ltr'>N</span> <span class='ocrx_word' id='word_1_405' title='bbox 2199 921 2252 941; x_wconf 69' lang='lat' dir='ltr'>SA.</span> <span class='ocrx_word' id='word_1_406' title='bbox 2343 912 2453 948; x_wconf 86' lang='lat' dir='ltr'>leian.</span> <span class='ocrx_word' id='word_1_407' title='bbox 2516 941 2517 948; x_wconf 15' lang='grc' dir='ltr'>ἵ</span> 
     </span>
     <span class='ocr_line' id='line_1_35' title="bbox 258 946 2493 988; baseline -0.004 -3"><span class='ocrx_word' id='word_1_408' title='bbox 258 957 357 985; x_wconf 81' lang='lat' dir='ltr'>scholis</span> <span class='ocrx_word' id='word_1_409' title='bbox 373 967 396 985; x_wconf 91' lang='lat' dir='ltr'>c.</span> <span class='ocrx_word' id='word_1_410' title='bbox 411 968 440 987; x_wconf 84' lang='lat'>11.</span> <span class='ocrx_word' id='word_1_411' title='bbox 523 957 654 984; x_wconf 82' lang='lat' dir='ltr'>Addicere</span> <span class='ocrx_word' id='word_1_412' title='bbox 666 966 749 984; x_wconf 90' lang='lat' dir='ltr'>numo</span> <span class='ocrx_word' id='word_1_413' title='bbox 760 959 816 983; x_wconf 80' lang='lat' dir='ltr'>vid.</span> <span class='ocrx_word' id='word_1_414' title='bbox 830 966 884 983; x_wconf 80' lang='lat' dir='ltr'>mox</span> <span class='ocrx_word' id='word_1_415' title='bbox 899 965 923 982; x_wconf 93' lang='lat' dir='ltr'>n.</span> <span class='ocrx_word' id='word_1_416' title='bbox 939 967 962 988; x_wconf 79' lang='lat'>4.</span> <span class='ocrx_word' id='word_1_417' title='bbox 1040 955 1098 982; x_wconf 87' lang='lat' dir='ltr'>Cic.</span> <span class='ocrx_word' id='word_1_418' title='bbox 1113 954 1165 980; x_wconf 87' lang='lat' dir='ltr'>Att.</span> <span class='ocrx_word' id='word_1_419' title='bbox 1179 955 1206 986; x_wconf 87' lang='lat'>6,</span> <span class='ocrx_word' id='word_1_420' title='bbox 1220 962 1229 979; x_wconf 86' lang='lat'>1</span> <span class='ocrx_word' id='word_1_421' title='bbox 1267 953 1326 980; x_wconf 88' lang='lat' dir='ltr'>Ma·</span> <span class='ocrx_word' id='word_1_422' title='bbox 1387 951 1417 977; x_wconf 88' lang='lat' dir='ltr'>in</span> <span class='ocrx_word' id='word_1_423' title='bbox 1432 952 1449 978; x_wconf 95' lang='lat' dir='ltr'>l.</span> <span class='ocrx_word' id='word_1_424' title='bbox 1464 952 1491 978; x_wconf 86' lang='lat' dir='ltr'>Si</span> <span class='ocrx_word' id='word_1_425' title='bbox 1508 951 1656 979; x_wconf 87' lang='lat' dir='ltr'>hominem.</span> <span class='ocrx_word' id='word_1_426' title='bbox 1694 952 1727 977; x_wconf 93' lang='lat' dir='ltr'>D.</span> <span class='ocrx_word' id='word_1_427' title='bbox 1743 951 1862 986; x_wconf 84' lang='lat' dir='ltr'>Depositi</span> <span class='ocrx_word' id='word_1_428' title='bbox 1873 972 1881 985; x_wconf 88' lang='lat'><em>‚</em></span> <span class='ocrx_word' id='word_1_429' title='bbox 1906 951 2022 985; x_wconf 80' lang='lat' dir='ltr'>Qoties</span> <span class='ocrx_word' id='word_1_430' title='bbox 2035 951 2099 978; x_wconf 84' lang='lat' dir='ltr'>foro</span> <span class='ocrx_word' id='word_1_431' title='bbox 2113 952 2211 979; x_wconf 82' lang='lat' dir='ltr'>cedunt</span> <span class='ocrx_word' id='word_1_432' title='bbox 2228 948 2392 981; x_wconf 76' lang='lat' dir='ltr'>numularii,</span> <span class='ocrx_word' id='word_1_433' title='bbox 2412 948 2454 975; x_wconf 86' lang='lat' dir='ltr'>so·</span> <span class='ocrx_word' id='word_1_434' title='bbox 2490 946 2493 950; x_wconf 80' lang='grc'><strong>’</strong></span> 
     </span>
     <span class='ocr_line' id='line_1_36' title="bbox 297 983 2454 1029; baseline -0.006 -7"><span class='ocrx_word' id='word_1_435' title='bbox 297 1004 344 1021; x_wconf 90' lang='lat' dir='ltr'>um</span> <span class='ocrx_word' id='word_1_436' title='bbox 359 994 454 1022; x_wconf 88' lang='lat' dir='ltr'>odium</span> <span class='ocrx_word' id='word_1_437' title='bbox 466 994 589 1029; x_wconf 86' lang='lat' dir='ltr'>Pompeii</span> <span class='ocrx_word' id='word_1_438' title='bbox 608 993 767 1028; x_wconf 83' lang='lat' dir='ltr'>suscepistis:</span> <span class='ocrx_word' id='word_1_439' title='bbox 805 998 878 1027; x_wconf 85' lang='lat' dir='ltr'>putat</span> <span class='ocrx_word' id='word_1_440' title='bbox 898 991 972 1018; x_wconf 87' lang='lat' dir='ltr'>enirn</span> <span class='ocrx_word' id='word_1_441' title='bbox 990 991 1051 1018; x_wconf 85' lang='lat' dir='ltr'>suos</span> <span class='ocrx_word' id='word_1_442' title='bbox 1069 999 1166 1017; x_wconf 84' lang='lat' dir='ltr'>numos</span> <span class='ocrx_word' id='word_1_443' title='bbox 1184 997 1233 1015; x_wconf 88' lang='lat' dir='ltr'>vos</span> <span class='ocrx_word' id='word_1_444' title='bbox 1245 989 1327 1016; x_wconf 85' lang='lat' dir='ltr'>Com·</span> <span class='ocrx_word' id='word_1_445' title='bbox 1338 998 1373 1017; x_wconf 86' lang='lat'>20</span> <span class='ocrx_word' id='word_1_446' title='bbox 1388 987 1424 1014; x_wconf 89' lang='lat' dir='ltr'>let</span> <span class='ocrx_word' id='word_1_447' title='bbox 1438 988 1529 1021; x_wconf 86' lang='lat' dir='ltr'>primo</span> <span class='ocrx_word' id='word_1_448' title='bbox 1542 988 1603 1015; x_wconf 84' lang='lat' dir='ltr'>loeo</span> <span class='ocrx_word' id='word_1_449' title='bbox 1619 987 1690 1014; x_wconf 89' lang='lat' dir='ltr'>ratio</span> <span class='ocrx_word' id='word_1_450' title='bbox 1705 987 1800 1014; x_wconf 88' lang='lat' dir='ltr'>haberi</span> <span class='ocrx_word' id='word_1_451' title='bbox 1814 987 2050 1022; x_wconf 66' lang='lat' dir='ltr'>depositarios-um:</span> <span class='ocrx_word' id='word_1_452' title='bbox 2087 986 2138 1014; x_wconf 88' lang='lat' dir='ltr'>hoe</span> <span class='ocrx_word' id='word_1_453' title='bbox 2154 987 2206 1020; x_wconf 82' lang='lat' dir='ltr'>est,</span> <span class='ocrx_word' id='word_1_454' title='bbox 2227 995 2334 1018; x_wconf 84' lang='lat' dir='ltr'>eorum,</span> <span class='ocrx_word' id='word_1_455' title='bbox 2348 984 2397 1019; x_wconf 85' lang='lat' dir='ltr'>qui</span> <span class='ocrx_word' id='word_1_456' title='bbox 2408 983 2454 1010; x_wconf 89' lang='lat' dir='ltr'>de-</span> 
     </span>
    </p>
   </div>
   <div class='ocr_carea' id='block_1_7' title="bbox 258 1025 1329 1177">
    <p class='ocr_par' dir='ltr' id='par_1_8' title="bbox 258 1025 1329 1177">
     <span class='ocr_line' id='line_1_37' title="bbox 261 1025 1327 1065; baseline -0.006 -8"><span class='ocrx_word' id='word_1_457' title='bbox 261 1030 348 1058; x_wconf 82' lang='lat' dir='ltr'>ediffe.</span> <span class='ocrx_word' id='word_1_458' title='bbox 476 1029 551 1058; x_wconf 87' lang='lat' dir='ltr'>Idem</span> <span class='ocrx_word' id='word_1_459' title='bbox 570 1039 620 1065; x_wconf 88' lang='lat' dir='ltr'>pro</span> <span class='ocrx_word' id='word_1_460' title='bbox 634 1030 713 1056; x_wconf 85' lang='lat' dir='ltr'>Font.</span> <span class='ocrx_word' id='word_1_461' title='bbox 728 1039 736 1055; x_wconf 90' lang='lat'>1</span> <span class='ocrx_word' id='word_1_462' title='bbox 774 1029 866 1056; x_wconf 90' lang='lat' dir='ltr'>Nemo</span> <span class='ocrx_word' id='word_1_463' title='bbox 886 1027 1027 1055; x_wconf 79' lang='lat' dir='ltr'>Gallorum</span> <span class='ocrx_word' id='word_1_464' title='bbox 1047 1026 1100 1053; x_wconf 84' lang='lat' dir='ltr'>sine</span> <span class='ocrx_word' id='word_1_465' title='bbox 1119 1025 1180 1052; x_wconf 86' lang='lat' dir='ltr'>ciue</span> <span class='ocrx_word' id='word_1_466' title='bbox 1202 1025 1327 1052; x_wconf 88' lang='lat' dir='ltr'>Romano</span> 
     </span>
     <span class='ocr_line' id='line_1_38' title="bbox 261 1061 1327 1101; baseline -0.006 -8"><span class='ocrx_word' id='word_1_467' title='bbox 261 1066 409 1101; x_wconf 78' lang='lat' dir='ltr'>quidquam</span> <span class='ocrx_word' id='word_1_468' title='bbox 420 1066 524 1101; x_wconf 83' lang='lat' dir='ltr'>negotii</span> <span class='ocrx_word' id='word_1_469' title='bbox 537 1066 621 1101; x_wconf 85' lang='lat' dir='ltr'>gerit:</span> <span class='ocrx_word' id='word_1_470' title='bbox 658 1073 754 1092; x_wconf 88' lang='lat' dir='ltr'>numus</span> <span class='ocrx_word' id='word_1_471' title='bbox 771 1065 800 1091; x_wconf 91' lang='lat' dir='ltr'>in</span> <span class='ocrx_word' id='word_1_472' title='bbox 815 1064 901 1092; x_wconf 85' lang='lat' dir='ltr'>Gallia</span> <span class='ocrx_word' id='word_1_473' title='bbox 921 1063 1010 1091; x_wconf 85' lang='lat' dir='ltr'>nullus</span> <span class='ocrx_word' id='word_1_474' title='bbox 1031 1062 1085 1090; x_wconf 85' lang='lat' dir='ltr'>sine</span> <span class='ocrx_word' id='word_1_475' title='bbox 1107 1062 1209 1089; x_wconf 87' lang='lat' dir='ltr'>ciuium</span> <span class='ocrx_word' id='word_1_476' title='bbox 1228 1061 1327 1088; x_wconf 84' lang='lat' dir='ltr'>Rotna-</span> 
     </span>
     <span class='ocr_line' id='line_1_39' title="bbox 258 1097 1329 1136; baseline -0.007 -7"><span class='ocrx_word' id='word_1_477' title='bbox 258 1111 359 1129; x_wconf 85' lang='lat' dir='ltr'>norum</span> <span class='ocrx_word' id='word_1_478' title='bbox 372 1101 468 1129; x_wconf 84' lang='lat' dir='ltr'>tabulis</span> <span class='ocrx_word' id='word_1_479' title='bbox 480 1103 691 1135; x_wconf 79' lang='lat' dir='ltr'>commonetur,</span> <span class='ocrx_word' id='word_1_480' title='bbox 716 1102 734 1127; x_wconf 82' lang='lat' dir='ltr'>i.</span> <span class='ocrx_word' id='word_1_481' title='bbox 756 1100 931 1136; x_wconf 77' lang='lat' dir='ltr'>transfertur,</span> <span class='ocrx_word' id='word_1_482' title='bbox 952 1100 996 1126; x_wconf 78' lang='lat' dir='ltr'>vel</span> <span class='ocrx_word' id='word_1_483' title='bbox 999 1099 1119 1135; x_wconf 84' lang='lat' dir='ltr'>soluendo</span> <span class='ocrx_word' id='word_1_484' title='bbox 1133 1098 1255 1130; x_wconf 76' lang='lat' dir='ltr'>debitum,</span> <span class='ocrx_word' id='word_1_485' title='bbox 1285 1097 1329 1123; x_wconf 79' lang='lat' dir='ltr'>vel</span> 
     </span>
     <span class='ocr_line' id='line_1_40' title="bbox 258 1134 1326 1177; baseline -0.006 -12"><span class='ocrx_word' id='word_1_486' title='bbox 258 1145 343 1165; x_wconf 78' lang='lat' dir='ltr'>mutuo</span> <span class='ocrx_word' id='word_1_487' title='bbox 355 1139 437 1164; x_wconf 82' lang='lat' dir='ltr'>dando</span> <span class='ocrx_word' id='word_1_488' title='bbox 449 1146 495 1165; x_wconf 80' lang='lat' dir='ltr'>etc.</span> <span class='ocrx_word' id='word_1_489' title='bbox 577 1139 653 1174; x_wconf 75' lang='lat' dir='ltr'>Qod</span> <span class='ocrx_word' id='word_1_490' title='bbox 663 1136 713 1172; x_wconf 77' lang='lat' dir='ltr'>ipse</span> <span class='ocrx_word' id='word_1_491' title='bbox 726 1137 823 1163; x_wconf 83' lang='lat' dir='ltr'>Cicero</span> <span class='ocrx_word' id='word_1_492' title='bbox 834 1136 996 1177; x_wconf 62' lang='lat' dir='ltr'>perfimplex</span> <span class='ocrx_word' id='word_1_493' title='bbox 1008 1135 1109 1160; x_wconf 77' lang='lat' dir='ltr'>verbum</span> <span class='ocrx_word' id='word_1_494' title='bbox 1122 1134 1254 1166; x_wconf 83' lang='lat' dir='ltr'>Mouere,</span> <span class='ocrx_word' id='word_1_495' title='bbox 1275 1141 1326 1168; x_wconf 88' lang='lat' dir='ltr'>pro</span> 
     </span>
    </p>
   </div>
   <div class='ocr_carea' id='block_1_8' title="bbox 258 1169 1373 1207">
    <p class='ocr_par' dir='ltr' id='par_1_9' title="bbox 258 1169 1373 1207">
     <span class='ocr_line' id='line_1_41' title="bbox 258 1169 1373 1207; baseline -0.004 -6"><span class='ocrx_word' id='word_1_496' title='bbox 258 1173 328 1201; x_wconf 82' lang='lat' dir='ltr'>Flac.</span> <span class='ocrx_word' id='word_1_497' title='bbox 343 1184 373 1207; x_wconf 66' lang='lat'>⁴⁴</span> <span class='ocrx_word' id='word_1_498' title='bbox 393 1174 478 1200; x_wconf 80' lang='lat' dir='ltr'>dixit.-</span> <span class='ocrx_word' id='word_1_499' title='bbox 515 1173 614 1200; x_wconf 91' lang='lat' dir='ltr'>Dicunt</span> <span class='ocrx_word' id='word_1_500' title='bbox 627 1174 652 1200; x_wconf 90' lang='lat' dir='ltr'>se</span> <span class='ocrx_word' id='word_1_501' title='bbox 666 1174 776 1203; x_wconf 83' lang='lat' dir='ltr'>Flacco,</span> <span class='ocrx_word' id='word_1_502' title='bbox 810 1179 836 1199; x_wconf 92' lang='lat' dir='ltr'>et</span> <span class='ocrx_word' id='word_1_503' title='bbox 853 1181 902 1207; x_wconf 83' lang='lat' dir='ltr'>us,</span> <span class='ocrx_word' id='word_1_504' title='bbox 924 1180 972 1206; x_wconf 82' lang='lat' dir='ltr'>qul</span> <span class='ocrx_word' id='word_1_505' title='bbox 985 1170 1061 1198; x_wconf 82' lang='lat' dir='ltr'>simul</span> <span class='ocrx_word' id='word_1_506' title='bbox 1073 1170 1168 1202; x_wconf 83' lang='lat' dir='ltr'>essent,</span> <span class='ocrx_word' id='word_1_507' title='bbox 1189 1169 1326 1196; x_wconf 88' lang='lat' dir='ltr'>drachma·</span> <span class='ocrx_word' id='word_1_508' title='bbox 1340 1176 1373 1204; x_wconf 79' lang='lat'>25</span> 
     </span>
    </p>
   </div>
   <div class='ocr_carea' id='block_1_9' title="bbox 257 1206 1325 1353">
    <p class='ocr_par' dir='ltr' id='par_1_10' title="bbox 257 1206 1325 1353">
     <span class='ocr_line' id='line_1_42' title="bbox 258 1206 1324 1238; baseline -0.005 -2"><span class='ocrx_word' id='word_1_509' title='bbox 258 1219 321 1237; x_wconf 88' lang='lat' dir='ltr'>rum</span> <span class='ocrx_word' id='word_1_510' title='bbox 335 1210 391 1236; x_wconf 91' lang='lat' dir='ltr'>XV</span> <span class='ocrx_word' id='word_1_511' title='bbox 411 1209 497 1236; x_wconf 88' lang='lat' dir='ltr'>millia</span> <span class='ocrx_word' id='word_1_512' title='bbox 509 1209 613 1236; x_wconf 78' lang='lat' dir='ltr'>dedisse.</span> <span class='ocrx_word' id='word_1_513' title='bbox 655 1209 725 1236; x_wconf 89' lang='lat' dir='ltr'>Cum</span> <span class='ocrx_word' id='word_1_514' title='bbox 737 1209 845 1236; x_wconf 86' lang='lat' dir='ltr'>ciuitate</span> <span class='ocrx_word' id='word_1_515' title='bbox 859 1208 929 1235; x_wconf 89' lang='lat' dir='ltr'>mihi</span> <span class='ocrx_word' id='word_1_516' title='bbox 942 1216 984 1234; x_wconf 85' lang='lat' dir='ltr'>res</span> <span class='ocrx_word' id='word_1_517' title='bbox 998 1207 1035 1233; x_wconf 86' lang='lat' dir='ltr'>est</span> <span class='ocrx_word' id='word_1_518' title='bbox 1047 1206 1176 1233; x_wconf 88' lang='lat' dir='ltr'>acerrima</span> <span class='ocrx_word' id='word_1_519' title='bbox 1185 1226 1194 1238; x_wconf 93' lang='lat'>‚</span> <span class='ocrx_word' id='word_1_520' title='bbox 1213 1211 1240 1232; x_wconf 86' lang='lat' dir='ltr'>ct</span> <span class='ocrx_word' id='word_1_521' title='bbox 1262 1214 1324 1232; x_wconf 89' lang='lat' dir='ltr'>con-</span> 
     </span>
     <span class='ocr_line' id='line_1_43' title="bbox 258 1241 1323 1279; baseline -0.006 -6"><span class='ocrx_word' id='word_1_522' title='bbox 258 1245 432 1273; x_wconf 85' lang='lat' dir='ltr'>ficientislima</span> <span class='ocrx_word' id='word_1_523' title='bbox 446 1245 596 1279; x_wconf 88' lang='lat' dir='ltr'>literarum,</span> <span class='ocrx_word' id='word_1_524' title='bbox 634 1244 663 1271; x_wconf 89' lang='lat' dir='ltr'>in</span> <span class='ocrx_word' id='word_1_525' title='bbox 676 1253 727 1279; x_wconf 90' lang='lat' dir='ltr'>qua</span> <span class='ocrx_word' id='word_1_526' title='bbox 741 1254 837 1271; x_wconf 87' lang='lat' dir='ltr'>numus</span> <span class='ocrx_word' id='word_1_527' title='bbox 860 1244 967 1272; x_wconf 89' lang='lat' dir='ltr'>moueri</span> <span class='ocrx_word' id='word_1_528' title='bbox 980 1242 1068 1270; x_wconf 89' lang='lat' dir='ltr'>nullus</span> <span class='ocrx_word' id='word_1_529' title='bbox 1082 1241 1166 1277; x_wconf 81' lang='lat' dir='ltr'>potest</span> <span class='ocrx_word' id='word_1_530' title='bbox 1180 1241 1233 1268; x_wconf 89' lang='lat' dir='ltr'>fine</span> <span class='ocrx_word' id='word_1_531' title='bbox 1246 1241 1323 1276; x_wconf 89' lang='lat' dir='ltr'>quin-</span> 
     </span>
     <span class='ocr_line' id='line_1_44' title="bbox 258 1275 1324 1316; baseline -0.005 -8"><span class='ocrx_word' id='word_1_532' title='bbox 258 1290 311 1316; x_wconf 92' lang='lat' dir='ltr'>que</span> <span class='ocrx_word' id='word_1_533' title='bbox 325 1281 513 1314; x_wconf 83' lang='lat' dir='ltr'>Praetoribus,</span> <span class='ocrx_word' id='word_1_534' title='bbox 540 1280 627 1308; x_wconf 86' lang='lat' dir='ltr'>tribus</span> <span class='ocrx_word' id='word_1_535' title='bbox 642 1280 849 1315; x_wconf 82' lang='lat' dir='ltr'>Qaestoribus,</span> <span class='ocrx_word' id='word_1_536' title='bbox 879 1286 994 1315; x_wconf 83' lang='lat' dir='ltr'>quatuor</span> <span class='ocrx_word' id='word_1_537' title='bbox 1008 1278 1166 1313; x_wconf 83' lang='lat' dir='ltr'>Mensariis,</span> <span class='ocrx_word' id='word_1_538' title='bbox 1193 1277 1241 1312; x_wconf 86' lang='lat' dir='ltr'>qui</span> <span class='ocrx_word' id='word_1_539' title='bbox 1254 1275 1324 1312; x_wconf 88' lang='lat' dir='ltr'>apud</span> 
     </span>
     <span class='ocr_line' id='line_1_45' title="bbox 257 1314 1325 1353; baseline -0.005 -9"><span class='ocrx_word' id='word_1_540' title='bbox 257 1317 322 1344; x_wconf 89' lang='lat' dir='ltr'>illos</span> <span class='ocrx_word' id='word_1_541' title='bbox 335 1326 349 1344; x_wconf 89' lang='lat' dir='ltr'>a</span> <span class='ocrx_word' id='word_1_542' title='bbox 362 1317 463 1353; x_wconf 87' lang='lat' dir='ltr'>populo</span> <span class='ocrx_word' id='word_1_543' title='bbox 477 1323 608 1344; x_wconf 80' lang='lat' dir='ltr'>creantur.</span> <span class='ocrx_word' id='word_1_544' title='bbox 703 1315 852 1343; x_wconf 71' lang='lat' dir='ltr'>Conduffis</span> <span class='ocrx_word' id='word_1_545' title='bbox 872 1318 996 1342; x_wconf 68' lang='grc'><strong>0001110115</strong></span> <span class='ocrx_word' id='word_1_546' title='bbox 1015 1314 1125 1350; x_wconf 88' lang='lat' dir='ltr'>opsonia</span> <span class='ocrx_word' id='word_1_547' title='bbox 1137 1314 1226 1341; x_wconf 90' lang='lat' dir='ltr'>numis</span> <span class='ocrx_word' id='word_1_548' title='bbox 1253 1314 1325 1340; x_wconf 82' lang='lat' dir='ltr'>Hor.</span> 
     </span>
    </p>
   </div>
   <div class='ocr_carea' id='block_1_10' title="bbox 1385 1018 2456 1343">
    <p class='ocr_par' dir='ltr' id='par_1_11' title="bbox 1387 1018 2456 1200">
     <span class='ocr_line' id='line_1_46' title="bbox 1387 1018 2456 1059; baseline -0.003 -9"><span class='ocrx_word' id='word_1_549' title='bbox 1387 1023 1482 1058; x_wconf 80' lang='lat' dir='ltr'>positas</span> <span class='ocrx_word' id='word_1_550' title='bbox 1496 1025 1621 1059; x_wconf 79' lang='lat' dir='ltr'>pecunias</span> <span class='ocrx_word' id='word_1_551' title='bbox 1634 1023 1795 1056; x_wconf 82' lang='lat' dir='ltr'>habuerint,</span> <span class='ocrx_word' id='word_1_552' title='bbox 1831 1032 1895 1059; x_wconf 75' lang='lat' dir='ltr'>quas</span> <span class='ocrx_word' id='word_1_553' title='bbox 1910 1032 1965 1049; x_wconf 89' lang='lat' dir='ltr'>non</span> <span class='ocrx_word' id='word_1_554' title='bbox 1985 1022 2083 1049; x_wconf 85' lang='lat' dir='ltr'>fenore</span> <span class='ocrx_word' id='word_1_555' title='bbox 2102 1023 2171 1057; x_wconf 86' lang='lat' dir='ltr'>apud</span> <span class='ocrx_word' id='word_1_556' title='bbox 2191 1021 2375 1055; x_wconf 81' lang='lat' dir='ltr'>numularios,</span> <span class='ocrx_word' id='word_1_557' title='bbox 2406 1018 2456 1047; x_wconf 78' lang='lat' dir='ltr'>vel</span> 
     </span>
     <span class='ocr_line' id='line_1_47' title="bbox 1388 1058 2071 1094; baseline 0 -9"><span class='ocrx_word' id='word_1_558' title='bbox 1388 1069 1449 1086; x_wconf 86' lang='lat' dir='ltr'>cum</span> <span class='ocrx_word' id='word_1_559' title='bbox 1464 1059 1641 1093; x_wconf 86' lang='lat' dir='ltr'>numulariis,</span> <span class='ocrx_word' id='word_1_560' title='bbox 1665 1060 1708 1086; x_wconf 83' lang='lat' dir='ltr'>vel</span> <span class='ocrx_word' id='word_1_561' title='bbox 1724 1069 1771 1094; x_wconf 86' lang='lat' dir='ltr'>per</span> <span class='ocrx_word' id='word_1_562' title='bbox 1784 1060 1808 1085; x_wconf 93' lang='lat' dir='ltr'>se</span> <span class='ocrx_word' id='word_1_563' title='bbox 1823 1059 1892 1094; x_wconf 87' lang='lat' dir='ltr'>ipsos</span> <span class='ocrx_word' id='word_1_564' title='bbox 1905 1058 2071 1086; x_wconf 77' lang='lat' dir='ltr'>exercebant.</span> 
     </span>
     <span class='ocr_line' id='line_1_48' title="bbox 1387 1095 1982 1130; baseline 0 -8"><span class='ocrx_word' id='word_1_565' title='bbox 1387 1096 1506 1123; x_wconf 87' lang='lat' dir='ltr'>mulario</span> <span class='ocrx_word' id='word_1_566' title='bbox 1518 1104 1574 1122; x_wconf 91' lang='lat' dir='ltr'>non</span> <span class='ocrx_word' id='word_1_567' title='bbox 1591 1105 1624 1123; x_wconf 84' lang='lat' dir='ltr'>ex</span> <span class='ocrx_word' id='word_1_568' title='bbox 1638 1095 1689 1122; x_wconf 80' lang='lat' dir='ltr'>fide</span> <span class='ocrx_word' id='word_1_569' title='bbox 1703 1095 1821 1122; x_wconf 84' lang='lat' dir='ltr'>versanti</span> <span class='ocrx_word' id='word_1_570' title='bbox 1841 1095 1982 1130; x_wconf 85' lang='lat' dir='ltr'>pecunias,</span> 
     </span>
     <span class='ocr_line' id='line_1_49' title="bbox 1387 1131 1552 1159; baseline 0.006 -1"><span class='ocrx_word' id='word_1_571' title='bbox 1387 1131 1446 1158; x_wconf 90' lang='lat' dir='ltr'>eius</span> <span class='ocrx_word' id='word_1_572' title='bbox 1459 1131 1552 1159; x_wconf 85' lang='lat' dir='ltr'>affixit.</span> 
     </span>
     <span class='ocr_line' id='line_1_50' title="bbox 1389 1167 2272 1200; baseline -0.001 -5"><span class='ocrx_word' id='word_1_573' title='bbox 1389 1168 1548 1196; x_wconf 86' lang='lat' dir='ltr'>Neroniana</span> <span class='ocrx_word' id='word_1_574' title='bbox 1562 1167 1729 1195; x_wconf 88' lang='lat' dir='ltr'>numularius</span> <span class='ocrx_word' id='word_1_575' title='bbox 1751 1168 1837 1194; x_wconf 79' lang='lat' dir='ltr'>masl&#39;a.</span> <span class='ocrx_word' id='word_1_576' title='bbox 2269 1197 2272 1200; x_wconf 46' lang='grc'><strong>,</strong></span> 
     </span>
    </p>

    <p class='ocr_par' dir='ltr' id='par_1_12' title="bbox 1385 1198 2455 1312">
     <span class='ocr_line' id='line_1_51' title="bbox 1426 1198 2454 1240; baseline -0.005 -10"><span class='ocrx_word' id='word_1_577' title='bbox 1426 1210 1731 1240; x_wconf 75' lang='lat' dir='ltr'>NVMVLAR1VS,</span> <span class='ocrx_word' id='word_1_578' title='bbox 1757 1212 1787 1235; x_wconf 86' lang='lat' dir='ltr'>a,</span> <span class='ocrx_word' id='word_1_579' title='bbox 1811 1212 1865 1230; x_wconf 89' lang='lat' dir='ltr'>um.</span> <span class='ocrx_word' id='word_1_580' title='bbox 1902 1202 1964 1230; x_wconf 83' lang='lat' dir='ltr'>Adi.</span> <span class='ocrx_word' id='word_1_581' title='bbox 1999 1202 2124 1230; x_wconf 84' lang='lat' dir='ltr'>Scaeuola</span> <span class='ocrx_word' id='word_1_582' title='bbox 2145 1201 2173 1228; x_wconf 89' lang='lat' dir='ltr'>in</span> <span class='ocrx_word' id='word_1_583' title='bbox 2193 1201 2211 1228; x_wconf 94' lang='lat'>1.</span> <span class='ocrx_word' id='word_1_584' title='bbox 2231 1200 2279 1227; x_wconf 86' lang='lat' dir='ltr'>vlt.</span> <span class='ocrx_word' id='word_1_585' title='bbox 2309 1199 2343 1226; x_wconf 91' lang='lat' dir='ltr'>D.</span> <span class='ocrx_word' id='word_1_586' title='bbox 2360 1198 2393 1226; x_wconf 84' lang='lat' dir='ltr'>de</span> <span class='ocrx_word' id='word_1_587' title='bbox 2413 1198 2454 1225; x_wconf 84' lang='lat' dir='ltr'>in-</span> 
     </span>
     <span class='ocr_line' id='line_1_52' title="bbox 1385 1233 2455 1274; baseline -0.005 -8"><span class='ocrx_word' id='word_1_588' title='bbox 1385 1240 1488 1267; x_wconf 86' lang='lat' dir='ltr'>stitoria</span> <span class='ocrx_word' id='word_1_589' title='bbox 1503 1240 1620 1274; x_wconf 68' lang='lat' dir='ltr'>aftione,</span> <span class='ocrx_word' id='word_1_590' title='bbox 1639 1240 1738 1267; x_wconf 85' lang='lat' dir='ltr'>Lucius</span> <span class='ocrx_word' id='word_1_591' title='bbox 1744 1239 1841 1267; x_wconf 87' lang='lat' dir='ltr'>Titius</span> <span class='ocrx_word' id='word_1_592' title='bbox 1848 1240 1952 1266; x_wconf 85' lang='lat' dir='ltr'>mensae</span> <span class='ocrx_word' id='word_1_593' title='bbox 1965 1238 2144 1271; x_wconf 79' lang='lat' dir='ltr'>numulariae,</span> <span class='ocrx_word' id='word_1_594' title='bbox 2158 1245 2237 1272; x_wconf 88' lang='lat' dir='ltr'>quam</span> <span class='ocrx_word' id='word_1_595' title='bbox 2247 1234 2396 1269; x_wconf 83' lang='lat' dir='ltr'>exercebat,</span> <span class='ocrx_word' id='word_1_596' title='bbox 2409 1233 2455 1262; x_wconf 74' lang='lat' dir='ltr'>ha-</span> 
     </span>
     <span class='ocr_line' id='line_1_53' title="bbox 1385 1275 1786 1312; baseline -0.005 -8"><span class='ocrx_word' id='word_1_597' title='bbox 1385 1275 1446 1304; x_wconf 91' lang='lat' dir='ltr'>buit</span> <span class='ocrx_word' id='word_1_598' title='bbox 1459 1276 1587 1303; x_wconf 88' lang='lat' dir='ltr'>libertum</span> <span class='ocrx_word' id='word_1_599' title='bbox 1600 1275 1786 1312; x_wconf 84' lang='lat' dir='ltr'>praepositum.</span> 
     </span>
    </p>

    <p class='ocr_par' dir='ltr' id='par_1_13' title="bbox 1423 1306 2455 1343">
     <span class='ocr_line' id='line_1_54' title="bbox 1423 1306 2455 1343; baseline -0.005 -5"><span class='ocrx_word' id='word_1_600' title='bbox 1423 1319 1447 1338; x_wconf 84' lang='lat' dir='ltr'>N</span> <span class='ocrx_word' id='word_1_601' title='bbox 1456 1319 1478 1337; x_wconf 86' lang='lat' dir='ltr'>v</span> <span class='ocrx_word' id='word_1_602' title='bbox 1487 1319 1511 1338; x_wconf 83' lang='lat' dir='ltr'>M</span> <span class='ocrx_word' id='word_1_603' title='bbox 1522 1319 1542 1337; x_wconf 85' lang='lat' dir='ltr'>v</span> <span class='ocrx_word' id='word_1_604' title='bbox 1554 1319 1570 1339; x_wconf 82' lang='lat'>1.</span> <span class='ocrx_word' id='word_1_605' title='bbox 1582 1319 1604 1339; x_wconf 83' lang='lat' dir='ltr'>A</span> <span class='ocrx_word' id='word_1_606' title='bbox 1615 1311 1684 1339; x_wconf 68' lang='grc' dir='ltr'>11ιό</span> <span class='ocrx_word' id='word_1_607' title='bbox 1694 1319 1712 1339; x_wconf 85' lang='lat' dir='ltr'>L</span> <span class='ocrx_word' id='word_1_608' title='bbox 1721 1319 1742 1338; x_wconf 82' lang='lat' dir='ltr'>v</span> <span class='ocrx_word' id='word_1_609' title='bbox 1751 1318 1765 1340; x_wconf 90' lang='lat' dir='ltr'>s</span> <span class='ocrx_word' id='word_1_610' title='bbox 1774 1330 1783 1343; x_wconf 93' lang='lat'>,</span> <span class='ocrx_word' id='word_1_611' title='bbox 1803 1312 1822 1338; x_wconf 85' lang='grc'>1.</span> <span class='ocrx_word' id='word_1_612' title='bbox 1843 1320 1879 1338; x_wconf 86' lang='grc'><strong>111.</strong></span> <span class='ocrx_word' id='word_1_613' title='bbox 1900 1310 2004 1338; x_wconf 89' lang='lat' dir='ltr'>Dimin.</span> <span class='ocrx_word' id='word_1_614' title='bbox 2030 1310 2090 1338; x_wconf 85' lang='lat' dir='ltr'>Sen.</span> <span class='ocrx_word' id='word_1_615' title='bbox 2105 1309 2138 1336; x_wconf 86' lang='lat' dir='ltr'>dc</span> <span class='ocrx_word' id='word_1_616' title='bbox 2150 1314 2237 1336; x_wconf 88' lang='lat' dir='ltr'>morte</span> <span class='ocrx_word' id='word_1_617' title='bbox 2249 1306 2373 1338; x_wconf 80' lang='lat' dir='ltr'>Claudii;</span> <span class='ocrx_word' id='word_1_618' title='bbox 2391 1307 2455 1333; x_wconf 83' lang='lat' dir='ltr'>Pro-</span> 
     </span>
    </p>
   </div>
   <div class='ocr_carea' id='block_1_11' title="bbox 258 1341 2454 1388">
    <p class='ocr_par' dir='ltr' id='par_1_14' title="bbox 258 1341 2454 1388">
     <span class='ocr_line' id='line_1_55' title="bbox 258 1341 2454 1388; baseline -0.005 -8"><span class='ocrx_word' id='word_1_619' title='bbox 258 1353 342 1380; x_wconf 83' lang='lat' dir='ltr'>Serm.</span> <span class='ocrx_word' id='word_1_620' title='bbox 358 1363 377 1387; x_wconf 88' lang='lat'>1,</span> <span class='ocrx_word' id='word_1_621' title='bbox 391 1363 413 1388; x_wconf 88' lang='lat'>2,</span> <span class='ocrx_word' id='word_1_622' title='bbox 426 1362 442 1387; x_wconf 87' lang='lat'>9</span> <span class='ocrx_word' id='word_1_623' title='bbox 478 1355 503 1381; x_wconf 83' lang='lat' dir='ltr'>h.</span> <span class='ocrx_word' id='word_1_624' title='bbox 524 1363 546 1381; x_wconf 87' lang='lat' dir='ltr'>e.</span> <span class='ocrx_word' id='word_1_625' title='bbox 565 1354 668 1379; x_wconf 72' lang='lat' dir='ltr'>foenore</span> <span class='ocrx_word' id='word_1_626' title='bbox 676 1352 781 1388; x_wconf 66' lang='lat' dir='ltr'>sumtis,</span> <span class='ocrx_word' id='word_1_627' title='bbox 799 1351 856 1384; x_wconf 84' lang='lat' dir='ltr'>stue</span> <span class='ocrx_word' id='word_1_628' title='bbox 867 1353 904 1377; x_wconf 83' lang='lat' dir='ltr'>ad</span> <span class='ocrx_word' id='word_1_629' title='bbox 913 1351 1015 1387; x_wconf 86' lang='lat' dir='ltr'>vsuram</span> <span class='ocrx_word' id='word_1_630' title='bbox 1026 1351 1150 1385; x_wconf 74' lang='lat' dir='ltr'>acceptis,</span> <span class='ocrx_word' id='word_1_631' title='bbox 1174 1357 1220 1386; x_wconf 85' lang='lat' dir='ltr'>pro</span> <span class='ocrx_word' id='word_1_632' title='bbox 1239 1350 1326 1385; x_wconf 86' lang='lat' dir='ltr'>quibus</span> <span class='ocrx_word' id='word_1_633' title='bbox 1338 1361 1370 1386; x_wconf 77' lang='lat'>30</span> <span class='ocrx_word' id='word_1_634' title='bbox 1386 1349 1474 1376; x_wconf 81' lang='lat' dir='ltr'>ximus</span> <span class='ocrx_word' id='word_1_635' title='bbox 1487 1348 1670 1382; x_wconf 82' lang='lat' dir='ltr'>interrogatur</span> <span class='ocrx_word' id='word_1_636' title='bbox 1684 1348 1842 1375; x_wconf 82' lang='lat' dir='ltr'>sententiam</span> <span class='ocrx_word' id='word_1_637' title='bbox 1857 1347 1989 1382; x_wconf 83' lang='lat' dir='ltr'>Diespiter</span> <span class='ocrx_word' id='word_1_638' title='bbox 2000 1346 2082 1374; x_wconf 83' lang='lat' dir='ltr'>Vicae</span> <span class='ocrx_word' id='word_1_639' title='bbox 2095 1347 2175 1373; x_wconf 86' lang='lat' dir='ltr'>Potae</span> <span class='ocrx_word' id='word_1_640' title='bbox 2190 1344 2278 1380; x_wconf 81' lang='lat' dir='ltr'>filius,</span> <span class='ocrx_word' id='word_1_641' title='bbox 2297 1350 2323 1370; x_wconf 87' lang='grc'>01</span> <span class='ocrx_word' id='word_1_642' title='bbox 2337 1343 2390 1379; x_wconf 88' lang='lat' dir='ltr'>ipse</span> <span class='ocrx_word' id='word_1_643' title='bbox 2409 1341 2454 1369; x_wconf 83' lang='lat' dir='ltr'>de·</span> 
     </span>
    </p>
   </div>
   <div class='ocr_carea' id='block_1_12' title="bbox 256 1386 1325 1459">
    <p class='ocr_par' dir='ltr' id='par_1_15' title="bbox 256 1386 1325 1459">
     <span class='ocr_line' id='line_1_56' title="bbox 258 1386 1324 1424; baseline -0.004 -9"><span class='ocrx_word' id='word_1_644' title='bbox 258 1396 380 1424; x_wconf 75' lang='lat' dir='ltr'>tanquam</span> <span class='ocrx_word' id='word_1_645' title='bbox 400 1397 446 1424; x_wconf 80' lang='lat' dir='ltr'>pro</span> <span class='ocrx_word' id='word_1_646' title='bbox 466 1390 537 1415; x_wconf 86' lang='lat' dir='ltr'>rebus</span> <span class='ocrx_word' id='word_1_647' title='bbox 556 1388 680 1415; x_wconf 66' lang='lat' dir='ltr'>eondutft&#39;is</span> <span class='ocrx_word' id='word_1_648' title='bbox 704 1397 794 1414; x_wconf 79' lang='lat' dir='ltr'>merces</span> <span class='ocrx_word' id='word_1_649' title='bbox 812 1387 943 1421; x_wconf 79' lang='lat' dir='ltr'>penditur.</span> <span class='ocrx_word' id='word_1_650' title='bbox 1056 1386 1216 1413; x_wconf 89' lang='lat' dir='ltr'>Conducere</span> <span class='ocrx_word' id='word_1_651' title='bbox 1240 1393 1324 1411; x_wconf 89' lang='lat' dir='ltr'>numo</span> 
     </span>
     <span class='ocr_line' id='line_1_57' title="bbox 256 1421 1325 1459; baseline -0.005 -7"><span class='ocrx_word' id='word_1_652' title='bbox 256 1433 331 1459; x_wconf 84' lang='lat' dir='ltr'>vno,</span> <span class='ocrx_word' id='word_1_653' title='bbox 350 1425 406 1452; x_wconf 82' lang='lat' dir='ltr'>vid.</span> <span class='ocrx_word' id='word_1_654' title='bbox 419 1430 522 1452; x_wconf 80' lang='lat' dir='ltr'>chrs</span> <span class='ocrx_word' id='word_1_655' title='bbox 542 1424 625 1451; x_wconf 88' lang='lat' dir='ltr'>causa.</span> <span class='ocrx_word' id='word_1_656' title='bbox 715 1421 901 1457; x_wconf 82' lang='lat' dir='ltr'>Contemplari</span> <span class='ocrx_word' id='word_1_657' title='bbox 921 1430 1018 1449; x_wconf 82' lang='lat' dir='ltr'>numos</span> <span class='ocrx_word' id='word_1_658' title='bbox 1036 1422 1066 1448; x_wconf 89' lang='lat' dir='ltr'>in</span> <span class='ocrx_word' id='word_1_659' title='bbox 1079 1430 1138 1448; x_wconf 89' lang='lat' dir='ltr'>arca</span> <span class='ocrx_word' id='word_1_660' title='bbox 1155 1422 1227 1449; x_wconf 86' lang='lat' dir='ltr'>Hor.</span> <span class='ocrx_word' id='word_1_661' title='bbox 1241 1422 1325 1448; x_wconf 85' lang='lat' dir='ltr'>Serm.</span> 
     </span>
    </p>
   </div>
   <div class='ocr_carea' id='block_1_13' title="bbox 256 1456 1369 1573">
    <p class='ocr_par' dir='ltr' id='par_1_16' title="bbox 256 1456 1369 1573">
     <span class='ocr_line' id='line_1_58' title="bbox 258 1456 1325 1496; baseline -0.005 -8"><span class='ocrx_word' id='word_1_662' title='bbox 258 1469 280 1494; x_wconf 90' lang='grc'>1,</span> <span class='ocrx_word' id='word_1_663' title='bbox 301 1470 321 1492; x_wconf 89' lang='grc'>1,</span> <span class='ocrx_word' id='word_1_664' title='bbox 340 1463 384 1496; x_wconf 84' lang='grc'>67.</span> <span class='ocrx_word' id='word_1_665' title='bbox 514 1459 651 1487; x_wconf 88' lang='lat' dir='ltr'>Conuenit</span> <span class='ocrx_word' id='word_1_666' title='bbox 669 1458 700 1485; x_wconf 87' lang='lat' dir='ltr'>ad</span> <span class='ocrx_word' id='word_1_667' title='bbox 720 1467 848 1491; x_wconf 85' lang='lat' dir='ltr'>numum,</span> <span class='ocrx_word' id='word_1_668' title='bbox 886 1457 1040 1492; x_wconf 83' lang='lat' dir='ltr'>Corrogare</span> <span class='ocrx_word' id='word_1_669' title='bbox 1066 1466 1180 1490; x_wconf 87' lang='lat' dir='ltr'>numos,</span> <span class='ocrx_word' id='word_1_670' title='bbox 1217 1456 1325 1483; x_wconf 89' lang='lat' dir='ltr'>Cudere</span> 
     </span>
     <span class='ocr_line' id='line_1_59' title="bbox 257 1492 1324 1531; baseline -0.005 -8"><span class='ocrx_word' id='word_1_671' title='bbox 257 1505 371 1527; x_wconf 84' lang='lat' dir='ltr'>numos,</span> <span class='ocrx_word' id='word_1_672' title='bbox 397 1496 454 1523; x_wconf 78' lang='lat' dir='ltr'>vid.</span> <span class='ocrx_word' id='word_1_673' title='bbox 463 1495 503 1531; x_wconf 78' lang='lat' dir='ltr'><em>ff</em></span> <span class='ocrx_word' id='word_1_674' title='bbox 515 1495 538 1524; x_wconf 79' lang='lat' dir='ltr'>lt.</span> <span class='ocrx_word' id='word_1_675' title='bbox 663 1494 806 1521; x_wconf 83' lang='lat' dir='ltr'>Effundere</span> <span class='ocrx_word' id='word_1_676' title='bbox 819 1494 905 1520; x_wconf 86' lang='lat' dir='ltr'>saccos</span> <span class='ocrx_word' id='word_1_677' title='bbox 919 1501 1067 1519; x_wconf 89' lang='lat' dir='ltr'>numorum</span> <span class='ocrx_word' id='word_1_678' title='bbox 1109 1492 1179 1519; x_wconf 88' lang='lat' dir='ltr'>Hor.</span> <span class='ocrx_word' id='word_1_679' title='bbox 1198 1492 1281 1519; x_wconf 90' lang='lat' dir='ltr'>Serm.</span> <span class='ocrx_word' id='word_1_680' title='bbox 1300 1501 1324 1525; x_wconf 86' lang='grc'>2,</span> 
     </span>
     <span class='ocr_line' id='line_1_60' title="bbox 256 1528 1369 1573; baseline -0.005 -14"><span class='ocrx_word' id='word_1_681' title='bbox 256 1541 279 1565; x_wconf 82' lang='lat'>3,</span> <span class='ocrx_word' id='word_1_682' title='bbox 292 1541 343 1566; x_wconf 86' lang='lat'>¹49-</span> <span class='ocrx_word' id='word_1_683' title='bbox 358 1567 364 1573; x_wconf 47' lang='lat'><em>·</em></span> <span class='ocrx_word' id='word_1_684' title='bbox 468 1531 581 1573; x_wconf 75' lang='lat' dir='ltr'>Exigere</span> <span class='ocrx_word' id='word_1_685' title='bbox 593 1531 695 1565; x_wconf 88' lang='lat' dir='ltr'>aliquid</span> <span class='ocrx_word' id='word_1_686' title='bbox 707 1531 737 1557; x_wconf 92' lang='lat' dir='ltr'>in</span> <span class='ocrx_word' id='word_1_687' title='bbox 750 1539 833 1556; x_wconf 87' lang='lat' dir='ltr'>numo</span> <span class='ocrx_word' id='word_1_688' title='bbox 867 1528 994 1556; x_wconf 84' lang='lat' dir='ltr'>Trebell.</span> <span class='ocrx_word' id='word_1_689' title='bbox 1010 1528 1075 1555; x_wconf 85' lang='lat' dir='ltr'>Poll.</span> <span class='ocrx_word' id='word_1_690' title='bbox 1090 1528 1119 1555; x_wconf 92' lang='lat' dir='ltr'>in</span> <span class='ocrx_word' id='word_1_691' title='bbox 1135 1528 1229 1555; x_wconf 85' lang='lat' dir='ltr'>Claud.</span> <span class='ocrx_word' id='word_1_692' title='bbox 1249 1536 1324 1568; x_wconf 55' lang='lat'>⁰2¹4·</span> <span class='ocrx_word' id='word_1_693' title='bbox 1338 1539 1369 1565; x_wconf 78' lang='lat'>35</span> 
     </span>
    </p>
   </div>
   <div class='ocr_carea' id='block_1_14' title="bbox 255 1563 1325 1709">
    <p class='ocr_par' dir='ltr' id='par_1_17' title="bbox 255 1563 1325 1709">
     <span class='ocr_line' id='line_1_61' title="bbox 255 1563 1324 1603; baseline -0.005 -9"><span class='ocrx_word' id='word_1_694' title='bbox 255 1568 277 1594; x_wconf 79' lang='grc' dir='ltr'>ἰ.</span> <span class='ocrx_word' id='word_1_695' title='bbox 294 1575 404 1603; x_wconf 71' lang='lat' dir='ltr'>pretium</span> <span class='ocrx_word' id='word_1_696' title='bbox 417 1567 458 1592; x_wconf 83' lang='lat' dir='ltr'>rei</span> <span class='ocrx_word' id='word_1_697' title='bbox 468 1576 584 1601; x_wconf 63' lang='lat' dir='ltr'>engere,</span> <span class='ocrx_word' id='word_1_698' title='bbox 608 1575 656 1592; x_wconf 83' lang='lat' dir='ltr'>non</span> <span class='ocrx_word' id='word_1_699' title='bbox 668 1576 727 1593; x_wconf 79' lang='lat' dir='ltr'>rem.</span> <span class='ocrx_word' id='word_1_700' title='bbox 816 1563 973 1600; x_wconf 85' lang='lat' dir='ltr'>Expendere</span> <span class='ocrx_word' id='word_1_701' title='bbox 991 1573 1089 1591; x_wconf 84' lang='lat' dir='ltr'>numos</span> <span class='ocrx_word' id='word_1_702' title='bbox 1102 1570 1193 1591; x_wconf 87' lang='lat' dir='ltr'>cautos</span> <span class='ocrx_word' id='word_1_703' title='bbox 1207 1571 1324 1590; x_wconf 80' lang='lat' dir='ltr'>nomim-</span> 
     </span>
     <span class='ocr_line' id='line_1_62' title="bbox 256 1600 1325 1637; baseline -0.004 -7"><span class='ocrx_word' id='word_1_704' title='bbox 256 1602 307 1631; x_wconf 83' lang='lat' dir='ltr'>bus</span> <span class='ocrx_word' id='word_1_705' title='bbox 321 1602 400 1630; x_wconf 87' lang='lat' dir='ltr'>certis</span> <span class='ocrx_word' id='word_1_706' title='bbox 427 1603 495 1629; x_wconf 86' lang='lat' dir='ltr'>Hor.</span> <span class='ocrx_word' id='word_1_707' title='bbox 508 1601 586 1637; x_wconf 87' lang='lat' dir='ltr'>Epist.</span> <span class='ocrx_word' id='word_1_708' title='bbox 598 1610 620 1635; x_wconf 87' lang='lat'>2,</span> <span class='ocrx_word' id='word_1_709' title='bbox 636 1611 654 1635; x_wconf 87' lang='lat'>1,</span> <span class='ocrx_word' id='word_1_710' title='bbox 669 1611 721 1631; x_wconf 88' lang='lat'>105.</span> <span class='ocrx_word' id='word_1_711' title='bbox 799 1600 971 1636; x_wconf 77' lang='lat' dir='ltr'>Expendere,</span> <span class='ocrx_word' id='word_1_712' title='bbox 994 1603 1030 1627; x_wconf 84' lang='lat' dir='ltr'>ad</span> <span class='ocrx_word' id='word_1_713' title='bbox 1039 1600 1141 1636; x_wconf 64' lang='lat' dir='ltr'>‘usuram</span> <span class='ocrx_word' id='word_1_714' title='bbox 1153 1602 1233 1627; x_wconf 87' lang='lat' dir='ltr'>dare:</span> <span class='ocrx_word' id='word_1_715' title='bbox 1276 1608 1325 1626; x_wconf 87' lang='lat' dir='ltr'>nu-</span> 
     </span>
     <span class='ocr_line' id='line_1_63' title="bbox 255 1636 1323 1674; baseline -0.007 -8"><span class='ocrx_word' id='word_1_716' title='bbox 255 1648 316 1667; x_wconf 88' lang='lat' dir='ltr'>mos</span> <span class='ocrx_word' id='word_1_717' title='bbox 332 1645 422 1666; x_wconf 82' lang='lat' dir='ltr'>cautos</span> <span class='ocrx_word' id='word_1_718' title='bbox 430 1656 440 1670; x_wconf 92' lang='lat'>,</span> <span class='ocrx_word' id='word_1_719' title='bbox 470 1638 600 1671; x_wconf 86' lang='lat' dir='ltr'>cautefiue</span> <span class='ocrx_word' id='word_1_720' title='bbox 611 1644 658 1672; x_wconf 81' lang='lat' dir='ltr'>per</span> <span class='ocrx_word' id='word_1_721' title='bbox 671 1638 860 1674; x_wconf 80' lang='lat' dir='ltr'>chirographum</span> <span class='ocrx_word' id='word_1_722' title='bbox 872 1637 901 1665; x_wconf 64' lang='lat' dir='ltr'>a&amp;</span> <span class='ocrx_word' id='word_1_723' title='bbox 913 1637 1050 1664; x_wconf 77' lang='lat' dir='ltr'>cautionem</span> <span class='ocrx_word' id='word_1_724' title='bbox 1062 1637 1147 1663; x_wconf 85' lang='lat' dir='ltr'>datos.-</span> <span class='ocrx_word' id='word_1_725' title='bbox 1184 1636 1264 1663; x_wconf 87' lang='lat' dir='ltr'>certis</span> <span class='ocrx_word' id='word_1_726' title='bbox 1277 1644 1323 1662; x_wconf 91' lang='lat' dir='ltr'>no.</span> 
     </span>
     <span class='ocr_line' id='line_1_64' title="bbox 255 1670 1324 1709; baseline -0.004 -7"><span class='ocrx_word' id='word_1_727' title='bbox 255 1675 393 1709; x_wconf 82' lang='lat' dir='ltr'>minibus,</span> <span class='ocrx_word' id='word_1_728' title='bbox 411 1673 562 1700; x_wconf 75' lang='lat' dir='ltr'>debitoribus</span> <span class='ocrx_word' id='word_1_729' title='bbox 573 1684 590 1699; x_wconf 89' lang='lat' dir='ltr'><em>a</em></span> <span class='ocrx_word' id='word_1_730' title='bbox 602 1673 689 1707; x_wconf 86' lang='lat' dir='ltr'>quibus</span> <span class='ocrx_word' id='word_1_731' title='bbox 703 1681 773 1699; x_wconf 85' lang='lat' dir='ltr'>certa</span> <span class='ocrx_word' id='word_1_732' title='bbox 787 1673 915 1709; x_wconf 73' lang='lat' dir='ltr'>expet&#39;lari</span> <span class='ocrx_word' id='word_1_733' title='bbox 926 1670 997 1708; x_wconf 83' lang='lat' dir='ltr'>poffit</span> <span class='ocrx_word' id='word_1_734' title='bbox 1003 1672 1108 1708; x_wconf 82' lang='lat' dir='ltr'>solutio.</span> <span class='ocrx_word' id='word_1_735' title='bbox 1205 1671 1324 1699; x_wconf 85' lang='lat' dir='ltr'>Extrica-</span> 
     </span>
    </p>
   </div>
   <div class='ocr_carea' id='block_1_15' title="bbox 254 1707 1854 1745">
    <p class='ocr_par' dir='ltr' id='par_1_18' title="bbox 254 1707 1854 1745">
     <span class='ocr_line' id='line_1_65' title="bbox 254 1707 1854 1745; baseline -0.001 -8"><span class='ocrx_word' id='word_1_736' title='bbox 254 1719 285 1738; x_wconf 78' lang='lat' dir='ltr'>re</span> <span class='ocrx_word' id='word_1_737' title='bbox 301 1719 397 1737; x_wconf 88' lang='lat' dir='ltr'>numos</span> <span class='ocrx_word' id='word_1_738' title='bbox 410 1708 481 1737; x_wconf 86' lang='lat' dir='ltr'>vnde</span> <span class='ocrx_word' id='word_1_739' title='bbox 493 1708 579 1741; x_wconf 88' lang='lat' dir='ltr'>vnde,</span> <span class='ocrx_word' id='word_1_740' title='bbox 599 1710 623 1735; x_wconf 90' lang='lat' dir='ltr'>h.</span> <span class='ocrx_word' id='word_1_741' title='bbox 636 1718 657 1735; x_wconf 84' lang='lat' dir='ltr'>e.</span> <span class='ocrx_word' id='word_1_742' title='bbox 673 1710 847 1743; x_wconf 77' lang='lat' dir='ltr'>Corrogare-et</span> <span class='ocrx_word' id='word_1_743' title='bbox 860 1707 981 1743; x_wconf 84' lang='lat' dir='ltr'>Colligere</span> <span class='ocrx_word' id='word_1_744' title='bbox 1022 1708 1094 1734; x_wconf 81' lang='lat' dir='ltr'>Hor.</span> <span class='ocrx_word' id='word_1_745' title='bbox 1114 1708 1199 1735; x_wconf 88' lang='lat' dir='ltr'>Serm.</span> <span class='ocrx_word' id='word_1_746' title='bbox 1214 1718 1234 1742; x_wconf 87' lang='lat'>1,</span> <span class='ocrx_word' id='word_1_747' title='bbox 1250 1719 1271 1741; x_wconf 87' lang='lat'>3,</span> <span class='ocrx_word' id='word_1_748' title='bbox 1284 1714 1322 1738; x_wconf 81' lang='lat'>88.</span> <span class='ocrx_word' id='word_1_749' title='bbox 1335 1720 1370 1745; x_wconf 80' lang='lat'>40</span> <span class='ocrx_word' id='word_1_750' title='bbox 1384 1718 1455 1736; x_wconf 91' lang='lat' dir='ltr'>nunc</span> <span class='ocrx_word' id='word_1_751' title='bbox 1470 1710 1544 1736; x_wconf 85' lang='lat' dir='ltr'>nulla</span> <span class='ocrx_word' id='word_1_752' title='bbox 1556 1709 1593 1736; x_wconf 85' lang='lat' dir='ltr'>est</span> <span class='ocrx_word' id='word_1_753' title='bbox 1612 1709 1669 1735; x_wconf 81' lang='lat' dir='ltr'>Cic.</span> <span class='ocrx_word' id='word_1_754' title='bbox 1684 1709 1753 1736; x_wconf 83' lang='lat' dir='ltr'>Phil.</span> <span class='ocrx_word' id='word_1_755' title='bbox 1767 1718 1780 1742; x_wconf 92' lang='lat'><em>7</em></span> <span class='ocrx_word' id='word_1_756' title='bbox 1794 1718 1816 1736; x_wconf 88' lang='lat' dir='ltr'>c.</span> <span class='ocrx_word' id='word_1_757' title='bbox 1831 1716 1854 1742; x_wconf 88' lang='grc' dir='ltr'>ς.</span> 
     </span>
    </p>
   </div>
   <div class='ocr_carea' id='block_1_16' title="bbox 248 1744 1324 2423">
    <p class='ocr_par' dir='ltr' id='par_1_19' title="bbox 248 1744 1324 2423">
     <span class='ocr_line' id='line_1_66' title="bbox 254 1744 1324 1777; baseline -0.003 -4"><span class='ocrx_word' id='word_1_758' title='bbox 254 1746 365 1773; x_wconf 85' lang='lat' dir='ltr'>Habere</span> <span class='ocrx_word' id='word_1_759' title='bbox 378 1745 408 1771; x_wconf 93' lang='lat' dir='ltr'>in</span> <span class='ocrx_word' id='word_1_760' title='bbox 427 1745 515 1771; x_wconf 86' lang='lat' dir='ltr'>numis</span> <span class='ocrx_word' id='word_1_761' title='bbox 560 1744 618 1771; x_wconf 86' lang='lat' dir='ltr'>Cic.</span> <span class='ocrx_word' id='word_1_762' title='bbox 631 1746 685 1771; x_wconf 85' lang='lat' dir='ltr'>Att.</span> <span class='ocrx_word' id='word_1_763' title='bbox 700 1750 724 1777; x_wconf 85' lang='lat'>8,</span> <span class='ocrx_word' id='word_1_764' title='bbox 736 1752 763 1777; x_wconf 88' lang='lat'>9.</span> <span class='ocrx_word' id='word_1_765' title='bbox 782 1745 853 1770; x_wconf 77' lang='lat' dir='ltr'>Add.</span> <span class='ocrx_word' id='word_1_766' title='bbox 867 1744 947 1771; x_wconf 84' lang='lat' dir='ltr'>Verr.</span> <span class='ocrx_word' id='word_1_767' title='bbox 959 1753 971 1777; x_wconf 84' lang='lat'>3</span> <span class='ocrx_word' id='word_1_768' title='bbox 986 1753 1008 1770; x_wconf 88' lang='lat' dir='ltr'>e.</span> <span class='ocrx_word' id='word_1_769' title='bbox 1026 1745 1066 1773; x_wconf 85' lang='lat'>86.</span> <span class='ocrx_word' id='word_1_770' title='bbox 1139 1744 1257 1771; x_wconf 71' lang='grc'><strong>136131111-</strong></span> <span class='ocrx_word' id='word_1_771' title='bbox 1275 1753 1324 1770; x_wconf 87' lang='grc'><strong>1111-</strong></span> 
     </span>
     <span class='ocr_line' id='line_1_67' title="bbox 255 1779 1323 1815; baseline -0.004 -6"><span class='ocrx_word' id='word_1_772' title='bbox 255 1791 336 1815; x_wconf 87' lang='lat' dir='ltr'>mus,</span> <span class='ocrx_word' id='word_1_773' title='bbox 371 1781 426 1807; x_wconf 85' lang='lat' dir='ltr'>vid.</span> <span class='ocrx_word' id='word_1_774' title='bbox 447 1786 562 1808; x_wconf 77' lang='lat' dir='ltr'>1AC‘1&#39;0.</span> <span class='ocrx_word' id='word_1_775' title='bbox 675 1780 790 1806; x_wconf 88' lang='lat' dir='ltr'>Mouere</span> <span class='ocrx_word' id='word_1_776' title='bbox 808 1787 920 1806; x_wconf 87' lang='lat' dir='ltr'>numum</span> <span class='ocrx_word' id='word_1_777' title='bbox 932 1800 941 1813; x_wconf 89' lang='lat'>,</span> <span class='ocrx_word' id='word_1_778' title='bbox 983 1779 1038 1806; x_wconf 83' lang='lat' dir='ltr'>vid.</span> <span class='ocrx_word' id='word_1_779' title='bbox 1056 1781 1128 1807; x_wconf 85' lang='lat' dir='ltr'>modo</span> <span class='ocrx_word' id='word_1_780' title='bbox 1141 1780 1323 1806; x_wconf 89' lang='lat' dir='ltr'>Commouere</span> 
     </span>
     <span class='ocr_line' id='line_1_68' title="bbox 254 1814 1323 1850; baseline -0.003 -5"><span class='ocrx_word' id='word_1_781' title='bbox 254 1826 380 1845; x_wconf 81' lang='lat' dir='ltr'>numum.</span> <span class='ocrx_word' id='word_1_782' title='bbox 487 1815 611 1843; x_wconf 77' lang='lat' dir='ltr'>Olt‘acere</span> <span class='ocrx_word' id='word_1_783' title='bbox 629 1823 743 1849; x_wconf 86' lang='lat' dir='ltr'>numos,</span> <span class='ocrx_word' id='word_1_784' title='bbox 778 1815 834 1841; x_wconf 78' lang='lat' dir='ltr'>vid.</span> <span class='ocrx_word' id='word_1_785' title='bbox 856 1820 898 1841; x_wconf 84' lang='lat'>01.</span> <span class='ocrx_word' id='word_1_786' title='bbox 906 1820 1026 1841; x_wconf 76' lang='lat' dir='ltr'>FAclo.</span> <span class='ocrx_word' id='word_1_787' title='bbox 1141 1815 1213 1842; x_wconf 83' lang='lat' dir='ltr'>Parti</span> <span class='ocrx_word' id='word_1_788' title='bbox 1232 1814 1323 1850; x_wconf 88' lang='lat' dir='ltr'>gladio</span> 
     </span>
     <span class='ocr_line' id='line_1_69' title="bbox 255 1850 1323 1888; baseline -0.005 -7"><span class='ocrx_word' id='word_1_789' title='bbox 255 1854 302 1881; x_wconf 86' lang='lat' dir='ltr'>vel</span> <span class='ocrx_word' id='word_1_790' title='bbox 316 1852 413 1888; x_wconf 85' lang='lat' dir='ltr'>pyxide</span> <span class='ocrx_word' id='word_1_791' title='bbox 427 1851 504 1879; x_wconf 90' lang='lat' dir='ltr'>numi</span> <span class='ocrx_word' id='word_1_792' title='bbox 538 1852 631 1878; x_wconf 84' lang='lat' dir='ltr'>quen.</span> <span class='ocrx_word' id='word_1_793' title='bbox 645 1851 697 1878; x_wconf 90' lang='lat' dir='ltr'>Sat.</span> <span class='ocrx_word' id='word_1_794' title='bbox 711 1858 744 1883; x_wconf 83' lang='lat'>13,</span> <span class='ocrx_word' id='word_1_795' title='bbox 758 1857 795 1883; x_wconf 74' lang='lat'>25.</span> <span class='ocrx_word' id='word_1_796' title='bbox 846 1850 870 1876; x_wconf 89' lang='lat' dir='ltr'>h.</span> <span class='ocrx_word' id='word_1_797' title='bbox 884 1859 904 1877; x_wconf 90' lang='lat' dir='ltr'>e.</span> <span class='ocrx_word' id='word_1_798' title='bbox 924 1850 1054 1885; x_wconf 76' lang='lat' dir='ltr'>Aequisiti</span> <span class='ocrx_word' id='word_1_799' title='bbox 1065 1857 1110 1877; x_wconf 80' lang='lat' dir='ltr'>aut</span> <span class='ocrx_word' id='word_1_800' title='bbox 1124 1853 1197 1877; x_wconf 80' lang='lat' dir='ltr'>caede</span> <span class='ocrx_word' id='word_1_801' title='bbox 1208 1851 1323 1884; x_wconf 83' lang='lat' dir='ltr'>bominis,</span> 
     </span>
     <span class='ocr_line' id='line_1_70' title="bbox 255 1886 654 1922; baseline -0.008 -5"><span class='ocrx_word' id='word_1_802' title='bbox 255 1897 302 1917; x_wconf 84' lang='lat' dir='ltr'>aut</span> <span class='ocrx_word' id='word_1_803' title='bbox 313 1898 406 1916; x_wconf 82' lang='lat' dir='ltr'>veneno</span> <span class='ocrx_word' id='word_1_804' title='bbox 419 1888 446 1913; x_wconf 84' lang='lat' dir='ltr'>in</span> <span class='ocrx_word' id='word_1_805' title='bbox 458 1888 552 1922; x_wconf 83' lang='lat' dir='ltr'>pyxide</span> <span class='ocrx_word' id='word_1_806' title='bbox 564 1886 654 1922; x_wconf 84' lang='lat' dir='ltr'>clauso.</span> 
     </span>
     <span class='ocr_line' id='line_1_71' title="bbox 256 1922 1323 1956; baseline -0.004 -4"><span class='ocrx_word' id='word_1_807' title='bbox 256 1924 416 1952; x_wconf 88' lang='lat' dir='ltr'>Recondere</span> <span class='ocrx_word' id='word_1_808' title='bbox 428 1932 525 1950; x_wconf 90' lang='lat' dir='ltr'>numos</span> <span class='ocrx_word' id='word_1_809' title='bbox 538 1929 564 1950; x_wconf 90' lang='lat' dir='ltr'>et</span> <span class='ocrx_word' id='word_1_810' title='bbox 585 1931 681 1949; x_wconf 87' lang='lat' dir='ltr'>aurum</span> <span class='ocrx_word' id='word_1_811' title='bbox 723 1922 793 1949; x_wconf 86' lang='lat' dir='ltr'>Hor.</span> <span class='ocrx_word' id='word_1_812' title='bbox 808 1923 892 1950; x_wconf 85' lang='lat' dir='ltr'>Serm.</span> <span class='ocrx_word' id='word_1_813' title='bbox 911 1930 937 1953; x_wconf 84' lang='lat'>2,</span> <span class='ocrx_word' id='word_1_814' title='bbox 956 1931 977 1956; x_wconf 80' lang='lat'>3,</span> <span class='ocrx_word' id='word_1_815' title='bbox 995 1931 1050 1956; x_wconf 87' lang='lat'><strong>¹09·</strong></span> <span class='ocrx_word' id='word_1_816' title='bbox 1177 1923 1323 1950; x_wconf 86' lang='lat' dir='ltr'>Rcfulserit</span> 
     </span>
     <span class='ocr_line' id='line_1_72' title="bbox 254 1957 1323 1995; baseline -0.005 -6"><span class='ocrx_word' id='word_1_817' title='bbox 254 1961 333 1989; x_wconf 86' lang='lat' dir='ltr'>numi</span> <span class='ocrx_word' id='word_1_818' title='bbox 349 1960 366 1987; x_wconf 85' lang='lat' dir='ltr'>si</span> <span class='ocrx_word' id='word_1_819' title='bbox 380 1960 436 1995; x_wconf 91' lang='lat' dir='ltr'>spes</span> <span class='ocrx_word' id='word_1_820' title='bbox 455 1958 540 1986; x_wconf 86' lang='lat' dir='ltr'>dolosi</span> <span class='ocrx_word' id='word_1_821' title='bbox 565 1959 634 1986; x_wconf 89' lang='lat' dir='ltr'>Pers.</span> <span class='ocrx_word' id='word_1_822' title='bbox 647 1957 717 1993; x_wconf 89' lang='lat' dir='ltr'>prol.</span> <span class='ocrx_word' id='word_1_823' title='bbox 732 1967 765 1985; x_wconf 81' lang='lat'>12.</span> <span class='ocrx_word' id='word_1_824' title='bbox 872 1958 995 1985; x_wconf 85' lang='lat' dir='ltr'>Scribere</span> <span class='ocrx_word' id='word_1_825' title='bbox 1011 1967 1126 1991; x_wconf 86' lang='lat' dir='ltr'>numos,</span> <span class='ocrx_word' id='word_1_826' title='bbox 1154 1958 1189 1994; x_wconf 83' lang='lat' dir='ltr'>est</span> <span class='ocrx_word' id='word_1_827' title='bbox 1204 1960 1323 1994; x_wconf 78' lang='lat' dir='ltr'>Obligare</span> 
     </span>
     <span class='ocr_line' id='line_1_73' title="bbox 248 1993 1323 2034; baseline -0.002 -11"><span class='ocrx_word' id='word_1_828' title='bbox 248 1997 280 2034; x_wconf 75' lang='lat' dir='ltr'>se</span> <span class='ocrx_word' id='word_1_829' title='bbox 291 1998 321 2023; x_wconf 87' lang='lat' dir='ltr'>de</span> <span class='ocrx_word' id='word_1_830' title='bbox 335 1997 415 2022; x_wconf 85' lang='lat' dir='ltr'>numis</span> <span class='ocrx_word' id='word_1_831' title='bbox 421 1994 551 2032; x_wconf 48' lang='lat' dir='ltr'>soluendis</span> <span class='ocrx_word' id='word_1_832' title='bbox 590 1994 671 2022; x_wconf 83' lang='lat' dir='ltr'>Plaut.</span> <span class='ocrx_word' id='word_1_833' title='bbox 685 1993 756 2020; x_wconf 82' lang='lat' dir='ltr'>Asin.</span> <span class='ocrx_word' id='word_1_834' title='bbox 771 2001 797 2027; x_wconf 82' lang='lat'>2,</span> <span class='ocrx_word' id='word_1_835' title='bbox 809 2002 831 2026; x_wconf 79' lang='lat'>3,</span> <span class='ocrx_word' id='word_1_836' title='bbox 846 2003 882 2028; x_wconf 80' lang='lat'>34.</span> <span class='ocrx_word' id='word_1_837' title='bbox 990 1994 1118 2028; x_wconf 81' lang='lat' dir='ltr'>Spargere</span> <span class='ocrx_word' id='word_1_838' title='bbox 1129 2003 1225 2021; x_wconf 86' lang='lat' dir='ltr'>numos</span> <span class='ocrx_word' id='word_1_839' title='bbox 1241 2003 1323 2029; x_wconf 85' lang='lat' dir='ltr'>popu-</span> 
     </span>
     <span class='ocr_line' id='line_1_74' title="bbox 253 2028 1321 2062; baseline -0.004 -3"><span class='ocrx_word' id='word_1_840' title='bbox 253 2032 283 2059; x_wconf 78' lang='lat' dir='ltr'>lo</span> <span class='ocrx_word' id='word_1_841' title='bbox 303 2031 335 2058; x_wconf 86' lang='lat' dir='ltr'>de</span> <span class='ocrx_word' id='word_1_842' title='bbox 351 2029 454 2057; x_wconf 82' lang='lat' dir='ltr'>Rostris</span> <span class='ocrx_word' id='word_1_843' title='bbox 494 2029 551 2055; x_wconf 81' lang='lat' dir='ltr'>Cic.</span> <span class='ocrx_word' id='word_1_844' title='bbox 562 2028 678 2062; x_wconf 83' lang='lat' dir='ltr'>Philipp.</span> <span class='ocrx_word' id='word_1_845' title='bbox 692 2037 714 2060; x_wconf 84' lang='lat'>3,</span> <span class='ocrx_word' id='word_1_846' title='bbox 729 2030 764 2054; x_wconf 90' lang='lat'>16.</span> <span class='ocrx_word' id='word_1_847' title='bbox 891 2028 1041 2055; x_wconf 88' lang='lat' dir='ltr'>Subducere</span> <span class='ocrx_word' id='word_1_848' title='bbox 1059 2029 1093 2055; x_wconf 88' lang='lat' dir='ltr'>ad</span> <span class='ocrx_word' id='word_1_849' title='bbox 1106 2038 1235 2061; x_wconf 89' lang='lat' dir='ltr'>numum,</span> <span class='ocrx_word' id='word_1_850' title='bbox 1266 2030 1321 2055; x_wconf 80' lang='lat' dir='ltr'>vid.</span> 
     </span>
     <span class='ocr_line' id='line_1_75' title="bbox 255 2070 470 2095; baseline -0.023 0"><span class='ocrx_word' id='word_1_851' title='bbox 255 2073 271 2095; x_wconf 72' lang='lat' dir='ltr'>S</span> <span class='ocrx_word' id='word_1_852' title='bbox 282 2073 304 2093; x_wconf 88' lang='lat' dir='ltr'>V</span> <span class='ocrx_word' id='word_1_853' title='bbox 313 2073 330 2093; x_wconf 86' lang='grc' dir='ltr'><em>Β</em></span> <span class='ocrx_word' id='word_1_854' title='bbox 343 2072 363 2093; x_wconf 83' lang='lat' dir='ltr'>D</span> <span class='ocrx_word' id='word_1_855' title='bbox 376 2071 398 2092; x_wconf 91' lang='lat' dir='ltr'>V</span> <span class='ocrx_word' id='word_1_856' title='bbox 411 2070 429 2092; x_wconf 93' lang='lat' dir='ltr'>C</span> <span class='ocrx_word' id='word_1_857' title='bbox 440 2070 470 2091; x_wconf 93' lang='lat'>0.</span> 
     </span>
     <span class='ocr_line' id='line_1_76' title="bbox 253 2096 1321 2135; baseline -0.007 -6"><span class='ocrx_word' id='word_1_858' title='bbox 253 2102 348 2135; x_wconf 90' lang='lat' dir='ltr'>nullo,</span> <span class='ocrx_word' id='word_1_859' title='bbox 387 2100 430 2128; x_wconf 85' lang='lat' dir='ltr'>sed</span> <span class='ocrx_word' id='word_1_860' title='bbox 444 2100 474 2126; x_wconf 88' lang='lat' dir='ltr'>in</span> <span class='ocrx_word' id='word_1_861' title='bbox 485 2099 538 2126; x_wconf 88' lang='lat' dir='ltr'>suis</span> <span class='ocrx_word' id='word_1_862' title='bbox 551 2099 641 2125; x_wconf 81' lang='lat' dir='ltr'>munis</span> <span class='ocrx_word' id='word_1_863' title='bbox 653 2097 745 2124; x_wconf 79' lang='lat' dir='ltr'>multis</span> <span class='ocrx_word' id='word_1_864' title='bbox 762 2097 827 2131; x_wconf 79' lang='lat' dir='ltr'>effe,</span> <span class='ocrx_word' id='word_1_865' title='bbox 856 2097 1013 2132; x_wconf 89' lang='lat' dir='ltr'>semperque</span> <span class='ocrx_word' id='word_1_866' title='bbox 1027 2097 1113 2123; x_wconf 71' lang='lat' dir='ltr'>fuiss‘e.</span> <span class='ocrx_word' id='word_1_867' title='bbox 1136 2107 1139 2110; x_wconf 54' lang='lat'><em>&gt;</em></span> <span class='ocrx_word' id='word_1_868' title='bbox 1205 2096 1321 2124; x_wconf 68' lang='lat' dir='ltr'>Trae&#39;ta-</span> 
     </span>
     <span class='ocr_line' id='line_1_77' title="bbox 253 2132 1320 2167; baseline -0.008 -1"><span class='ocrx_word' id='word_1_869' title='bbox 253 2148 284 2167; x_wconf 87' lang='lat' dir='ltr'>re</span> <span class='ocrx_word' id='word_1_870' title='bbox 299 2136 490 2165; x_wconf 87' lang='lat' dir='ltr'>bibliothecam</span> <span class='ocrx_word' id='word_1_871' title='bbox 503 2135 650 2162; x_wconf 87' lang='lat' dir='ltr'>multorum</span> <span class='ocrx_word' id='word_1_872' title='bbox 668 2142 816 2161; x_wconf 87' lang='lat' dir='ltr'>numorum</span> <span class='ocrx_word' id='word_1_873' title='bbox 845 2132 919 2160; x_wconf 84' lang='lat' dir='ltr'>Idem</span> <span class='ocrx_word' id='word_1_874' title='bbox 934 2133 1006 2160; x_wconf 86' lang='lat' dir='ltr'>Fam.</span> <span class='ocrx_word' id='word_1_875' title='bbox 1022 2142 1057 2166; x_wconf 72' lang='lat'>1⁴,</span> <span class='ocrx_word' id='word_1_876' title='bbox 1071 2139 1110 2166; x_wconf 84' lang='lat'>78.</span> <span class='ocrx_word' id='word_1_877' title='bbox 1306 2141 1320 2163; x_wconf 88' lang='lat'>4</span> 
     </span>
     <span class='ocr_line' id='line_1_78' title="bbox 253 2168 1321 2208; baseline -0.008 -6"><span class='ocrx_word' id='word_1_878' title='bbox 253 2175 362 2203; x_wconf 86' lang='lat' dir='ltr'>Numus</span> <span class='ocrx_word' id='word_1_879' title='bbox 371 2194 381 2208; x_wconf 90' lang='lat'>,</span> <span class='ocrx_word' id='word_1_880' title='bbox 409 2174 506 2199; x_wconf 81' lang='lat' dir='ltr'>Nomen</span> <span class='ocrx_word' id='word_1_881' title='bbox 513 2171 623 2208; x_wconf 79' lang='lat' dir='ltr'>speciale</span> <span class='ocrx_word' id='word_1_882' title='bbox 637 2169 669 2206; x_wconf 86' lang='lat' dir='ltr'>est</span> <span class='ocrx_word' id='word_1_883' title='bbox 682 2170 835 2204; x_wconf 82' lang='lat' dir='ltr'>aliquando,</span> <span class='ocrx_word' id='word_1_884' title='bbox 860 2169 925 2195; x_wconf 76' lang='lat' dir='ltr'>idem</span> <span class='ocrx_word' id='word_1_885' title='bbox 938 2170 1005 2204; x_wconf 84' lang='lat' dir='ltr'>quod</span> <span class='ocrx_word' id='word_1_886' title='bbox 1015 2168 1154 2205; x_wconf 57' lang='lat' dir='ltr'>sestertius.</span> <span class='ocrx_word' id='word_1_887' title='bbox 1287 2168 1321 2194; x_wconf 84' lang='lat' dir='ltr'>ic.</span> 
     </span>
     <span class='ocr_line' id='line_1_79' title="bbox 252 2202 1321 2243; baseline -0.007 -5"><span class='ocrx_word' id='word_1_888' title='bbox 252 2211 335 2237; x_wconf 84' lang='lat' dir='ltr'>Verr.</span> <span class='ocrx_word' id='word_1_889' title='bbox 351 2218 428 2243; x_wconf 81' lang='lat'>3,140</span> <span class='ocrx_word' id='word_1_890' title='bbox 467 2208 547 2242; x_wconf 82' lang='lat' dir='ltr'>Cogit</span> <span class='ocrx_word' id='word_1_891' title='bbox 567 2206 641 2232; x_wconf 87' lang='lat' dir='ltr'>enim</span> <span class='ocrx_word' id='word_1_892' title='bbox 656 2204 819 2232; x_wconf 86' lang='lat' dir='ltr'>Scandilium</span> <span class='ocrx_word' id='word_1_893' title='bbox 835 2205 955 2240; x_wconf 90' lang='lat' dir='ltr'>quinque</span> <span class='ocrx_word' id='word_1_894' title='bbox 976 2204 1022 2232; x_wconf 84' lang='lat' dir='ltr'>illa</span> <span class='ocrx_word' id='word_1_895' title='bbox 1040 2204 1127 2231; x_wconf 90' lang='lat' dir='ltr'>millia</span> <span class='ocrx_word' id='word_1_896' title='bbox 1146 2202 1259 2230; x_wconf 74' lang='lat' dir='ltr'>numum</span> <span class='ocrx_word' id='word_1_897' title='bbox 1278 2203 1321 2229; x_wconf 89' lang='lat' dir='ltr'>da·</span> 
     </span>
     <span class='ocr_line' id='line_1_80' title="bbox 252 2241 650 2280; baseline -0.018 -5"><span class='ocrx_word' id='word_1_898' title='bbox 252 2255 300 2280; x_wconf 83' lang='lat' dir='ltr'>re,</span> <span class='ocrx_word' id='word_1_899' title='bbox 320 2255 350 2273; x_wconf 88' lang='lat' dir='ltr'>ac</span> <span class='ocrx_word' id='word_1_900' title='bbox 362 2251 503 2272; x_wconf 86' lang='lat' dir='ltr'>numerare</span> <span class='ocrx_word' id='word_1_901' title='bbox 517 2241 650 2278; x_wconf 83' lang='lat' dir='ltr'>Apronio.</span> 
     </span>
     <span class='ocr_line' id='line_1_81' title="bbox 254 2275 1322 2316; baseline -0.007 -7"><span class='ocrx_word' id='word_1_902' title='bbox 254 2282 292 2310; x_wconf 91' lang='lat' dir='ltr'>ob</span> <span class='ocrx_word' id='word_1_903' title='bbox 311 2281 469 2316; x_wconf 79' lang='lat' dir='ltr'>singularem</span> <span class='ocrx_word' id='word_1_904' title='bbox 484 2277 686 2314; x_wconf 87' lang='lat' dir='ltr'>improbitatem</span> <span class='ocrx_word' id='word_1_905' title='bbox 705 2282 784 2311; x_wconf 87' lang='lat' dir='ltr'>atque</span> <span class='ocrx_word' id='word_1_906' title='bbox 797 2275 934 2302; x_wconf 78' lang='lat' dir='ltr'>audaciam</span> <span class='ocrx_word' id='word_1_907' title='bbox 947 2276 1228 2310; x_wconf 87' lang='lat' dir='ltr'>praedicationemque</span> <span class='ocrx_word' id='word_1_908' title='bbox 1245 2275 1322 2302; x_wconf 86' lang='lat' dir='ltr'>nefa-</span> 
     </span>
     <span class='ocr_line' id='line_1_82' title="bbox 253 2310 1322 2348; baseline -0.007 -3"><span class='ocrx_word' id='word_1_909' title='bbox 253 2318 312 2346; x_wconf 85' lang='lat' dir='ltr'>riae</span> <span class='ocrx_word' id='word_1_910' title='bbox 326 2315 458 2344; x_wconf 79' lang='lat' dir='ltr'>societatis</span> <span class='ocrx_word' id='word_1_911' title='bbox 471 2314 587 2342; x_wconf 85' lang='lat' dir='ltr'>sestertia</span> <span class='ocrx_word' id='word_1_912' title='bbox 601 2313 720 2348; x_wconf 87' lang='lat' dir='ltr'>quinque</span> <span class='ocrx_word' id='word_1_913' title='bbox 733 2310 820 2338; x_wconf 88' lang='lat' dir='ltr'>millia</span> <span class='ocrx_word' id='word_1_914' title='bbox 839 2310 969 2338; x_wconf 85' lang='lat' dir='ltr'>mercedis</span> <span class='ocrx_word' id='word_1_915' title='bbox 984 2312 1095 2338; x_wconf 89' lang='lat' dir='ltr'>nomine</span> <span class='ocrx_word' id='word_1_916' title='bbox 1108 2320 1138 2338; x_wconf 86' lang='lat' dir='ltr'>ae</span> <span class='ocrx_word' id='word_1_917' title='bbox 1151 2311 1264 2346; x_wconf 87' lang='lat' dir='ltr'>praemii</span> <span class='ocrx_word' id='word_1_918' title='bbox 1278 2310 1322 2340; x_wconf 84' lang='lat' dir='ltr'>da-</span> 
     </span>
     <span class='ocr_line' id='line_1_83' title="bbox 254 2345 1322 2386; baseline -0.009 -4"><span class='ocrx_word' id='word_1_919' title='bbox 254 2363 296 2382; x_wconf 88' lang='lat' dir='ltr'>re.</span> <span class='ocrx_word' id='word_1_920' title='bbox 378 2352 479 2386; x_wconf 87' lang='lat' dir='ltr'>uinque</span> <span class='ocrx_word' id='word_1_921' title='bbox 493 2349 622 2377; x_wconf 77' lang='lat' dir='ltr'>sestertia:</span> <span class='ocrx_word' id='word_1_922' title='bbox 659 2348 778 2384; x_wconf 88' lang='lat' dir='ltr'>quinque</span> <span class='ocrx_word' id='word_1_923' title='bbox 790 2345 1052 2376; x_wconf 61' lang='lat' dir='ltr'>mssliasesterfifim:</span> <span class='ocrx_word' id='word_1_924' title='bbox 1090 2353 1116 2374; x_wconf 90' lang='lat' dir='ltr'>et</span> <span class='ocrx_word' id='word_1_925' title='bbox 1130 2347 1249 2382; x_wconf 89' lang='lat' dir='ltr'>quinque</span> <span class='ocrx_word' id='word_1_926' title='bbox 1261 2347 1322 2373; x_wconf 87' lang='lat' dir='ltr'>mil.</span> 
     </span>
     <span class='ocr_line' id='line_1_84' title="bbox 254 2380 1321 2423; baseline -0.008 -6"><span class='ocrx_word' id='word_1_927' title='bbox 254 2390 293 2418; x_wconf 87' lang='lat' dir='ltr'>lia</span> <span class='ocrx_word' id='word_1_928' title='bbox 305 2398 418 2416; x_wconf 88' lang='lat' dir='ltr'>numum</span> <span class='ocrx_word' id='word_1_929' title='bbox 432 2394 479 2423; x_wconf 82' lang='lat' dir='ltr'>pro</span> <span class='ocrx_word' id='word_1_930' title='bbox 492 2387 572 2412; x_wconf 86' lang='lat' dir='ltr'>eodem</span> <span class='ocrx_word' id='word_1_931' title='bbox 583 2384 660 2411; x_wconf 80' lang='lat' dir='ltr'>dixit.</span> <span class='ocrx_word' id='word_1_932' title='bbox 698 2385 820 2411; x_wconf 84' lang='lat' dir='ltr'>Budaeus.</span> <span class='ocrx_word' id='word_1_933' title='bbox 928 2382 973 2409; x_wconf 86' lang='lat' dir='ltr'>Bis</span> <span class='ocrx_word' id='word_1_934' title='bbox 992 2382 1060 2409; x_wconf 89' lang='lat' dir='ltr'>dena</span> <span class='ocrx_word' id='word_1_935' title='bbox 1078 2382 1195 2409; x_wconf 87' lang='lat' dir='ltr'>sestertia</span> <span class='ocrx_word' id='word_1_936' title='bbox 1208 2380 1321 2409; x_wconf 72' lang='lat' dir='ltr'>numsun</span> 
     </span>
    </p>
   </div>
   <div class='ocr_carea' id='block_1_17' title="bbox 746 1885 1551 1921">
    <p class='ocr_par' dir='ltr' id='par_1_20' title="bbox 746 1885 1551 1921">
     <span class='ocr_line' id='line_1_85' title="bbox 746 1885 1551 1921; baseline 0.001 -9"><span class='ocrx_word' id='word_1_937' title='bbox 746 1885 891 1913; x_wconf 83' lang='lat' dir='ltr'>Peruenire</span> <span class='ocrx_word' id='word_1_938' title='bbox 904 1885 936 1913; x_wconf 89' lang='lat' dir='ltr'>ad</span> <span class='ocrx_word' id='word_1_939' title='bbox 949 1895 1046 1913; x_wconf 82' lang='lat' dir='ltr'>numos</span> <span class='ocrx_word' id='word_1_940' title='bbox 1084 1886 1141 1913; x_wconf 91' lang='lat' dir='ltr'>Cic.</span> <span class='ocrx_word' id='word_1_941' title='bbox 1157 1887 1229 1914; x_wconf 87' lang='lat' dir='ltr'>Fam.</span> <span class='ocrx_word' id='word_1_942' title='bbox 1245 1896 1322 1919; x_wconf 72' lang='lat'>13,14.</span> <span class='ocrx_word' id='word_1_943' title='bbox 1336 1894 1367 1921; x_wconf 74' lang='lat'>45</span> <span class='ocrx_word' id='word_1_944' title='bbox 1382 1897 1444 1916; x_wconf 80' lang='lat' dir='ltr'>rum</span> <span class='ocrx_word' id='word_1_945' title='bbox 1456 1887 1551 1914; x_wconf 86' lang='lat' dir='ltr'>sentio.</span> 
     </span>
    </p>
   </div>
   <div class='ocr_carea' id='block_1_18' title="bbox 576 2063 1747 2097">
    <p class='ocr_par' dir='ltr' id='par_1_21' title="bbox 576 2063 1747 2097">
     <span class='ocr_line' id='line_1_86' title="bbox 576 2063 1747 2097; baseline 0 -8"><span class='ocrx_word' id='word_1_946' title='bbox 576 2063 654 2090; x_wconf 86' lang='lat' dir='ltr'>Sum:</span> <span class='ocrx_word' id='word_1_947' title='bbox 685 2063 743 2089; x_wconf 89' lang='lat' dir='ltr'>Cic.</span> <span class='ocrx_word' id='word_1_948' title='bbox 756 2063 835 2089; x_wconf 86' lang='lat' dir='ltr'>Verr.</span> <span class='ocrx_word' id='word_1_949' title='bbox 847 2071 871 2094; x_wconf 76' lang='grc'>4,</span> <span class='ocrx_word' id='word_1_950' title='bbox 884 2071 905 2088; x_wconf 90' lang='grc'>11</span> <span class='ocrx_word' id='word_1_951' title='bbox 936 2063 1003 2089; x_wconf 91' lang='lat' dir='ltr'>Non</span> <span class='ocrx_word' id='word_1_952' title='bbox 1017 2063 1101 2089; x_wconf 88' lang='lat' dir='ltr'>modo</span> <span class='ocrx_word' id='word_1_953' title='bbox 1113 2063 1144 2089; x_wconf 89' lang='lat' dir='ltr'>in</span> <span class='ocrx_word' id='word_1_954' title='bbox 1156 2071 1217 2089; x_wconf 86' lang='lat' dir='ltr'>aere</span> <span class='ocrx_word' id='word_1_955' title='bbox 1230 2063 1321 2088; x_wconf 88' lang='lat' dir='ltr'>alieno</span> <span class='ocrx_word' id='word_1_956' title='bbox 1335 2070 1367 2095; x_wconf 78' lang='lat'>50</span> <span class='ocrx_word' id='word_1_957' title='bbox 1383 2065 1502 2097; x_wconf 86' lang='lat' dir='ltr'>quietem</span> <span class='ocrx_word' id='word_1_958' title='bbox 1515 2064 1616 2097; x_wconf 85' lang='lat' dir='ltr'>integri</span> <span class='ocrx_word' id='word_1_959' title='bbox 1630 2064 1747 2089; x_wconf 84' lang='lat' dir='ltr'>iremus:</span> 
     </span>
    </p>
   </div>
   <div class='ocr_carea' id='block_1_19' title="bbox 705 2239 2451 2311">
    <p class='ocr_par' dir='ltr' id='par_1_22' title="bbox 705 2239 2451 2311">
     <span class='ocr_line' id='line_1_87' title="bbox 705 2239 2362 2277; baseline 0.001 -10"><span class='ocrx_word' id='word_1_960' title='bbox 705 2242 738 2267; x_wconf 83' lang='lat' dir='ltr'>Et</span> <span class='ocrx_word' id='word_1_961' title='bbox 748 2239 829 2275; x_wconf 86' lang='lat' dir='ltr'>paullo</span> <span class='ocrx_word' id='word_1_962' title='bbox 840 2241 907 2274; x_wconf 78' lang='lat' dir='ltr'>poll,</span> <span class='ocrx_word' id='word_1_963' title='bbox 924 2240 1007 2275; x_wconf 80' lang='lat' dir='ltr'>Cogit</span> <span class='ocrx_word' id='word_1_964' title='bbox 1019 2240 1183 2267; x_wconf 84' lang='lat' dir='ltr'>Scandilium</span> <span class='ocrx_word' id='word_1_965' title='bbox 1197 2239 1320 2275; x_wconf 82' lang='lat' dir='ltr'>Apronio</span> <span class='ocrx_word' id='word_1_966' title='bbox 1336 2246 1364 2273; x_wconf 80' lang='lat'>53</span> <span class='ocrx_word' id='word_1_967' title='bbox 1381 2249 1394 2266; x_wconf 90' lang='lat' dir='ltr'>r</span> <span class='ocrx_word' id='word_1_968' title='bbox 1416 2245 1544 2266; x_wconf 80' lang='lat' dir='ltr'>etoricam</span> <span class='ocrx_word' id='word_1_969' title='bbox 1557 2241 1635 2267; x_wconf 76' lang='lat' dir='ltr'>citius</span> <span class='ocrx_word' id='word_1_970' title='bbox 1648 2240 1709 2276; x_wconf 84' lang='lat' dir='ltr'>quis</span> <span class='ocrx_word' id='word_1_971' title='bbox 1722 2239 1866 2273; x_wconf 88' lang='lat' dir='ltr'>ademerit,</span> <span class='ocrx_word' id='word_1_972' title='bbox 1894 2250 1975 2275; x_wconf 89' lang='lat' dir='ltr'>quam</span> <span class='ocrx_word' id='word_1_973' title='bbox 1988 2241 2188 2277; x_wconf 87' lang='lat' dir='ltr'>philosophiam</span> <span class='ocrx_word' id='word_1_974' title='bbox 2201 2241 2362 2269; x_wconf 74' lang='lat' dir='ltr'>concesserit.</span> 
     </span>
     <span class='ocr_line' id='line_1_88' title="bbox 1381 2273 2451 2311; baseline -0.001 -9"><span class='ocrx_word' id='word_1_975' title='bbox 1381 2276 1467 2303; x_wconf 87' lang='lat' dir='ltr'>Tusc.</span> <span class='ocrx_word' id='word_1_976' title='bbox 1482 2285 1492 2308; x_wconf 86' lang='lat'><em>3</em></span> <span class='ocrx_word' id='word_1_977' title='bbox 1506 2285 1528 2302; x_wconf 91' lang='grc'>0.</span> <span class='ocrx_word' id='word_1_978' title='bbox 1540 2285 1548 2302; x_wconf 94' lang='grc'>1</span> <span class='ocrx_word' id='word_1_979' title='bbox 1570 2277 1635 2303; x_wconf 86' lang='lat' dir='ltr'>Sunt</span> <span class='ocrx_word' id='word_1_980' title='bbox 1649 2276 1766 2311; x_wconf 83' lang='lat' dir='ltr'>ingeniis</span> <span class='ocrx_word' id='word_1_981' title='bbox 1779 2276 1875 2303; x_wconf 86' lang='lat' dir='ltr'>nostris</span> <span class='ocrx_word' id='word_1_982' title='bbox 1889 2277 1988 2303; x_wconf 85' lang='lat' dir='ltr'>semina</span> <span class='ocrx_word' id='word_1_983' title='bbox 2000 2277 2090 2303; x_wconf 84' lang='lat' dir='ltr'>innata</span> <span class='ocrx_word' id='word_1_984' title='bbox 2103 2278 2254 2310; x_wconf 87' lang='lat' dir='ltr'>virtutum,</span> <span class='ocrx_word' id='word_1_985' title='bbox 2274 2284 2342 2311; x_wconf 81' lang='lat' dir='ltr'>quae</span> <span class='ocrx_word' id='word_1_986' title='bbox 2355 2275 2374 2303; x_wconf 84' lang='lat' dir='ltr'>si</span> <span class='ocrx_word' id='word_1_987' title='bbox 2387 2273 2451 2302; x_wconf 85' lang='lat' dir='ltr'>ado-</span> 
     </span>
    </p>
   </div>
   <div class='ocr_carea' id='block_1_20' title="bbox 1382 2382 1673 2418">
    <p class='ocr_par' dir='ltr' id='par_1_23' title="bbox 1382 2382 1673 2418">
     <span class='ocr_line' id='line_1_89' title="bbox 1382 2382 1673 2418; baseline 0.007 -10"><span class='ocrx_word' id='word_1_988' title='bbox 1382 2382 1512 2418; x_wconf 84' lang='lat' dir='ltr'>prauitate</span> <span class='ocrx_word' id='word_1_989' title='bbox 1528 2384 1673 2410; x_wconf 79' lang='lat' dir='ltr'>versamur.</span> 
     </span>
    </p>
   </div>
   <div class='ocr_carea' id='block_1_21' title="bbox 1386 1383 2454 1531">
    <p class='ocr_par' dir='ltr' id='par_1_24' title="bbox 1386 1383 1793 1420">
     <span class='ocr_line' id='line_1_90' title="bbox 1386 1383 1793 1420; baseline -0.005 -8"><span class='ocrx_word' id='word_1_990' title='bbox 1386 1384 1499 1420; x_wconf 78' lang='lat' dir='ltr'>signatus</span> <span class='ocrx_word' id='word_1_991' title='bbox 1513 1384 1573 1410; x_wconf 89' lang='lat' dir='ltr'>Cos.</span> <span class='ocrx_word' id='word_1_992' title='bbox 1588 1383 1793 1411; x_wconf 87' lang='lat' dir='ltr'>numulariolus.</span> 
     </span>
    </p>

    <p class='ocr_par' dir='ltr' id='par_1_25' title="bbox 1386 1413 2454 1490">
     <span class='ocr_line' id='line_1_91' title="bbox 1426 1413 2454 1453; baseline -0.005 -6"><span class='ocrx_word' id='word_1_993' title='bbox 1426 1427 1449 1446; x_wconf 86' lang='lat' dir='ltr'>N</span> <span class='ocrx_word' id='word_1_994' title='bbox 1460 1427 1481 1446; x_wconf 73' lang='lat' dir='ltr'>v</span> <span class='ocrx_word' id='word_1_995' title='bbox 1490 1427 1515 1447; x_wconf 80' lang='lat' dir='ltr'>M</span> <span class='ocrx_word' id='word_1_996' title='bbox 1526 1426 1550 1446; x_wconf 79' lang='grc' dir='ltr'>Μ</span> <span class='ocrx_word' id='word_1_997' title='bbox 1562 1426 1596 1445; x_wconf 75' lang='lat'>11³</span> <span class='ocrx_word' id='word_1_998' title='bbox 1607 1417 1626 1446; x_wconf 70' lang='grc' dir='ltr'><strong><em>ἔ</em></strong></span> <span class='ocrx_word' id='word_1_999' title='bbox 1635 1425 1657 1445; x_wconf 85' lang='lat' dir='ltr'>T</span> <span class='ocrx_word' id='word_1_1000' title='bbox 1665 1426 1704 1449; x_wconf 83' lang='grc' dir='ltr'>Α,</span> <span class='ocrx_word' id='word_1_1001' title='bbox 1723 1427 1762 1446; x_wconf 87' lang='grc'>30.</span> <span class='ocrx_word' id='word_1_1002' title='bbox 1784 1428 1820 1446; x_wconf 88' lang='grc'><strong>111.</strong></span> <span class='ocrx_word' id='word_1_1003' title='bbox 1858 1419 1955 1447; x_wconf 85' lang='lat' dir='ltr'>Sarisb.</span> <span class='ocrx_word' id='word_1_1004' title='bbox 1970 1419 2060 1446; x_wconf 88' lang='lat' dir='ltr'>Carm.</span> <span class='ocrx_word' id='word_1_1005' title='bbox 2098 1416 2291 1453; x_wconf 84' lang='lat' dir='ltr'>Nummipetae</span> <span class='ocrx_word' id='word_1_1006' title='bbox 2304 1424 2364 1443; x_wconf 88' lang='lat' dir='ltr'>cum</span> <span class='ocrx_word' id='word_1_1007' title='bbox 2377 1413 2454 1443; x_wconf 83' lang='lat' dir='ltr'>libri-</span> 
     </span>
     <span class='ocr_line' id='line_1_92' title="bbox 1386 1455 2377 1490; baseline -0.007 -6"><span class='ocrx_word' id='word_1_1008' title='bbox 1386 1456 1452 1484; x_wconf 85' lang='lat' dir='ltr'>colis</span> <span class='ocrx_word' id='word_1_1009' title='bbox 1466 1461 1602 1490; x_wconf 88' lang='lat' dir='ltr'>nequeunt</span> <span class='ocrx_word' id='word_1_1010' title='bbox 1616 1455 1693 1482; x_wconf 88' lang='lat' dir='ltr'>simul</span> <span class='ocrx_word' id='word_1_1011' title='bbox 1708 1455 1766 1481; x_wconf 82' lang='lat' dir='ltr'>esl&#39;e.</span> <span class='ocrx_word' id='word_1_1012' title='bbox 2374 1460 2377 1466; x_wconf 75' lang='grc'><strong>“</strong></span> 
     </span>
    </p>

    <p class='ocr_par' dir='ltr' id='par_1_26' title="bbox 1423 1491 2178 1531">
     <span class='ocr_line' id='line_1_93' title="bbox 1423 1491 2178 1531; baseline -0.004 -11"><span class='ocrx_word' id='word_1_1013' title='bbox 1423 1500 1445 1520; x_wconf 86' lang='lat' dir='ltr'>N</span> <span class='ocrx_word' id='word_1_1014' title='bbox 1459 1499 1519 1520; x_wconf 84' lang='lat' dir='ltr'>VM</span> <span class='ocrx_word' id='word_1_1015' title='bbox 1531 1497 1647 1531; x_wconf 63' lang='lat' dir='ltr'>QVAN</span> <span class='ocrx_word' id='word_1_1016' title='bbox 1659 1498 1725 1525; x_wconf 84' lang='lat' dir='ltr'>Do,</span> <span class='ocrx_word' id='word_1_1017' title='bbox 1743 1496 1952 1530; x_wconf 66' lang='lat' dir='ltr'>NVMers,</span> <span class='ocrx_word' id='word_1_1018' title='bbox 1970 1491 2025 1517; x_wconf 83' lang='lat' dir='ltr'>vid.</span> <span class='ocrx_word' id='word_1_1019' title='bbox 2047 1495 2178 1530; x_wconf 69' lang='lat' dir='ltr'>NVNQ</span> 
     </span>
    </p>
   </div>
   <div class='ocr_carea' id='block_1_22' title="bbox 1797 1554 2039 1586">
    <p class='ocr_par' dir='ltr' id='par_1_27' title="bbox 1797 1554 2039 1586">
     <span class='ocr_line' id='line_1_94' title="bbox 1797 1554 2039 1586; baseline -0.008 0"><span class='ocrx_word' id='word_1_1020' title='bbox 1797 1554 1829 1586; x_wconf 89' lang='lat' dir='ltr'>N</span> <span class='ocrx_word' id='word_1_1021' title='bbox 1904 1554 1933 1584; x_wconf 96' lang='lat' dir='ltr'>V</span> <span class='ocrx_word' id='word_1_1022' title='bbox 2008 1554 2039 1585; x_wconf 92' lang='lat' dir='ltr'>N</span> 
     </span>
    </p>
   </div>
   <div class='ocr_carea' id='block_1_23' title="bbox 1384 1596 2454 1671">
    <p class='ocr_par' dir='ltr' id='par_1_28' title="bbox 1384 1596 2454 1671">
     <span class='ocr_line' id='line_1_95' title="bbox 1420 1596 2453 1636; baseline -0.008 -7"><span class='ocrx_word' id='word_1_1023' title='bbox 1420 1607 1446 1628; x_wconf 84' lang='lat' dir='ltr'><strong>N</strong></span> <span class='ocrx_word' id='word_1_1024' title='bbox 1455 1607 1477 1628; x_wconf 90' lang='lat' dir='ltr'>V</span> <span class='ocrx_word' id='word_1_1025' title='bbox 1487 1607 1509 1628; x_wconf 86' lang='lat' dir='ltr'>N</span> <span class='ocrx_word' id='word_1_1026' title='bbox 1523 1607 1554 1629; x_wconf 91' lang='lat' dir='ltr'>C.</span> <span class='ocrx_word' id='word_1_1027' title='bbox 1576 1600 1693 1628; x_wconf 85' lang='lat' dir='ltr'>Aduerb.</span> <span class='ocrx_word' id='word_1_1028' title='bbox 1707 1601 1825 1636; x_wconf 80' lang='lat' dir='ltr'>temporis</span> <span class='ocrx_word' id='word_1_1029' title='bbox 1833 1599 1974 1636; x_wconf 52' lang='lat' dir='ltr'>praesentis</span> <span class='ocrx_word' id='word_1_1030' title='bbox 1992 1599 2062 1634; x_wconf 80' lang='grc' dir='ltr'>[νῦν.</span> <span class='ocrx_word' id='word_1_1031' title='bbox 2080 1605 2141 1631; x_wconf 62' lang='lat' dir='ltr'>vovi,</span> <span class='ocrx_word' id='word_1_1032' title='bbox 2162 1603 2197 1626; x_wconf 65' lang='grc' dir='ltr'>τὰ</span> <span class='ocrx_word' id='word_1_1033' title='bbox 2208 1598 2264 1632; x_wconf 75' lang='grc' dir='ltr'>νῦν]</span> <span class='ocrx_word' id='word_1_1034' title='bbox 2301 1596 2373 1625; x_wconf 85' lang='lat' dir='ltr'>Ter.</span> <span class='ocrx_word' id='word_1_1035' title='bbox 2384 1596 2453 1623; x_wconf 83' lang='lat' dir='ltr'>Eun.</span> 
     </span>
     <span class='ocr_line' id='line_1_96' title="bbox 1384 1631 2454 1671; baseline -0.006 -7"><span class='ocrx_word' id='word_1_1036' title='bbox 1384 1645 1408 1671; x_wconf 84' lang='lat'>5,</span> <span class='ocrx_word' id='word_1_1037' title='bbox 1422 1647 1446 1670; x_wconf 89' lang='grc' dir='ltr'>ς,</span> <span class='ocrx_word' id='word_1_1038' title='bbox 1462 1647 1484 1669; x_wconf 84' lang='grc' dir='ltr'>ις</span> <span class='ocrx_word' id='word_1_1039' title='bbox 1507 1637 1581 1671; x_wconf 79' lang='lat' dir='ltr'>Qiid</span> <span class='ocrx_word' id='word_1_1040' title='bbox 1595 1637 1650 1664; x_wconf 70' lang='lat' dir='ltr'>ais?</span> <span class='ocrx_word' id='word_1_1041' title='bbox 1688 1644 1713 1664; x_wconf 78' lang='grc' dir='ltr'>Ρ.</span> <span class='ocrx_word' id='word_1_1042' title='bbox 1729 1645 1800 1663; x_wconf 88' lang='lat' dir='ltr'>nunc</span> <span class='ocrx_word' id='word_1_1043' title='bbox 1816 1636 1935 1663; x_wconf 89' lang='lat' dir='ltr'>minatur</span> <span class='ocrx_word' id='word_1_1044' title='bbox 1948 1644 2032 1671; x_wconf 88' lang='lat' dir='ltr'>porro</span> <span class='ocrx_word' id='word_1_1045' title='bbox 2046 1637 2098 1663; x_wconf 87' lang='lat' dir='ltr'>sese</span> <span class='ocrx_word' id='word_1_1046' title='bbox 2113 1636 2141 1662; x_wconf 89' lang='lat' dir='ltr'>id</span> <span class='ocrx_word' id='word_1_1047' title='bbox 2157 1634 2231 1671; x_wconf 85' lang='lat' dir='ltr'>quod</span> <span class='ocrx_word' id='word_1_1048' title='bbox 2244 1633 2364 1661; x_wconf 88' lang='lat' dir='ltr'>moechis</span> <span class='ocrx_word' id='word_1_1049' title='bbox 2379 1631 2454 1659; x_wconf 90' lang='lat' dir='ltr'>solet.</span> 
     </span>
    </p>
   </div>
   <div class='ocr_carea' id='block_1_24' title="bbox 1624 1055 2497 1170">
    <p class='ocr_par' dir='ltr' id='par_1_29' title="bbox 1624 1055 2497 1170">
     <span class='ocr_line' id='line_1_97' title="bbox 2144 1055 2497 1090; baseline -0.006 -6"><span class='ocrx_word' id='word_1_1050' title='bbox 2144 1058 2214 1085; x_wconf 88' lang='lat' dir='ltr'>Suet.</span> <span class='ocrx_word' id='word_1_1051' title='bbox 2227 1057 2303 1085; x_wconf 84' lang='lat' dir='ltr'>Galb.</span> <span class='ocrx_word' id='word_1_1052' title='bbox 2317 1066 2339 1083; x_wconf 90' lang='lat' dir='ltr'>c.</span> <span class='ocrx_word' id='word_1_1053' title='bbox 2353 1065 2369 1090; x_wconf 90' lang='lat'>9</span> <span class='ocrx_word' id='word_1_1054' title='bbox 2395 1055 2455 1083; x_wconf 84' lang='lat' dir='ltr'>Nu-</span> <span class='ocrx_word' id='word_1_1055' title='bbox 2489 1056 2497 1063; x_wconf 97' lang='grc'><em>“</em></span> 
     </span>
     <span class='ocr_line' id='line_1_98' title="bbox 2019 1093 2491 1128; baseline -0.006 -8"><span class='ocrx_word' id='word_1_1056' title='bbox 2019 1103 2113 1120; x_wconf 85' lang='lat' dir='ltr'>manus</span> <span class='ocrx_word' id='word_1_1057' title='bbox 2132 1094 2278 1128; x_wconf 86' lang='lat' dir='ltr'>amputauit</span> <span class='ocrx_word' id='word_1_1058' title='bbox 2296 1093 2455 1126; x_wconf 78' lang='lat' dir='ltr'>mensaeque</span> <span class='ocrx_word' id='word_1_1059' title='bbox 2485 1099 2491 1106; x_wconf 85' lang='lat'><strong>·</strong></span> 
     </span>
     <span class='ocr_line' id='line_1_99' title="bbox 1624 1128 2497 1170; baseline -0.006 -12"><span class='ocrx_word' id='word_1_1060' title='bbox 1624 1131 1743 1159; x_wconf 83' lang='lat' dir='ltr'>Martial.</span> <span class='ocrx_word' id='word_1_1061' title='bbox 1763 1141 1796 1163; x_wconf 86' lang='grc'>12,</span> <span class='ocrx_word' id='word_1_1062' title='bbox 1817 1140 1843 1165; x_wconf 84' lang='lat'>57</span> <span class='ocrx_word' id='word_1_1063' title='bbox 1881 1132 1953 1158; x_wconf 83' lang='lat' dir='ltr'>Hinc</span> <span class='ocrx_word' id='word_1_1064' title='bbox 1974 1130 2076 1157; x_wconf 86' lang='lat' dir='ltr'>otiosus</span> <span class='ocrx_word' id='word_1_1065' title='bbox 2089 1129 2224 1157; x_wconf 86' lang='lat' dir='ltr'>sordidam</span> <span class='ocrx_word' id='word_1_1066' title='bbox 2238 1128 2322 1164; x_wconf 86' lang='lat' dir='ltr'>quatit</span> <span class='ocrx_word' id='word_1_1067' title='bbox 2335 1128 2456 1156; x_wconf 86' lang='lat' dir='ltr'>mensam</span> <span class='ocrx_word' id='word_1_1068' title='bbox 2489 1141 2497 1170; x_wconf 47' lang='lat'>&#39;-</span> 
     </span>
    </p>
   </div>
   <div class='ocr_carea' id='block_1_25' title="bbox 1383 1667 2495 1709">
    <p class='ocr_par' dir='ltr' id='par_1_30' title="bbox 1383 1667 2495 1709">
     <span class='ocr_line' id='line_1_100' title="bbox 1383 1667 2495 1709; baseline -0.005 -9"><span class='ocrx_word' id='word_1_1069' title='bbox 1383 1674 1445 1700; x_wconf 86' lang='lat' dir='ltr'>Erat</span> <span class='ocrx_word' id='word_1_1070' title='bbox 1459 1679 1520 1701; x_wconf 86' lang='lat' dir='ltr'>tunc</span> <span class='ocrx_word' id='word_1_1071' title='bbox 1532 1673 1666 1700; x_wconf 85' lang='lat' dir='ltr'>excusatio</span> <span class='ocrx_word' id='word_1_1072' title='bbox 1679 1673 1820 1709; x_wconf 81' lang='lat' dir='ltr'>oppreffis,</span> <span class='ocrx_word' id='word_1_1073' title='bbox 1857 1672 1954 1699; x_wconf 85' lang='lat' dir='ltr'>misera</span> <span class='ocrx_word' id='word_1_1074' title='bbox 1972 1671 2019 1699; x_wconf 89' lang='grc'><strong>1113</strong></span> <span class='ocrx_word' id='word_1_1075' title='bbox 2038 1671 2165 1707; x_wconf 88' lang='lat' dir='ltr'>quidem,</span> <span class='ocrx_word' id='word_1_1076' title='bbox 2201 1670 2245 1698; x_wconf 86' lang='lat' dir='ltr'>sed</span> <span class='ocrx_word' id='word_1_1077' title='bbox 2265 1677 2354 1697; x_wconf 88' lang='lat' dir='ltr'>tamen</span> <span class='ocrx_word' id='word_1_1078' title='bbox 2373 1667 2463 1695; x_wconf 56' lang='lat' dir='ltr'>iustas</span> <span class='ocrx_word' id='word_1_1079' title='bbox 2493 1702 2495 1704; x_wconf 26' lang='grc' dir='ltr'>Ι</span> 
     </span>
    </p>
   </div>
   <div class='ocr_carea' id='block_1_26' title="bbox 1383 1707 2456 1957">
    <p class='ocr_par' dir='ltr' id='par_1_31' title="bbox 1383 1707 2456 1957">
     <span class='ocr_line' id='line_1_101' title="bbox 1971 1707 2453 1743; baseline -0.008 -9"><span class='ocrx_word' id='word_1_1080' title='bbox 1971 1708 2052 1735; x_wconf 89' lang='lat' dir='ltr'>Nunc</span> <span class='ocrx_word' id='word_1_1081' title='bbox 2067 1716 2114 1743; x_wconf 86' lang='lat' dir='ltr'>age</span> <span class='ocrx_word' id='word_1_1082' title='bbox 2147 1707 2223 1742; x_wconf 87' lang='lat' dir='ltr'>Virg.</span> <span class='ocrx_word' id='word_1_1083' title='bbox 2243 1707 2344 1740; x_wconf 78' lang='lat' dir='ltr'>Georg.</span> <span class='ocrx_word' id='word_1_1084' title='bbox 2357 1715 2381 1737; x_wconf 74' lang='grc'><strong>4.</strong></span> <span class='ocrx_word' id='word_1_1085' title='bbox 2400 1712 2453 1738; x_wconf 82' lang='lat'><strong>¹⁴9-</strong></span> 
     </span>
     <span class='ocr_line' id='line_1_102' title="bbox 1384 1741 2455 1779; baseline -0.007 -6"><span class='ocrx_word' id='word_1_1086' title='bbox 1384 1745 1465 1773; x_wconf 91' lang='lat' dir='ltr'>Nunc</span> <span class='ocrx_word' id='word_1_1087' title='bbox 1477 1745 1557 1779; x_wconf 81' lang='lat' dir='ltr'>agesis</span> <span class='ocrx_word' id='word_1_1088' title='bbox 1577 1746 1684 1772; x_wconf 89' lang='lat' dir='ltr'>Lucret.</span> <span class='ocrx_word' id='word_1_1089' title='bbox 1702 1754 1721 1777; x_wconf 88' lang='lat'>1,</span> <span class='ocrx_word' id='word_1_1090' title='bbox 1729 1746 1785 1772; x_wconf 83' lang='lat'>266.</span> <span class='ocrx_word' id='word_1_1091' title='bbox 1859 1745 1951 1778; x_wconf 89' lang='lat' dir='ltr'>Nunc,</span> <span class='ocrx_word' id='word_1_1092' title='bbox 1966 1745 2098 1779; x_wconf 84' lang='lat' dir='ltr'>superflue</span> <span class='ocrx_word' id='word_1_1093' title='bbox 2110 1743 2256 1778; x_wconf 86' lang='lat' dir='ltr'>aliquando</span> <span class='ocrx_word' id='word_1_1094' title='bbox 2268 1741 2392 1776; x_wconf 84' lang='lat' dir='ltr'>additur,</span> <span class='ocrx_word' id='word_1_1095' title='bbox 2409 1748 2455 1767; x_wconf 75' lang='lat' dir='ltr'>au-</span> 
     </span>
     <span class='ocr_line' id='line_1_103' title="bbox 1385 1777 2455 1814; baseline -0.004 -8"><span class='ocrx_word' id='word_1_1096' title='bbox 1385 1781 1451 1806; x_wconf 69' lang='lat' dir='ltr'>Hore</span> <span class='ocrx_word' id='word_1_1097' title='bbox 1464 1780 1582 1807; x_wconf 89' lang='lat' dir='ltr'>Donato.</span> <span class='ocrx_word' id='word_1_1098' title='bbox 1655 1780 1726 1806; x_wconf 87' lang='lat' dir='ltr'>Ter.</span> <span class='ocrx_word' id='word_1_1099' title='bbox 1741 1779 1854 1814; x_wconf 84' lang='lat' dir='ltr'>Adelph.</span> <span class='ocrx_word' id='word_1_1100' title='bbox 1869 1789 1893 1813; x_wconf 97' lang='grc'>2,</span> <span class='ocrx_word' id='word_1_1101' title='bbox 1905 1789 1928 1812; x_wconf 83' lang='lat'>3,</span> <span class='ocrx_word' id='word_1_1102' title='bbox 1943 1789 1953 1810; x_wconf 84' lang='lat'>³</span> <span class='ocrx_word' id='word_1_1103' title='bbox 1982 1781 2008 1805; x_wconf 94' lang='lat' dir='ltr'>O</span> <span class='ocrx_word' id='word_1_1104' title='bbox 2022 1780 2106 1806; x_wconf 88' lang='lat' dir='ltr'>frater</span> <span class='ocrx_word' id='word_1_1105' title='bbox 2119 1780 2217 1813; x_wconf 82' lang='lat' dir='ltr'>frater,</span> <span class='ocrx_word' id='word_1_1106' title='bbox 2237 1777 2304 1814; x_wconf 91' lang='lat' dir='ltr'>quid</span> <span class='ocrx_word' id='word_1_1107' title='bbox 2318 1785 2369 1813; x_wconf 88' lang='lat' dir='ltr'>ego</span> <span class='ocrx_word' id='word_1_1108' title='bbox 2382 1783 2455 1803; x_wconf 85' lang='lat' dir='ltr'>nune</span> 
     </span>
     <span class='ocr_line' id='line_1_104' title="bbox 1383 1812 2453 1850; baseline -0.005 -7"><span class='ocrx_word' id='word_1_1109' title='bbox 1383 1822 1410 1843; x_wconf 89' lang='grc'>10</span> <span class='ocrx_word' id='word_1_1110' title='bbox 1424 1815 1521 1843; x_wconf 66' lang='lat' dir='ltr'>laudo?</span> <span class='ocrx_word' id='word_1_1111' title='bbox 1558 1815 1618 1842; x_wconf 87' lang='lat' dir='ltr'>satis</span> <span class='ocrx_word' id='word_1_1112' title='bbox 1632 1821 1703 1842; x_wconf 87' lang='lat' dir='ltr'>certe</span> <span class='ocrx_word' id='word_1_1113' title='bbox 1716 1815 1788 1850; x_wconf 87' lang='lat' dir='ltr'>scio,</span> <span class='ocrx_word' id='word_1_1114' title='bbox 1806 1822 1852 1841; x_wconf 82' lang='lat' dir='ltr'>etc.</span> <span class='ocrx_word' id='word_1_1115' title='bbox 1925 1815 2023 1849; x_wconf 87' lang='lat' dir='ltr'>Nunc,</span> <span class='ocrx_word' id='word_1_1116' title='bbox 2041 1823 2092 1848; x_wconf 92' lang='lat' dir='ltr'>pro</span> <span class='ocrx_word' id='word_1_1117' title='bbox 2106 1815 2188 1848; x_wconf 88' lang='lat' dir='ltr'>Sero,</span> <span class='ocrx_word' id='word_1_1118' title='bbox 2213 1817 2349 1849; x_wconf 76' lang='lat' dir='ltr'>interprete</span> <span class='ocrx_word' id='word_1_1119' title='bbox 2364 1812 2453 1839; x_wconf 78' lang='lat' dir='ltr'>Dona·</span> 
     </span>
     <span class='ocr_line' id='line_1_105' title="bbox 1383 1847 2456 1886; baseline -0.005 -7"><span class='ocrx_word' id='word_1_1120' title='bbox 1383 1858 1421 1879; x_wconf 86' lang='lat' dir='ltr'>to.</span> <span class='ocrx_word' id='word_1_1121' title='bbox 1472 1852 1542 1879; x_wconf 87' lang='lat' dir='ltr'>Ter.</span> <span class='ocrx_word' id='word_1_1122' title='bbox 1558 1852 1625 1878; x_wconf 89' lang='lat' dir='ltr'>Eun.</span> <span class='ocrx_word' id='word_1_1123' title='bbox 1640 1860 1660 1885; x_wconf 90' lang='lat'>1,</span> <span class='ocrx_word' id='word_1_1124' title='bbox 1675 1860 1694 1886; x_wconf 90' lang='lat'>1,</span> <span class='ocrx_word' id='word_1_1125' title='bbox 1708 1860 1736 1882; x_wconf 82' lang='lat'>25</span> <span class='ocrx_word' id='word_1_1126' title='bbox 1763 1850 1845 1878; x_wconf 89' lang='lat' dir='ltr'>Nune</span> <span class='ocrx_word' id='word_1_1127' title='bbox 1857 1858 1909 1885; x_wconf 80' lang='lat' dir='ltr'>ego</span> <span class='ocrx_word' id='word_1_1128' title='bbox 1922 1856 1948 1876; x_wconf 89' lang='lat' dir='ltr'>et</span> <span class='ocrx_word' id='word_1_1129' title='bbox 1961 1850 2036 1876; x_wconf 86' lang='lat' dir='ltr'>illam</span> <span class='ocrx_word' id='word_1_1130' title='bbox 2049 1849 2179 1876; x_wconf 78' lang='lat' dir='ltr'>scelestam</span> <span class='ocrx_word' id='word_1_1131' title='bbox 2191 1850 2257 1882; x_wconf 78' lang='lat' dir='ltr'>effe,</span> <span class='ocrx_word' id='word_1_1132' title='bbox 2275 1855 2301 1875; x_wconf 88' lang='lat' dir='ltr'>et</span> <span class='ocrx_word' id='word_1_1133' title='bbox 2319 1857 2362 1875; x_wconf 90' lang='lat' dir='ltr'>me</span> <span class='ocrx_word' id='word_1_1134' title='bbox 2375 1847 2456 1874; x_wconf 85' lang='lat' dir='ltr'>mise·</span> 
     </span>
     <span class='ocr_line' id='line_1_106' title="bbox 1608 1885 2214 1922; baseline -0.005 -9"><span class='ocrx_word' id='word_1_1135' title='bbox 1608 1886 1732 1922; x_wconf 77' lang='lat' dir='ltr'>Intell1‘git</span> <span class='ocrx_word' id='word_1_1136' title='bbox 1745 1887 1880 1919; x_wconf 73' lang='lat' dir='ltr'>nimirum,</span> <span class='ocrx_word' id='word_1_1137' title='bbox 1898 1887 1941 1912; x_wconf 82' lang='lat' dir='ltr'>hoc</span> <span class='ocrx_word' id='word_1_1138' title='bbox 1953 1887 2013 1912; x_wconf 87' lang='lat' dir='ltr'>olim</span> <span class='ocrx_word' id='word_1_1139' title='bbox 2028 1885 2134 1920; x_wconf 70' lang='lat' dir='ltr'>debtq‘ffi·</span> <span class='ocrx_word' id='word_1_1140' title='bbox 2145 1885 2214 1921; x_wconf 80' lang='lat' dir='ltr'>fieri.</span> 
     </span>
     <span class='ocr_line' id='line_1_107' title="bbox 1984 1920 2454 1957; baseline -0.009 -8"><span class='ocrx_word' id='word_1_1141' title='bbox 1984 1921 2059 1949; x_wconf 86' lang='lat' dir='ltr'>Idem</span> <span class='ocrx_word' id='word_1_1142' title='bbox 2073 1922 2139 1947; x_wconf 80' lang='lat' dir='ltr'>Aen.</span> <span class='ocrx_word' id='word_1_1143' title='bbox 2152 1931 2175 1954; x_wconf 77' lang='lat'>4,</span> <span class='ocrx_word' id='word_1_1144' title='bbox 2189 1921 2236 1957; x_wconf 84' lang='lat'>376</span> <span class='ocrx_word' id='word_1_1145' title='bbox 2273 1920 2353 1947; x_wconf 86' lang='lat' dir='ltr'>Nune</span> <span class='ocrx_word' id='word_1_1146' title='bbox 2367 1926 2454 1953; x_wconf 81' lang='lat' dir='ltr'>augur</span> 
     </span>
    </p>
   </div>
   <div class='ocr_carea' id='block_1_27' title="bbox 1384 1922 2454 1995">
    <p class='ocr_par' dir='ltr' id='par_1_32' title="bbox 1384 1922 2454 1995">
     <span class='ocr_line' id='line_1_108' title="bbox 1384 1922 1889 1958; baseline -0.002 -8"><span class='ocrx_word' id='word_1_1147' title='bbox 1384 1930 1408 1958; x_wconf 83' lang='lat'>8,</span> <span class='ocrx_word' id='word_1_1148' title='bbox 1424 1933 1452 1956; x_wconf 71' lang='lat'>43</span> <span class='ocrx_word' id='word_1_1149' title='bbox 1490 1923 1570 1950; x_wconf 87' lang='lat' dir='ltr'>Nunc</span> <span class='ocrx_word' id='word_1_1150' title='bbox 1584 1923 1653 1956; x_wconf 89' lang='lat' dir='ltr'>scio,</span> <span class='ocrx_word' id='word_1_1151' title='bbox 1678 1922 1744 1957; x_wconf 89' lang='lat' dir='ltr'>quid</span> <span class='ocrx_word' id='word_1_1152' title='bbox 1757 1922 1787 1949; x_wconf 85' lang='lat' dir='ltr'>sit</span> <span class='ocrx_word' id='word_1_1153' title='bbox 1802 1931 1889 1949; x_wconf 87' lang='lat' dir='ltr'>amor.</span> 
     </span>
     <span class='ocr_line' id='line_1_109' title="bbox 2031 1953 2454 1995; baseline -0.014 -11"><span class='ocrx_word' id='word_1_1154' title='bbox 2031 1954 2053 1995; x_wconf 56' lang='lat' dir='ltr'><strong>ff</strong></span> <span class='ocrx_word' id='word_1_1155' title='bbox 2074 1965 2086 1983; x_wconf 83' lang='lat'>2</span> <span class='ocrx_word' id='word_1_1156' title='bbox 2123 1957 2222 1988; x_wconf 82' lang='lat' dir='ltr'>Nunc,</span> <span class='ocrx_word' id='word_1_1157' title='bbox 2246 1955 2384 1989; x_wconf 81' lang='lat' dir='ltr'>aliquando</span> <span class='ocrx_word' id='word_1_1158' title='bbox 2397 1953 2454 1980; x_wconf 77' lang='lat' dir='ltr'>nu!-</span> 
     </span>
    </p>
   </div>
   <div class='ocr_carea' id='block_1_28' title="bbox 1383 1959 1831 1995">
    <p class='ocr_par' dir='ltr' id='par_1_33' title="bbox 1383 1959 1831 1995">
     <span class='ocr_line' id='line_1_110' title="bbox 1383 1959 1831 1995; baseline -0.004 -8"><span class='ocrx_word' id='word_1_1159' title='bbox 1383 1959 1498 1995; x_wconf 90' lang='lat' dir='ltr'>Apollo,</span> <span class='ocrx_word' id='word_1_1160' title='bbox 1536 1959 1616 1986; x_wconf 89' lang='lat' dir='ltr'>Nunc</span> <span class='ocrx_word' id='word_1_1161' title='bbox 1629 1959 1726 1991; x_wconf 83' lang='lat' dir='ltr'>Lyciae</span> <span class='ocrx_word' id='word_1_1162' title='bbox 1739 1959 1831 1985; x_wconf 76' lang='lat' dir='ltr'>sortes.</span> 
     </span>
    </p>
   </div>
   <div class='ocr_carea' id='block_1_29' title="bbox 2289 1883 2495 1919">
    <p class='ocr_par' dir='ltr' id='par_1_34' title="bbox 2289 1883 2495 1919">
     <span class='ocr_line' id='line_1_111' title="bbox 2289 1883 2495 1919; baseline 0 -9"><span class='ocrx_word' id='word_1_1163' title='bbox 2289 1883 2366 1918; x_wconf 90' lang='lat' dir='ltr'>Virg.</span> <span class='ocrx_word' id='word_1_1164' title='bbox 2382 1883 2454 1910; x_wconf 79' lang='lat' dir='ltr'>Eccl.</span> <span class='ocrx_word' id='word_1_1165' title='bbox 2492 1915 2495 1919; x_wconf 29' lang='grc' dir='ltr'><em>ι</em></span> 
     </span>
    </p>
   </div>
   <div class='ocr_carea' id='block_1_30' title="bbox 1383 1989 2481 2030">
    <p class='ocr_par' dir='ltr' id='par_1_35' title="bbox 1383 1989 2481 2030">
     <span class='ocr_line' id='line_1_112' title="bbox 1383 1989 2481 2030; baseline -0.005 -9"><span class='ocrx_word' id='word_1_1166' title='bbox 1383 1996 1434 2022; x_wconf 78' lang='lat' dir='ltr'>lunt</span> <span class='ocrx_word' id='word_1_1167' title='bbox 1448 2002 1540 2030; x_wconf 80' lang='lat' dir='ltr'>tempus</span> <span class='ocrx_word' id='word_1_1168' title='bbox 1551 1997 1670 2028; x_wconf 75' lang='lat' dir='ltr'>denotat,</span> <span class='ocrx_word' id='word_1_1169' title='bbox 1697 2001 1722 2021; x_wconf 86' lang='lat' dir='ltr'>et</span> <span class='ocrx_word' id='word_1_1170' title='bbox 1733 2002 1781 2030; x_wconf 86' lang='lat' dir='ltr'>pro</span> <span class='ocrx_word' id='word_1_1171' title='bbox 1795 1993 1846 2021; x_wconf 81' lang='lat' dir='ltr'>Sed</span> <span class='ocrx_word' id='word_1_1172' title='bbox 1858 1993 1999 2029; x_wconf 78' lang='lat' dir='ltr'>accipitur,</span> <span class='ocrx_word' id='word_1_1173' title='bbox 2019 2000 2084 2019; x_wconf 85' lang='lat' dir='ltr'>certe</span> <span class='ocrx_word' id='word_1_1174' title='bbox 2098 1993 2150 2018; x_wconf 78' lang='lat' dir='ltr'>vim</span> <span class='ocrx_word' id='word_1_1175' title='bbox 2165 1991 2352 2026; x_wconf 75' lang='lat' dir='ltr'>aduetsatiuam</span> <span class='ocrx_word' id='word_1_1176' title='bbox 2369 1989 2451 2016; x_wconf 70' lang='lat' dir='ltr'>habet.</span> <span class='ocrx_word' id='word_1_1177' title='bbox 2478 2013 2481 2018; x_wconf 72' lang='grc'><strong>,</strong></span> 
     </span>
    </p>
   </div>
   <div class='ocr_carea' id='block_1_31' title="bbox 1383 2023 2470 2134">
    <p class='ocr_par' dir='ltr' id='par_1_36' title="bbox 1383 2023 2470 2134">
     <span class='ocr_line' id='line_1_113' title="bbox 1383 2023 2466 2064; baseline -0.005 -8"><span class='ocrx_word' id='word_1_1178' title='bbox 1383 2031 1441 2056; x_wconf 90' lang='lat' dir='ltr'>Cic.</span> <span class='ocrx_word' id='word_1_1179' title='bbox 1455 2031 1488 2056; x_wconf 87' lang='lat' dir='ltr'>de</span> <span class='ocrx_word' id='word_1_1180' title='bbox 1504 2031 1597 2056; x_wconf 91' lang='lat' dir='ltr'>Diuin.</span> <span class='ocrx_word' id='word_1_1181' title='bbox 1611 2038 1632 2062; x_wconf 84' lang='grc'>1,</span> <span class='ocrx_word' id='word_1_1182' title='bbox 1648 2034 1683 2057; x_wconf 83' lang='grc'>60</span> <span class='ocrx_word' id='word_1_1183' title='bbox 1697 2039 1719 2057; x_wconf 87' lang='grc'>0.</span> <span class='ocrx_word' id='word_1_1184' title='bbox 1735 2039 1767 2063; x_wconf 82' lang='grc'>29</span> <span class='ocrx_word' id='word_1_1185' title='bbox 1805 2031 1882 2063; x_wconf 77' lang='lat' dir='ltr'>Qiae</span> <span class='ocrx_word' id='word_1_1186' title='bbox 1895 2029 2005 2064; x_wconf 90' lang='lat' dir='ltr'>quidem</span> <span class='ocrx_word' id='word_1_1187' title='bbox 2018 2029 2106 2055; x_wconf 85' lang='lat' dir='ltr'>multo</span> <span class='ocrx_word' id='word_1_1188' title='bbox 2118 2028 2195 2064; x_wconf 83' lang='lat' dir='ltr'>plura</span> <span class='ocrx_word' id='word_1_1189' title='bbox 2208 2027 2366 2059; x_wconf 76' lang='lat' dir='ltr'>euenirent,</span> <span class='ocrx_word' id='word_1_1190' title='bbox 2387 2024 2405 2052; x_wconf 85' lang='lat' dir='ltr'>si</span> <span class='ocrx_word' id='word_1_1191' title='bbox 2417 2023 2466 2061; x_wconf 48' lang='grc' dir='ltr'><strong>ιβ’,</strong></span> 
     </span>
     <span class='ocr_line' id='line_1_114' title="bbox 1783 2062 2466 2096; baseline -0.004 -6"><span class='ocrx_word' id='word_1_1192' title='bbox 1783 2073 1854 2090; x_wconf 88' lang='lat' dir='ltr'>nune</span> <span class='ocrx_word' id='word_1_1193' title='bbox 1872 2065 1961 2091; x_wconf 87' lang='lat' dir='ltr'>onusti</span> <span class='ocrx_word' id='word_1_1194' title='bbox 1981 2065 2043 2092; x_wconf 86' lang='lat' dir='ltr'>cibo</span> <span class='ocrx_word' id='word_1_1195' title='bbox 2063 2071 2089 2091; x_wconf 89' lang='lat' dir='ltr'>et</span> <span class='ocrx_word' id='word_1_1196' title='bbox 2110 2064 2197 2096; x_wconf 88' lang='lat' dir='ltr'>vino,</span> <span class='ocrx_word' id='word_1_1197' title='bbox 2223 2062 2332 2089; x_wconf 84' lang='lat' dir='ltr'>confusa</span> <span class='ocrx_word' id='word_1_1198' title='bbox 2346 2067 2373 2088; x_wconf 91' lang='lat' dir='ltr'>et</span> <span class='ocrx_word' id='word_1_1199' title='bbox 2391 2069 2408 2096; x_wconf 85' lang='lat' dir='ltr'>p</span> <span class='ocrx_word' id='word_1_1200' title='bbox 2433 2062 2448 2077; x_wconf 66' lang='lat'>&#39;³·</span> <span class='ocrx_word' id='word_1_1201' title='bbox 2463 2065 2466 2067; x_wconf 72' lang='grc'><strong>’</strong></span> 
     </span>
     <span class='ocr_line' id='line_1_115' title="bbox 1718 2096 2470 2134; baseline 0 -11"><span class='ocrx_word' id='word_1_1202' title='bbox 1718 2099 1775 2124; x_wconf 87' lang='lat' dir='ltr'>Cic.</span> <span class='ocrx_word' id='word_1_1203' title='bbox 1789 2098 1822 2124; x_wconf 88' lang='lat' dir='ltr'>de</span> <span class='ocrx_word' id='word_1_1204' title='bbox 1835 2100 1893 2126; x_wconf 82' lang='lat' dir='ltr'>Inu.</span> <span class='ocrx_word' id='word_1_1205' title='bbox 1908 2108 1927 2132; x_wconf 85' lang='lat'>1,</span> <span class='ocrx_word' id='word_1_1206' title='bbox 1941 2105 1954 2128; x_wconf 88' lang='lat'>8</span> <span class='ocrx_word' id='word_1_1207' title='bbox 1976 2100 2056 2132; x_wconf 72' lang='lat' dir='ltr'>Qnod</span> <span class='ocrx_word' id='word_1_1208' title='bbox 2071 2100 2089 2126; x_wconf 87' lang='lat' dir='ltr'>si</span> <span class='ocrx_word' id='word_1_1209' title='bbox 2103 2108 2226 2134; x_wconf 86' lang='lat' dir='ltr'>magnam</span> <span class='ocrx_word' id='word_1_1210' title='bbox 2239 2099 2269 2124; x_wconf 91' lang='lat' dir='ltr'>in</span> <span class='ocrx_word' id='word_1_1211' title='bbox 2283 2097 2325 2124; x_wconf 85' lang='lat' dir='ltr'>his</span> <span class='ocrx_word' id='word_1_1212' title='bbox 2338 2098 2380 2124; x_wconf 87' lang='lat' dir='ltr'>He</span> <span class='ocrx_word' id='word_1_1213' title='bbox 2443 2096 2446 2101; x_wconf 91' lang='lat'>&#39;</span> <span class='ocrx_word' id='word_1_1214' title='bbox 2467 2104 2470 2111; x_wconf 73' lang='lat'><em>⁴</em></span> 
     </span>
    </p>
   </div>
   <div class='ocr_carea' id='block_1_32' title="bbox 1383 2097 2450 2167">
    <p class='ocr_par' dir='ltr' id='par_1_37' title="bbox 1383 2097 2450 2167">
     <span class='ocr_line' id='line_1_116' title="bbox 1383 2097 1646 2124; baseline 0 -1"><span class='ocrx_word' id='word_1_1215' title='bbox 1383 2097 1489 2124; x_wconf 86' lang='lat' dir='ltr'>turbata</span> <span class='ocrx_word' id='word_1_1216' title='bbox 1503 2098 1646 2123; x_wconf 79' lang='lat' dir='ltr'>cernimus.</span> 
     </span>
     <span class='ocr_line' id='line_1_117' title="bbox 1385 2131 2450 2167; baseline -0.001 -8"><span class='ocrx_word' id='word_1_1217' title='bbox 1385 2141 1462 2167; x_wconf 86' lang='lat' dir='ltr'>goras</span> <span class='ocrx_word' id='word_1_1218' title='bbox 1476 2131 1604 2159; x_wconf 78' lang='lat' dir='ltr'>habuiss&#39;et</span> <span class='ocrx_word' id='word_1_1219' title='bbox 1620 2132 1774 2160; x_wconf 87' lang='lat' dir='ltr'>facultatem</span> <span class='ocrx_word' id='word_1_1220' title='bbox 1809 2147 1856 2153; x_wconf 88' lang='lat'>—</span> <span class='ocrx_word' id='word_1_1221' title='bbox 1891 2133 2031 2161; x_wconf 80' lang='lat' dir='ltr'>videretur</span> <span class='ocrx_word' id='word_1_1222' title='bbox 2051 2134 2136 2161; x_wconf 82' lang='lat' dir='ltr'>fretus</span> <span class='ocrx_word' id='word_1_1223' title='bbox 2160 2135 2204 2161; x_wconf 86' lang='lat' dir='ltr'>sua</span> <span class='ocrx_word' id='word_1_1224' title='bbox 2229 2133 2337 2161; x_wconf 85' lang='lat' dir='ltr'>scientia</span> <span class='ocrx_word' id='word_1_1225' title='bbox 2355 2131 2450 2159; x_wconf 69' lang='lat' dir='ltr'>faliunt</span> 
     </span>
    </p>
   </div>
   <div class='ocr_carea' id='block_1_33' title="bbox 1382 2164 2450 2244">
    <p class='ocr_par' dir='ltr' id='par_1_38' title="bbox 1382 2164 2450 2244">
     <span class='ocr_line' id='line_1_118' title="bbox 1382 2164 2449 2209; baseline -0.001 -15"><span class='ocrx_word' id='word_1_1226' title='bbox 1382 2167 1510 2209; x_wconf 68' lang='lat' dir='ltr'>quiddam</span> <span class='ocrx_word' id='word_1_1227' title='bbox 1525 2168 1685 2208; x_wconf 41' lang='lat' dir='ltr'>constitui-sse</span> <span class='ocrx_word' id='word_1_1228' title='bbox 1698 2167 1731 2195; x_wconf 88' lang='lat' dir='ltr'>de</span> <span class='ocrx_word' id='word_1_1229' title='bbox 1745 2169 1861 2196; x_wconf 87' lang='lat' dir='ltr'>oratoris</span> <span class='ocrx_word' id='word_1_1230' title='bbox 1874 2167 1982 2202; x_wconf 88' lang='lat' dir='ltr'>officio,</span> <span class='ocrx_word' id='word_1_1231' title='bbox 2019 2175 2045 2197; x_wconf 84' lang='lat' dir='ltr'>et</span> <span class='ocrx_word' id='word_1_1232' title='bbox 2061 2179 2117 2197; x_wconf 89' lang='lat' dir='ltr'>nou</span> <span class='ocrx_word' id='word_1_1233' title='bbox 2138 2169 2204 2205; x_wconf 90' lang='lat' dir='ltr'>quid</span> <span class='ocrx_word' id='word_1_1234' title='bbox 2224 2178 2281 2206; x_wconf 85' lang='lat' dir='ltr'>ars,</span> <span class='ocrx_word' id='word_1_1235' title='bbox 2318 2168 2362 2195; x_wconf 90' lang='lat' dir='ltr'>sed</span> <span class='ocrx_word' id='word_1_1236' title='bbox 2384 2164 2449 2202; x_wconf 73' lang='lat' dir='ltr'>quid</span> 
     </span>
     <span class='ocr_line' id='line_1_119' title="bbox 1382 2201 2450 2244; baseline -0.002 -14"><span class='ocrx_word' id='word_1_1237' title='bbox 1382 2213 1390 2230; x_wconf 87' lang='grc'>1</span> <span class='ocrx_word' id='word_1_1238' title='bbox 1412 2204 1437 2231; x_wconf 86' lang='lat' dir='ltr'>se</span> <span class='ocrx_word' id='word_1_1239' title='bbox 1452 2205 1533 2244; x_wconf 81' lang='lat' dir='ltr'>posset</span> <span class='ocrx_word' id='word_1_1240' title='bbox 1546 2204 1705 2244; x_wconf 73' lang='lat' dir='ltr'>exposuisse:</span> <span class='ocrx_word' id='word_1_1241' title='bbox 1743 2213 1813 2231; x_wconf 84' lang='lat' dir='ltr'>nunc</span> <span class='ocrx_word' id='word_1_1242' title='bbox 1832 2213 1899 2232; x_wconf 88' lang='lat' dir='ltr'>vero</span> <span class='ocrx_word' id='word_1_1243' title='bbox 1913 2213 1944 2231; x_wconf 83' lang='lat' dir='ltr'>ea</span> <span class='ocrx_word' id='word_1_1244' title='bbox 1959 2205 2002 2233; x_wconf 88' lang='lat' dir='ltr'>vis</span> <span class='ocrx_word' id='word_1_1245' title='bbox 2015 2205 2052 2232; x_wconf 88' lang='lat' dir='ltr'>est</span> <span class='ocrx_word' id='word_1_1246' title='bbox 2066 2206 2094 2232; x_wconf 91' lang='lat' dir='ltr'>in</span> <span class='ocrx_word' id='word_1_1247' title='bbox 2107 2205 2221 2233; x_wconf 89' lang='lat' dir='ltr'>homine</span> <span class='ocrx_word' id='word_1_1248' title='bbox 2231 2226 2241 2240; x_wconf 89' lang='lat'>‚</span> <span class='ocrx_word' id='word_1_1249' title='bbox 2277 2210 2307 2233; x_wconf 91' lang='lat' dir='ltr'>vt</span> <span class='ocrx_word' id='word_1_1250' title='bbox 2322 2204 2348 2232; x_wconf 88' lang='lat' dir='ltr'>ei</span> <span class='ocrx_word' id='word_1_1251' title='bbox 2364 2201 2450 2231; x_wconf 83' lang='lat' dir='ltr'>multo</span> 
     </span>
    </p>
   </div>
   <div class='ocr_carea' id='block_1_34' title="bbox 2408 2237 2451 2266">
    <p class='ocr_par' dir='ltr' id='par_1_39' title="bbox 2408 2237 2451 2266">
     <span class='ocr_line' id='line_1_120' title="bbox 2408 2237 2451 2266; baseline 0 0"><span class='ocrx_word' id='word_1_1252' title='bbox 2408 2237 2451 2266; x_wconf 81' lang='lat' dir='ltr'>Id.</span> 
     </span>
    </p>
   </div>
   <div class='ocr_carea' id='block_1_35' title="bbox 1383 2310 2452 2419">
    <p class='ocr_par' dir='ltr' id='par_1_40' title="bbox 1383 2310 2452 2419">
     <span class='ocr_line' id='line_1_121' title="bbox 1383 2310 2451 2347; baseline -0.002 -9"><span class='ocrx_word' id='word_1_1253' title='bbox 1383 2312 1480 2338; x_wconf 87' lang='lat' dir='ltr'>lescere</span> <span class='ocrx_word' id='word_1_1254' title='bbox 1495 2310 1603 2344; x_wconf 87' lang='lat' dir='ltr'>liceret,</span> <span class='ocrx_word' id='word_1_1255' title='bbox 1634 2312 1690 2347; x_wconf 88' lang='lat' dir='ltr'>ipsa</span> <span class='ocrx_word' id='word_1_1256' title='bbox 1704 2321 1753 2339; x_wconf 88' lang='lat' dir='ltr'>nos</span> <span class='ocrx_word' id='word_1_1257' title='bbox 1768 2312 1799 2339; x_wconf 87' lang='lat' dir='ltr'>ad</span> <span class='ocrx_word' id='word_1_1258' title='bbox 1811 2311 1914 2339; x_wconf 87' lang='lat' dir='ltr'>beatam</span> <span class='ocrx_word' id='word_1_1259' title='bbox 1929 2312 2013 2339; x_wconf 83' lang='lat' dir='ltr'>vitam</span> <span class='ocrx_word' id='word_1_1260' title='bbox 2025 2318 2117 2339; x_wconf 86' lang='lat' dir='ltr'>natura</span> <span class='ocrx_word' id='word_1_1261' title='bbox 2133 2311 2296 2347; x_wconf 85' lang='lat' dir='ltr'>perduceret.</span> <span class='ocrx_word' id='word_1_1262' title='bbox 2367 2311 2451 2338; x_wconf 84' lang='lat' dir='ltr'>Nune</span> 
     </span>
     <span class='ocr_line' id='line_1_122' title="bbox 1383 2346 2449 2383; baseline -0.002 -10"><span class='ocrx_word' id='word_1_1263' title='bbox 1383 2354 1473 2374; x_wconf 86' lang='lat' dir='ltr'>autem</span> <span class='ocrx_word' id='word_1_1264' title='bbox 1485 2346 1561 2373; x_wconf 88' lang='lat' dir='ltr'>simul</span> <span class='ocrx_word' id='word_1_1265' title='bbox 1575 2354 1653 2382; x_wconf 87' lang='lat' dir='ltr'>atque</span> <span class='ocrx_word' id='word_1_1266' title='bbox 1667 2348 1735 2376; x_wconf 88' lang='lat' dir='ltr'>editi</span> <span class='ocrx_word' id='word_1_1267' title='bbox 1749 2348 1779 2375; x_wconf 93' lang='lat' dir='ltr'>in</span> <span class='ocrx_word' id='word_1_1268' title='bbox 1793 2348 1880 2375; x_wconf 91' lang='lat' dir='ltr'>lucem</span> <span class='ocrx_word' id='word_1_1269' title='bbox 1894 2354 1920 2375; x_wconf 86' lang='lat' dir='ltr'>et</span> <span class='ocrx_word' id='word_1_1270' title='bbox 1932 2348 2043 2383; x_wconf 88' lang='lat' dir='ltr'>suscepti</span> <span class='ocrx_word' id='word_1_1271' title='bbox 2054 2348 2159 2380; x_wconf 88' lang='lat' dir='ltr'>sumus,</span> <span class='ocrx_word' id='word_1_1272' title='bbox 2179 2347 2207 2373; x_wconf 93' lang='lat' dir='ltr'>in</span> <span class='ocrx_word' id='word_1_1273' title='bbox 2219 2346 2296 2374; x_wconf 89' lang='lat' dir='ltr'>omni</span> <span class='ocrx_word' id='word_1_1274' title='bbox 2316 2346 2449 2373; x_wconf 81' lang='lat' dir='ltr'>continuo</span> 
     </span>
     <span class='ocr_line' id='line_1_123' title="bbox 1746 2383 2452 2419; baseline -0.006 -8"><span class='ocrx_word' id='word_1_1275' title='bbox 1746 2384 1785 2411; x_wconf 91' lang='lat' dir='ltr'>Id.</span> <span class='ocrx_word' id='word_1_1276' title='bbox 1801 2385 1854 2411; x_wconf 84' lang='lat' dir='ltr'>Att.</span> <span class='ocrx_word' id='word_1_1277' title='bbox 1868 2394 1900 2419; x_wconf 89' lang='lat'>11,</span> <span class='ocrx_word' id='word_1_1278' title='bbox 1915 2393 1928 2410; x_wconf 91' lang='lat'>2</span> <span class='ocrx_word' id='word_1_1279' title='bbox 1948 2384 2010 2411; x_wconf 84' lang='lat' dir='ltr'>Hoc</span> <span class='ocrx_word' id='word_1_1280' title='bbox 2024 2383 2043 2410; x_wconf 88' lang='lat' dir='ltr'>si</span> <span class='ocrx_word' id='word_1_1281' title='bbox 2058 2383 2127 2410; x_wconf 85' lang='lat' dir='ltr'>mihi</span> <span class='ocrx_word' id='word_1_1282' title='bbox 2141 2390 2283 2409; x_wconf 82' lang='lat' dir='ltr'>commune</span> <span class='ocrx_word' id='word_1_1283' title='bbox 2295 2391 2355 2409; x_wconf 89' lang='lat' dir='ltr'>cum</span> <span class='ocrx_word' id='word_1_1284' title='bbox 2368 2386 2452 2408; x_wconf 75' lang='lat' dir='ltr'>eaete-</span> 
     </span>
    </p>
   </div>
   <div class='ocr_carea' id='block_1_36' title="bbox 254 2415 2450 2460">
    <p class='ocr_par' dir='ltr' id='par_1_41' title="bbox 254 2415 2450 2460">
     <span class='ocr_line' id='line_1_124' title="bbox 254 2415 2450 2460; baseline -0.005 -7"><span class='ocrx_word' id='word_1_1285' title='bbox 254 2427 327 2454; x_wconf 83' lang='lat' dir='ltr'>Hor.</span> <span class='ocrx_word' id='word_1_1286' title='bbox 339 2424 420 2460; x_wconf 87' lang='lat' dir='ltr'>Epist.</span> <span class='ocrx_word' id='word_1_1287' title='bbox 435 2432 457 2455; x_wconf 91' lang='grc'>2,</span> <span class='ocrx_word' id='word_1_1288' title='bbox 473 2431 495 2456; x_wconf 89' lang='grc'>2,</span> <span class='ocrx_word' id='word_1_1289' title='bbox 509 2431 544 2454; x_wconf 79' lang='lat'>33.</span> <span class='ocrx_word' id='word_1_1290' title='bbox 559 2423 625 2457; x_wconf 85' lang='lat' dir='ltr'>quod</span> <span class='ocrx_word' id='word_1_1291' title='bbox 636 2420 701 2446; x_wconf 84' lang='lat' dir='ltr'>alias</span> <span class='ocrx_word' id='word_1_1292' title='bbox 713 2418 746 2455; x_wconf 87' lang='lat' dir='ltr'>est</span> <span class='ocrx_word' id='word_1_1293' title='bbox 757 2418 854 2454; x_wconf 83' lang='lat' dir='ltr'>viginti</span> <span class='ocrx_word' id='word_1_1294' title='bbox 866 2417 943 2445; x_wconf 85' lang='lat' dir='ltr'>millia</span> <span class='ocrx_word' id='word_1_1295' title='bbox 951 2417 1098 2454; x_wconf 65' lang='lat' dir='ltr'>sestertium.</span> <span class='ocrx_word' id='word_1_1296' title='bbox 1138 2419 1214 2444; x_wconf 83' lang='lat' dir='ltr'>Plene</span> <span class='ocrx_word' id='word_1_1297' title='bbox 1227 2418 1322 2444; x_wconf 85' lang='lat' dir='ltr'>dicitur</span> <span class='ocrx_word' id='word_1_1298' title='bbox 1335 2420 1371 2445; x_wconf 92' lang='lat'>60</span> <span class='ocrx_word' id='word_1_1299' title='bbox 1384 2419 1421 2446; x_wconf 87' lang='lat' dir='ltr'>ris</span> <span class='ocrx_word' id='word_1_1300' title='bbox 1436 2419 1511 2452; x_wconf 85' lang='lat' dir='ltr'>esset,</span> <span class='ocrx_word' id='word_1_1301' title='bbox 1531 2419 1624 2445; x_wconf 89' lang='lat' dir='ltr'>minor</span> <span class='ocrx_word' id='word_1_1302' title='bbox 1635 2428 1695 2445; x_wconf 88' lang='lat' dir='ltr'>mea</span> <span class='ocrx_word' id='word_1_1303' title='bbox 1710 2419 1786 2454; x_wconf 84' lang='lat' dir='ltr'>culpa</span> <span class='ocrx_word' id='word_1_1304' title='bbox 1798 2420 1938 2448; x_wconf 87' lang='lat' dir='ltr'>videretur</span> <span class='ocrx_word' id='word_1_1305' title='bbox 1956 2435 2002 2440; x_wconf 91' lang='lat'>——</span> <span class='ocrx_word' id='word_1_1306' title='bbox 2021 2419 2103 2447; x_wconf 88' lang='lat' dir='ltr'>Nunc</span> <span class='ocrx_word' id='word_1_1307' title='bbox 2115 2418 2186 2445; x_wconf 89' lang='lat' dir='ltr'>nihil</span> <span class='ocrx_word' id='word_1_1308' title='bbox 2201 2417 2253 2450; x_wconf 84' lang='lat' dir='ltr'>est,</span> <span class='ocrx_word' id='word_1_1309' title='bbox 2272 2416 2345 2451; x_wconf 91' lang='lat' dir='ltr'>quod</span> <span class='ocrx_word' id='word_1_1310' title='bbox 2357 2415 2450 2443; x_wconf 83' lang='lat' dir='ltr'>tonso-</span> 
     </span>
    </p>
   </div>
   <div class='ocr_carea' id='block_1_37' title="bbox 253 2453 1327 3142">
    <p class='ocr_par' dir='ltr' id='par_1_42' title="bbox 253 2453 1325 2815">
     <span class='ocr_line' id='line_1_125' title="bbox 253 2453 1323 2490; baseline -0.008 -1"><span class='ocrx_word' id='word_1_1311' title='bbox 253 2462 365 2490; x_wconf 88' lang='lat' dir='ltr'>Numus</span> <span class='ocrx_word' id='word_1_1312' title='bbox 385 2458 516 2486; x_wconf 84' lang='lat' dir='ltr'>sestertius</span> <span class='ocrx_word' id='word_1_1313' title='bbox 532 2476 540 2488; x_wconf 86' lang='lat'>,</span> <span class='ocrx_word' id='word_1_1314' title='bbox 583 2457 692 2483; x_wconf 88' lang='lat' dir='ltr'>Vitruu.</span> <span class='ocrx_word' id='word_1_1315' title='bbox 706 2464 726 2488; x_wconf 83' lang='lat'>1,</span> <span class='ocrx_word' id='word_1_1316' title='bbox 743 2464 757 2487; x_wconf 88' lang='grc'>4</span> <span class='ocrx_word' id='word_1_1317' title='bbox 800 2453 841 2481; x_wconf 89' lang='lat' dir='ltr'>Ab</span> <span class='ocrx_word' id='word_1_1318' title='bbox 857 2454 953 2481; x_wconf 88' lang='lat' dir='ltr'>Senatu</span> <span class='ocrx_word' id='word_1_1319' title='bbox 967 2454 1122 2490; x_wconf 82' lang='lat' dir='ltr'>Populoque</span> <span class='ocrx_word' id='word_1_1320' title='bbox 1138 2454 1216 2481; x_wconf 83' lang='lat' dir='ltr'>Rom.</span> <span class='ocrx_word' id='word_1_1321' title='bbox 1234 2453 1323 2489; x_wconf 87' lang='lat' dir='ltr'>petiit,</span> 
     </span>
     <span class='ocr_line' id='line_1_126' title="bbox 255 2489 1322 2527; baseline -0.008 -2"><span class='ocrx_word' id='word_1_1322' title='bbox 255 2503 285 2524; x_wconf 87' lang='lat' dir='ltr'>vt</span> <span class='ocrx_word' id='word_1_1323' title='bbox 300 2497 393 2524; x_wconf 86' lang='lat' dir='ltr'>liceret</span> <span class='ocrx_word' id='word_1_1324' title='bbox 406 2494 552 2522; x_wconf 84' lang='lat' dir='ltr'>transferre</span> <span class='ocrx_word' id='word_1_1325' title='bbox 565 2491 708 2527; x_wconf 87' lang='lat' dir='ltr'>oppidum:</span> <span class='ocrx_word' id='word_1_1326' title='bbox 745 2490 935 2525; x_wconf 76' lang='lat' dir='ltr'>constituitque</span> <span class='ocrx_word' id='word_1_1327' title='bbox 953 2489 1075 2517; x_wconf 87' lang='lat' dir='ltr'>moenia:</span> <span class='ocrx_word' id='word_1_1328' title='bbox 1112 2496 1138 2516; x_wconf 91' lang='lat' dir='ltr'>et</span> <span class='ocrx_word' id='word_1_1329' title='bbox 1159 2498 1232 2516; x_wconf 90' lang='lat' dir='ltr'>areas</span> <span class='ocrx_word' id='word_1_1330' title='bbox 1251 2489 1322 2516; x_wconf 88' lang='lat' dir='ltr'>diui-</span> 
     </span>
     <span class='ocr_line' id='line_1_127' title="bbox 256 2525 1322 2566; baseline -0.008 -6"><span class='ocrx_word' id='word_1_1331' title='bbox 256 2533 304 2566; x_wconf 88' lang='lat' dir='ltr'>sit,</span> <span class='ocrx_word' id='word_1_1332' title='bbox 329 2538 467 2565; x_wconf 87' lang='lat' dir='ltr'>numoque</span> <span class='ocrx_word' id='word_1_1333' title='bbox 480 2528 598 2557; x_wconf 82' lang='lat' dir='ltr'>sestertio</span> <span class='ocrx_word' id='word_1_1334' title='bbox 611 2527 718 2562; x_wconf 83' lang='lat' dir='ltr'>singulis</span> <span class='ocrx_word' id='word_1_1335' title='bbox 732 2526 912 2562; x_wconf 79' lang='lat' dir='ltr'>municipibus</span> <span class='ocrx_word' id='word_1_1336' title='bbox 927 2526 1063 2561; x_wconf 88' lang='lat' dir='ltr'>mancipio</span> <span class='ocrx_word' id='word_1_1337' title='bbox 1077 2525 1158 2553; x_wconf 88' lang='lat' dir='ltr'>dedit.</span> <span class='ocrx_word' id='word_1_1338' title='bbox 1194 2526 1213 2552; x_wconf 81' lang='grc' dir='ltr'><strong>ι’.</strong></span> <span class='ocrx_word' id='word_1_1339' title='bbox 1234 2525 1322 2562; x_wconf 80' lang='lat' dir='ltr'>Sester-</span> 
     </span>
     <span class='ocr_line' id='line_1_128' title="bbox 257 2561 1322 2603; baseline -0.009 -8"><span class='ocrx_word' id='word_1_1340' title='bbox 257 2570 304 2596; x_wconf 80' lang='lat' dir='ltr'>tiis</span> <span class='ocrx_word' id='word_1_1341' title='bbox 309 2567 421 2603; x_wconf 80' lang='lat' dir='ltr'>fingulis</span> <span class='ocrx_word' id='word_1_1342' title='bbox 435 2575 508 2592; x_wconf 78' lang='lat' dir='ltr'>areas</span> <span class='ocrx_word' id='word_1_1343' title='bbox 526 2565 696 2599; x_wconf 69' lang='lat' dir='ltr'>aedificaturis</span> <span class='ocrx_word' id='word_1_1344' title='bbox 714 2563 807 2589; x_wconf 78' lang='lat' dir='ltr'>ciuibus</span> <span class='ocrx_word' id='word_1_1345' title='bbox 821 2563 953 2589; x_wconf 79' lang='lat' dir='ltr'>vendidit.-</span> <span class='ocrx_word' id='word_1_1346' title='bbox 989 2571 1052 2597; x_wconf 84' lang='lat' dir='ltr'>quae</span> <span class='ocrx_word' id='word_1_1347' title='bbox 1063 2572 1104 2588; x_wconf 79' lang='lat' dir='ltr'>res</span> <span class='ocrx_word' id='word_1_1348' title='bbox 1117 2561 1199 2598; x_wconf 81' lang='lat' dir='ltr'>instar</span> <span class='ocrx_word' id='word_1_1349' title='bbox 1210 2561 1322 2588; x_wconf 78' lang='lat' dir='ltr'>donatio.</span> 
     </span>
     <span class='ocr_line' id='line_1_129' title="bbox 257 2597 1169 2638; baseline -0.007 -8"><span class='ocrx_word' id='word_1_1350' title='bbox 257 2605 311 2638; x_wconf 85' lang='lat' dir='ltr'>nis,</span> <span class='ocrx_word' id='word_1_1351' title='bbox 330 2602 464 2637; x_wconf 79' lang='lat' dir='ltr'>imaginem</span> <span class='ocrx_word' id='word_1_1352' title='bbox 476 2599 631 2627; x_wconf 80' lang='lat' dir='ltr'>venditionis</span> <span class='ocrx_word' id='word_1_1353' title='bbox 646 2599 733 2626; x_wconf 77' lang='lat' dir='ltr'>habet:</span> <span class='ocrx_word' id='word_1_1354' title='bbox 770 2599 885 2632; x_wconf 82' lang='lat' dir='ltr'>quomodo</span> <span class='ocrx_word' id='word_1_1355' title='bbox 898 2606 921 2624; x_wconf 82' lang='lat' dir='ltr'>et</span> <span class='ocrx_word' id='word_1_1356' title='bbox 929 2598 1024 2626; x_wconf 88' lang='lat' dir='ltr'>Numo</span> <span class='ocrx_word' id='word_1_1357' title='bbox 1039 2597 1169 2625; x_wconf 83' lang='lat' dir='ltr'>addicere.</span> 
     </span>
     <span class='ocr_line' id='line_1_130' title="bbox 257 2632 1325 2675; baseline -0.007 -8"><span class='ocrx_word' id='word_1_1358' title='bbox 257 2648 310 2675; x_wconf 85' lang='lat' dir='ltr'>pro</span> <span class='ocrx_word' id='word_1_1359' title='bbox 322 2638 414 2666; x_wconf 87' lang='lat' dir='ltr'>Rabir.</span> <span class='ocrx_word' id='word_1_1360' title='bbox 428 2636 495 2664; x_wconf 80' lang='lat' dir='ltr'>Post.</span> <span class='ocrx_word' id='word_1_1361' title='bbox 510 2644 539 2669; x_wconf 77' lang='lat'>⁴5</span> <span class='ocrx_word' id='word_1_1362' title='bbox 563 2635 628 2663; x_wconf 90' lang='lat' dir='ltr'>Tua</span> <span class='ocrx_word' id='word_1_1363' title='bbox 647 2634 717 2661; x_wconf 88' lang='lat' dir='ltr'>bona</span> <span class='ocrx_word' id='word_1_1364' title='bbox 736 2634 857 2661; x_wconf 87' lang='lat' dir='ltr'>Postume</span> <span class='ocrx_word' id='word_1_1365' title='bbox 875 2643 958 2662; x_wconf 88' lang='lat' dir='ltr'>numo</span> <span class='ocrx_word' id='word_1_1366' title='bbox 977 2634 1096 2661; x_wconf 87' lang='lat' dir='ltr'>sestertio</span> <span class='ocrx_word' id='word_1_1367' title='bbox 1107 2643 1122 2661; x_wconf 87' lang='lat' dir='ltr'>a</span> <span class='ocrx_word' id='word_1_1368' title='bbox 1140 2642 1184 2660; x_wconf 88' lang='lat' dir='ltr'>me</span> <span class='ocrx_word' id='word_1_1369' title='bbox 1198 2632 1325 2660; x_wconf 88' lang='lat' dir='ltr'>addicun-</span> 
     </span>
     <span class='ocr_line' id='line_1_131' title="bbox 258 2670 1325 2705; baseline -0.007 -2"><span class='ocrx_word' id='word_1_1370' title='bbox 258 2676 321 2703; x_wconf 68' lang='lat' dir='ltr'>tur?</span> <span class='ocrx_word' id='word_1_1371' title='bbox 361 2675 417 2701; x_wconf 83' lang='lat' dir='ltr'>Vid.</span> <span class='ocrx_word' id='word_1_1372' title='bbox 433 2670 699 2705; x_wconf 65' lang='lat' dir='ltr'>Burmainnffil.</span> <span class='ocrx_word' id='word_1_1373' title='bbox 714 2679 743 2704; x_wconf 86' lang='lat'>11,</span> <span class='ocrx_word' id='word_1_1374' title='bbox 760 2679 771 2702; x_wconf 80' lang='lat'>3</span> <span class='ocrx_word' id='word_1_1375' title='bbox 786 2680 811 2705; x_wconf 91' lang='lat' dir='ltr'>p.</span> <span class='ocrx_word' id='word_1_1376' title='bbox 826 2676 889 2702; x_wconf 83' lang='lat'>1038.</span> <span class='ocrx_word' id='word_1_1377' title='bbox 966 2672 1054 2697; x_wconf 84' lang='lat' dir='ltr'>Verum</span> <span class='ocrx_word' id='word_1_1378' title='bbox 1068 2671 1149 2697; x_wconf 87' lang='lat' dir='ltr'>Plaut.</span> <span class='ocrx_word' id='word_1_1379' title='bbox 1162 2670 1249 2697; x_wconf 91' lang='lat' dir='ltr'>Truc.</span> <span class='ocrx_word' id='word_1_1380' title='bbox 1262 2677 1287 2703; x_wconf 83' lang='lat'>2,</span> <span class='ocrx_word' id='word_1_1381' title='bbox 1301 2679 1325 2703; x_wconf 87' lang='lat'>7,</span> 
     </span>
     <span class='ocr_line' id='line_1_132' title="bbox 261 2705 1325 2743; baseline -0.006 -5"><span class='ocrx_word' id='word_1_1382' title='bbox 261 2721 291 2738; x_wconf 91' lang='lat'>10</span> <span class='ocrx_word' id='word_1_1383' title='bbox 317 2710 357 2737; x_wconf 88' lang='lat' dir='ltr'>De</span> <span class='ocrx_word' id='word_1_1384' title='bbox 370 2709 458 2743; x_wconf 87' lang='lat' dir='ltr'>mina,</span> <span class='ocrx_word' id='word_1_1385' title='bbox 486 2707 608 2735; x_wconf 85' lang='lat' dir='ltr'>deminui</span> <span class='ocrx_word' id='word_1_1386' title='bbox 626 2705 708 2734; x_wconf 90' lang='lat' dir='ltr'>modo</span> <span class='ocrx_word' id='word_1_1387' title='bbox 729 2706 848 2742; x_wconf 87' lang='lat' dir='ltr'>quinque</span> <span class='ocrx_word' id='word_1_1388' title='bbox 869 2715 982 2740; x_wconf 80' lang='grc'><strong>111111105,</strong></span> <span class='ocrx_word' id='word_1_1389' title='bbox 1022 2705 1091 2733; x_wconf 91' lang='lat' dir='ltr'>mihi</span> <span class='ocrx_word' id='word_1_1390' title='bbox 1106 2705 1209 2733; x_wconf 79' lang='lat' dir='ltr'>detraxi</span> <span class='ocrx_word' id='word_1_1391' title='bbox 1223 2713 1325 2741; x_wconf 86' lang='lat' dir='ltr'>partem</span> 
     </span>
     <span class='ocr_line' id='line_1_133' title="bbox 259 2742 1324 2779; baseline -0.007 -5"><span class='ocrx_word' id='word_1_1392' title='bbox 259 2747 446 2779; x_wconf 87' lang='lat' dir='ltr'>herculanam,</span> <span class='ocrx_word' id='word_1_1393' title='bbox 484 2745 503 2771; x_wconf 82' lang='grc' dir='ltr'><strong>ἱ.</strong></span> <span class='ocrx_word' id='word_1_1394' title='bbox 523 2744 656 2776; x_wconf 80' lang='lat' dir='ltr'>decimam,</span> <span class='ocrx_word' id='word_1_1395' title='bbox 689 2752 752 2777; x_wconf 82' lang='lat' dir='ltr'>quae</span> <span class='ocrx_word' id='word_1_1396' title='bbox 768 2742 873 2768; x_wconf 82' lang='lat' dir='ltr'>Herculi</span> <span class='ocrx_word' id='word_1_1397' title='bbox 892 2744 1035 2769; x_wconf 74' lang='lat' dir='ltr'>uouebatur.</span> <span class='ocrx_word' id='word_1_1398' title='bbox 1089 2743 1155 2779; x_wconf 83' lang='lat' dir='ltr'>Ergo</span> <span class='ocrx_word' id='word_1_1399' title='bbox 1169 2749 1260 2773; x_wconf 84' lang='lat' dir='ltr'>erunt,</span> <span class='ocrx_word' id='word_1_1400' title='bbox 1283 2742 1324 2768; x_wconf 86' lang='lat' dir='ltr'>hic</span> 
     </span>
     <span class='ocr_line' id='line_1_134' title="bbox 258 2778 894 2815; baseline -0.011 -5"><span class='ocrx_word' id='word_1_1401' title='bbox 258 2784 329 2810; x_wconf 81' lang='lat' dir='ltr'>numi</span> <span class='ocrx_word' id='word_1_1402' title='bbox 341 2782 419 2815; x_wconf 80' lang='lat' dir='ltr'>tales,</span> <span class='ocrx_word' id='word_1_1403' title='bbox 447 2789 552 2815; x_wconf 80' lang='lat' dir='ltr'>quarum</span> <span class='ocrx_word' id='word_1_1404' title='bbox 566 2779 594 2805; x_wconf 81' lang='lat' dir='ltr'>in</span> <span class='ocrx_word' id='word_1_1405' title='bbox 609 2780 678 2805; x_wconf 78' lang='lat' dir='ltr'>mina</span> <span class='ocrx_word' id='word_1_1406' title='bbox 685 2778 741 2812; x_wconf 83' lang='lat' dir='ltr'>fint</span> <span class='ocrx_word' id='word_1_1407' title='bbox 753 2778 894 2814; x_wconf 77' lang='lat' dir='ltr'>quingenti.</span> 
     </span>
    </p>

    <p class='ocr_par' dir='ltr' id='par_1_43' title="bbox 260 2813 1323 2890">
     <span class='ocr_line' id='line_1_135' title="bbox 298 2813 1323 2850; baseline -0.005 -4"><span class='ocrx_word' id='word_1_1408' title='bbox 298 2825 353 2846; x_wconf 83' lang='lat' dir='ltr'>Nv</span> <span class='ocrx_word' id='word_1_1409' title='bbox 366 2820 861 2850; x_wconf 63' lang='lat' dir='ltr'>monvmrxrarromnm,</span> <span class='ocrx_word' id='word_1_1410' title='bbox 885 2822 925 2841; x_wconf 85' lang='lat' dir='ltr'>ae.</span> <span class='ocrx_word' id='word_1_1411' title='bbox 957 2823 995 2841; x_wconf 90' lang='lat' dir='ltr'>m.</span> <span class='ocrx_word' id='word_1_1412' title='bbox 1031 2813 1115 2841; x_wconf 85' lang='lat' dir='ltr'>Plaut.</span> <span class='ocrx_word' id='word_1_1413' title='bbox 1127 2813 1197 2841; x_wconf 84' lang='lat' dir='ltr'>Pers.</span> <span class='ocrx_word' id='word_1_1414' title='bbox 1210 2814 1273 2847; x_wconf 83' lang='lat'>4‚6‚</span> <span class='ocrx_word' id='word_1_1415' title='bbox 1287 2821 1323 2841; x_wconf 78' lang='lat'>22.</span> 
     </span>
     <span class='ocr_line' id='line_1_136' title="bbox 260 2850 987 2890; baseline -0.006 -9"><span class='ocrx_word' id='word_1_1416' title='bbox 260 2855 281 2883; x_wconf 69' lang='grc' dir='ltr'><strong>ἰ.</strong></span> <span class='ocrx_word' id='word_1_1417' title='bbox 295 2854 338 2890; x_wconf 85' lang='lat' dir='ltr'>qui</span> <span class='ocrx_word' id='word_1_1418' title='bbox 349 2854 501 2880; x_wconf 77' lang='lat' dir='ltr'>blandiendo</span> <span class='ocrx_word' id='word_1_1419' title='bbox 511 2852 684 2887; x_wconf 78' lang='lat' dir='ltr'>palpandaque</span> <span class='ocrx_word' id='word_1_1420' title='bbox 697 2850 777 2876; x_wconf 68' lang='lat' dir='ltr'>numis·</span> <span class='ocrx_word' id='word_1_1421' title='bbox 792 2850 855 2877; x_wconf 84' lang='lat' dir='ltr'>alios</span> <span class='ocrx_word' id='word_1_1422' title='bbox 867 2853 987 2885; x_wconf 78' lang='lat' dir='ltr'>emungit.</span> 
     </span>
    </p>

    <p class='ocr_par' dir='ltr' id='par_1_44' title="bbox 259 2884 1326 3065">
     <span class='ocr_line' id='line_1_137' title="bbox 300 2884 1326 2921; baseline -0.007 -3"><span class='ocrx_word' id='word_1_1423' title='bbox 300 2897 324 2918; x_wconf 89' lang='lat' dir='ltr'>N</span> <span class='ocrx_word' id='word_1_1424' title='bbox 337 2887 513 2919; x_wconf 55' lang='lat' dir='ltr'>VMx&#39;JLvs.</span> <span class='ocrx_word' id='word_1_1425' title='bbox 532 2887 551 2914; x_wconf 88' lang='lat' dir='ltr'>i.</span> <span class='ocrx_word' id='word_1_1426' title='bbox 570 2896 606 2914; x_wconf 88' lang='lat' dir='ltr'>m.</span> <span class='ocrx_word' id='word_1_1427' title='bbox 628 2886 731 2914; x_wconf 87' lang='lat' dir='ltr'>Dimin.</span> <span class='ocrx_word' id='word_1_1428' title='bbox 768 2887 954 2921; x_wconf 76' lang='grc' dir='ltr'>[νομισμάτων]</span> <span class='ocrx_word' id='word_1_1429' title='bbox 1001 2885 1059 2913; x_wconf 82' lang='lat' dir='ltr'>Cic.</span> <span class='ocrx_word' id='word_1_1430' title='bbox 1069 2886 1123 2912; x_wconf 86' lang='lat' dir='ltr'>Att.</span> <span class='ocrx_word' id='word_1_1431' title='bbox 1135 2895 1154 2919; x_wconf 88' lang='lat'>1,</span> <span class='ocrx_word' id='word_1_1432' title='bbox 1169 2887 1197 2912; x_wconf 80' lang='lat'>16</span> <span class='ocrx_word' id='word_1_1433' title='bbox 1218 2884 1243 2912; x_wconf 90' lang='lat' dir='ltr'>Si</span> <span class='ocrx_word' id='word_1_1434' title='bbox 1256 2884 1326 2911; x_wconf 84' lang='lat' dir='ltr'>indi-</span> 
     </span>
     <span class='ocr_line' id='line_1_138' title="bbox 259 2921 1325 2959; baseline -0.007 -5"><span class='ocrx_word' id='word_1_1435' title='bbox 259 2927 334 2955; x_wconf 86' lang='lat' dir='ltr'>cium</span> <span class='ocrx_word' id='word_1_1436' title='bbox 348 2925 399 2959; x_wconf 85' lang='lat' dir='ltr'>est,</span> <span class='ocrx_word' id='word_1_1437' title='bbox 420 2924 530 2959; x_wconf 85' lang='lat' dir='ltr'>triginta</span> <span class='ocrx_word' id='word_1_1438' title='bbox 542 2923 666 2950; x_wconf 81' lang='lat' dir='ltr'>homines</span> <span class='ocrx_word' id='word_1_1439' title='bbox 680 2922 774 2958; x_wconf 88' lang='lat' dir='ltr'>Populi</span> <span class='ocrx_word' id='word_1_1440' title='bbox 789 2922 867 2949; x_wconf 87' lang='lat' dir='ltr'>Rom.</span> <span class='ocrx_word' id='word_1_1441' title='bbox 882 2921 1025 2949; x_wconf 84' lang='lat' dir='ltr'>leuislimos</span> <span class='ocrx_word' id='word_1_1442' title='bbox 1042 2931 1071 2949; x_wconf 89' lang='lat' dir='ltr'>ac</span> <span class='ocrx_word' id='word_1_1443' title='bbox 1090 2921 1258 2956; x_wconf 82' lang='lat' dir='ltr'>nequiffimos</span> <span class='ocrx_word' id='word_1_1444' title='bbox 1278 2930 1325 2947; x_wconf 89' lang='lat' dir='ltr'>nu-</span> 
     </span>
     <span class='ocr_line' id='line_1_139' title="bbox 260 2959 822 2995; baseline -0.011 -4"><span class='ocrx_word' id='word_1_1445' title='bbox 260 2962 343 2991; x_wconf 83' lang='lat' dir='ltr'>mulis</span> <span class='ocrx_word' id='word_1_1446' title='bbox 356 2961 468 2995; x_wconf 84' lang='lat' dir='ltr'>acceptis</span> <span class='ocrx_word' id='word_1_1447' title='bbox 483 2960 523 2986; x_wconf 90' lang='lat' dir='ltr'>ius</span> <span class='ocrx_word' id='word_1_1448' title='bbox 537 2968 565 2986; x_wconf 86' lang='lat' dir='ltr'>ac</span> <span class='ocrx_word' id='word_1_1449' title='bbox 578 2959 616 2985; x_wconf 87' lang='lat' dir='ltr'>fas</span> <span class='ocrx_word' id='word_1_1450' title='bbox 630 2968 710 2985; x_wconf 86' lang='lat' dir='ltr'>omne</span> <span class='ocrx_word' id='word_1_1451' title='bbox 724 2959 822 2986; x_wconf 88' lang='lat' dir='ltr'>delere.</span> 
     </span>
     <span class='ocr_line' id='line_1_140' title="bbox 259 2993 1325 3031; baseline -0.006 -5"><span class='ocrx_word' id='word_1_1452' title='bbox 259 3006 350 3027; x_wconf 82' lang='lat' dir='ltr'>tamen</span> <span class='ocrx_word' id='word_1_1453' title='bbox 368 3006 382 3024; x_wconf 92' lang='lat' dir='ltr'>a</span> <span class='ocrx_word' id='word_1_1454' title='bbox 401 2995 533 3028; x_wconf 88' lang='lat' dir='ltr'>Sicyoniis</span> <span class='ocrx_word' id='word_1_1455' title='bbox 552 2995 725 3022; x_wconf 86' lang='lat' dir='ltr'>numulorum</span> <span class='ocrx_word' id='word_1_1456' title='bbox 744 2993 847 3030; x_wconf 88' lang='lat' dir='ltr'>aliquid</span> <span class='ocrx_word' id='word_1_1457' title='bbox 867 2995 1038 3031; x_wconf 79' lang='lat' dir='ltr'>expresseris,</span> <span class='ocrx_word' id='word_1_1458' title='bbox 1074 2993 1159 3021; x_wconf 85' lang='lat' dir='ltr'>velim</span> <span class='ocrx_word' id='word_1_1459' title='bbox 1182 3003 1225 3021; x_wconf 91' lang='lat' dir='ltr'>me</span> <span class='ocrx_word' id='word_1_1460' title='bbox 1245 2993 1325 3020; x_wconf 84' lang='lat' dir='ltr'>facias</span> 
     </span>
     <span class='ocr_line' id='line_1_141' title="bbox 263 3031 604 3065; baseline -0.018 -2"><span class='ocrx_word' id='word_1_1461' title='bbox 263 3034 407 3063; x_wconf 83' lang='lat' dir='ltr'>certiorem</span> <span class='ocrx_word' id='word_1_1462' title='bbox 442 3031 517 3058; x_wconf 88' lang='lat' dir='ltr'>Idem</span> <span class='ocrx_word' id='word_1_1463' title='bbox 532 3035 556 3065; x_wconf 80' lang='lat'>8,</span> <span class='ocrx_word' id='word_1_1464' title='bbox 573 3040 604 3063; x_wconf 84' lang='lat'>¹3·</span> 
     </span>
    </p>

    <p class='ocr_par' dir='ltr' id='par_1_45' title="bbox 261 3064 1327 3142">
     <span class='ocr_line' id='line_1_142' title="bbox 300 3064 1327 3102; baseline -0.006 -4"><span class='ocrx_word' id='word_1_1465' title='bbox 300 3079 322 3098; x_wconf 89' lang='lat' dir='ltr'>N</span> <span class='ocrx_word' id='word_1_1466' title='bbox 332 3077 354 3096; x_wconf 93' lang='lat' dir='ltr'>V</span> <span class='ocrx_word' id='word_1_1467' title='bbox 364 3076 391 3096; x_wconf 86' lang='lat' dir='ltr'>M</span> <span class='ocrx_word' id='word_1_1468' title='bbox 402 3075 428 3097; x_wconf 87' lang='lat' dir='ltr'>M</span> <span class='ocrx_word' id='word_1_1469' title='bbox 439 3069 460 3095; x_wconf 56' lang='lat'>0*</span> <span class='ocrx_word' id='word_1_1470' title='bbox 468 3074 480 3094; x_wconf 90' lang='lat' dir='ltr'>S</span> <span class='ocrx_word' id='word_1_1471' title='bbox 489 3075 510 3095; x_wconf 91' lang='lat' dir='ltr'>V</span> <span class='ocrx_word' id='word_1_1472' title='bbox 522 3073 535 3094; x_wconf 88' lang='lat' dir='ltr'>S</span> <span class='ocrx_word' id='word_1_1473' title='bbox 545 3087 554 3100; x_wconf 82' lang='lat'>.,</span> <span class='ocrx_word' id='word_1_1474' title='bbox 571 3075 585 3093; x_wconf 85' lang='lat' dir='ltr'>a</span> <span class='ocrx_word' id='word_1_1475' title='bbox 595 3087 603 3100; x_wconf 96' lang='lat'>,</span> <span class='ocrx_word' id='word_1_1476' title='bbox 627 3074 683 3093; x_wconf 89' lang='lat' dir='ltr'>um.</span> <span class='ocrx_word' id='word_1_1477' title='bbox 703 3065 771 3093; x_wconf 67' lang='lat' dir='ltr'>fAdi.</span> <span class='ocrx_word' id='word_1_1478' title='bbox 807 3064 1001 3102; x_wconf 70' lang='grc' dir='ltr'>[χρηματῶδης]</span> <span class='ocrx_word' id='word_1_1479' title='bbox 1042 3066 1098 3102; x_wconf 77' lang='lat' dir='ltr'>Qi</span> <span class='ocrx_word' id='word_1_1480' title='bbox 1112 3065 1194 3092; x_wconf 75' lang='lat' dir='ltr'>num1‘s</span> <span class='ocrx_word' id='word_1_1481' title='bbox 1206 3065 1327 3092; x_wconf 78' lang='lat' dir='ltr'>abundat.</span> 
     </span>
     <span class='ocr_line' id='line_1_143' title="bbox 261 3101 1326 3142; baseline -0.007 -8"><span class='ocrx_word' id='word_1_1482' title='bbox 261 3106 390 3142; x_wconf 84' lang='lat' dir='ltr'>Nigidius</span> <span class='ocrx_word' id='word_1_1483' title='bbox 404 3103 474 3140; x_wconf 87' lang='lat' dir='ltr'>apud</span> <span class='ocrx_word' id='word_1_1484' title='bbox 488 3102 608 3130; x_wconf 88' lang='lat' dir='ltr'>Gellium</span> <span class='ocrx_word' id='word_1_1485' title='bbox 620 3110 649 3137; x_wconf 84' lang='lat'>4,</span> <span class='ocrx_word' id='word_1_1486' title='bbox 662 3111 679 3136; x_wconf 92' lang='lat'>9</span> <span class='ocrx_word' id='word_1_1487' title='bbox 706 3103 783 3136; x_wconf 87' lang='lat' dir='ltr'>Hoc,</span> <span class='ocrx_word' id='word_1_1488' title='bbox 803 3102 909 3136; x_wconf 90' lang='lat' dir='ltr'>inquit,</span> <span class='ocrx_word' id='word_1_1489' title='bbox 928 3101 1151 3129; x_wconf 86' lang='lat' dir='ltr'>inclinamentum</span> <span class='ocrx_word' id='word_1_1490' title='bbox 1163 3102 1265 3136; x_wconf 88' lang='lat' dir='ltr'>semper</span> <span class='ocrx_word' id='word_1_1491' title='bbox 1279 3101 1326 3128; x_wconf 87' lang='lat' dir='ltr'>hu.</span> 
     </span>
    </p>
   </div>
   <div class='ocr_carea' id='block_1_38' title="bbox 260 3137 1372 3173">
    <p class='ocr_par' dir='ltr' id='par_1_46' title="bbox 260 3137 1372 3173">
     <span class='ocr_line' id='line_1_144' title="bbox 260 3137 1372 3173; baseline -0.004 -3"><span class='ocrx_word' id='word_1_1492' title='bbox 260 3140 410 3170; x_wconf 86' lang='lat' dir='ltr'>iuscemodi</span> <span class='ocrx_word' id='word_1_1493' title='bbox 424 3138 587 3172; x_wconf 84' lang='lat' dir='ltr'>verborum,</span> <span class='ocrx_word' id='word_1_1494' title='bbox 614 3145 643 3165; x_wconf 93' lang='lat' dir='ltr'>vt</span> <span class='ocrx_word' id='word_1_1495' title='bbox 657 3137 782 3171; x_wconf 89' lang='lat' dir='ltr'>vinosus,</span> <span class='ocrx_word' id='word_1_1496' title='bbox 812 3138 987 3172; x_wconf 84' lang='lat' dir='ltr'>mulierosus,</span> <span class='ocrx_word' id='word_1_1497' title='bbox 1016 3137 1172 3173; x_wconf 82' lang='lat' dir='ltr'>religiosus,</span> <span class='ocrx_word' id='word_1_1498' title='bbox 1201 3146 1324 3165; x_wconf 85' lang='lat' dir='ltr'>nummo·</span> <span class='ocrx_word' id='word_1_1499' title='bbox 1339 3140 1372 3165; x_wconf 89' lang='lat'>80</span> 
     </span>
    </p>
   </div>
   <div class='ocr_carea' id='block_1_39' title="bbox 261 3172 1328 3497">
    <p class='ocr_par' dir='ltr' id='par_1_47' title="bbox 261 3172 1328 3497">
     <span class='ocr_line' id='line_1_145' title="bbox 261 3172 1199 3213; baseline -0.005 -7"><span class='ocrx_word' id='word_1_1500' title='bbox 261 3180 318 3212; x_wconf 90' lang='lat' dir='ltr'>sus,</span> <span class='ocrx_word' id='word_1_1501' title='bbox 340 3178 422 3213; x_wconf 79' lang='lat' dir='ltr'>signat</span> <span class='ocrx_word' id='word_1_1502' title='bbox 436 3175 541 3211; x_wconf 87' lang='lat' dir='ltr'>copiam</span> <span class='ocrx_word' id='word_1_1503' title='bbox 554 3174 686 3210; x_wconf 84' lang='lat' dir='ltr'>quandam</span> <span class='ocrx_word' id='word_1_1504' title='bbox 699 3172 871 3200; x_wconf 82' lang='lat' dir='ltr'>immodicam</span> <span class='ocrx_word' id='word_1_1505' title='bbox 884 3174 924 3200; x_wconf 88' lang='lat' dir='ltr'>rei</span> <span class='ocrx_word' id='word_1_1506' title='bbox 938 3174 1015 3208; x_wconf 85' lang='lat' dir='ltr'>super</span> <span class='ocrx_word' id='word_1_1507' title='bbox 1027 3182 1078 3209; x_wconf 89' lang='lat' dir='ltr'>qua</span> <span class='ocrx_word' id='word_1_1508' title='bbox 1091 3174 1199 3201; x_wconf 85' lang='lat' dir='ltr'>dicitur.</span> 
     </span>
     <span class='ocr_line' id='line_1_146' title="bbox 301 3208 1326 3246; baseline -0.004 -5"><span class='ocrx_word' id='word_1_1509' title='bbox 301 3222 324 3242; x_wconf 89' lang='lat' dir='ltr'>N</span> <span class='ocrx_word' id='word_1_1510' title='bbox 334 3221 356 3240; x_wconf 88' lang='lat' dir='ltr'>V</span> <span class='ocrx_word' id='word_1_1511' title='bbox 365 3221 390 3240; x_wconf 89' lang='lat' dir='ltr'>M</span> <span class='ocrx_word' id='word_1_1512' title='bbox 401 3219 427 3240; x_wconf 90' lang='lat' dir='ltr'>M</span> <span class='ocrx_word' id='word_1_1513' title='bbox 439 3214 462 3240; x_wconf 60' lang='lat' dir='ltr'>AI</span> <span class='ocrx_word' id='word_1_1514' title='bbox 473 3218 495 3238; x_wconf 92' lang='grc' dir='ltr'>Τ</span> <span class='ocrx_word' id='word_1_1515' title='bbox 507 3218 527 3238; x_wconf 88' lang='lat' dir='ltr'>V</span> <span class='ocrx_word' id='word_1_1516' title='bbox 537 3218 550 3237; x_wconf 86' lang='lat' dir='ltr'>S</span> <span class='ocrx_word' id='word_1_1517' title='bbox 559 3232 568 3244; x_wconf 86' lang='lat'>,</span> <span class='ocrx_word' id='word_1_1518' title='bbox 587 3221 600 3237; x_wconf 86' lang='lat' dir='ltr'>a</span> <span class='ocrx_word' id='word_1_1519' title='bbox 608 3228 617 3242; x_wconf 85' lang='lat'>,</span> <span class='ocrx_word' id='word_1_1520' title='bbox 635 3219 690 3237; x_wconf 90' lang='lat' dir='ltr'>um.</span> <span class='ocrx_word' id='word_1_1521' title='bbox 710 3210 795 3236; x_wconf 85' lang='lat' dir='ltr'>Aliud</span> <span class='ocrx_word' id='word_1_1522' title='bbox 806 3208 866 3236; x_wconf 89' lang='lat' dir='ltr'>Adi.</span> <span class='ocrx_word' id='word_1_1523' title='bbox 902 3210 1131 3246; x_wconf 69' lang='grc' dir='ltr'>[πολυχρήματος]</span> <span class='ocrx_word' id='word_1_1524' title='bbox 1166 3209 1222 3237; x_wconf 82' lang='lat' dir='ltr'>Cic.</span> <span class='ocrx_word' id='word_1_1525' title='bbox 1235 3209 1268 3238; x_wconf 89' lang='lat' dir='ltr'>de</span> <span class='ocrx_word' id='word_1_1526' title='bbox 1277 3210 1326 3237; x_wconf 89' lang='lat' dir='ltr'>Le-</span> 
     </span>
     <span class='ocr_line' id='line_1_147' title="bbox 282 3245 1326 3285; baseline -0.008 -7"><span class='ocrx_word' id='word_1_1527' title='bbox 282 3260 295 3278; x_wconf 89' lang='lat' dir='ltr'>e</span> <span class='ocrx_word' id='word_1_1528' title='bbox 311 3253 403 3285; x_wconf 85' lang='lat' dir='ltr'>Agrar.</span> <span class='ocrx_word' id='word_1_1529' title='bbox 419 3258 441 3282; x_wconf 87' lang='lat'>2,</span> <span class='ocrx_word' id='word_1_1530' title='bbox 454 3249 484 3279; x_wconf 83' lang='lat'>56</span> <span class='ocrx_word' id='word_1_1531' title='bbox 497 3257 518 3274; x_wconf 90' lang='lat' dir='ltr'>c.</span> <span class='ocrx_word' id='word_1_1532' title='bbox 530 3256 556 3274; x_wconf 83' lang='lat'>22</span> <span class='ocrx_word' id='word_1_1533' title='bbox 583 3246 686 3273; x_wconf 88' lang='lat' dir='ltr'>Volitat</span> <span class='ocrx_word' id='word_1_1534' title='bbox 706 3245 780 3273; x_wconf 90' lang='lat' dir='ltr'>enim</span> <span class='ocrx_word' id='word_1_1535' title='bbox 797 3251 858 3271; x_wconf 89' lang='lat' dir='ltr'>ante</span> <span class='ocrx_word' id='word_1_1536' title='bbox 877 3245 968 3271; x_wconf 87' lang='lat' dir='ltr'>oculos</span> <span class='ocrx_word' id='word_1_1537' title='bbox 986 3245 1099 3272; x_wconf 87' lang='lat' dir='ltr'>istorum</span> <span class='ocrx_word' id='word_1_1538' title='bbox 1113 3245 1194 3273; x_wconf 86' lang='lat' dir='ltr'>Iubae</span> <span class='ocrx_word' id='word_1_1539' title='bbox 1206 3246 1276 3281; x_wconf 71' lang='lat' dir='ltr'>regis</span> <span class='ocrx_word' id='word_1_1540' title='bbox 1296 3246 1326 3273; x_wconf 84' lang='lat' dir='ltr'>fi.</span> 
     </span>
     <span class='ocr_line' id='line_1_148' title="bbox 277 3281 1326 3317; baseline -0.004 -5"><span class='ocrx_word' id='word_1_1541' title='bbox 277 3287 316 3312; x_wconf 88' lang='lat' dir='ltr'>ius</span> <span class='ocrx_word' id='word_1_1542' title='bbox 329 3285 495 3315; x_wconf 86' lang='lat' dir='ltr'>adolescens,</span> <span class='ocrx_word' id='word_1_1543' title='bbox 532 3292 588 3309; x_wconf 88' lang='lat' dir='ltr'>non</span> <span class='ocrx_word' id='word_1_1544' title='bbox 602 3283 689 3309; x_wconf 85' lang='lat' dir='ltr'>minus</span> <span class='ocrx_word' id='word_1_1545' title='bbox 706 3281 774 3308; x_wconf 87' lang='lat' dir='ltr'>bene</span> <span class='ocrx_word' id='word_1_1546' title='bbox 791 3287 960 3313; x_wconf 84' lang='lat' dir='ltr'>nummatus,</span> <span class='ocrx_word' id='word_1_1547' title='bbox 997 3290 1076 3315; x_wconf 86' lang='lat' dir='ltr'>quam</span> <span class='ocrx_word' id='word_1_1548' title='bbox 1099 3281 1168 3308; x_wconf 87' lang='lat' dir='ltr'>bene</span> <span class='ocrx_word' id='word_1_1549' title='bbox 1189 3282 1326 3317; x_wconf 83' lang='lat' dir='ltr'>capillatus</span> 
     </span>
     <span class='ocr_line' id='line_1_149' title="bbox 265 3318 806 3354; baseline -0.011 -5"><span class='ocrx_word' id='word_1_1550' title='bbox 265 3321 339 3349; x_wconf 88' lang='lat' dir='ltr'>Idem</span> <span class='ocrx_word' id='word_1_1551' title='bbox 353 3322 425 3348; x_wconf 88' lang='lat' dir='ltr'>Fam.</span> <span class='ocrx_word' id='word_1_1552' title='bbox 439 3329 462 3354; x_wconf 90' lang='lat'>7,</span> <span class='ocrx_word' id='word_1_1553' title='bbox 477 3321 512 3347; x_wconf 89' lang='lat'>16.</span> <span class='ocrx_word' id='word_1_1554' title='bbox 527 3319 596 3346; x_wconf 86' lang='lat' dir='ltr'>Hor.</span> <span class='ocrx_word' id='word_1_1555' title='bbox 609 3318 687 3352; x_wconf 81' lang='lat' dir='ltr'>Epist.</span> <span class='ocrx_word' id='word_1_1556' title='bbox 704 3328 722 3353; x_wconf 88' lang='lat'>1,</span> <span class='ocrx_word' id='word_1_1557' title='bbox 735 3319 761 3348; x_wconf 89' lang='lat'>6,</span> <span class='ocrx_word' id='word_1_1558' title='bbox 771 3322 806 3349; x_wconf 73' lang='lat'>38.</span> 
     </span>
     <span class='ocr_line' id='line_1_150' title="bbox 266 3352 963 3392; baseline -0.004 -9"><span class='ocrx_word' id='word_1_1559' title='bbox 266 3359 296 3384; x_wconf 86' lang='lat' dir='ltr'>In</span> <span class='ocrx_word' id='word_1_1560' title='bbox 312 3366 357 3391; x_wconf 86' lang='lat' dir='ltr'>quo</span> <span class='ocrx_word' id='word_1_1561' title='bbox 369 3356 513 3392; x_wconf 84' lang='lat' dir='ltr'>multisunt</span> <span class='ocrx_word' id='word_1_1562' title='bbox 524 3357 594 3381; x_wconf 81' lang='lat' dir='ltr'>numi</span> <span class='ocrx_word' id='word_1_1563' title='bbox 619 3354 701 3381; x_wconf 85' lang='lat' dir='ltr'>Plaut.</span> <span class='ocrx_word' id='word_1_1564' title='bbox 714 3352 834 3389; x_wconf 74' lang='lat' dir='ltr'>Amphis.</span> <span class='ocrx_word' id='word_1_1565' title='bbox 849 3363 873 3386; x_wconf 86' lang='lat'>4,</span> <span class='ocrx_word' id='word_1_1566' title='bbox 885 3361 913 3386; x_wconf 88' lang='lat'>4,</span> <span class='ocrx_word' id='word_1_1567' title='bbox 927 3361 963 3387; x_wconf 80' lang='lat'>39.</span> 
     </span>
     <span class='ocr_line' id='line_1_151' title="bbox 268 3391 678 3428; baseline -0.007 -9"><span class='ocrx_word' id='word_1_1568' title='bbox 268 3402 277 3419; x_wconf 83' lang='lat'>1</span> <span class='ocrx_word' id='word_1_1569' title='bbox 288 3399 329 3428; x_wconf 87' lang='lat' dir='ltr'>pr.</span> <span class='ocrx_word' id='word_1_1570' title='bbox 354 3391 528 3418; x_wconf 89' lang='lat' dir='ltr'>Nummatior</span> <span class='ocrx_word' id='word_1_1571' title='bbox 546 3396 678 3417; x_wconf 87' lang='lat' dir='ltr'>reuertor.</span> 
     </span>
     <span class='ocr_line' id='line_1_152' title="bbox 306 3425 1328 3459; baseline -0.002 -6"><span class='ocrx_word' id='word_1_1572' title='bbox 306 3434 329 3453; x_wconf 88' lang='lat' dir='ltr'>N</span> <span class='ocrx_word' id='word_1_1573' title='bbox 339 3434 361 3452; x_wconf 90' lang='lat' dir='ltr'>v</span> <span class='ocrx_word' id='word_1_1574' title='bbox 369 3434 394 3453; x_wconf 87' lang='lat' dir='ltr'>M</span> <span class='ocrx_word' id='word_1_1575' title='bbox 404 3433 431 3454; x_wconf 82' lang='grc' dir='ltr'><strong><em>Μ</em></strong></span> <span class='ocrx_word' id='word_1_1576' title='bbox 443 3433 464 3452; x_wconf 85' lang='grc' dir='ltr'>Α</span> <span class='ocrx_word' id='word_1_1577' title='bbox 472 3433 493 3453; x_wconf 87' lang='grc' dir='ltr'>Τ</span> <span class='ocrx_word' id='word_1_1578' title='bbox 504 3434 512 3453; x_wconf 88' lang='grc'>1</span> <span class='ocrx_word' id='word_1_1579' title='bbox 525 3433 545 3454; x_wconf 93' lang='lat'>0</span> <span class='ocrx_word' id='word_1_1580' title='bbox 557 3445 564 3456; x_wconf 89' lang='lat'>,</span> <span class='ocrx_word' id='word_1_1581' title='bbox 591 3425 661 3452; x_wconf 65' lang='lat' dir='ltr'>bnis.</span> <span class='ocrx_word' id='word_1_1582' title='bbox 692 3425 712 3452; x_wconf 89' lang='lat' dir='ltr'>f.</span> <span class='ocrx_word' id='word_1_1583' title='bbox 749 3425 978 3459; x_wconf 65' lang='lat' dir='ltr'>[nonuanflmrsoe]</span> <span class='ocrx_word' id='word_1_1584' title='bbox 1017 3425 1154 3450; x_wconf 77' lang='lat' dir='ltr'>Numorum</span> <span class='ocrx_word' id='word_1_1585' title='bbox 1171 3425 1328 3451; x_wconf 80' lang='lat' dir='ltr'>abundantia</span> 
     </span>
     <span class='ocr_line' id='line_1_153' title="bbox 266 3460 1328 3497; baseline -0.002 -8"><span class='ocrx_word' id='word_1_1586' title='bbox 266 3471 292 3490; x_wconf 83' lang='lat' dir='ltr'>et</span> <span class='ocrx_word' id='word_1_1587' title='bbox 306 3462 441 3497; x_wconf 77' lang='lat' dir='ltr'>affluentia.</span> <span class='ocrx_word' id='word_1_1588' title='bbox 513 3463 570 3489; x_wconf 87' lang='lat' dir='ltr'>Cic.</span> <span class='ocrx_word' id='word_1_1589' title='bbox 585 3461 699 3496; x_wconf 83' lang='lat' dir='ltr'>Philipp.</span> <span class='ocrx_word' id='word_1_1590' title='bbox 715 3470 737 3494; x_wconf 89' lang='grc'>2,</span> <span class='ocrx_word' id='word_1_1591' title='bbox 759 3469 793 3492; x_wconf 80' lang='lat'>115</span> <span class='ocrx_word' id='word_1_1592' title='bbox 814 3471 835 3487; x_wconf 89' lang='lat' dir='ltr'>e.</span> <span class='ocrx_word' id='word_1_1593' title='bbox 860 3470 888 3493; x_wconf 79' lang='lat'>45</span> <span class='ocrx_word' id='word_1_1594' title='bbox 931 3461 1002 3487; x_wconf 87' lang='lat' dir='ltr'>Pone</span> <span class='ocrx_word' id='word_1_1595' title='bbox 1018 3466 1078 3486; x_wconf 89' lang='lat' dir='ltr'>ante</span> <span class='ocrx_word' id='word_1_1596' title='bbox 1092 3460 1184 3487; x_wconf 87' lang='lat' dir='ltr'>oculos</span> <span class='ocrx_word' id='word_1_1597' title='bbox 1198 3460 1328 3488; x_wconf 80' lang='lat' dir='ltr'>laetitiam</span> 
     </span>
    </p>
   </div>
   <div class='ocr_carea' id='block_1_40' title="bbox 1037 3354 1327 3388">
    <p class='ocr_par' dir='ltr' id='par_1_48' title="bbox 1037 3354 1327 3388">
     <span class='ocr_line' id='line_1_154' title="bbox 1037 3354 1327 3388; baseline 0.01 -10"><span class='ocrx_word' id='word_1_1598' title='bbox 1037 3355 1151 3388; x_wconf 79' lang='lat' dir='ltr'>Compar.</span> <span class='ocrx_word' id='word_1_1599' title='bbox 1169 3354 1248 3388; x_wconf 90' lang='lat' dir='ltr'>Apul.</span> <span class='ocrx_word' id='word_1_1600' title='bbox 1263 3355 1327 3381; x_wconf 87' lang='lat' dir='ltr'>Met.</span> 
     </span>
    </p>
   </div>
   <div class='ocr_carea' id='block_1_41' title="bbox 267 3496 1375 3537">
    <p class='ocr_par' dir='ltr' id='par_1_49' title="bbox 267 3496 1375 3537">
     <span class='ocr_line' id='line_1_155' title="bbox 267 3496 1375 3537; baseline -0.003 -11"><span class='ocrx_word' id='word_1_1601' title='bbox 267 3501 375 3526; x_wconf 89' lang='lat' dir='ltr'>Senatus</span> <span class='ocrx_word' id='word_1_1602' title='bbox 384 3518 392 3530; x_wconf 92' lang='lat'>,</span> <span class='ocrx_word' id='word_1_1603' title='bbox 411 3497 557 3537; x_wconf 74' lang='lat' dir='ltr'>Populique</span> <span class='ocrx_word' id='word_1_1604' title='bbox 571 3498 701 3525; x_wconf 81' lang='lat' dir='ltr'>Romani:</span> <span class='ocrx_word' id='word_1_1605' title='bbox 733 3496 827 3524; x_wconf 84' lang='lat' dir='ltr'>confer</span> <span class='ocrx_word' id='word_1_1606' title='bbox 842 3505 904 3523; x_wconf 82' lang='lat' dir='ltr'>eum</span> <span class='ocrx_word' id='word_1_1607' title='bbox 918 3505 978 3523; x_wconf 88' lang='lat' dir='ltr'>cum</span> <span class='ocrx_word' id='word_1_1608' title='bbox 992 3496 1177 3523; x_wconf 85' lang='lat' dir='ltr'>nummatione</span> <span class='ocrx_word' id='word_1_1609' title='bbox 1189 3502 1232 3523; x_wconf 86' lang='lat' dir='ltr'>tua</span> <span class='ocrx_word' id='word_1_1610' title='bbox 1241 3517 1250 3529; x_wconf 94' lang='lat'>,</span> <span class='ocrx_word' id='word_1_1611' title='bbox 1270 3502 1328 3523; x_wconf 89' lang='lat' dir='ltr'>tuo.</span> <span class='ocrx_word' id='word_1_1612' title='bbox 1340 3505 1375 3530; x_wconf 91' lang='lat'>90</span> 
     </span>
    </p>
   </div>
   <div class='ocr_carea' id='block_1_42' title="bbox 268 3531 1330 3675">
    <p class='ocr_par' dir='ltr' id='par_1_50' title="bbox 268 3531 1330 3603">
     <span class='ocr_line' id='line_1_156' title="bbox 268 3531 1330 3568; baseline -0.004 -6"><span class='ocrx_word' id='word_1_1613' title='bbox 268 3542 398 3568; x_wconf 83' lang='lat' dir='ltr'>rumque:</span> <span class='ocrx_word' id='word_1_1614' title='bbox 416 3539 474 3559; x_wconf 85' lang='lat' dir='ltr'>tum</span> <span class='ocrx_word' id='word_1_1615' title='bbox 489 3533 619 3567; x_wconf 72' lang='lat' dir='ltr'>intelliges</span> <span class='ocrx_word' id='word_1_1616' title='bbox 633 3539 760 3568; x_wconf 85' lang='lat' dir='ltr'>quantum</span> <span class='ocrx_word' id='word_1_1617' title='bbox 774 3533 845 3559; x_wconf 84' lang='lat' dir='ltr'>inter</span> <span class='ocrx_word' id='word_1_1618' title='bbox 861 3532 965 3559; x_wconf 89' lang='lat' dir='ltr'>laudem</span> <span class='ocrx_word' id='word_1_1619' title='bbox 980 3537 1005 3558; x_wconf 90' lang='lat' dir='ltr'>et</span> <span class='ocrx_word' id='word_1_1620' title='bbox 1019 3531 1122 3559; x_wconf 88' lang='lat' dir='ltr'>lucrum</span> <span class='ocrx_word' id='word_1_1621' title='bbox 1134 3531 1243 3559; x_wconf 85' lang='lat' dir='ltr'>intersit.</span> <span class='ocrx_word' id='word_1_1622' title='bbox 1280 3534 1330 3559; x_wconf 82' lang='lat' dir='ltr'>Sed</span> 
     </span>
     <span class='ocr_line' id='line_1_157' title="bbox 269 3569 874 3603; baseline -0.003 -6"><span class='ocrx_word' id='word_1_1623' title='bbox 269 3570 339 3597; x_wconf 58' lang='lat' dir='ltr'>tenio</span> <span class='ocrx_word' id='word_1_1624' title='bbox 354 3569 475 3603; x_wconf 83' lang='lat' dir='ltr'>nonsatis</span> <span class='ocrx_word' id='word_1_1625' title='bbox 489 3576 566 3596; x_wconf 82' lang='lat' dir='ltr'>certa.</span> <span class='ocrx_word' id='word_1_1626' title='bbox 604 3571 648 3595; x_wconf 84' lang='lat' dir='ltr'>Al.</span> <span class='ocrx_word' id='word_1_1627' title='bbox 661 3569 874 3596; x_wconf 86' lang='lat' dir='ltr'>Nundinatione.</span> 
     </span>
    </p>

    <p class='ocr_par' dir='ltr' id='par_1_51' title="bbox 269 3604 1330 3675">
     <span class='ocr_line' id='line_1_158' title="bbox 308 3604 1328 3640; baseline -0.005 -8"><span class='ocrx_word' id='word_1_1628' title='bbox 308 3612 331 3632; x_wconf 87' lang='lat' dir='ltr'>N</span> <span class='ocrx_word' id='word_1_1629' title='bbox 347 3611 369 3631; x_wconf 90' lang='lat' dir='ltr'>V</span> <span class='ocrx_word' id='word_1_1630' title='bbox 381 3611 407 3631; x_wconf 89' lang='lat' dir='ltr'>M</span> <span class='ocrx_word' id='word_1_1631' title='bbox 418 3611 442 3630; x_wconf 87' lang='lat' dir='ltr'>M</span> <span class='ocrx_word' id='word_1_1632' title='bbox 452 3611 474 3630; x_wconf 80' lang='grc' dir='ltr'>Α</span> <span class='ocrx_word' id='word_1_1633' title='bbox 484 3610 504 3630; x_wconf 81' lang='lat' dir='ltr'>R</span> <span class='ocrx_word' id='word_1_1634' title='bbox 515 3611 524 3630; x_wconf 90' lang='lat'>1</span> <span class='ocrx_word' id='word_1_1635' title='bbox 536 3610 556 3630; x_wconf 92' lang='lat' dir='ltr'>V</span> <span class='ocrx_word' id='word_1_1636' title='bbox 567 3610 598 3635; x_wconf 85' lang='lat' dir='ltr'>S,</span> <span class='ocrx_word' id='word_1_1637' title='bbox 617 3614 647 3637; x_wconf 91' lang='lat' dir='ltr'>a,</span> <span class='ocrx_word' id='word_1_1638' title='bbox 668 3615 724 3632; x_wconf 87' lang='lat' dir='ltr'>um.</span> <span class='ocrx_word' id='word_1_1639' title='bbox 745 3604 804 3633; x_wconf 83' lang='lat' dir='ltr'>Adi.</span> <span class='ocrx_word' id='word_1_1640' title='bbox 825 3605 1009 3639; x_wconf 67' lang='grc' dir='ltr'>[χρηματικὸς]</span> <span class='ocrx_word' id='word_1_1641' title='bbox 1043 3604 1120 3640; x_wconf 72' lang='lat' dir='ltr'>QOd</span> <span class='ocrx_word' id='word_1_1642' title='bbox 1130 3604 1166 3629; x_wconf 86' lang='lat' dir='ltr'>ad</span> <span class='ocrx_word' id='word_1_1643' title='bbox 1178 3613 1261 3629; x_wconf 85' lang='lat' dir='ltr'>numos</span> <span class='ocrx_word' id='word_1_1644' title='bbox 1274 3611 1328 3636; x_wconf 80' lang='lat' dir='ltr'>per.</span> 
     </span>
     <span class='ocr_line' id='line_1_159' title="bbox 269 3639 1330 3675; baseline -0.001 -7"><span class='ocrx_word' id='word_1_1645' title='bbox 269 3642 347 3668; x_wconf 81' lang='lat' dir='ltr'>tinet:</span> <span class='ocrx_word' id='word_1_1646' title='bbox 367 3646 408 3673; x_wconf 78' lang='lat' dir='ltr'>vt,</span> <span class='ocrx_word' id='word_1_1647' title='bbox 431 3640 481 3666; x_wconf 83' lang='lat' dir='ltr'>Res</span> <span class='ocrx_word' id='word_1_1648' title='bbox 490 3639 637 3666; x_wconf 84' lang='lat' dir='ltr'>nummaria</span> <span class='ocrx_word' id='word_1_1649' title='bbox 644 3648 667 3666; x_wconf 83' lang='lat' dir='ltr'>ct</span> <span class='ocrx_word' id='word_1_1650' title='bbox 674 3641 737 3673; x_wconf 79' lang='lat' dir='ltr'>alia,</span> <span class='ocrx_word' id='word_1_1651' title='bbox 750 3650 811 3675; x_wconf 79' lang='lat' dir='ltr'>quae</span> <span class='ocrx_word' id='word_1_1652' title='bbox 822 3650 878 3666; x_wconf 73' lang='lat' dir='ltr'>mox</span> <span class='ocrx_word' id='word_1_1653' title='bbox 889 3641 1006 3666; x_wconf 77' lang='lat' dir='ltr'>dabimus.</span> <span class='ocrx_word' id='word_1_1654' title='bbox 1044 3641 1093 3665; x_wconf 78' lang='lat' dir='ltr'>Sed</span> <span class='ocrx_word' id='word_1_1655' title='bbox 1101 3639 1157 3666; x_wconf 86' lang='lat' dir='ltr'>Cic.</span> <span class='ocrx_word' id='word_1_1656' title='bbox 1166 3648 1215 3674; x_wconf 89' lang='lat' dir='ltr'>pro</span> <span class='ocrx_word' id='word_1_1657' title='bbox 1224 3640 1330 3667; x_wconf 86' lang='lat' dir='ltr'>Cluent.</span> 
     </span>
    </p>
   </div>
   <div class='ocr_carea' id='block_1_43' title="bbox 270 3674 1371 3712">
    <p class='ocr_par' dir='ltr' id='par_1_52' title="bbox 270 3674 1371 3712">
     <span class='ocr_line' id='line_1_160' title="bbox 270 3674 1371 3712; baseline 0.002 -11"><span class='ocrx_word' id='word_1_1658' title='bbox 270 3685 319 3704; x_wconf 83' lang='lat'>100</span> <span class='ocrx_word' id='word_1_1659' title='bbox 346 3674 549 3710; x_wconf 80' lang='lat' dir='ltr'>Exagitabantur</span> <span class='ocrx_word' id='word_1_1660' title='bbox 562 3685 655 3702; x_wconf 86' lang='lat' dir='ltr'>omnes</span> <span class='ocrx_word' id='word_1_1661' title='bbox 670 3677 726 3702; x_wconf 77' lang='lat' dir='ltr'>eius</span> <span class='ocrx_word' id='word_1_1662' title='bbox 740 3677 861 3712; x_wconf 84' lang='lat' dir='ltr'>fraudes,</span> <span class='ocrx_word' id='word_1_1663' title='bbox 887 3681 965 3710; x_wconf 85' lang='lat' dir='ltr'>atquc</span> <span class='ocrx_word' id='word_1_1664' title='bbox 982 3675 1114 3702; x_wconf 82' lang='lat' dir='ltr'>fallaciae:</span> <span class='ocrx_word' id='word_1_1665' title='bbox 1151 3681 1207 3702; x_wconf 88' lang='lat' dir='ltr'>tota</span> <span class='ocrx_word' id='word_1_1666' title='bbox 1227 3676 1280 3702; x_wconf 87' lang='lat' dir='ltr'>vita</span> <span class='ocrx_word' id='word_1_1667' title='bbox 1302 3677 1329 3703; x_wconf 91' lang='lat' dir='ltr'>in</span> <span class='ocrx_word' id='word_1_1668' title='bbox 1341 3683 1371 3710; x_wconf 82' lang='lat'>95</span> 
     </span>
    </p>
   </div>
   <div class='ocr_carea' id='block_1_44' title="bbox 266 3710 1329 4071">
    <p class='ocr_par' dir='ltr' id='par_1_53' title="bbox 266 3710 1329 4071">
     <span class='ocr_line' id='line_1_161' title="bbox 270 3710 1329 3750; baseline 0 -11"><span class='ocrx_word' id='word_1_1669' title='bbox 270 3710 405 3740; x_wconf 83' lang='lat' dir='ltr'>eiusmodi</span> <span class='ocrx_word' id='word_1_1670' title='bbox 418 3712 521 3750; x_wconf 76' lang='lat' dir='ltr'>ratione</span> <span class='ocrx_word' id='word_1_1671' title='bbox 536 3713 636 3738; x_wconf 83' lang='lat' dir='ltr'>versata</span> <span class='ocrx_word' id='word_1_1672' title='bbox 649 3712 829 3746; x_wconf 84' lang='lat' dir='ltr'>aperiebatur:</span> <span class='ocrx_word' id='word_1_1673' title='bbox 865 3711 961 3747; x_wconf 84' lang='lat' dir='ltr'>egestas</span> <span class='ocrx_word' id='word_1_1674' title='bbox 974 3711 1134 3744; x_wconf 82' lang='lat' dir='ltr'>domestica,</span> <span class='ocrx_word' id='word_1_1675' title='bbox 1154 3711 1273 3746; x_wconf 79' lang='lat' dir='ltr'>quaestus</span> <span class='ocrx_word' id='word_1_1676' title='bbox 1288 3712 1329 3739; x_wconf 87' lang='lat' dir='ltr'>fo-</span> 
     </span>
     <span class='ocr_line' id='line_1_162' title="bbox 270 3746 1329 3783; baseline -0.002 -7"><span class='ocrx_word' id='word_1_1677' title='bbox 270 3747 351 3776; x_wconf 86' lang='lat' dir='ltr'>rensis</span> <span class='ocrx_word' id='word_1_1678' title='bbox 366 3747 394 3773; x_wconf 92' lang='lat' dir='ltr'>in</span> <span class='ocrx_word' id='word_1_1679' title='bbox 408 3746 526 3773; x_wconf 76' lang='lat' dir='ltr'>medium</span> <span class='ocrx_word' id='word_1_1680' title='bbox 540 3747 741 3782; x_wconf 84' lang='lat' dir='ltr'>proferebatur:</span> <span class='ocrx_word' id='word_1_1681' title='bbox 779 3748 944 3775; x_wconf 84' lang='lat' dir='ltr'>nummarius</span> <span class='ocrx_word' id='word_1_1682' title='bbox 959 3748 1087 3783; x_wconf 78' lang='lat' dir='ltr'>interpres</span> <span class='ocrx_word' id='word_1_1683' title='bbox 1101 3747 1172 3782; x_wconf 78' lang='lat' dir='ltr'>pacis</span> <span class='ocrx_word' id='word_1_1684' title='bbox 1185 3752 1210 3774; x_wconf 89' lang='lat' dir='ltr'>et</span> <span class='ocrx_word' id='word_1_1685' title='bbox 1221 3756 1329 3774; x_wconf 87' lang='lat' dir='ltr'>concor-</span> 
     </span>
     <span class='ocr_line' id='line_1_163' title="bbox 270 3781 1327 3819; baseline -0.004 -7"><span class='ocrx_word' id='word_1_1686' title='bbox 270 3784 331 3812; x_wconf 84' lang='lat' dir='ltr'>diae</span> <span class='ocrx_word' id='word_1_1687' title='bbox 344 3792 400 3809; x_wconf 85' lang='lat' dir='ltr'>non</span> <span class='ocrx_word' id='word_1_1688' title='bbox 419 3781 596 3817; x_wconf 86' lang='lat' dir='ltr'>probabatur,</span> <span class='ocrx_word' id='word_1_1689' title='bbox 621 3784 638 3811; x_wconf 84' lang='lat' dir='ltr'>i.</span> <span class='ocrx_word' id='word_1_1690' title='bbox 662 3784 847 3809; x_wconf 70' lang='lat' dir='ltr'>Mercenarius:</span> <span class='ocrx_word' id='word_1_1691' title='bbox 890 3792 914 3811; x_wconf 81' lang='lat' dir='ltr'>et</span> <span class='ocrx_word' id='word_1_1692' title='bbox 937 3784 982 3819; x_wconf 90' lang='lat' dir='ltr'>qui</span> <span class='ocrx_word' id='word_1_1693' title='bbox 1000 3785 1027 3810; x_wconf 92' lang='lat' dir='ltr'>ob</span> <span class='ocrx_word' id='word_1_1694' title='bbox 1043 3784 1074 3810; x_wconf 78' lang='lat' dir='ltr'>ia&#39;</span> <span class='ocrx_word' id='word_1_1695' title='bbox 1085 3784 1205 3819; x_wconf 81' lang='lat' dir='ltr'>pecunias</span> <span class='ocrx_word' id='word_1_1696' title='bbox 1223 3783 1327 3818; x_wconf 70' lang='lat' dir='ltr'>acccpts-</span> 
     </span>
     <span class='ocr_line' id='line_1_164' title="bbox 266 3817 1040 3857; baseline -0.001 -10"><span class='ocrx_word' id='word_1_1697' title='bbox 266 3821 324 3857; x_wconf 82' lang='lat' dir='ltr'>set,</span> <span class='ocrx_word' id='word_1_1698' title='bbox 344 3826 388 3845; x_wconf 87' lang='lat' dir='ltr'>etc.</span> <span class='ocrx_word' id='word_1_1699' title='bbox 467 3817 612 3844; x_wconf 83' lang='lat' dir='ltr'>Difficultas</span> <span class='ocrx_word' id='word_1_1700' title='bbox 625 3819 774 3846; x_wconf 86' lang='lat' dir='ltr'>nummaria</span> <span class='ocrx_word' id='word_1_1701' title='bbox 800 3820 854 3845; x_wconf 87' lang='lat' dir='ltr'>Cic.</span> <span class='ocrx_word' id='word_1_1702' title='bbox 868 3821 946 3846; x_wconf 86' lang='lat' dir='ltr'>Verr.</span> <span class='ocrx_word' id='word_1_1703' title='bbox 960 3829 982 3853; x_wconf 88' lang='lat'>2,</span> <span class='ocrx_word' id='word_1_1704' title='bbox 997 3821 1040 3854; x_wconf 84' lang='lat'>69.</span> 
     </span>
     <span class='ocr_line' id='line_1_165' title="bbox 272 3853 764 3888; baseline -0.006 -5"><span class='ocrx_word' id='word_1_1705' title='bbox 272 3855 369 3887; x_wconf 89' lang='lat' dir='ltr'>marii,</span> <span class='ocrx_word' id='word_1_1706' title='bbox 388 3853 489 3880; x_wconf 82' lang='lat' dir='ltr'>Sordidi</span> <span class='ocrx_word' id='word_1_1707' title='bbox 502 3860 525 3878; x_wconf 86' lang='lat' dir='ltr'>et</span> <span class='ocrx_word' id='word_1_1708' title='bbox 539 3854 628 3880; x_wconf 88' lang='lat' dir='ltr'>numis</span> <span class='ocrx_word' id='word_1_1709' title='bbox 647 3855 764 3888; x_wconf 81' lang='lat' dir='ltr'>corrupti.</span> 
     </span>
     <span class='ocr_line' id='line_1_166' title="bbox 271 3888 1326 3930; baseline -0.003 -11"><span class='ocrx_word' id='word_1_1710' title='bbox 271 3890 440 3930; x_wconf 65' lang='lat' dir='ltr'>gitandisque</span> <span class='ocrx_word' id='word_1_1711' title='bbox 453 3889 610 3929; x_wconf 76' lang='lat' dir='ltr'>nummariis</span> <span class='ocrx_word' id='word_1_1712' title='bbox 624 3888 773 3924; x_wconf 85' lang='lat' dir='ltr'>iudicibus,</span> <span class='ocrx_word' id='word_1_1713' title='bbox 809 3899 917 3917; x_wconf 88' lang='lat' dir='ltr'>omnem</span> <span class='ocrx_word' id='word_1_1714' title='bbox 929 3892 1054 3918; x_wconf 88' lang='lat' dir='ltr'>omnibus</span> <span class='ocrx_word' id='word_1_1715' title='bbox 1067 3891 1185 3918; x_wconf 83' lang='lat' dir='ltr'>studiosis</span> <span class='ocrx_word' id='word_1_1716' title='bbox 1197 3899 1227 3917; x_wconf 88' lang='lat' dir='ltr'>ac</span> <span class='ocrx_word' id='word_1_1717' title='bbox 1240 3890 1326 3917; x_wconf 87' lang='lat' dir='ltr'>fauto-</span> 
     </span>
     <span class='ocr_line' id='line_1_167' title="bbox 272 3923 1326 3961; baseline -0.001 -7"><span class='ocrx_word' id='word_1_1718' title='bbox 272 3928 346 3955; x_wconf 91' lang='lat' dir='ltr'>ribus</span> <span class='ocrx_word' id='word_1_1719' title='bbox 360 3926 432 3953; x_wconf 84' lang='grc'><strong>1111115</strong></span> <span class='ocrx_word' id='word_1_1720' title='bbox 445 3923 579 3951; x_wconf 66' lang='grc'><strong>1116101130</strong></span> <span class='ocrx_word' id='word_1_1721' title='bbox 591 3926 713 3957; x_wconf 61' lang='lat' dir='ltr'>«airinom</span> <span class='ocrx_word' id='word_1_1722' title='bbox 725 3926 822 3960; x_wconf 86' lang='lat' dir='ltr'>eripui.</span> <span class='ocrx_word' id='word_1_1723' title='bbox 862 3929 930 3953; x_wconf 82' lang='lat' dir='ltr'>Add.</span> <span class='ocrx_word' id='word_1_1724' title='bbox 945 3937 995 3961; x_wconf 90' lang='lat' dir='ltr'>pro</span> <span class='ocrx_word' id='word_1_1725' title='bbox 1009 3927 1117 3954; x_wconf 89' lang='lat' dir='ltr'>Cluent.</span> <span class='ocrx_word' id='word_1_1726' title='bbox 1131 3935 1158 3960; x_wconf 81' lang='lat'>75</span> <span class='ocrx_word' id='word_1_1727' title='bbox 1172 3929 1194 3953; x_wconf 80' lang='lat' dir='ltr'>c.</span> <span class='ocrx_word' id='word_1_1728' title='bbox 1208 3935 1245 3958; x_wconf 82' lang='lat'>27·</span> <span class='ocrx_word' id='word_1_1729' title='bbox 1284 3928 1326 3954; x_wconf 88' lang='lat' dir='ltr'>lu-</span> 
     </span>
     <span class='ocr_line' id='line_1_168' title="bbox 274 3960 1326 3998; baseline -0.001 -9"><span class='ocrx_word' id='word_1_1730' title='bbox 274 3963 375 3989; x_wconf 86' lang='lat' dir='ltr'>dicium</span> <span class='ocrx_word' id='word_1_1731' title='bbox 387 3960 583 3992; x_wconf 87' lang='lat' dir='ltr'>nummarium,</span> <span class='ocrx_word' id='word_1_1732' title='bbox 603 3961 717 3995; x_wconf 76' lang='lat' dir='ltr'>,Qodfit</span> <span class='ocrx_word' id='word_1_1733' title='bbox 730 3962 834 3995; x_wconf 81' lang='lat' dir='ltr'>acceptis</span> <span class='ocrx_word' id='word_1_1734' title='bbox 845 3962 962 3996; x_wconf 70' lang='lat' dir='ltr'>pecuniis.</span> <span class='ocrx_word' id='word_1_1735' title='bbox 1016 3963 1072 3990; x_wconf 88' lang='lat' dir='ltr'>Cic.</span> <span class='ocrx_word' id='word_1_1736' title='bbox 1086 3965 1163 3990; x_wconf 85' lang='lat' dir='ltr'>Verr.</span> <span class='ocrx_word' id='word_1_1737' title='bbox 1177 3971 1198 3996; x_wconf 85' lang='lat'>3,</span> <span class='ocrx_word' id='word_1_1738' title='bbox 1213 3971 1246 3994; x_wconf 82' lang='lat'>131</span> <span class='ocrx_word' id='word_1_1739' title='bbox 1262 3971 1281 3988; x_wconf 83' lang='lat' dir='ltr'>c.</span> <span class='ocrx_word' id='word_1_1740' title='bbox 1295 3969 1326 3998; x_wconf 81' lang='lat'>57</span> 
     </span>
     <span class='ocr_line' id='line_1_169' title="bbox 273 3996 1325 4032; baseline -0.002 -8"><span class='ocrx_word' id='word_1_1741' title='bbox 273 3998 381 4032; x_wconf 86' lang='lat' dir='ltr'>Eequod</span> <span class='ocrx_word' id='word_1_1742' title='bbox 394 3996 526 4025; x_wconf 87' lang='lat' dir='ltr'>iudicium</span> <span class='ocrx_word' id='word_1_1743' title='bbox 541 3996 640 4021; x_wconf 83' lang='lat' dir='ltr'>Romae</span> <span class='ocrx_word' id='word_1_1744' title='bbox 654 4001 707 4022; x_wconf 87' lang='lat' dir='ltr'>tam</span> <span class='ocrx_word' id='word_1_1745' title='bbox 720 3996 888 4030; x_wconf 74' lang='lat' dir='ltr'>dissolutum,</span> <span class='ocrx_word' id='word_1_1746' title='bbox 905 4003 957 4024; x_wconf 89' lang='lat' dir='ltr'>tam</span> <span class='ocrx_word' id='word_1_1747' title='bbox 971 3999 1122 4032; x_wconf 84' lang='lat' dir='ltr'>perditum,</span> <span class='ocrx_word' id='word_1_1748' title='bbox 1139 4004 1192 4024; x_wconf 88' lang='lat' dir='ltr'>tam</span> <span class='ocrx_word' id='word_1_1749' title='bbox 1207 4007 1325 4026; x_wconf 78' lang='lat' dir='ltr'>numma.</span> 
     </span>
     <span class='ocr_line' id='line_1_170' title="bbox 273 4031 1189 4071; baseline 0.001 -11"><span class='ocrx_word' id='word_1_1750' title='bbox 273 4034 345 4061; x_wconf 88' lang='lat' dir='ltr'>rium</span> <span class='ocrx_word' id='word_1_1751' title='bbox 359 4034 418 4061; x_wconf 89' lang='lat' dir='ltr'>fore</span> <span class='ocrx_word' id='word_1_1752' title='bbox 431 4031 542 4068; x_wconf 86' lang='lat' dir='ltr'>putasti,</span> <span class='ocrx_word' id='word_1_1753' title='bbox 559 4039 613 4066; x_wconf 91' lang='lat' dir='ltr'>quo</span> <span class='ocrx_word' id='word_1_1754' title='bbox 626 4039 658 4057; x_wconf 84' lang='lat' dir='ltr'>ex</span> <span class='ocrx_word' id='word_1_1755' title='bbox 671 4031 774 4058; x_wconf 84' lang='lat' dir='ltr'>iudicio</span> <span class='ocrx_word' id='word_1_1756' title='bbox 788 4038 814 4058; x_wconf 81' lang='lat' dir='ltr'>te</span> <span class='ocrx_word' id='word_1_1757' title='bbox 827 4032 880 4059; x_wconf 88' lang='lat' dir='ltr'>vlla</span> <span class='ocrx_word' id='word_1_1758' title='bbox 892 4032 957 4059; x_wconf 84' lang='lat' dir='ltr'>salus</span> <span class='ocrx_word' id='word_1_1759' title='bbox 972 4035 1076 4063; x_wconf 81' lang='lat' dir='ltr'>seruare</span> <span class='ocrx_word' id='word_1_1760' title='bbox 1088 4034 1189 4071; x_wconf 70' lang='lat' dir='ltr'>posset!</span> 
     </span>
    </p>
   </div>
   <div class='ocr_carea' id='block_1_45' title="bbox 1135 3818 1327 3846">
    <p class='ocr_par' dir='ltr' id='par_1_54' title="bbox 1135 3818 1327 3846">
     <span class='ocr_line' id='line_1_171' title="bbox 1135 3818 1327 3846; baseline 0.005 -1"><span class='ocrx_word' id='word_1_1761' title='bbox 1135 3818 1237 3845; x_wconf 84' lang='lat' dir='ltr'>Iudices</span> <span class='ocrx_word' id='word_1_1762' title='bbox 1251 3828 1327 3846; x_wconf 87' lang='lat' dir='ltr'>num-</span> 
     </span>
    </p>
   </div>
   <div class='ocr_carea' id='block_1_46' title="bbox 1265 2597 1794 2638">
    <p class='ocr_par' dir='ltr' id='par_1_55' title="bbox 1265 2597 1794 2638">
     <span class='ocr_line' id='line_1_172' title="bbox 1265 2597 1794 2638; baseline -0.002 -14"><span class='ocrx_word' id='word_1_1763' title='bbox 1265 2598 1324 2625; x_wconf 81' lang='lat' dir='ltr'>Cic.</span> <span class='ocrx_word' id='word_1_1764' title='bbox 1339 2598 1370 2628; x_wconf 86' lang='lat'>65</span> <span class='ocrx_word' id='word_1_1765' title='bbox 1385 2598 1465 2624; x_wconf 85' lang='lat' dir='ltr'>etiam</span> <span class='ocrx_word' id='word_1_1766' title='bbox 1478 2597 1663 2638; x_wconf 82' lang='lat' dir='ltr'>suppeditandi</span> <span class='ocrx_word' id='word_1_1767' title='bbox 1676 2597 1794 2624; x_wconf 78' lang='lat' dir='ltr'>facultas.</span> 
     </span>
    </p>
   </div>
   <div class='ocr_carea' id='block_1_47' title="bbox 1336 2777 1618 2811">
    <p class='ocr_par' dir='ltr' id='par_1_56' title="bbox 1336 2777 1618 2811">
     <span class='ocr_line' id='line_1_173' title="bbox 1336 2777 1618 2811; baseline -0.004 -7"><span class='ocrx_word' id='word_1_1768' title='bbox 1336 2786 1349 2811; x_wconf 85' lang='lat'>7</span> <span class='ocrx_word' id='word_1_1769' title='bbox 1386 2778 1444 2804; x_wconf 61' lang='lat' dir='ltr'>sus}</span> <span class='ocrx_word' id='word_1_1770' title='bbox 1482 2777 1529 2804; x_wconf 84' lang='lat' dir='ltr'>vbi</span> <span class='ocrx_word' id='word_1_1771' title='bbox 1544 2777 1618 2803; x_wconf 67' lang='lat' dir='ltr'>eras?</span> 
     </span>
    </p>
   </div>
   <div class='ocr_carea' id='block_1_48' title="bbox 879 2956 1368 2991">
    <p class='ocr_par' dir='ltr' id='par_1_57' title="bbox 879 2956 1368 2991">
     <span class='ocr_line' id='line_1_174' title="bbox 879 2956 1368 2991; baseline -0.002 -7"><span class='ocrx_word' id='word_1_1772' title='bbox 879 2959 1006 2991; x_wconf 86' lang='lat' dir='ltr'>Ibid.1,19</span> <span class='ocrx_word' id='word_1_1773' title='bbox 1026 2958 1075 2985; x_wconf 91' lang='lat' dir='ltr'>Tu</span> <span class='ocrx_word' id='word_1_1774' title='bbox 1089 2957 1107 2984; x_wconf 84' lang='lat' dir='ltr'>fi</span> <span class='ocrx_word' id='word_1_1775' title='bbox 1119 2957 1172 2984; x_wconf 89' lang='lat' dir='ltr'>tuis</span> <span class='ocrx_word' id='word_1_1776' title='bbox 1186 2956 1325 2984; x_wconf 76' lang='lat' dir='ltr'>blanditiis</span> <span class='ocrx_word' id='word_1_1777' title='bbox 1341 2963 1368 2988; x_wconf 85' lang='lat'>75</span> 
     </span>
    </p>
   </div>
   <div class='ocr_carea' id='block_1_49' title="bbox 887 3316 1371 3354">
    <p class='ocr_par' dir='ltr' id='par_1_58' title="bbox 887 3316 1371 3354">
     <span class='ocr_line' id='line_1_175' title="bbox 887 3316 1371 3354; baseline 0.01 -13"><span class='ocrx_word' id='word_1_1778' title='bbox 887 3316 1052 3351; x_wconf 83' lang='lat' dir='ltr'>Marsupium</span> <span class='ocrx_word' id='word_1_1779' title='bbox 1069 3317 1137 3344; x_wconf 90' lang='lat' dir='ltr'>bene</span> <span class='ocrx_word' id='word_1_1780' title='bbox 1150 3326 1328 3354; x_wconf 84' lang='lat' dir='ltr'>nummatum,</span> <span class='ocrx_word' id='word_1_1781' title='bbox 1343 3323 1371 3349; x_wconf 84' lang='lat'>85</span> 
     </span>
    </p>
   </div>
   <div class='ocr_carea' id='block_1_50' title="bbox 1270 4034 1760 4073">
    <p class='ocr_par' dir='ltr' id='par_1_59' title="bbox 1270 4034 1760 4073">
     <span class='ocr_line' id='line_1_176' title="bbox 1270 4034 1760 4073; baseline 0 -11"><span class='ocrx_word' id='word_1_1782' title='bbox 1270 4034 1374 4064; x_wconf 74' lang='lat' dir='ltr'>chlos</span> <span class='ocrx_word' id='word_1_1783' title='bbox 1385 4046 1439 4063; x_wconf 85' lang='lat' dir='ltr'>cum</span> <span class='ocrx_word' id='word_1_1784' title='bbox 1451 4037 1500 4063; x_wconf 86' lang='lat' dir='ltr'>iam</span> <span class='ocrx_word' id='word_1_1785' title='bbox 1512 4041 1571 4070; x_wconf 81' lang='lat' dir='ltr'>pars</span> <span class='ocrx_word' id='word_1_1786' title='bbox 1579 4035 1760 4073; x_wconf 65' lang='lat' dir='ltr'>praeteriiffet.</span> 
     </span>
    </p>
   </div>
   <div class='ocr_carea' id='block_1_51' title="bbox 1383 2451 2455 3314">
    <p class='ocr_par' dir='ltr' id='par_1_60' title="bbox 1383 2451 2455 3314">
     <span class='ocr_line' id='line_1_177' title="bbox 1384 2451 2450 2489; baseline -0.002 -8"><span class='ocrx_word' id='word_1_1787' title='bbox 1384 2455 1461 2482; x_wconf 85' lang='lat' dir='ltr'>letur.</span> <span class='ocrx_word' id='word_1_1788' title='bbox 1535 2454 1716 2489; x_wconf 77' lang='lat' dir='ltr'>Oppoſstionem</span> <span class='ocrx_word' id='word_1_1789' title='bbox 1729 2457 1806 2481; x_wconf 76' lang='lat' dir='ltr'>etiam</span> <span class='ocrx_word' id='word_1_1790' title='bbox 1819 2463 1888 2482; x_wconf 76' lang='lat' dir='ltr'>notat</span> <span class='ocrx_word' id='word_1_1791' title='bbox 1908 2455 1990 2483; x_wconf 87' lang='lat' dir='ltr'>Plaut.</span> <span class='ocrx_word' id='word_1_1792' title='bbox 2005 2455 2094 2482; x_wconf 88' lang='lat' dir='ltr'>Truc.</span> <span class='ocrx_word' id='word_1_1793' title='bbox 2109 2464 2133 2488; x_wconf 73' lang='lat'>4,</span> <span class='ocrx_word' id='word_1_1794' title='bbox 2145 2463 2166 2489; x_wconf 83' lang='lat'>3,</span> <span class='ocrx_word' id='word_1_1795' title='bbox 2181 2455 2215 2481; x_wconf 90' lang='grc'>60</span> <span class='ocrx_word' id='word_1_1796' title='bbox 2241 2451 2321 2481; x_wconf 84' lang='lat' dir='ltr'>Haud</span> <span class='ocrx_word' id='word_1_1797' title='bbox 2334 2451 2450 2479; x_wconf 73' lang='lat' dir='ltr'>mansisti</span> 
     </span>
     <span class='ocr_line' id='line_1_178' title="bbox 1383 2486 2448 2525; baseline -0.001 -8"><span class='ocrx_word' id='word_1_1798' title='bbox 1383 2496 1413 2517; x_wconf 93' lang='lat' dir='ltr'>vt</span> <span class='ocrx_word' id='word_1_1799' title='bbox 1427 2499 1476 2525; x_wconf 85' lang='lat' dir='ltr'>ego</span> <span class='ocrx_word' id='word_1_1800' title='bbox 1490 2490 1580 2517; x_wconf 89' lang='lat' dir='ltr'>darem</span> <span class='ocrx_word' id='word_1_1801' title='bbox 1592 2499 1597 2515; x_wconf 89' lang='lat'>:</span> <span class='ocrx_word' id='word_1_1802' title='bbox 1635 2495 1692 2517; x_wconf 89' lang='lat' dir='ltr'>tute</span> <span class='ocrx_word' id='word_1_1803' title='bbox 1705 2490 1814 2517; x_wconf 85' lang='lat' dir='ltr'>sumsisti</span> <span class='ocrx_word' id='word_1_1804' title='bbox 1828 2490 1895 2521; x_wconf 84' lang='lat' dir='ltr'>tibi;</span> <span class='ocrx_word' id='word_1_1805' title='bbox 1933 2500 2003 2518; x_wconf 90' lang='lat' dir='ltr'>nunc</span> <span class='ocrx_word' id='word_1_1806' title='bbox 2016 2491 2111 2518; x_wconf 84' lang='lat' dir='ltr'>habeas</span> <span class='ocrx_word' id='word_1_1807' title='bbox 2127 2496 2157 2517; x_wconf 89' lang='lat' dir='ltr'>vt</span> <span class='ocrx_word' id='word_1_1808' title='bbox 2170 2489 2270 2516; x_wconf 67' lang='lat' dir='ltr'>nae&#39;tus.</span> <span class='ocrx_word' id='word_1_1809' title='bbox 2344 2488 2384 2515; x_wconf 76' lang='lat' dir='ltr'>Sic</span> <span class='ocrx_word' id='word_1_1810' title='bbox 2391 2486 2448 2516; x_wconf 80' lang='lat' dir='ltr'>Cic.</span> 
     </span>
     <span class='ocr_line' id='line_1_179' title="bbox 1384 2521 2445 2560; baseline -0.003 -7"><span class='ocrx_word' id='word_1_1811' title='bbox 1384 2527 1462 2553; x_wconf 85' lang='lat' dir='ltr'>Verr.</span> <span class='ocrx_word' id='word_1_1812' title='bbox 1479 2536 1501 2560; x_wconf 86' lang='lat'>5,</span> <span class='ocrx_word' id='word_1_1813' title='bbox 1518 2528 1557 2553; x_wconf 88' lang='grc'>126</span> <span class='ocrx_word' id='word_1_1814' title='bbox 1591 2527 1737 2553; x_wconf 86' lang='lat' dir='ltr'>Paucorum</span> <span class='ocrx_word' id='word_1_1815' title='bbox 1751 2526 1893 2560; x_wconf 87' lang='lat' dir='ltr'>cupiditati</span> <span class='ocrx_word' id='word_1_1816' title='bbox 1928 2542 1975 2548; x_wconf 79' lang='lat'>——</span> <span class='ocrx_word' id='word_1_1817' title='bbox 2012 2532 2102 2554; x_wconf 89' lang='lat' dir='ltr'>tamen</span> <span class='ocrx_word' id='word_1_1818' title='bbox 2121 2525 2240 2552; x_wconf 79' lang='lat' dir='ltr'>sufficere</span> <span class='ocrx_word' id='word_1_1819' title='bbox 2256 2524 2348 2559; x_wconf 87' lang='lat' dir='ltr'>aliquo</span> <span class='ocrx_word' id='word_1_1820' title='bbox 2364 2521 2445 2551; x_wconf 84' lang='lat' dir='ltr'>modo</span> 
     </span>
     <span class='ocr_line' id='line_1_180' title="bbox 1385 2559 2445 2597; baseline -0.003 -8"><span class='ocrx_word' id='word_1_1821' title='bbox 1385 2568 1522 2597; x_wconf 84' lang='lat' dir='ltr'>poteraut:</span> <span class='ocrx_word' id='word_1_1822' title='bbox 1561 2563 1641 2589; x_wconf 90' lang='lat' dir='ltr'>Nunc</span> <span class='ocrx_word' id='word_1_1823' title='bbox 1659 2570 1726 2588; x_wconf 87' lang='lat' dir='ltr'>vero</span> <span class='ocrx_word' id='word_1_1824' title='bbox 1742 2561 1794 2587; x_wconf 87' lang='lat' dir='ltr'>iam</span> <span class='ocrx_word' id='word_1_1825' title='bbox 1809 2562 1913 2589; x_wconf 89' lang='lat' dir='ltr'>ademta</span> <span class='ocrx_word' id='word_1_1826' title='bbox 1931 2562 1968 2589; x_wconf 81' lang='lat' dir='ltr'>est</span> <span class='ocrx_word' id='word_1_1827' title='bbox 1992 2571 2047 2589; x_wconf 90' lang='lat' dir='ltr'>non</span> <span class='ocrx_word' id='word_1_1828' title='bbox 2066 2561 2149 2588; x_wconf 88' lang='lat' dir='ltr'>modo</span> <span class='ocrx_word' id='word_1_1829' title='bbox 2166 2559 2318 2592; x_wconf 81' lang='lat' dir='ltr'>resistendi,</span> <span class='ocrx_word' id='word_1_1830' title='bbox 2354 2566 2445 2587; x_wconf 78' lang='lat' dir='ltr'>verum</span> 
     </span>
     <span class='ocr_line' id='line_1_181' title="bbox 1889 2595 2448 2631; baseline -0.002 -9"><span class='ocrx_word' id='word_1_1831' title='bbox 1889 2597 2002 2631; x_wconf 66' lang='lat' dir='ltr'>Qun&amp;</span> <span class='ocrx_word' id='word_1_1832' title='bbox 2017 2606 2037 2629; x_wconf 91' lang='grc'>1,</span> <span class='ocrx_word' id='word_1_1833' title='bbox 2051 2607 2071 2630; x_wconf 87' lang='grc'>1,</span> <span class='ocrx_word' id='word_1_1834' title='bbox 2084 2605 2097 2631; x_wconf 79' lang='grc' dir='ltr'><strong><em>ς</em></strong></span> <span class='ocrx_word' id='word_1_1835' title='bbox 2135 2597 2205 2624; x_wconf 75' lang='lat' dir='ltr'>Nam</span> <span class='ocrx_word' id='word_1_1836' title='bbox 2216 2595 2288 2623; x_wconf 87' lang='lat' dir='ltr'>bona</span> <span class='ocrx_word' id='word_1_1837' title='bbox 2300 2595 2379 2622; x_wconf 84' lang='lat' dir='ltr'>facilc</span> <span class='ocrx_word' id='word_1_1838' title='bbox 2391 2602 2448 2621; x_wconf 83' lang='lat' dir='ltr'>mu-</span> 
     </span>
     <span class='ocr_line' id='line_1_182' title="bbox 1385 2626 2449 2669; baseline -0.003 -8"><span class='ocrx_word' id='word_1_1839' title='bbox 1385 2640 1476 2661; x_wconf 87' lang='lat' dir='ltr'>tantur</span> <span class='ocrx_word' id='word_1_1840' title='bbox 1490 2634 1517 2660; x_wconf 86' lang='grc'>111</span> <span class='ocrx_word' id='word_1_1841' title='bbox 1534 2643 1621 2669; x_wconf 82' lang='lat' dir='ltr'>peius:</span> <span class='ocrx_word' id='word_1_1842' title='bbox 1658 2642 1727 2660; x_wconf 88' lang='lat' dir='ltr'>nunc</span> <span class='ocrx_word' id='word_1_1843' title='bbox 1741 2632 1847 2667; x_wconf 87' lang='lat' dir='ltr'>quando</span> <span class='ocrx_word' id='word_1_1844' title='bbox 1861 2633 1889 2659; x_wconf 92' lang='lat' dir='ltr'>in</span> <span class='ocrx_word' id='word_1_1845' title='bbox 1901 2633 2003 2660; x_wconf 90' lang='lat' dir='ltr'>bonum</span> <span class='ocrx_word' id='word_1_1846' title='bbox 2017 2632 2131 2660; x_wconf 81' lang='lat' dir='ltr'>verteris</span> <span class='ocrx_word' id='word_1_1847' title='bbox 2144 2632 2229 2659; x_wconf 76' lang='lat' dir='ltr'>vitia3</span> <span class='ocrx_word' id='word_1_1848' title='bbox 2408 2626 2449 2669; x_wconf 49' lang='lat'>53</span> 
     </span>
     <span class='ocr_line' id='line_1_183' title="bbox 1387 2666 2448 2706; baseline -0.003 -10"><span class='ocrx_word' id='word_1_1849' title='bbox 1387 2670 1572 2706; x_wconf 76' lang='lat' dir='ltr'>Obseruntinnes</span> <span class='ocrx_word' id='word_1_1850' title='bbox 1584 2670 1666 2695; x_wconf 80' lang='lat' dir='ltr'>aliae:</span> <span class='ocrx_word' id='word_1_1851' title='bbox 1703 2669 1800 2699; x_wconf 88' lang='lat' dir='ltr'>Nunc,</span> <span class='ocrx_word' id='word_1_1852' title='bbox 1830 2676 1875 2704; x_wconf 83' lang='lat' dir='ltr'>pro</span> <span class='ocrx_word' id='word_1_1853' title='bbox 1890 2670 1964 2695; x_wconf 84' lang='lat' dir='ltr'>Nunc</span> <span class='ocrx_word' id='word_1_1854' title='bbox 1986 2669 2111 2705; x_wconf 81' lang='lat' dir='ltr'>primum,</span> <span class='ocrx_word' id='word_1_1855' title='bbox 2146 2676 2170 2695; x_wconf 84' lang='lat' dir='ltr'>et</span> <span class='ocrx_word' id='word_1_1856' title='bbox 2191 2676 2315 2702; x_wconf 81' lang='lat' dir='ltr'>nunquam</span> <span class='ocrx_word' id='word_1_1857' title='bbox 2335 2666 2448 2693; x_wconf 76' lang='lat' dir='ltr'>antebac.</span> 
     </span>
     <span class='ocr_line' id='line_1_184' title="bbox 1386 2700 2450 2740; baseline -0.005 -7"><span class='ocrx_word' id='word_1_1858' title='bbox 1386 2707 1468 2733; x_wconf 87' lang='lat' dir='ltr'>Plaut.</span> <span class='ocrx_word' id='word_1_1859' title='bbox 1482 2706 1566 2733; x_wconf 88' lang='lat' dir='ltr'>Trin.</span> <span class='ocrx_word' id='word_1_1860' title='bbox 1581 2714 1607 2739; x_wconf 84' lang='lat'>2,</span> <span class='ocrx_word' id='word_1_1861' title='bbox 1618 2714 1641 2739; x_wconf 83' lang='lat'>2,</span> <span class='ocrx_word' id='word_1_1862' title='bbox 1654 2711 1678 2735; x_wconf 79' lang='lat'>81</span> <span class='ocrx_word' id='word_1_1863' title='bbox 1705 2705 1822 2732; x_wconf 81' lang='lat' dir='ltr'>Mentire</span> <span class='ocrx_word' id='word_1_1864' title='bbox 1835 2704 1929 2740; x_wconf 88' lang='lat' dir='ltr'>edepol</span> <span class='ocrx_word' id='word_1_1865' title='bbox 1943 2710 2038 2740; x_wconf 85' lang='lat' dir='ltr'>gnate,</span> <span class='ocrx_word' id='word_1_1866' title='bbox 2058 2710 2137 2738; x_wconf 85' lang='lat' dir='ltr'>atque</span> <span class='ocrx_word' id='word_1_1867' title='bbox 2150 2704 2178 2731; x_wconf 87' lang='lat' dir='ltr'>id</span> <span class='ocrx_word' id='word_1_1868' title='bbox 2194 2712 2265 2730; x_wconf 87' lang='lat' dir='ltr'>nune</span> <span class='ocrx_word' id='word_1_1869' title='bbox 2278 2702 2360 2735; x_wconf 87' lang='lat' dir='ltr'>facis,</span> <span class='ocrx_word' id='word_1_1870' title='bbox 2380 2700 2450 2728; x_wconf 82' lang='lat' dir='ltr'>haud</span> 
     </span>
     <span class='ocr_line' id='line_1_185' title="bbox 1386 2737 2451 2775; baseline -0.005 -7"><span class='ocrx_word' id='word_1_1871' title='bbox 1386 2741 1586 2769; x_wconf 87' lang='lat' dir='ltr'>consuetudine.</span> <span class='ocrx_word' id='word_1_1872' title='bbox 1660 2741 1731 2768; x_wconf 86' lang='lat' dir='ltr'>Ter.</span> <span class='ocrx_word' id='word_1_1873' title='bbox 1749 2739 1861 2775; x_wconf 87' lang='lat' dir='ltr'>Adelph.</span> <span class='ocrx_word' id='word_1_1874' title='bbox 1874 2750 1897 2774; x_wconf 91' lang='lat'>2,</span> <span class='ocrx_word' id='word_1_1875' title='bbox 1912 2750 1935 2773; x_wconf 82' lang='lat'>2,</span> <span class='ocrx_word' id='word_1_1876' title='bbox 1948 2749 1975 2772; x_wconf 83' lang='lat'>25</span> <span class='ocrx_word' id='word_1_1877' title='bbox 2002 2741 2082 2768; x_wconf 88' lang='lat' dir='ltr'>Nunc</span> <span class='ocrx_word' id='word_1_1878' title='bbox 2096 2740 2204 2767; x_wconf 83' lang='lat' dir='ltr'>demum</span> <span class='ocrx_word' id='word_1_1879' title='bbox 2216 2738 2309 2765; x_wconf 84' lang='lat' dir='ltr'>venis?</span> <span class='ocrx_word' id='word_1_1880' title='bbox 2337 2747 2385 2764; x_wconf 88' lang='lat' dir='ltr'>cur</span> <span class='ocrx_word' id='word_1_1881' title='bbox 2397 2737 2451 2773; x_wconf 78' lang='lat' dir='ltr'>pas-</span> 
     </span>
     <span class='ocr_line' id='line_1_186' title="bbox 1690 2772 2450 2812; baseline -0.005 -9"><span class='ocrx_word' id='word_1_1882' title='bbox 1690 2776 1759 2803; x_wconf 89' lang='lat' dir='ltr'>lbid.</span> <span class='ocrx_word' id='word_1_1883' title='bbox 1774 2786 1796 2807; x_wconf 86' lang='lat'>5,</span> <span class='ocrx_word' id='word_1_1884' title='bbox 1809 2786 1830 2812; x_wconf 82' lang='lat'>3,</span> <span class='ocrx_word' id='word_1_1885' title='bbox 1845 2785 1871 2810; x_wconf 84' lang='lat'>¹9</span> <span class='ocrx_word' id='word_1_1886' title='bbox 1900 2777 1971 2804; x_wconf 90' lang='lat' dir='ltr'>Nam</span> <span class='ocrx_word' id='word_1_1887' title='bbox 1990 2782 2067 2804; x_wconf 88' lang='lat' dir='ltr'>vetus</span> <span class='ocrx_word' id='word_1_1888' title='bbox 2086 2775 2201 2803; x_wconf 87' lang='lat' dir='ltr'>verbum</span> <span class='ocrx_word' id='word_1_1889' title='bbox 2216 2773 2390 2808; x_wconf 79' lang='lat' dir='ltr'>hoc,quide1u</span> <span class='ocrx_word' id='word_1_1890' title='bbox 2403 2772 2450 2807; x_wconf 79' lang='lat' dir='ltr'>est,</span> 
     </span>
     <span class='ocr_line' id='line_1_187' title="bbox 1386 2810 2450 2845; baseline -0.003 -6"><span class='ocrx_word' id='word_1_1891' title='bbox 1386 2813 1538 2840; x_wconf 84' lang='lat' dir='ltr'>communia</span> <span class='ocrx_word' id='word_1_1892' title='bbox 1552 2814 1601 2839; x_wconf 76' lang='lat' dir='ltr'>esl&#39;e</span> <span class='ocrx_word' id='word_1_1893' title='bbox 1616 2812 1765 2839; x_wconf 85' lang='lat' dir='ltr'>amicorum</span> <span class='ocrx_word' id='word_1_1894' title='bbox 1778 2813 1850 2839; x_wconf 87' lang='lat' dir='ltr'>inter</span> <span class='ocrx_word' id='word_1_1895' title='bbox 1869 2813 1893 2839; x_wconf 89' lang='lat' dir='ltr'>se</span> <span class='ocrx_word' id='word_1_1896' title='bbox 1907 2813 2008 2839; x_wconf 87' lang='lat' dir='ltr'>omnia.</span> <span class='ocrx_word' id='word_1_1897' title='bbox 2065 2818 2093 2839; x_wconf 88' lang='lat' dir='ltr'>D.</span> <span class='ocrx_word' id='word_1_1898' title='bbox 2111 2812 2214 2845; x_wconf 70' lang='lat' dir='ltr'>facete,</span> <span class='ocrx_word' id='word_1_1899' title='bbox 2251 2819 2322 2837; x_wconf 88' lang='lat' dir='ltr'>nune</span> <span class='ocrx_word' id='word_1_1900' title='bbox 2341 2810 2450 2837; x_wconf 83' lang='lat' dir='ltr'>demum</span> 
     </span>
     <span class='ocr_line' id='line_1_188' title="bbox 1384 2848 2083 2882; baseline -0.001 -6"><span class='ocrx_word' id='word_1_1901' title='bbox 1384 2849 1462 2876; x_wconf 78' lang='lat' dir='ltr'>istaec</span> <span class='ocrx_word' id='word_1_1902' title='bbox 1476 2855 1534 2876; x_wconf 89' lang='lat' dir='ltr'>nata</span> <span class='ocrx_word' id='word_1_1903' title='bbox 1549 2849 1638 2875; x_wconf 86' lang='lat' dir='ltr'>oratio</span> <span class='ocrx_word' id='word_1_1904' title='bbox 1651 2848 1686 2875; x_wconf 87' lang='lat' dir='ltr'>est</span> <span class='ocrx_word' id='word_1_1905' title='bbox 1710 2848 1783 2876; x_wconf 85' lang='lat' dir='ltr'>Idem</span> <span class='ocrx_word' id='word_1_1906' title='bbox 1798 2849 1893 2875; x_wconf 81' lang='lat' dir='ltr'>Heaut.</span> <span class='ocrx_word' id='word_1_1907' title='bbox 1906 2857 1928 2882; x_wconf 82' lang='lat'>2,</span> <span class='ocrx_word' id='word_1_1908' title='bbox 1942 2858 1964 2882; x_wconf 85' lang='lat'>3,</span> <span class='ocrx_word' id='word_1_1909' title='bbox 1978 2858 1997 2881; x_wconf 80' lang='lat'>3.</span> <span class='ocrx_word' id='word_1_1910' title='bbox 2011 2855 2036 2875; x_wconf 88' lang='lat' dir='ltr'>et</span> <span class='ocrx_word' id='word_1_1911' title='bbox 2050 2857 2083 2875; x_wconf 87' lang='grc'>12.</span> 
     </span>
     <span class='ocr_line' id='line_1_189' title="bbox 1386 2884 1883 2920; baseline -0.002 -9"><span class='ocrx_word' id='word_1_1912' title='bbox 1386 2885 1622 2920; x_wconf 84' lang='lat' dir='ltr'>Pecuniam&#39;petit:</span> <span class='ocrx_word' id='word_1_1913' title='bbox 1659 2894 1729 2911; x_wconf 85' lang='lat' dir='ltr'>nune</span> <span class='ocrx_word' id='word_1_1914' title='bbox 1749 2884 1883 2919; x_wconf 75' lang='lat' dir='ltr'>denique?</span> 
     </span>
     <span class='ocr_line' id='line_1_190' title="bbox 1387 2917 2451 2956; baseline -0.004 -9"><span class='ocrx_word' id='word_1_1915' title='bbox 1387 2921 1437 2955; x_wconf 88' lang='lat' dir='ltr'>est,</span> <span class='ocrx_word' id='word_1_1916' title='bbox 1458 2920 1528 2956; x_wconf 84' lang='lat' dir='ltr'>quod</span> <span class='ocrx_word' id='word_1_1917' title='bbox 1544 2921 1561 2947; x_wconf 87' lang='lat' dir='ltr'>si</span> <span class='ocrx_word' id='word_1_1918' title='bbox 1575 2929 1667 2947; x_wconf 88' lang='lat' dir='ltr'>onmes</span> <span class='ocrx_word' id='word_1_1919' title='bbox 1679 2921 1771 2947; x_wconf 88' lang='lat' dir='ltr'>omnia</span> <span class='ocrx_word' id='word_1_1920' title='bbox 1783 2921 1825 2947; x_wconf 87' lang='lat' dir='ltr'>sua</span> <span class='ocrx_word' id='word_1_1921' title='bbox 1839 2920 1947 2948; x_wconf 84' lang='lat' dir='ltr'>consilia</span> <span class='ocrx_word' id='word_1_1922' title='bbox 1961 2921 2116 2952; x_wconf 81' lang='lat' dir='ltr'>conserant,</span> <span class='ocrx_word' id='word_1_1923' title='bbox 2139 2927 2218 2955; x_wconf 84' lang='lat' dir='ltr'>atque</span> <span class='ocrx_word' id='word_1_1924' title='bbox 2237 2919 2300 2946; x_wconf 91' lang='lat' dir='ltr'>huic</span> <span class='ocrx_word' id='word_1_1925' title='bbox 2319 2918 2391 2945; x_wconf 78' lang='lat' dir='ltr'>malo</span> <span class='ocrx_word' id='word_1_1926' title='bbox 2413 2917 2451 2944; x_wconf 85' lang='lat' dir='ltr'>s&#39;a-</span> 
     </span>
     <span class='ocr_line' id='line_1_191' title="bbox 1387 2956 1964 2990; baseline 0 -6"><span class='ocrx_word' id='word_1_1927' title='bbox 1387 2957 1470 2984; x_wconf 86' lang='lat' dir='ltr'>lutem</span> <span class='ocrx_word' id='word_1_1928' title='bbox 1484 2963 1626 2990; x_wconf 85' lang='lat' dir='ltr'>quaerant,</span> <span class='ocrx_word' id='word_1_1929' title='bbox 1653 2957 1747 2984; x_wconf 87' lang='lat' dir='ltr'>auxilii</span> <span class='ocrx_word' id='word_1_1930' title='bbox 1761 2956 1831 2983; x_wconf 86' lang='lat' dir='ltr'>nihil</span> <span class='ocrx_word' id='word_1_1931' title='bbox 1846 2957 1964 2984; x_wconf 78' lang='lat' dir='ltr'>afferant.</span> 
     </span>
     <span class='ocr_line' id='line_1_192' title="bbox 1386 2990 2451 3028; baseline -0.004 -8"><span class='ocrx_word' id='word_1_1932' title='bbox 1386 2998 1439 3021; x_wconf 85' lang='lat' dir='ltr'>tem</span> <span class='ocrx_word' id='word_1_1933' title='bbox 1448 3014 1455 3026; x_wconf 92' lang='lat'>‚</span> <span class='ocrx_word' id='word_1_1934' title='bbox 1477 2993 1555 3020; x_wconf 90' lang='lat' dir='ltr'>Nunc</span> <span class='ocrx_word' id='word_1_1935' title='bbox 1570 2993 1619 3019; x_wconf 86' lang='lat' dir='ltr'>tale</span> <span class='ocrx_word' id='word_1_1936' title='bbox 1634 2993 1771 3027; x_wconf 85' lang='lat' dir='ltr'>negotium</span> <span class='ocrx_word' id='word_1_1937' title='bbox 1784 2992 1836 3026; x_wconf 83' lang='lat' dir='ltr'>est,</span> <span class='ocrx_word' id='word_1_1938' title='bbox 1855 2993 1935 3020; x_wconf 89' lang='lat' dir='ltr'>Nunc</span> <span class='ocrx_word' id='word_1_1939' title='bbox 1949 2992 1999 3020; x_wconf 89' lang='lat' dir='ltr'>tale</span> <span class='ocrx_word' id='word_1_1940' title='bbox 2012 2992 2161 3028; x_wconf 84' lang='lat' dir='ltr'>periculum</span> <span class='ocrx_word' id='word_1_1941' title='bbox 2174 2991 2218 3019; x_wconf 74' lang='lat' dir='ltr'>esl-</span> <span class='ocrx_word' id='word_1_1942' title='bbox 2314 2990 2394 3017; x_wconf 88' lang='lat' dir='ltr'>Nune</span> <span class='ocrx_word' id='word_1_1943' title='bbox 2403 3002 2451 3010; x_wconf 88' lang='lat'>—-</span> 
     </span>
     <span class='ocr_line' id='line_1_193' title="bbox 1385 3024 2452 3065; baseline -0.004 -9"><span class='ocrx_word' id='word_1_1944' title='bbox 1385 3029 1526 3062; x_wconf 86' lang='lat' dir='ltr'>homines,</span> <span class='ocrx_word' id='word_1_1945' title='bbox 1554 3030 1598 3064; x_wconf 80' lang='lat' dir='ltr'>qui</span> <span class='ocrx_word' id='word_1_1946' title='bbox 1610 3038 1675 3055; x_wconf 82' lang='lat' dir='ltr'>nunc</span> <span class='ocrx_word' id='word_1_1947' title='bbox 1683 3029 1753 3065; x_wconf 84' lang='lat' dir='ltr'>sunt.</span> <span class='ocrx_word' id='word_1_1948' title='bbox 1790 3029 1873 3056; x_wconf 86' lang='lat' dir='ltr'>Plaut.</span> <span class='ocrx_word' id='word_1_1949' title='bbox 1888 3030 1962 3056; x_wconf 85' lang='lat' dir='ltr'>Persa</span> <span class='ocrx_word' id='word_1_1950' title='bbox 1976 3038 1996 3063; x_wconf 81' lang='lat'>3,</span> <span class='ocrx_word' id='word_1_1951' title='bbox 2010 3039 2027 3063; x_wconf 88' lang='lat'>1,</span> <span class='ocrx_word' id='word_1_1952' title='bbox 2040 3038 2067 3062; x_wconf 87' lang='lat'>57</span> <span class='ocrx_word' id='word_1_1953' title='bbox 2087 3029 2153 3055; x_wconf 91' lang='lat' dir='ltr'>Non</span> <span class='ocrx_word' id='word_1_1954' title='bbox 2168 3034 2196 3055; x_wconf 88' lang='lat' dir='ltr'>tu</span> <span class='ocrx_word' id='word_1_1955' title='bbox 2211 3036 2280 3054; x_wconf 88' lang='lat' dir='ltr'>nunc</span> <span class='ocrx_word' id='word_1_1956' title='bbox 2298 3041 2345 3047; x_wconf 80' lang='lat'>·--·</span> <span class='ocrx_word' id='word_1_1957' title='bbox 2361 3024 2452 3053; x_wconf 87' lang='lat' dir='ltr'>homi-</span> 
     </span>
     <span class='ocr_line' id='line_1_194' title="bbox 1385 3062 2455 3100; baseline -0.003 -8"><span class='ocrx_word' id='word_1_1958' title='bbox 1385 3074 1448 3092; x_wconf 92' lang='lat' dir='ltr'>num</span> <span class='ocrx_word' id='word_1_1959' title='bbox 1465 3074 1553 3092; x_wconf 83' lang='lat' dir='ltr'>mores</span> <span class='ocrx_word' id='word_1_1960' title='bbox 1567 3065 1650 3092; x_wconf 82' lang='lat' dir='ltr'>vides.</span> <span class='ocrx_word' id='word_1_1961' title='bbox 1730 3066 1888 3098; x_wconf 78' lang='lat' dir='ltr'>Nunccine,</span> <span class='ocrx_word' id='word_1_1962' title='bbox 1906 3071 1951 3100; x_wconf 83' lang='lat' dir='ltr'>pro</span> <span class='ocrx_word' id='word_1_1963' title='bbox 1969 3067 2055 3091; x_wconf 83' lang='lat' dir='ltr'>Vtrum</span> <span class='ocrx_word' id='word_1_1964' title='bbox 2066 3074 2138 3091; x_wconf 83' lang='lat' dir='ltr'>nunc.</span> <span class='ocrx_word' id='word_1_1965' title='bbox 2175 3062 2455 3097; x_wconf 54' lang='lat' dir='ltr'>Ter.Andr.4,1‚60.</span> 
     </span>
     <span class='ocr_line' id='line_1_195' title="bbox 1387 3101 2452 3135; baseline -0.006 -6"><span class='ocrx_word' id='word_1_1966' title='bbox 1387 3107 1415 3129; x_wconf 85' lang='grc' dir='ltr'>Ι).</span> <span class='ocrx_word' id='word_1_1967' title='bbox 1436 3103 1555 3135; x_wconf 75' lang='lat' dir='ltr'>Qlaero.</span> <span class='ocrx_word' id='word_1_1968' title='bbox 1599 3108 1625 3127; x_wconf 79' lang='lat' dir='ltr'>P.</span> <span class='ocrx_word' id='word_1_1969' title='bbox 1640 3101 1717 3133; x_wconf 83' lang='lat' dir='ltr'>hcm,</span> <span class='ocrx_word' id='word_1_1970' title='bbox 1745 3101 1875 3128; x_wconf 84' lang='lat' dir='ltr'>nunccine</span> <span class='ocrx_word' id='word_1_1971' title='bbox 1890 3101 2015 3127; x_wconf 71' lang='lat' dir='ltr'>demum?</span> <span class='ocrx_word' id='word_1_1972' title='bbox 2051 3101 2070 3127; x_wconf 80' lang='lat' dir='ltr'>i.</span> <span class='ocrx_word' id='word_1_1973' title='bbox 2096 3101 2162 3127; x_wconf 84' lang='lat' dir='ltr'>Num</span> <span class='ocrx_word' id='word_1_1974' title='bbox 2183 3108 2248 3125; x_wconf 87' lang='lat' dir='ltr'>nunc</span> <span class='ocrx_word' id='word_1_1975' title='bbox 2259 3101 2362 3132; x_wconf 80' lang='lat' dir='ltr'>denique</span> <span class='ocrx_word' id='word_1_1976' title='bbox 2375 3106 2452 3132; x_wconf 72' lang='lat' dir='ltr'>quae-</span> 
     </span>
     <span class='ocr_line' id='line_1_196' title="bbox 1386 3133 2450 3173; baseline -0.004 -10"><span class='ocrx_word' id='word_1_1977' title='bbox 1386 3138 1440 3164; x_wconf 76' lang='lat' dir='ltr'>ris?</span> <span class='ocrx_word' id='word_1_1978' title='bbox 1535 3138 1605 3165; x_wconf 85' lang='lat' dir='ltr'>Ter.</span> <span class='ocrx_word' id='word_1_1979' title='bbox 1623 3137 1734 3173; x_wconf 87' lang='lat' dir='ltr'>Adelph.</span> <span class='ocrx_word' id='word_1_1980' title='bbox 1749 3147 1772 3171; x_wconf 82' lang='lat'>2,</span> <span class='ocrx_word' id='word_1_1981' title='bbox 1789 3147 1807 3171; x_wconf 88' lang='lat'>1,</span> <span class='ocrx_word' id='word_1_1982' title='bbox 1823 3146 1846 3164; x_wconf 84' lang='lat'>21</span> <span class='ocrx_word' id='word_1_1983' title='bbox 1876 3136 2032 3163; x_wconf 86' lang='lat' dir='ltr'>Geminabit</span> <span class='ocrx_word' id='word_1_1984' title='bbox 2045 3135 2093 3163; x_wconf 88' lang='lat' dir='ltr'>nisi</span> <span class='ocrx_word' id='word_1_1985' title='bbox 2106 3145 2190 3162; x_wconf 81' lang='lat' dir='ltr'>canes.</span> <span class='ocrx_word' id='word_1_1986' title='bbox 2247 3140 2272 3161; x_wconf 84' lang='lat' dir='ltr'>s.</span> <span class='ocrx_word' id='word_1_1987' title='bbox 2290 3133 2335 3160; x_wconf 87' lang='lat' dir='ltr'>hei</span> <span class='ocrx_word' id='word_1_1988' title='bbox 2349 3133 2450 3160; x_wconf 87' lang='lat' dir='ltr'>misero</span> 
     </span>
     <span class='ocr_line' id='line_1_197' title="bbox 1385 3169 2453 3206; baseline -0.005 -6"><span class='ocrx_word' id='word_1_1989' title='bbox 1385 3173 1463 3201; x_wconf 90' lang='lat' dir='ltr'>mihi.</span> <span class='ocrx_word' id='word_1_1990' title='bbox 1501 3180 1553 3201; x_wconf 75' lang='lat' dir='ltr'>AF..</span> <span class='ocrx_word' id='word_1_1991' title='bbox 1573 3182 1628 3200; x_wconf 90' lang='lat' dir='ltr'>non</span> <span class='ocrx_word' id='word_1_1992' title='bbox 1644 3174 1798 3200; x_wconf 86' lang='lat' dir='ltr'>innneram:</span> <span class='ocrx_word' id='word_1_1993' title='bbox 1835 3181 1929 3200; x_wconf 86' lang='lat' dir='ltr'>verum</span> <span class='ocrx_word' id='word_1_1994' title='bbox 1944 3173 1973 3198; x_wconf 89' lang='lat' dir='ltr'>in</span> <span class='ocrx_word' id='word_1_1995' title='bbox 1987 3172 2062 3199; x_wconf 76' lang='lat' dir='ltr'>istam</span> <span class='ocrx_word' id='word_1_1996' title='bbox 2075 3177 2177 3206; x_wconf 86' lang='lat' dir='ltr'>partem</span> <span class='ocrx_word' id='word_1_1997' title='bbox 2190 3169 2280 3205; x_wconf 88' lang='lat' dir='ltr'>potius</span> <span class='ocrx_word' id='word_1_1998' title='bbox 2294 3174 2401 3204; x_wconf 88' lang='lat' dir='ltr'>peccato</span> <span class='ocrx_word' id='word_1_1999' title='bbox 2414 3174 2453 3196; x_wconf 84' lang='lat' dir='ltr'>ta-</span> 
     </span>
     <span class='ocr_line' id='line_1_198' title="bbox 1386 3205 2449 3241; baseline -0.006 -4"><span class='ocrx_word' id='word_1_2000' title='bbox 1386 3219 1455 3237; x_wconf 85' lang='lat' dir='ltr'>men.</span> <span class='ocrx_word' id='word_1_2001' title='bbox 1492 3211 1504 3237; x_wconf 94' lang='lat'>1</span> <span class='ocrx_word' id='word_1_2002' title='bbox 1519 3219 1587 3237; x_wconf 91' lang='lat' dir='ltr'>nunc</span> <span class='ocrx_word' id='word_1_2003' title='bbox 1602 3210 1663 3236; x_wconf 89' lang='lat' dir='ltr'>iam.</span> <span class='ocrx_word' id='word_1_2004' title='bbox 1714 3211 1759 3236; x_wconf 88' lang='lat' dir='ltr'>Vbi</span> <span class='ocrx_word' id='word_1_2005' title='bbox 1772 3209 1909 3241; x_wconf 87' lang='lat' dir='ltr'>Donatus,</span> <span class='ocrx_word' id='word_1_2006' title='bbox 1935 3208 2013 3235; x_wconf 88' lang='lat' dir='ltr'>Nunc</span> <span class='ocrx_word' id='word_1_2007' title='bbox 2029 3207 2096 3240; x_wconf 87' lang='lat' dir='ltr'>iam,</span> <span class='ocrx_word' id='word_1_2008' title='bbox 2116 3206 2182 3233; x_wconf 88' lang='lat' dir='ltr'>duae</span> <span class='ocrx_word' id='word_1_2009' title='bbox 2196 3212 2282 3241; x_wconf 84' lang='lat' dir='ltr'>partes</span> <span class='ocrx_word' id='word_1_2010' title='bbox 2298 3206 2366 3232; x_wconf 91' lang='lat' dir='ltr'>sunt.</span> <span class='ocrx_word' id='word_1_2011' title='bbox 2413 3205 2449 3232; x_wconf 80' lang='lat' dir='ltr'>Et</span> 
     </span>
     <span class='ocr_line' id='line_1_199' title="bbox 1386 3245 1918 3281; baseline -0.008 -7"><span class='ocrx_word' id='word_1_2012' title='bbox 1386 3245 1452 3273; x_wconf 87' lang='lat' dir='ltr'>bene</span> <span class='ocrx_word' id='word_1_2013' title='bbox 1467 3247 1538 3280; x_wconf 88' lang='lat' dir='ltr'>Iam,</span> <span class='ocrx_word' id='word_1_2014' title='bbox 1563 3246 1626 3281; x_wconf 90' lang='lat' dir='ltr'>quia</span> <span class='ocrx_word' id='word_1_2015' title='bbox 1639 3247 1698 3272; x_wconf 87' lang='lat' dir='ltr'>sero</span> <span class='ocrx_word' id='word_1_2016' title='bbox 1713 3251 1738 3272; x_wconf 86' lang='grc'>01</span> <span class='ocrx_word' id='word_1_2017' title='bbox 1752 3245 1810 3280; x_wconf 75' lang='lat' dir='ltr'>post</span> <span class='ocrx_word' id='word_1_2018' title='bbox 1823 3245 1918 3280; x_wconf 76' lang='lat' dir='ltr'>plagas.</span> 
     </span>
     <span class='ocr_line' id='line_1_200' title="bbox 1385 3278 2246 3314; baseline -0.006 -5"><span class='ocrx_word' id='word_1_2019' title='bbox 1385 3282 1426 3310; x_wconf 90' lang='lat' dir='ltr'>tio</span> <span class='ocrx_word' id='word_1_2020' title='bbox 1439 3281 1482 3310; x_wconf 83' lang='lat' dir='ltr'>est.</span> <span class='ocrx_word' id='word_1_2021' title='bbox 1578 3282 1633 3309; x_wconf 86' lang='lat' dir='ltr'>Cic.</span> <span class='ocrx_word' id='word_1_2022' title='bbox 1648 3283 1726 3308; x_wconf 86' lang='lat' dir='ltr'>Verr.</span> <span class='ocrx_word' id='word_1_2023' title='bbox 1742 3290 1765 3314; x_wconf 83' lang='lat'>3,</span> <span class='ocrx_word' id='word_1_2024' title='bbox 1781 3291 1793 3312; x_wconf 85' lang='lat'><em>5</em></span> <span class='ocrx_word' id='word_1_2025' title='bbox 1828 3281 1918 3307; x_wconf 82' lang='lat' dir='ltr'>Patior</span> <span class='ocrx_word' id='word_1_2026' title='bbox 1934 3288 1988 3305; x_wconf 88' lang='lat' dir='ltr'>non</span> <span class='ocrx_word' id='word_1_2027' title='bbox 2002 3278 2110 3305; x_wconf 80' lang='lat' dir='ltr'>moleste</span> <span class='ocrx_word' id='word_1_2028' title='bbox 2129 3278 2246 3311; x_wconf 85' lang='lat' dir='ltr'>ludices,</span> 
     </span>
    </p>
   </div>
   <div class='ocr_carea' id='block_1_52' title="bbox 2026 2954 2461 2990">
    <p class='ocr_par' dir='ltr' id='par_1_61' title="bbox 2026 2954 2461 2990">
     <span class='ocr_line' id='line_1_201' title="bbox 2026 2954 2461 2990; baseline -0.007 -7"><span class='ocrx_word' id='word_1_2029' title='bbox 2026 2957 2071 2983; x_wconf 82' lang='lat' dir='ltr'>Vbi</span> <span class='ocrx_word' id='word_1_2030' title='bbox 2086 2956 2222 2990; x_wconf 86' lang='lat' dir='ltr'>Donatus,</span> <span class='ocrx_word' id='word_1_2031' title='bbox 2258 2954 2393 2990; x_wconf 82' lang='lat' dir='ltr'>Significat</span> <span class='ocrx_word' id='word_1_2032' title='bbox 2406 2962 2461 2980; x_wconf 83' lang='lat' dir='ltr'>au-¹</span> 
     </span>
    </p>
   </div>
   <div class='ocr_carea' id='block_1_53' title="bbox 1961 2845 2479 2919">
    <p class='ocr_par' dir='ltr' id='par_1_62' title="bbox 1961 2845 2483 2920">
     <span class='ocr_line' id='line_1_202' title="bbox 2173 2845 2479 2882; baseline -0.013 -7"><span class='ocrx_word' id='word_1_2033' title='bbox 2173 2848 2230 2875; x_wconf 90' lang='lat' dir='ltr'>Cie.</span> <span class='ocrx_word' id='word_1_2034' title='bbox 2248 2855 2299 2882; x_wconf 88' lang='lat' dir='ltr'>pro</span> <span class='ocrx_word' id='word_1_2035' title='bbox 2313 2845 2407 2880; x_wconf 80' lang='lat' dir='ltr'>Qiint.</span> <span class='ocrx_word' id='word_1_2036' title='bbox 2421 2853 2453 2878; x_wconf 77' lang='lat'>⁴²</span> <span class='ocrx_word' id='word_1_2037' title='bbox 2478 2848 2479 2851; x_wconf 78' lang='grc'>’</span> 
     </span>
     <span class='ocr_line' id='line_1_203' title="bbox 1961 2879 2451 2919; baseline -0.008 -8"><span class='ocrx_word' id='word_1_2038' title='bbox 1961 2885 1992 2912; x_wconf 89' lang='grc' dir='ltr'><strong><em>Τ</em></strong></span> <span class='ocrx_word' id='word_1_2039' title='bbox 1993 2893 2030 2912; x_wconf 82' lang='grc'>01.</span> <span class='ocrx_word' id='word_1_2040' title='bbox 2046 2883 2156 2919; x_wconf 87' lang='lat' dir='ltr'>Adelph.</span> <span class='ocrx_word' id='word_1_2041' title='bbox 2170 2893 2192 2918; x_wconf 84' lang='lat'>3,</span> <span class='ocrx_word' id='word_1_2042' title='bbox 2206 2893 2228 2917; x_wconf 84' lang='lat'>2,</span> <span class='ocrx_word' id='word_1_2043' title='bbox 2242 2892 2252 2910; x_wconf 94' lang='grc'>1</span> <span class='ocrx_word' id='word_1_2044' title='bbox 2290 2882 2370 2910; x_wconf 82' lang='grc' dir='ltr'><strong>Νιιιι(</strong></span> <span class='ocrx_word' id='word_1_2045' title='bbox 2382 2879 2451 2909; x_wconf 78' lang='lat' dir='ltr'>illud</span> 
     </span>
    </p>
   </div>
   <div class='ocr_carea' id='block_1_54' title="bbox 2470 3010 2494 3182">
    <p class='ocr_par' dir='ltr' id='par_1_63' title="bbox 2470 3010 2494 3182">
     <span class='ocr_line' id='line_1_204' title="bbox 2470 3010 2494 3182; textangle 90"><span class='ocrx_word' id='word_1_2046' title='bbox 2472 3171 2483 3182; x_wconf 76' lang='lat'>‘-</span> <span class='ocrx_word' id='word_1_2047' title='bbox 2470 3042 2494 3164; x_wconf 50' lang='lat'>253‘2&#39;2</span> <span class='ocrx_word' id='word_1_2048' title='bbox 2483 3010 2489 3021; x_wconf 56' lang='lat' dir='ltr'><em>v</em></span> 
     </span>
    </p>
   </div>
   <div class='ocr_carea' id='block_1_55' title="bbox 1973 3240 2487 3309">
    <p class='ocr_par' dir='ltr' id='par_1_64' title="bbox 1973 3240 2487 3309">
     <span class='ocr_line' id='line_1_205' title="bbox 1973 3240 2485 3282; baseline -0.006 -12"><span class='ocrx_word' id='word_1_2049' title='bbox 1973 3244 2003 3270; x_wconf 81' lang='lat' dir='ltr'>Et</span> <span class='ocrx_word' id='word_1_2050' title='bbox 2019 3244 2088 3276; x_wconf 83' lang='lat' dir='ltr'>Iam,</span> <span class='ocrx_word' id='word_1_2051' title='bbox 2110 3242 2190 3269; x_wconf 87' lang='lat' dir='ltr'>etiam</span> <span class='ocrx_word' id='word_1_2052' title='bbox 2206 3241 2336 3269; x_wconf 83' lang='lat' dir='ltr'>tarditatis</span> <span class='ocrx_word' id='word_1_2053' title='bbox 2348 3240 2450 3282; x_wconf 66' lang='lat' dir='ltr'>incusa-</span> <span class='ocrx_word' id='word_1_2054' title='bbox 2484 3270 2485 3273; x_wconf 14' lang='grc' dir='ltr'><strong>Ἴ</strong></span> 
     </span>
     <span class='ocr_line' id='line_1_206' title="bbox 2283 3282 2487 3309; baseline -0.005 -5"><span class='ocrx_word' id='word_1_2055' title='bbox 2283 3286 2341 3304; x_wconf 88' lang='grc'><strong>03111</strong></span> <span class='ocrx_word' id='word_1_2056' title='bbox 2354 3282 2450 3309; x_wconf 79' lang='lat' dir='ltr'>vitam,</span> <span class='ocrx_word' id='word_1_2057' title='bbox 2481 3288 2487 3297; x_wconf 74' lang='lat'><em>›</em></span> 
     </span>
    </p>
   </div>
   <div class='ocr_carea' id='block_1_56' title="bbox 1388 3313 2503 3353">
    <p class='ocr_par' dir='ltr' id='par_1_65' title="bbox 1388 3313 2503 3353">
     <span class='ocr_line' id='line_1_207' title="bbox 1388 3313 2503 3353; baseline -0.005 -8"><span class='ocrx_word' id='word_1_2058' title='bbox 1388 3327 1454 3353; x_wconf 84' lang='lat' dir='ltr'>quae</span> <span class='ocrx_word' id='word_1_2059' title='bbox 1467 3318 1535 3344; x_wconf 85' lang='lat' dir='ltr'>mihi</span> <span class='ocrx_word' id='word_1_2060' title='bbox 1550 3319 1592 3345; x_wconf 89' lang='lat' dir='ltr'>sua</span> <span class='ocrx_word' id='word_1_2061' title='bbox 1609 3319 1700 3353; x_wconf 86' lang='lat' dir='ltr'>sponte</span> <span class='ocrx_word' id='word_1_2062' title='bbox 1712 3323 1785 3344; x_wconf 89' lang='lat' dir='ltr'>antea</span> <span class='ocrx_word' id='word_1_2063' title='bbox 1803 3315 1917 3342; x_wconf 88' lang='lat' dir='ltr'>iucunda</span> <span class='ocrx_word' id='word_1_2064' title='bbox 1930 3314 2028 3347; x_wconf 83' lang='lat' dir='ltr'>fucrit,</span> <span class='ocrx_word' id='word_1_2065' title='bbox 2055 3323 2124 3341; x_wconf 89' lang='lat' dir='ltr'>nunc</span> <span class='ocrx_word' id='word_1_2066' title='bbox 2139 3315 2192 3341; x_wconf 85' lang='lat' dir='ltr'>iam</span> <span class='ocrx_word' id='word_1_2067' title='bbox 2205 3323 2263 3341; x_wconf 84' lang='lat' dir='ltr'>mea</span> <span class='ocrx_word' id='word_1_2068' title='bbox 2276 3313 2332 3348; x_wconf 86' lang='lat' dir='ltr'>lege</span> <span class='ocrx_word' id='word_1_2069' title='bbox 2345 3319 2371 3341; x_wconf 86' lang='lat' dir='ltr'>ct</span> <span class='ocrx_word' id='word_1_2070' title='bbox 2385 3321 2450 3340; x_wconf 77' lang='lat' dir='ltr'>con·</span> <span class='ocrx_word' id='word_1_2071' title='bbox 2478 3318 2481 3336; x_wconf 61' lang='grc' dir='ltr'><em>ὃ</em></span> <span class='ocrx_word' id='word_1_2072' title='bbox 2502 3333 2503 3342; x_wconf 63' lang='grc'>,</span> 
     </span>
    </p>
   </div>
   <div class='ocr_carea' id='block_1_57' title="bbox 1387 3350 2450 3606">
    <p class='ocr_par' dir='ltr' id='par_1_66' title="bbox 1387 3350 2450 3606">
     <span class='ocr_line' id='line_1_208' title="bbox 1390 3350 2450 3388; baseline -0.006 -7"><span class='ocrx_word' id='word_1_2073' title='bbox 1390 3354 1492 3381; x_wconf 83' lang='lat' dir='ltr'>ditione</span> <span class='ocrx_word' id='word_1_2074' title='bbox 1506 3356 1671 3381; x_wconf 76' lang='lat' dir='ltr'>necessariam</span> <span class='ocrx_word' id='word_1_2075' title='bbox 1686 3361 1792 3388; x_wconf 89' lang='lat' dir='ltr'>quoque</span> <span class='ocrx_word' id='word_1_2076' title='bbox 1808 3352 1935 3378; x_wconf 85' lang='lat' dir='ltr'>futuram.</span> <span class='ocrx_word' id='word_1_2077' title='bbox 2008 3350 2089 3377; x_wconf 88' lang='lat' dir='ltr'>Nunc</span> <span class='ocrx_word' id='word_1_2078' title='bbox 2105 3350 2207 3386; x_wconf 83' lang='lat' dir='ltr'>ipsum,</span> <span class='ocrx_word' id='word_1_2079' title='bbox 2223 3357 2268 3385; x_wconf 73' lang='lat' dir='ltr'>pro</span> <span class='ocrx_word' id='word_1_2080' title='bbox 2280 3351 2369 3382; x_wconf 82' lang='lat' dir='ltr'>Nunc,</span> <span class='ocrx_word' id='word_1_2081' title='bbox 2395 3350 2450 3376; x_wconf 76' lang='lat' dir='ltr'>noe</span> 
     </span>
     <span class='ocr_line' id='line_1_209' title="bbox 1389 3385 2139 3426; baseline -0.007 -9"><span class='ocrx_word' id='word_1_2082' title='bbox 1389 3390 1441 3426; x_wconf 80' lang='lat' dir='ltr'>ipso</span> <span class='ocrx_word' id='word_1_2083' title='bbox 1456 3398 1569 3416; x_wconf 72' lang='lat' dir='ltr'>momento</span> <span class='ocrx_word' id='word_1_2084' title='bbox 1583 3399 1606 3416; x_wconf 77' lang='lat' dir='ltr'>et</span> <span class='ocrx_word' id='word_1_2085' title='bbox 1616 3390 1704 3426; x_wconf 54' lang='lat' dir='ltr'>pantio</span> <span class='ocrx_word' id='word_1_2086' title='bbox 1723 3388 1852 3422; x_wconf 77' lang='lat' dir='ltr'>temporis.-</span> <span class='ocrx_word' id='word_1_2087' title='bbox 1890 3388 1943 3412; x_wconf 73' lang='lat' dir='ltr'>Hoc</span> <span class='ocrx_word' id='word_1_2088' title='bbox 1961 3385 2010 3422; x_wconf 81' lang='lat' dir='ltr'>ipso</span> <span class='ocrx_word' id='word_1_2089' title='bbox 2023 3393 2139 3422; x_wconf 64' lang='lat' dir='ltr'>temporo.</span> 
     </span>
     <span class='ocr_line' id='line_1_210' title="bbox 1390 3421 2448 3460; baseline -0.006 -6"><span class='ocrx_word' id='word_1_2090' title='bbox 1390 3427 1470 3454; x_wconf 84' lang='lat' dir='ltr'>Nune</span> <span class='ocrx_word' id='word_1_2091' title='bbox 1483 3426 1568 3460; x_wconf 87' lang='lat' dir='ltr'>ipsum</span> <span class='ocrx_word' id='word_1_2092' title='bbox 1582 3436 1610 3453; x_wconf 78' lang='lat' dir='ltr'>ea</span> <span class='ocrx_word' id='word_1_2093' title='bbox 1627 3427 1701 3460; x_wconf 79' lang='lat' dir='ltr'>lego,</span> <span class='ocrx_word' id='word_1_2094' title='bbox 1723 3433 1753 3451; x_wconf 81' lang='grc'>03</span> <span class='ocrx_word' id='word_1_2095' title='bbox 1765 3422 1868 3456; x_wconf 80' lang='lat' dir='ltr'>scribo,</span> <span class='ocrx_word' id='word_1_2096' title='bbox 1889 3429 1917 3448; x_wconf 85' lang='lat' dir='ltr'>vt</span> <span class='ocrx_word' id='word_1_2097' title='bbox 1930 3421 1968 3455; x_wconf 88' lang='lat' dir='ltr'>ii,</span> <span class='ocrx_word' id='word_1_2098' title='bbox 1987 3429 2032 3448; x_wconf 75' lang='lat' dir='ltr'>etc.</span> <span class='ocrx_word' id='word_1_2099' title='bbox 2130 3423 2199 3450; x_wconf 88' lang='lat' dir='ltr'>Ter.</span> <span class='ocrx_word' id='word_1_2100' title='bbox 2215 3422 2243 3448; x_wconf 87' lang='lat' dir='ltr'>in</span> <span class='ocrx_word' id='word_1_2101' title='bbox 2263 3421 2332 3456; x_wconf 88' lang='lat' dir='ltr'>prol.</span> <span class='ocrx_word' id='word_1_2102' title='bbox 2350 3421 2417 3448; x_wconf 82' lang='lat' dir='ltr'>Eun.</span> <span class='ocrx_word' id='word_1_2103' title='bbox 2430 3428 2448 3453; x_wconf 85' lang='lat'>9</span> 
     </span>
     <span class='ocr_line' id='line_1_211' title="bbox 1389 3457 2448 3493; baseline -0.008 -3"><span class='ocrx_word' id='word_1_2104' title='bbox 1389 3463 1463 3490; x_wconf 83' lang='lat' dir='ltr'>Idem</span> <span class='ocrx_word' id='word_1_2105' title='bbox 1476 3462 1615 3489; x_wconf 84' lang='lat' dir='ltr'>Menandri</span> <span class='ocrx_word' id='word_1_2106' title='bbox 1632 3462 1738 3489; x_wconf 82' lang='lat' dir='ltr'>Phasma</span> <span class='ocrx_word' id='word_1_2107' title='bbox 1750 3469 1820 3486; x_wconf 90' lang='lat' dir='ltr'>nunc</span> <span class='ocrx_word' id='word_1_2108' title='bbox 1836 3467 1920 3493; x_wconf 83' lang='lat' dir='ltr'>nuper</span> <span class='ocrx_word' id='word_1_2109' title='bbox 1933 3457 2013 3485; x_wconf 87' lang='lat' dir='ltr'>dedit.</span> <span class='ocrx_word' id='word_1_2110' title='bbox 2061 3458 2108 3484; x_wconf 77' lang='lat' dir='ltr'>Vbi</span> <span class='ocrx_word' id='word_1_2111' title='bbox 2120 3459 2256 3490; x_wconf 86' lang='lat' dir='ltr'>Donatus,</span> <span class='ocrx_word' id='word_1_2112' title='bbox 2276 3457 2386 3491; x_wconf 79' lang='lat' dir='ltr'>Nuper,</span> <span class='ocrx_word' id='word_1_2113' title='bbox 2412 3463 2448 3483; x_wconf 80' lang='lat' dir='ltr'>ex</span> 
     </span>
     <span class='ocr_line' id='line_1_212' title="bbox 1387 3492 2446 3532; baseline -0.007 -7"><span class='ocrx_word' id='word_1_2114' title='bbox 1387 3499 1442 3525; x_wconf 89' lang='lat' dir='ltr'>illis</span> <span class='ocrx_word' id='word_1_2115' title='bbox 1465 3497 1553 3525; x_wconf 85' lang='lat' dir='ltr'>verbis</span> <span class='ocrx_word' id='word_1_2116' title='bbox 1573 3499 1624 3529; x_wconf 82' lang='lat' dir='ltr'>cst,</span> <span class='ocrx_word' id='word_1_2117' title='bbox 1661 3505 1727 3532; x_wconf 86' lang='lat' dir='ltr'>quae</span> <span class='ocrx_word' id='word_1_2118' title='bbox 1752 3500 1852 3522; x_wconf 79' lang='lat' dir='ltr'>veteres</span> <span class='ocrx_word' id='word_1_2119' title='bbox 1872 3500 1979 3529; x_wconf 78' lang='lat' dir='ltr'>propter</span> <span class='ocrx_word' id='word_1_2120' title='bbox 1997 3493 2198 3528; x_wconf 84' lang='lat' dir='ltr'>ambiguitatem</span> <span class='ocrx_word' id='word_1_2121' title='bbox 2216 3502 2275 3520; x_wconf 89' lang='lat' dir='ltr'>cum</span> <span class='ocrx_word' id='word_1_2122' title='bbox 2294 3492 2446 3520; x_wconf 58' lang='lat' dir='ltr'>adiectione</span> 
     </span>
     <span class='ocr_line' id='line_1_213' title="bbox 1388 3528 2446 3569; baseline -0.008 -7"><span class='ocrx_word' id='word_1_2123' title='bbox 1388 3534 1574 3569; x_wconf 88' lang='lat' dir='ltr'>proferebant,</span> <span class='ocrx_word' id='word_1_2124' title='bbox 1595 3543 1655 3561; x_wconf 75' lang='lat' dir='ltr'>nani</span> <span class='ocrx_word' id='word_1_2125' title='bbox 1669 3532 1718 3561; x_wconf 80' lang='lat' dir='ltr'>nisi</span> <span class='ocrx_word' id='word_1_2126' title='bbox 1731 3531 1836 3558; x_wconf 83' lang='lat' dir='ltr'>adderet</span> <span class='ocrx_word' id='word_1_2127' title='bbox 1850 3531 1945 3561; x_wconf 86' lang='lat' dir='ltr'>Nunc;</span> <span class='ocrx_word' id='word_1_2128' title='bbox 1983 3530 2032 3557; x_wconf 89' lang='lat' dir='ltr'>hoc</span> <span class='ocrx_word' id='word_1_2129' title='bbox 2047 3531 2157 3565; x_wconf 84' lang='lat' dir='ltr'>Nuper,</span> <span class='ocrx_word' id='word_1_2130' title='bbox 2181 3529 2270 3560; x_wconf 88' lang='lat' dir='ltr'>Olim,</span> <span class='ocrx_word' id='word_1_2131' title='bbox 2295 3528 2400 3562; x_wconf 83' lang='lat' dir='ltr'>pridem</span> <span class='ocrx_word' id='word_1_2132' title='bbox 2418 3532 2446 3554; x_wconf 86' lang='lat' dir='ltr'>et</span> 
     </span>
     <span class='ocr_line' id='line_1_214' title="bbox 1388 3570 1621 3606; baseline -0.004 -9"><span class='ocrx_word' id='word_1_2133' title='bbox 1388 3571 1441 3597; x_wconf 87' lang='lat' dir='ltr'>iam</span> <span class='ocrx_word' id='word_1_2134' title='bbox 1456 3570 1621 3606; x_wconf 77' lang='lat' dir='ltr'>significasset.</span> 
     </span>
    </p>
   </div>
   <div class='ocr_carea' id='block_1_58' title="bbox 1389 3600 2445 3641">
    <p class='ocr_par' dir='ltr' id='par_1_67' title="bbox 1389 3600 2445 3641">
     <span class='ocr_line' id='line_1_215' title="bbox 1389 3600 2445 3641; baseline -0.007 -9"><span class='ocrx_word' id='word_1_2135' title='bbox 1389 3607 1505 3639; x_wconf 85' lang='lat' dir='ltr'>veritus;</span> <span class='ocrx_word' id='word_1_2136' title='bbox 1541 3607 1597 3641; x_wconf 81' lang='lat' dir='ltr'>post</span> <span class='ocrx_word' id='word_1_2137' title='bbox 1618 3606 1663 3633; x_wconf 85' lang='lat' dir='ltr'>illa</span> <span class='ocrx_word' id='word_1_2138' title='bbox 1675 3612 1743 3631; x_wconf 82' lang='lat' dir='ltr'>nuuc</span> <span class='ocrx_word' id='word_1_2139' title='bbox 1756 3603 1873 3638; x_wconf 88' lang='lat' dir='ltr'>primum</span> <span class='ocrx_word' id='word_1_2140' title='bbox 1886 3603 1977 3636; x_wconf 88' lang='lat' dir='ltr'>audio,</span> <span class='ocrx_word' id='word_1_2141' title='bbox 1998 3602 2063 3637; x_wconf 85' lang='lat' dir='ltr'>quid</span> <span class='ocrx_word' id='word_1_2142' title='bbox 2077 3602 2126 3629; x_wconf 93' lang='lat' dir='ltr'>illo</span> <span class='ocrx_word' id='word_1_2143' title='bbox 2140 3602 2169 3628; x_wconf 85' lang='lat' dir='ltr'>sit</span> <span class='ocrx_word' id='word_1_2144' title='bbox 2181 3600 2289 3628; x_wconf 63' lang='lat' dir='ltr'>sachun.</span> <span class='ocrx_word' id='word_1_2145' title='bbox 2364 3600 2445 3626; x_wconf 73' lang='lat' dir='ltr'>Nune</span> 
     </span>
    </p>
   </div>
   <div class='ocr_carea' id='block_1_59' title="bbox 2213 3386 2461 3418">
    <p class='ocr_par' dir='ltr' id='par_1_68' title="bbox 2213 3386 2461 3418">
     <span class='ocr_line' id='line_1_216' title="bbox 2213 3386 2461 3418; baseline -0.008 -5"><span class='ocrx_word' id='word_1_2146' title='bbox 2213 3386 2269 3413; x_wconf 76' lang='lat' dir='ltr'>Cic.</span> <span class='ocrx_word' id='word_1_2147' title='bbox 2284 3386 2337 3412; x_wconf 86' lang='lat' dir='ltr'>Att.</span> <span class='ocrx_word' id='word_1_2148' title='bbox 2353 3393 2396 3417; x_wconf 83' lang='lat'>12,</span> <span class='ocrx_word' id='word_1_2149' title='bbox 2413 3393 2461 3418; x_wconf 43' lang='lat'>40,</span> 
     </span>
    </p>
   </div>
   <div class='ocr_carea' id='block_1_60' title="bbox 1694 3562 2490 3602">
    <p class='ocr_par' dir='ltr' id='par_1_69' title="bbox 1694 3562 2490 3602">
     <span class='ocr_line' id='line_1_217' title="bbox 1694 3562 2490 3602; baseline -0.005 -8"><span class='ocrx_word' id='word_1_2150' title='bbox 1694 3569 1764 3595; x_wconf 89' lang='lat' dir='ltr'>Ter.</span> <span class='ocrx_word' id='word_1_2151' title='bbox 1780 3566 1862 3594; x_wconf 86' lang='lat' dir='ltr'>Andr.</span> <span class='ocrx_word' id='word_1_2152' title='bbox 1870 3576 1893 3602; x_wconf 82' lang='grc' dir='ltr'>ς,</span> <span class='ocrx_word' id='word_1_2153' title='bbox 1907 3577 1930 3600; x_wconf 69' lang='lat'>⁴,</span> <span class='ocrx_word' id='word_1_2154' title='bbox 1945 3576 1969 3600; x_wconf 83' lang='lat'>33</span> <span class='ocrx_word' id='word_1_2155' title='bbox 2006 3567 2084 3593; x_wconf 84' lang='lat' dir='ltr'>Tum</span> <span class='ocrx_word' id='word_1_2156' title='bbox 2098 3566 2171 3593; x_wconf 82' lang='lat' dir='ltr'>illam</span> <span class='ocrx_word' id='word_1_2157' title='bbox 2185 3563 2228 3591; x_wconf 88' lang='lat' dir='ltr'>hic</span> <span class='ocrx_word' id='word_1_2158' title='bbox 2241 3563 2394 3600; x_wconf 85' lang='lat' dir='ltr'>relinquere</span> <span class='ocrx_word' id='word_1_2159' title='bbox 2409 3562 2445 3590; x_wconf 80' lang='lat' dir='ltr'>cst</span> <span class='ocrx_word' id='word_1_2160' title='bbox 2488 3566 2490 3571; x_wconf 83' lang='grc'>’</span> 
     </span>
    </p>
   </div>
   <div class='ocr_carea' id='block_1_61' title="bbox 1389 3635 2469 3677">
    <p class='ocr_par' dir='ltr' id='par_1_70' title="bbox 1389 3635 2469 3677">
     <span class='ocr_line' id='line_1_218' title="bbox 1389 3635 2469 3677; baseline -0.007 -8"><span class='ocrx_word' id='word_1_2161' title='bbox 1389 3642 1523 3677; x_wconf 86' lang='lat' dir='ltr'>primum,</span> <span class='ocrx_word' id='word_1_2162' title='bbox 1543 3643 1561 3670; x_wconf 87' lang='lat' dir='ltr'>i.</span> <span class='ocrx_word' id='word_1_2163' title='bbox 1577 3643 1669 3668; x_wconf 67' lang='lat' dir='ltr'>Primo.</span> <span class='ocrx_word' id='word_1_2164' title='bbox 1706 3639 1776 3666; x_wconf 85' lang='lat' dir='ltr'>Ter.</span> <span class='ocrx_word' id='word_1_2165' title='bbox 1795 3639 1877 3671; x_wconf 81' lang='lat' dir='ltr'>Andr.</span> <span class='ocrx_word' id='word_1_2166' title='bbox 1892 3650 1911 3674; x_wconf 62' lang='grc' dir='ltr'>ς,</span> <span class='ocrx_word' id='word_1_2167' title='bbox 1924 3648 1947 3671; x_wconf 83' lang='grc'>2,</span> <span class='ocrx_word' id='word_1_2168' title='bbox 1962 3648 1972 3671; x_wconf 87' lang='lat'>3</span> <span class='ocrx_word' id='word_1_2169' title='bbox 1995 3639 2076 3666; x_wconf 84' lang='lat' dir='ltr'>Nune</span> <span class='ocrx_word' id='word_1_2170' title='bbox 2088 3638 2204 3673; x_wconf 85' lang='lat' dir='ltr'>primum</span> <span class='ocrx_word' id='word_1_2171' title='bbox 2220 3636 2260 3663; x_wconf 83' lang='lat' dir='ltr'>fae</span> <span class='ocrx_word' id='word_1_2172' title='bbox 2276 3636 2350 3662; x_wconf 79' lang='lat' dir='ltr'>istaec</span> <span class='ocrx_word' id='word_1_2173' title='bbox 2366 3641 2394 3662; x_wconf 92' lang='lat' dir='ltr'>vt</span> <span class='ocrx_word' id='word_1_2174' title='bbox 2408 3635 2445 3661; x_wconf 82' lang='lat' dir='ltr'>la·</span> <span class='ocrx_word' id='word_1_2175' title='bbox 2468 3639 2469 3642; x_wconf 79' lang='grc'>’</span> 
     </span>
    </p>
   </div>
   <div class='ocr_carea' id='block_1_62' title="bbox 1388 3670 2444 3783">
    <p class='ocr_par' dir='ltr' id='par_1_71' title="bbox 1388 3670 2444 3783">
     <span class='ocr_line' id='line_1_219' title="bbox 1388 3670 2444 3713; baseline -0.007 -9"><span class='ocrx_word' id='word_1_2176' title='bbox 1388 3685 1449 3709; x_wconf 82' lang='grc' dir='ltr'>νο1;</span> <span class='ocrx_word' id='word_1_2177' title='bbox 1487 3678 1542 3713; x_wconf 85' lang='lat' dir='ltr'>post</span> <span class='ocrx_word' id='word_1_2178' title='bbox 1556 3677 1652 3705; x_wconf 81' lang='lat' dir='ltr'>deinde</span> <span class='ocrx_word' id='word_1_2179' title='bbox 1666 3674 1737 3710; x_wconf 88' lang='lat' dir='ltr'>quod</span> <span class='ocrx_word' id='word_1_2180' title='bbox 1752 3675 1807 3701; x_wconf 81' lang='lat' dir='ltr'>iuffi</span> <span class='ocrx_word' id='word_1_2181' title='bbox 1820 3675 1845 3702; x_wconf 88' lang='lat' dir='ltr'>ei</span> <span class='ocrx_word' id='word_1_2182' title='bbox 1860 3675 1922 3701; x_wconf 87' lang='lat' dir='ltr'>dare</span> <span class='ocrx_word' id='word_1_2183' title='bbox 1935 3674 2044 3708; x_wconf 90' lang='lat' dir='ltr'>bibere,</span> <span class='ocrx_word' id='word_1_2184' title='bbox 2064 3679 2089 3700; x_wconf 91' lang='lat' dir='ltr'>et</span> <span class='ocrx_word' id='word_1_2185' title='bbox 2101 3679 2228 3707; x_wconf 85' lang='lat' dir='ltr'>quantum</span> <span class='ocrx_word' id='word_1_2186' title='bbox 2243 3671 2385 3706; x_wconf 82' lang='lat' dir='ltr'>imperaui,</span> <span class='ocrx_word' id='word_1_2187' title='bbox 2400 3670 2444 3697; x_wconf 86' lang='lat' dir='ltr'>da-</span> 
     </span>
     <span class='ocr_line' id='line_1_220' title="bbox 1389 3707 2444 3750; baseline -0.008 -10"><span class='ocrx_word' id='word_1_2188' title='bbox 1389 3719 1423 3741; x_wconf 88' lang='lat' dir='ltr'>te.</span> <span class='ocrx_word' id='word_1_2189' title='bbox 1443 3715 1510 3749; x_wconf 75' lang='lat' dir='ltr'>conf.</span> <span class='ocrx_word' id='word_1_2190' title='bbox 1529 3714 1596 3741; x_wconf 83' lang='lat' dir='ltr'><em>Valla</em></span> <span class='ocrx_word' id='word_1_2191' title='bbox 1610 3724 1627 3750; x_wconf 79' lang='lat'>1,</span> <span class='ocrx_word' id='word_1_2192' title='bbox 1643 3722 1648 3739; x_wconf 88' lang='lat'>1</span> <span class='ocrx_word' id='word_1_2193' title='bbox 1665 3714 1705 3746; x_wconf 85' lang='lat'>(2)</span> <span class='ocrx_word' id='word_1_2194' title='bbox 1780 3711 1861 3737; x_wconf 84' lang='lat' dir='ltr'>l’lant.</span> <span class='ocrx_word' id='word_1_2195' title='bbox 1882 3710 1949 3738; x_wconf 81' lang='lat' dir='ltr'>Rud.</span> <span class='ocrx_word' id='word_1_2196' title='bbox 1964 3720 1982 3744; x_wconf 84' lang='lat'>1,</span> <span class='ocrx_word' id='word_1_2197' title='bbox 1999 3720 2020 3743; x_wconf 78' lang='lat'>2,</span> <span class='ocrx_word' id='word_1_2198' title='bbox 2035 3715 2067 3741; x_wconf 81' lang='lat'>80</span> <span class='ocrx_word' id='word_1_2199' title='bbox 2105 3709 2185 3735; x_wconf 85' lang='lat' dir='ltr'>Nune</span> <span class='ocrx_word' id='word_1_2200' title='bbox 2205 3717 2273 3734; x_wconf 85' lang='lat' dir='ltr'>nunc</span> <span class='ocrx_word' id='word_1_2201' title='bbox 2295 3707 2444 3742; x_wconf 88' lang='lat' dir='ltr'>periculum</span> 
     </span>
     <span class='ocr_line' id='line_1_221' title="bbox 1388 3750 1669 3783; baseline -0.011 -7"><span class='ocrx_word' id='word_1_2202' title='bbox 1388 3750 1441 3783; x_wconf 82' lang='lat' dir='ltr'>est,</span> <span class='ocrx_word' id='word_1_2203' title='bbox 1460 3751 1539 3778; x_wconf 87' lang='lat' dir='ltr'>eiecit</span> <span class='ocrx_word' id='word_1_2204' title='bbox 1552 3750 1669 3777; x_wconf 86' lang='lat' dir='ltr'>alteram.</span> 
     </span>
    </p>
   </div>
   <div class='ocr_carea' id='block_1_63' title="bbox 1388 3783 2254 3852">
    <p class='ocr_par' dir='ltr' id='par_1_72' title="bbox 1388 3783 2254 3852">
     <span class='ocr_line' id='line_1_222' title="bbox 1388 3783 1917 3818; baseline -0.008 -6"><span class='ocrx_word' id='word_1_2205' title='bbox 1388 3786 1468 3813; x_wconf 85' lang='lat' dir='ltr'>Nunc</span> <span class='ocrx_word' id='word_1_2206' title='bbox 1480 3795 1550 3813; x_wconf 88' lang='lat' dir='ltr'>nunc</span> <span class='ocrx_word' id='word_1_2207' title='bbox 1565 3784 1648 3812; x_wconf 79' lang='lat' dir='ltr'>adeste</span> <span class='ocrx_word' id='word_1_2208' title='bbox 1672 3783 1740 3810; x_wconf 85' lang='lat' dir='ltr'>Hor.</span> <span class='ocrx_word' id='word_1_2209' title='bbox 1754 3783 1836 3818; x_wconf 79' lang='lat' dir='ltr'>Epod.</span> <span class='ocrx_word' id='word_1_2210' title='bbox 1847 3792 1868 3816; x_wconf 82' lang='grc' dir='ltr'>ς,</span> <span class='ocrx_word' id='word_1_2211' title='bbox 1882 3791 1917 3816; x_wconf 77' lang='lat'>53.</span> 
     </span>
     <span class='ocr_line' id='line_1_223' title="bbox 1560 3817 2254 3852; baseline -0.01 -4"><span class='ocrx_word' id='word_1_2212' title='bbox 1560 3821 1638 3848; x_wconf 80' lang='lat' dir='ltr'>Nunc</span> <span class='ocrx_word' id='word_1_2213' title='bbox 1651 3819 1715 3850; x_wconf 72' lang='lat' dir='ltr'>hos,</span> <span class='ocrx_word' id='word_1_2214' title='bbox 1734 3829 1802 3846; x_wconf 87' lang='lat' dir='ltr'>nunc</span> <span class='ocrx_word' id='word_1_2215' title='bbox 1816 3819 1877 3845; x_wconf 90' lang='lat' dir='ltr'>illos</span> <span class='ocrx_word' id='word_1_2216' title='bbox 1892 3818 1977 3845; x_wconf 90' lang='lat' dir='ltr'>aditus</span> <span class='ocrx_word' id='word_1_2217' title='bbox 2001 3817 2072 3852; x_wconf 87' lang='lat' dir='ltr'>Virg.</span> <span class='ocrx_word' id='word_1_2218' title='bbox 2087 3818 2151 3842; x_wconf 88' lang='lat' dir='ltr'>Aen.</span> <span class='ocrx_word' id='word_1_2219' title='bbox 2166 3823 2189 3850; x_wconf 81' lang='grc' dir='ltr'>ς,</span> <span class='ocrx_word' id='word_1_2220' title='bbox 2203 3825 2254 3847; x_wconf 68' lang='lat'>41¹·</span> 
     </span>
    </p>
   </div>
   <div class='ocr_carea' id='block_1_64' title="bbox 1388 3779 2442 3856">
    <p class='ocr_par' dir='ltr' id='par_1_73' title="bbox 1388 3779 2442 3856">
     <span class='ocr_line' id='line_1_224' title="bbox 1988 3779 2442 3813; baseline -0.007 -6"><span class='ocrx_word' id='word_1_2221' title='bbox 1988 3781 2067 3808; x_wconf 83' lang='lat' dir='ltr'>Nunc</span> <span class='ocrx_word' id='word_1_2222' title='bbox 2083 3779 2149 3813; x_wconf 87' lang='lat' dir='ltr'>hue,</span> <span class='ocrx_word' id='word_1_2223' title='bbox 2170 3788 2241 3805; x_wconf 85' lang='lat' dir='ltr'>nunc</span> <span class='ocrx_word' id='word_1_2224' title='bbox 2257 3779 2319 3805; x_wconf 88' lang='lat' dir='ltr'>illuc</span> <span class='ocrx_word' id='word_1_2225' title='bbox 2338 3779 2442 3805; x_wconf 86' lang='lat' dir='ltr'>Lucret.</span> 
     </span>
     <span class='ocr_line' id='line_1_225' title="bbox 1388 3830 1477 3856; baseline 0.011 -9"><span class='ocrx_word' id='word_1_2226' title='bbox 1388 3830 1412 3856; x_wconf 85' lang='lat'>2,</span> <span class='ocrx_word' id='word_1_2227' title='bbox 1428 3831 1477 3854; x_wconf 85' lang='lat'>¹30·</span> 
     </span>
    </p>
   </div>
   <div class='ocr_carea' id='block_1_65' title="bbox 1386 3887 2442 4036">
    <p class='ocr_par' dir='ltr' id='par_1_74' title="bbox 1386 3887 2442 4036">
     <span class='ocr_line' id='line_1_226' title="bbox 1987 3887 2442 3923; baseline -0.009 -9"><span class='ocrx_word' id='word_1_2228' title='bbox 1987 3887 2051 3914; x_wconf 86' lang='lat' dir='ltr'>Alia</span> <span class='ocrx_word' id='word_1_2229' title='bbox 2069 3887 2135 3913; x_wconf 81' lang='lat' dir='ltr'>ratio</span> <span class='ocrx_word' id='word_1_2230' title='bbox 2151 3887 2184 3923; x_wconf 66' lang='lat' dir='ltr'>2ss</span> <span class='ocrx_word' id='word_1_2231' title='bbox 2220 3887 2277 3914; x_wconf 89' lang='lat' dir='ltr'>Cic.</span> <span class='ocrx_word' id='word_1_2232' title='bbox 2299 3888 2352 3913; x_wconf 89' lang='lat' dir='ltr'>Att.</span> <span class='ocrx_word' id='word_1_2233' title='bbox 2370 3894 2395 3919; x_wconf 87' lang='lat'>2,</span> <span class='ocrx_word' id='word_1_2234' title='bbox 2413 3893 2442 3916; x_wconf 76' lang='grc'>24</span> 
     </span>
     <span class='ocr_line' id='line_1_227' title="bbox 1386 3921 2440 3961; baseline -0.009 -5"><span class='ocrx_word' id='word_1_2235' title='bbox 1386 3928 1466 3956; x_wconf 86' lang='grc' dir='ltr'><strong>Ν1111(</strong></span> <span class='ocrx_word' id='word_1_2236' title='bbox 1480 3937 1539 3956; x_wconf 91' lang='lat' dir='ltr'>reus</span> <span class='ocrx_word' id='word_1_2237' title='bbox 1553 3933 1608 3954; x_wconf 85' lang='lat' dir='ltr'>erat</span> <span class='ocrx_word' id='word_1_2238' title='bbox 1622 3927 1688 3961; x_wconf 86' lang='lat' dir='ltr'>apud</span> <span class='ocrx_word' id='word_1_2239' title='bbox 1702 3928 1819 3955; x_wconf 80' lang='lat' dir='ltr'>Crassum</span> <span class='ocrx_word' id='word_1_2240' title='bbox 1834 3925 1946 3953; x_wconf 84' lang='lat' dir='ltr'>diuitem</span> <span class='ocrx_word' id='word_1_2241' title='bbox 1961 3921 2070 3951; x_wconf 62' lang='lat' dir='ltr'>Veetins</span> <span class='ocrx_word' id='word_1_2242' title='bbox 2083 3921 2116 3949; x_wconf 85' lang='lat' dir='ltr'>de</span> <span class='ocrx_word' id='word_1_2243' title='bbox 2129 3923 2166 3949; x_wconf 87' lang='lat' dir='ltr'>vi.</span> <span class='ocrx_word' id='word_1_2244' title='bbox 2253 3921 2346 3950; x_wconf 84' lang='lat' dir='ltr'>Eidem</span> <span class='ocrx_word' id='word_1_2245' title='bbox 2363 3923 2404 3955; x_wconf 83' lang='lat'>16,</span> <span class='ocrx_word' id='word_1_2246' title='bbox 2420 3927 2440 3952; x_wconf 87' lang='grc'><strong>4</strong></span> 
     </span>
     <span class='ocr_line' id='line_1_228' title="bbox 1387 3956 2440 3995; baseline -0.01 -4"><span class='ocrx_word' id='word_1_2247' title='bbox 1387 3965 1482 3992; x_wconf 85' lang='lat' dir='ltr'>Brutus</span> <span class='ocrx_word' id='word_1_2248' title='bbox 1496 3969 1550 3991; x_wconf 87' lang='lat' dir='ltr'>erat</span> <span class='ocrx_word' id='word_1_2249' title='bbox 1562 3963 1590 3988; x_wconf 87' lang='lat' dir='ltr'>in</span> <span class='ocrx_word' id='word_1_2250' title='bbox 1605 3963 1701 3990; x_wconf 82' lang='lat' dir='ltr'>Neside</span> <span class='ocrx_word' id='word_1_2251' title='bbox 1710 3982 1719 3995; x_wconf 84' lang='grc'>,</span> <span class='ocrx_word' id='word_1_2252' title='bbox 1755 3963 1835 3990; x_wconf 88' lang='lat' dir='ltr'>etiam</span> <span class='ocrx_word' id='word_1_2253' title='bbox 1849 3971 1927 3988; x_wconf 88' lang='lat' dir='ltr'>nunc.</span> <span class='ocrx_word' id='word_1_2254' title='bbox 2021 3960 2112 3994; x_wconf 77' lang='lat' dir='ltr'>Nempe</span> <span class='ocrx_word' id='word_1_2255' title='bbox 2125 3959 2204 3985; x_wconf 90' lang='lat' dir='ltr'>Nunc</span> <span class='ocrx_word' id='word_1_2256' title='bbox 2216 3958 2314 3984; x_wconf 75' lang='lat' dir='ltr'>indicae</span> <span class='ocrx_word' id='word_1_2257' title='bbox 2324 3956 2440 3993; x_wconf 80' lang='lat' dir='ltr'>praesens</span> 
     </span>
     <span class='ocr_line' id='line_1_229' title="bbox 1387 3993 2440 4036; baseline -0.009 -10"><span class='ocrx_word' id='word_1_2258' title='bbox 1387 4008 1492 4036; x_wconf 74' lang='lat' dir='ltr'>tempus,</span> <span class='ocrx_word' id='word_1_2259' title='bbox 1505 4008 1551 4034; x_wconf 81' lang='lat' dir='ltr'>quo</span> <span class='ocrx_word' id='word_1_2260' title='bbox 1557 3998 1682 4034; x_wconf 69' lang='lat' dir='ltr'>scribebat</span> <span class='ocrx_word' id='word_1_2261' title='bbox 1694 4000 1794 4033; x_wconf 86' lang='lat' dir='ltr'>Cicero,</span> <span class='ocrx_word' id='word_1_2262' title='bbox 1811 3998 1882 4032; x_wconf 87' lang='lat' dir='ltr'>Erat,</span> <span class='ocrx_word' id='word_1_2263' title='bbox 1895 3995 1959 4022; x_wconf 86' lang='lat' dir='ltr'>dicit</span> <span class='ocrx_word' id='word_1_2264' title='bbox 1971 3993 2078 4029; x_wconf 61' lang='lat' dir='ltr'>respelfu</span> <span class='ocrx_word' id='word_1_2265' title='bbox 2090 3994 2183 4028; x_wconf 75' lang='lat' dir='ltr'>Attici,</span> <span class='ocrx_word' id='word_1_2266' title='bbox 2202 3994 2248 4031; x_wconf 78' lang='lat' dir='ltr'>qui</span> <span class='ocrx_word' id='word_1_2267' title='bbox 2258 3993 2363 4021; x_wconf 63' lang='lat' dir='ltr'>lemarus</span> <span class='ocrx_word' id='word_1_2268' title='bbox 2375 3996 2440 4022; x_wconf 81' lang='lat' dir='ltr'>erat,</span> 
     </span>
    </p>
   </div>
   <div class='ocr_carea' id='block_1_66' title="bbox 1804 4031 2438 4089">
    <p class='ocr_par' dir='ltr' id='par_1_75' title="bbox 1804 4031 2438 4089">
     <span class='ocr_line' id='line_1_230' title="bbox 1804 4031 2024 4062; baseline -0.023 -1"><span class='ocrx_word' id='word_1_2269' title='bbox 1804 4033 1925 4062; x_wconf 80' lang='lat' dir='ltr'>Abundat</span> <span class='ocrx_word' id='word_1_2270' title='bbox 1936 4031 2024 4058; x_wconf 79' lang='lat' dir='ltr'>oratio.</span> 
     </span>
     <span class='ocr_line' id='line_1_231' title="bbox 2356 4066 2438 4089; baseline -0.012 0"><span class='ocrx_word' id='word_1_2271' title='bbox 2356 4066 2438 4089; x_wconf 83' lang='lat' dir='ltr'>NVN-</span> 
     </span>
    </p>
   </div>
   <div class='ocr_carea' id='block_1_67' title="bbox 1741 3743 2468 3781">
    <p class='ocr_par' dir='ltr' id='par_1_76' title="bbox 1741 3743 2468 3781">
     <span class='ocr_line' id='line_1_232' title="bbox 1741 3743 2468 3781; baseline -0.008 -7"><span class='ocrx_word' id='word_1_2272' title='bbox 1741 3747 1821 3774; x_wconf 86' lang='lat' dir='ltr'>Nune</span> <span class='ocrx_word' id='word_1_2273' title='bbox 1836 3756 1905 3774; x_wconf 86' lang='lat' dir='ltr'>nuuc</span> <span class='ocrx_word' id='word_1_2274' title='bbox 1920 3746 2046 3781; x_wconf 85' lang='lat' dir='ltr'>insurgite</span> <span class='ocrx_word' id='word_1_2275' title='bbox 2060 3744 2140 3771; x_wconf 84' lang='lat' dir='ltr'>remis</span> <span class='ocrx_word' id='word_1_2276' title='bbox 2171 3743 2246 3777; x_wconf 84' lang='lat' dir='ltr'>Virg.</span> <span class='ocrx_word' id='word_1_2277' title='bbox 2261 3744 2325 3770; x_wconf 81' lang='lat' dir='ltr'>Aen.</span> <span class='ocrx_word' id='word_1_2278' title='bbox 2339 3753 2366 3776; x_wconf 87' lang='lat'>5,</span> <span class='ocrx_word' id='word_1_2279' title='bbox 2392 3748 2442 3775; x_wconf 82' lang='lat'>189.</span> <span class='ocrx_word' id='word_1_2280' title='bbox 2465 3747 2468 3751; x_wconf 85' lang='lat'><em>&#39;</em></span> 
     </span>
    </p>
   </div>
   <div class='ocr_carea' id='block_1_68' title="bbox 856 3814 2466 3920">
    <p class='ocr_par' dir='ltr' id='par_1_77' title="bbox 856 3814 2466 3920">
     <span class='ocr_line' id='line_1_233' title="bbox 2392 3821 2442 3840; baseline -0.02 0"><span class='ocrx_word' id='word_1_2281' title='bbox 2392 3821 2442 3840; x_wconf 87' lang='lat' dir='ltr'>une</span> 
     </span>
     <span class='ocr_line' id='line_1_234' title="bbox 856 3814 2466 3894; baseline -0.004 -13"><span class='ocrx_word' id='word_1_2282' title='bbox 856 3856 912 3883; x_wconf 88' lang='lat' dir='ltr'>Cic.</span> <span class='ocrx_word' id='word_1_2283' title='bbox 926 3856 979 3883; x_wconf 86' lang='lat' dir='ltr'>Att.</span> <span class='ocrx_word' id='word_1_2284' title='bbox 996 3866 1014 3887; x_wconf 85' lang='lat'>1,</span> <span class='ocrx_word' id='word_1_2285' title='bbox 1029 3857 1054 3882; x_wconf 83' lang='lat'>16</span> <span class='ocrx_word' id='word_1_2286' title='bbox 1079 3854 1249 3885; x_wconf 57' lang='lat' dir='ltr'>Insefflndio</span> <span class='ocrx_word' id='word_1_2287' title='bbox 1269 3862 1379 3882; x_wconf 77' lang='lat' dir='ltr'>exa-100</span> <span class='ocrx_word' id='word_1_2288' title='bbox 1387 3858 1462 3891; x_wconf 83' lang='lat' dir='ltr'>Erat,</span> <span class='ocrx_word' id='word_1_2289' title='bbox 1476 3857 1580 3894; x_wconf 81' lang='lat' dir='ltr'>subaud.</span> <span class='ocrx_word' id='word_1_2290' title='bbox 1593 3862 1699 3890; x_wconf 78' lang='lat' dir='ltr'>tempus:</span> <span class='ocrx_word' id='word_1_2291' title='bbox 1735 3857 1794 3882; x_wconf 73' lang='lat' dir='ltr'>vid.</span> <span class='ocrx_word' id='word_1_2292' title='bbox 1810 3856 1893 3882; x_wconf 70' lang='lat' dir='ltr'>Burm.</span> <span class='ocrx_word' id='word_1_2293' title='bbox 1906 3854 2051 3880; x_wconf 80' lang='lat' dir='ltr'>achtron.</span> <span class='ocrx_word' id='word_1_2294' title='bbox 2088 3861 2110 3878; x_wconf 89' lang='lat' dir='ltr'>c.</span> <span class='ocrx_word' id='word_1_2295' title='bbox 2126 3858 2166 3885; x_wconf 81' lang='lat'>127</span> <span class='ocrx_word' id='word_1_2296' title='bbox 2181 3861 2206 3886; x_wconf 83' lang='lat' dir='ltr'>p.</span> <span class='ocrx_word' id='word_1_2297' title='bbox 2223 3854 2270 3882; x_wconf 80' lang='lat'>605</span> <span class='ocrx_word' id='word_1_2298' title='bbox 2296 3814 2442 3878; x_wconf 43' lang='lat' dir='ltr'>Numiqerat</span> <span class='ocrx_word' id='word_1_2299' title='bbox 2464 3844 2466 3847; x_wconf 68' lang='grc'><strong>’</strong></span> 
     </span>
     <span class='ocr_line' id='line_1_235' title="bbox 1384 3891 1883 3920; baseline -0.006 0"><span class='ocrx_word' id='word_1_2300' title='bbox 1384 3902 1398 3919; x_wconf 90' lang='grc'>3</span> <span class='ocrx_word' id='word_1_2301' title='bbox 1412 3899 1489 3920; x_wconf 88' lang='lat' dir='ltr'>torna</span> <span class='ocrx_word' id='word_1_2302' title='bbox 1503 3891 1654 3920; x_wconf 84' lang='lat' dir='ltr'>submittere</span> <span class='ocrx_word' id='word_1_2303' title='bbox 1672 3900 1771 3918; x_wconf 79' lang='lat' dir='ltr'>cornua</span> <span class='ocrx_word' id='word_1_2304' title='bbox 1786 3891 1883 3918; x_wconf 87' lang='lat' dir='ltr'>fronte.</span> 
     </span>
    </p>
   </div>
   <div class='ocr_carea' id='block_1_69' title="bbox 2510 3666 2517 3887">
    <p class='ocr_par' dir='ltr' id='par_1_78' title="bbox 2510 3666 2517 3887">
     <span class='ocr_line' id='line_1_236' title="bbox 2510 3666 2517 3887; textangle 90"><span class='ocrx_word' id='word_1_2305' title='bbox 2510 3666 2517 3887; x_wconf 28' lang='lat' dir='ltr'>exa—*Q</span> 
     </span>
    </p>
   </div>
  </div>
 </body>
</html>
