2517 4231
642 353 671 371 ns
686 347 779 377 paucos
791 343 864 372 pares
876 334 939 360 haec
951 331 1044 359 ciuitas
1057 329 1136 360 tulit,
1153 336 1214 356 cum
1227 325 1330 355 hacim-
1389 325 1474 353 tilitas
1486 326 1618 354 virtutum
1632 326 1702 353 inter
1713 327 1739 353 se
1753 323 1940 353 consimilium.
1984 326 2060 362 Conf.
2074 326 2166 354 Sidon.
2177 327 2259 362 Epist.
2272 335 2301 361 4,
2313 337 2336 360 4.
2356 333 2381 354 et
2394 327 2441 362 Ag-

306 395 400 416 omma
414 386 490 413 belua
505 381 661 414 conferam)
688 376 729 404 sed
743 374 788 400 ille
803 370 946 404 designatus
962 366 1076 407 Consul,
1100 372 1145 392 etc.
1254 363 1330 390 Pares
1390 369 1450 394 gen.
1473 363 1540 398 Goes,
1553 372 1579 405 R,
1589 373 1624 396 53,
1881 397 1886 402 ¹
2070 393 2078 399 .
2354 380 2356 388 y

285 399 303 452 ,Β
333 422 453 451 “mdiu-15
474 419 574 447 Phaedr
596 426 613 449 4
637 423 668 445 ¹⁷¹·
709 410 764 436 Vid.
778 408 813 433 ibi
823 407 898 441 plura
910 404 1019 438 evi-empta
1031 411 1059 428 m
1067 402 1219 428 Not.Burm.
1282 399 1332 425 Par
1429 403 1526 438 PARiu
1532 405 1548 426 1.
1558 407 1568 425 1
1580 405 1602 425 T
1611 405 1666 433 ER.
1702 397 1770 424 Adu.
1807 396 1909 424 Charis.
1923 406 1936 424 2
1948 406 2030 433 p.191.

244 445 246 448 Υ
285 433 385 487 saneris
399 458 429 484 T
449 456 520 484 dides
547 437 623 480 Hor.9
632 451 717 476 earm.
732 452 752 477 i,
765 445 791 475 6,
805 444 838 468 ¹⁶·
875 441 893 465 ἱ·
915 438 986 475 ausus
996 444 1111 473 pugnare
1124 444 1210 463 mmm
1221 437 1332 463 Martem
1357 467 1370 475 -
1427 439 1444 458 Ρ
1454 439 1478 472 A
1483 439 1502 458 R
1513 440 1523 459 1
1534 441 1555 460 T
1564 442 1586 461 A
1596 441 1608 460 s
1617 455 1625 467 ‚
1643 434 1700 461 atis.
1726 434 1745 461 f.
1783 433 1884 461 Arnob.
1893 443 1906 460 2
1919 442 1943 468 p.
1950 439 1982 468 78
2001 435 2054 461 Aut
2066 433 2097 461 in
2110 434 2207 469 impari
2222 434 2318 469 paritas
2331 439 2376 462 aut
2389 433 2445 461 dul-

300 467 445 521 tpVenereni
478 500 536 518 com
555 493 637 514 aratus
651 490 702 508 cum
714 479 762 505 illis
776 478 802 502 in
814 476 918 512 praelia.
1002 475 1064 501 Stat.
1076 471 1170 500 Theb.
1184 475 1210 506 6,
1223 477 1268 506 839
1287 471 1330 497 In-
1355 477 1369 494 >
1392 467 1458 494 cedo
1470 476 1499 493 in
1514 469 1689 496 amaritudine
1701 470 1835 497 contineri
1850 471 1952 504 nequit.
2063 483 2068 488 »
2344 469 2346 474 '

285 506 318 558 sie
332 531 396 557 haec
410 513 491 555 audax
505 499 593 552 fidncia
609 524 710 545 tantum
724 512 843 540 Oenidae
857 512 979 546 superare
992 518 1092 545 parem.
1186 509 1245 534 Val.
1259 507 1277 533 F
1280 506 1296 533 l.
1309 514 1332 538 5,
1429 509 1473 530 ΡΑ
1483 509 1502 529 R
1511 510 1521 530 ζ
1532 509 1552 530 0
1561 524 1570 537 ,
1587 509 1640 532 ire.
1676 507 1792 540 Soluere,
1811 506 1890 532 Paria
1899 505 2003 540 facere:
2037 505 2080 532 hob*
2091 504 2197 546 ‘staff-'a
2209 506 2319 532 rationes
2333 506 2444 538 reddere,
2466 522 2472 526 -
2504 532 2506 543 Ι

286 576 318 600 43
346 564 400 592 Vbi
420 559 601 590 monstriferae
618 561 664 588 pai·
682 551 727 577 ille
745 556 876 575 nouercae
912 547 930 573 i.
948 546 1065 572 Hercules
1084 550 1237 580 comparatus
1248 550 1272 569 et
1286 549 1332 578 pu.
1392 546 1422 565 vt
1431 539 1510 579 paria
1523 540 1624 574 expensa
1629 541 1812 581 finttacceptis:
1848 541 2001 568 contrarium
2015 540 2163 575 Reliquari.
2235 541 2342 576 leian.
2355 541 2384 567 in
2397 539 2414 567 l.
2422 542 2446 567 Is

282 611 367 638 gnam
379 608 431 627 cum
442 600 529 624 [unone
541 586 701 625 nmnslrast'bi
713 586 867 611 immittente.
938 584 973 609 Io.
987 582 1057 608 Frid.
1072 582 1180 607 Gronau.
1192 579 1250 615 Obs.
1264 588 1286 613 l,
1306 587 1332 609 23
1392 583 1447 609 qui.
1484 573 1517 601 D.
1534 574 1566 600 de
1580 577 1741 617 manumiss..
1762 577 1864 611 Qaeri
1877 577 1991 618 ptum-it,
2028 576 2047 604 fi
2063 585 2146 616 qulam
2163 576 2215 604 hoc
2234 576 2267 604 ab
2286 577 2368 604 inmo
2386 577 2446 604 effet

283 269 355 314 683
385 244 390 249 ⁶

287 356 411 386 mortuo,
429 349 475 385 qui
488 348 578 378 illum,
596 346 639 373 eui

594 644 600 652 .
619 644 626 651 .
647 622 759 649 Oblatus
772 620 801 646 in
813 619 868 646 acie
881 627 927 653 par
940 617 1055 646 Manlius
1068 617 1237 651 Torquatus.
1300 615 1331 639 In
1392 611 1496 641 anum,
1522 616 1608 637 emtor
1621 610 1770 644 festinauit,
1795 620 1821 640 et
1836 621 1951 648 pretium
1964 618 2128 639 numerauit:
2162 621 2197 640 an
2210 613 2299 648 postea
2311 613 2337 640 ei
2349 612 2446 639 satisfa-

285 639 359 665 addit
371 643 444 662 etiam
455 631 512 657 Liu.
527 636 549 661 5,
568 645 574 652 ·
660 658 665 663 ,
1037 654 1043 659 ,
1151 653 1155 658 ,
1656 644 1662 649 ·
1708 646 1714 651 -
1813 649 1819 654 .
2288 649 2293 654 .
2438 648 2444 652 .

286 673 325 698 hi,-
338 673 419 704 [laque
430 673 475 701 par
485 663 519 699 est
534 660 693 694 aduersarius
712 666 763 683 cum
776 656 854 683 altero
866 660 1019 689 comparatus
1031 662 1059 679 m
1069 653 1176 688 praelio.
1281 650 1332 676 Res
1348 654 1377 672 10
1392 647 1453 678 610,
1478 647 1567 673 seruus
1581 645 1769 685 constitutione
1782 655 1821 676 vti
1835 649 1926 684 possit3
1962 655 1988 676 et
2001 654 2066 684 puto
2080 649 2160 683 posse.
2233 648 2349 676 Proinde
2363 647 2408 674 etsi
2422 656 2447 674 ei

286 709 344 734 sunt
359 711 429 740 pares
441 701 511 726 furta
524 693 670 724 latrociniis
695 693 765 720 Hor.
777 692 861 719 Serm.
877 699 896 723 1,
911 698 934 722 3,
947 698 997 716 122.
1068 689 1159 723 Aeque
1174 695 1248 722 pares
1263 685 1334 712 inter
1392 686 1658 722 numos-prorogamt
1672 686 1775 716 emtor,
1807 693 1889 719 quum
1909 686 1934 712 ei
1947 684 2110 720 pariauerit‚
2139 685 2238 718 poterit
2250 685 2283 711 ad
2296 684 2446 712 libertatem

286 744 312 769 se
333 742 385 768 Cic.
399 738 451 764 Am
465 736 500 766 ¹4,
515 741 545 765 ¹3·
642 732 733 757 Aetate
744 736 791 763 par
811 726 893 754 Ouid·
909 726 974 753 Met,
987 734 1011 759 7,
1024 733 1074 757 5¹4·
1146 725 1238 750 Aetate
1249 730 1333 757 pares,
1392 727 1542 754 peruenire.
1598 718 1728 754 Qaedam
1740 721 1894 754 exemplaria
1906 722 2010 754 habent,
2029 719 2166 750 Paruerit;
2196 720 2244 756 sed
2255 722 2327 747 male.
2399 721 2450 745 Sed

303 786 329 802 ro
343 773 451 800 Eiusdem
462 768 551 796 aetatis
590 766 671 793 Plaut.
684 765 767 792 Merc.
780 771 809 799 4,
824 770 850 798 7,
863 771 902 796 29.
1010 761 1101 787 Aetate
1119 768 1194 795 pares
1218 757 1333 785 ministri
1391 754 1653 795 {as-‘iwefignisiffltm
1671 759 1758 788 parem
1768 754 1823 789 ff·-
1893 756 2051 784 Tertull.de
2064 756 2321 788 Resurr.Carn.c.53
2341 755 2447 782 Pariant

285 812 358 843 Virg.
370 809 433 834 Aen.
450 814 469 839 1,
483 812 546 838 709.
618 803 668 828 Sed
678 801 724 828 Sil.
739 810 763 833 4,
776 807 824 834 370
844 797 942 825 Aetatis
955 796 1103 831 mentisque
1116 804 1199 831 pareS.
1283 795 1334 820 Par
1391 797 1463 817 inter
1475 789 1635 830 se.Cl¹r²st¹.¹⁵
1648 794 1673 816 et
1688 787 1779 829 isidam.
1869 791 1945 820 Idem
1956 793 1989 820 de
2001 792 2107 820 Resurr,
2124 792 2224 820 Christi
2238 795 2283 819 ας
2302 792 2367 819 Non
2379 791 2448 826 rapi.

283 844 388 876 studiis,
406 841 518 875 aeuique
532 838 635 874 modis,
653 837 697 864 sed
710 835 811 864 robore
823 834 909 869 dispar
927 834 988 860 Stat.
1003 832 1091 859 Achil.
1104 841 1124 864 1,
1138 833 1187 864 176.
1276 829 1333 857 Suf-
1351 834 1377 861 15
1393 836 1454 854 uam
1468 825 1628 853 existimauit
1641 833 1741 865 pariari
1754 825 1822 852 Deo.
1921 828 1924 830 ’

281 879 370 907 fraeiis
384 885 457 912 pares
471 874 659 909 competitores
679 872 736 900 Cic.
744 880 793 907 pro
802 871 887 898 Plane.
901 878 936 902 53.
1009 868 1091 895 Omni
1104 867 1205 893 virtute
1220 871 1245 893 et
1256 864 1334 892 laude
1428 870 1443 890 Ρ
1452 869 1475 889 A
1483 869 1502 889 R
1513 869 1524 889 1
1534 869 1556 889 A
1569 868 1592 902 'If
1604 868 1613 887 1
1625 867 1664 901 O,
1682 864 1750 888 onis.
1769 860 1789 887 f.
1828 861 1930 896 Solutio,
1944 871 1990 899 per
2007 873 2080 900 quam
2094 863 2167 899 paria
2181 863 2244 891 facit
2263 863 2374 890 debitor,-
2409 862 2448 897 ‘¹4¹'

280 901 347 943 vnfi's
360 913 436 940 alteri
451 920 497 952 par
515 910 589 938 Idem
601 909 668 936 ibid.
683 918 708 942 27
721 918 741 935 c.
756 918 785 934 11.
855 906 910 932 Cic.
924 913 974 939 pro
989 904 1066 930 Font.
1081 906 1113 930 26
1140 902 1197 935 Qii
1211 900 1334 929 Inducio-
1392 899 1521 938 opponitur
1533 898 1700 938 Reli-quatio..
1774 897 1899 924 Scaeuola
1913 898 1942 925 in
1953 900 1971 926 1.
1985 901 2032 927 vlt.
2052 902 2075 935 §.
2090 903 2157 928 Item
2171 899 2323 935 quaesitum.
2360 899 2394 926 D.
2414 898 2447 925 de
2482 914 2487 920 -

281 958 355 978 maro
370 949 410 975 isti
425 947 522 975 minaci
534 953 613 980 atque
627 944 762 979 arroganti
775 951 821 978 par
835 941 863 967 in
876 939 1056 975 belligerando
1069 939 1117 964 esse
1131 937 1213 972 poslit.
1283 938 1334 964 Par
1392 934 1572 961 Condiehone
1588 933 1702 960 indebiti
1711 954 1719 966 ,
1753 934 1821 960 Item
1834 934 1980 969 quaesitum
1992 936 2043 969 est,
2062 945 2096 963 an
2109 936 2226 971 paritum,
2239 935 2310 970 quod
2325 935 2354 962 in
2365 934 2450 969 paria-
2506 947 2517 965 2,

280 986 333 1019 est,
366 983 447 1017 Quod
465 983 495 1009 in
506 991 599 1009 omnes
614 979 751 1015 aequabile
764 979 800 1005 est
817 977 889 1004 Idem
905 975 937 1002 de
949 975 1134 1007 Inue11t.2,68.
1283 971 1305 1009 fl
1320 982 1332 1003 5
1391 969 1511 997 tionibus
1524 968 1618 996 ascribi
1633 970 1698 1009 solet
1711 969 1741 995 in
1754 968 1823 995 hunc
1836 969 1964 1006 modum,
1998 971 2042 997 lEx
2054 972 2105 998 hoc
2119 973 2257 999 <ona-affl,
2270 972 2371 998 „uuam
2382 971 2411 997 in
2422 970 2449 997 se
2506 971 2517 995 11

280 1022 357 1049 Aliae
364 1020 505 1054 formulae:
542 1019 617 1045 Pares
631 1016 711 1043 amici
734 1015 812 1042 Mart.
826 1023 864 1047 10,
875 1018 907 1046 47
927 1011 971 1046 qui
980 1011 1080 1045 pariter
1093 1014 1190 1041 amant,
1201 1010 1288 1043 gradu
1302 1009 1333 1034 li·
1346 1015 1379 1032 20
1394 1005 1600 1032 controuersiam
1614 1005 1727 1045 amplius
1747 1006 1810 1031 ess'e:
1847 1005 1978 1040 impediat
1988 1007 2193 1041 repetitionem?
2228 1009 2360 1044 Qaednm
2372 1015 2450 1033 exem·
2488 1001 2490 1007 ’
2506 999 2517 1041 s]

279 1065 317 1084 cet
328 1057 378 1083 alio
389 1054 489 1087 diuerfi.
532 1054 586 1080 Vid.
600 1062 653 1080 mox
667 1053 742 1079 Pares
755 1050 783 1076 in
797 1057 897 1074 amore.
970 1045 1072 1073 Animis
1086 1043 1193 1079 paribus
1202 1064 1211 1077 ,
1240 1044 1333 1070 Vnani.
1390 1044 1480 1078 plaria
1494 1043 1578 1077 legunt
1591 1040 1772 1076 pactionibus.
2424 1065 2430 1075 l
2507 1056 2511 1069 ,

279 1093 316 1120 mi
326 1090 438 1128 consenfic
459 1090 519 1116 Liu.
535 1098 554 1116 1.
626 1089 710 1115 Α11101·
725 1095 771 1121 par
782 1085 817 1111 est
830 1084 884 1110 illis
901 1081 983 1109 Ouid.
999 1082 1063 1108 Met.
1077 1089 1109 1114 12,
1122 1082 1173 1113 416.
1252 1081 1333 1106 Arma
1430 1084 1445 1104 Ρ
1454 1084 1476 1104 A
1488 1083 1509 1104 R
1520 1084 1560 1104 1A
1571 1083 1594 1105 Τ
1603 1084 1624 1118 9
1633 1084 1650 1104 Ρ.
1661 1098 1669 1110 ,
1693 1077 1758 1104 (iris.
1789 1086 1825 1105 m.
1861 1078 1915 1115 Qi
1924 1078 2003 1114 paria
2010 1077 2095 1113 fecit:
2129 1078 2172 1105 cui
2183 1078 2312 1114 opponitur
2326 1077 2450 1112 Reliqua·
2488 1101 2492 1105 .
2506 1087 2513 1115 ,κ

253 1138 261 1146 Χ
278 1127 354 1164 paria
373 1126 450 1161 Virg.
463 1126 528 1152 Aen.
542 1134 564 1158 5,
578 1133 635 1157 425.
711 1120 833 1156 Auspicia
850 1119 924 1147 Idem
938 1118 975 1145 ib.
989 1126 1014 1150 4,
1027 1125 1077 1143 102.
1153 1115 1274 1155 Fortuna
1287 1124 1334 1149 pai·
1392 1119 1444 1141 tor.
1482 1113 1586 1140 Paullus
1601 1123 1629 1140 111
1643 1114 1660 1141 l.
1695 1113 1780 1141 Iulius
1794 1113 1905 1140 Paullus.
1938 1114 1971 1140 D.
1988 1113 2020 1141 de
2035 1113 2237 1143 conditionibus
2251 1119 2277 1140 et
2290 1113 2451 1140 demonstra·
2491 1114 2498 1148 ⁴.

279 1164 397 1191 duorum
425 1161 505 1188 Ouid.
519 1161 551 1187 de
565 1161 626 1187 Arte
640 1163 697 1187 Am.
711 1168 733 1189 2,
746 1165 799 1191 559.
888 1154 963 1188 Virg.
977 1154 1075 1186 Georg.
1089 1160 1107 1185 1,
1120 1157 1169 1192 2o8
1195 1149 1276 1176 Libra
1290 1150 1333 1177 die
1391 1149 1512 1190 tionibus
1521 1169 1529 1182 ‚
1549 1149 1695 1189 Qiaesisti,
1715 1149 1733 1175 li
1747 1150 1784 1176 ita
1798 1150 1827 1176 in
1841 1150 1996 1177 testamento
2009 1156 2114 1177 cautum
2128 1151 2200 1177 esset:
2237 1149 2354 1182 Stichus,
2380 1148 2400 1176 fi
2411 1156 2451 1175 ra-

279 1200 419 1233 somnique
432 1206 505 1232 pares
518 1196 563 1223 vbi
579 1196 672 1222 fecerit
684 1195 772 1221 Horas
781 1214 789 1226 ‚
826 1191 843 1217 i.
862 1191 989 1225 aequales:
1000 1188 1096 1223 semper
1108 1195 1173 1213 emm
1187 1192 1242 1213 xil.
1262 1186 1335 1220 Conf.
1349 1191 1378 1217 25
1393 1190 1479 1212 tiones
1493 1185 1656 1218 reddiderit,
1673 1194 1734 1211 cum
1748 1185 1933 1212 contubernali
1946 1186 2006 1220 sua,
2033 1185 2103 1213 liber
2116 1186 2187 1219 esto,
2215 1185 2305 1219 eisque
2315 1185 2392 1212 heres
2406 1184 2450 1211 de·
2480 1182 2492 1212 ’ἰ

278 1236 378 1263 Lucan.
392 1241 416 1266 8,
429 1236 484 1266 467.
513 1226 517 1231 ’
562 1231 701 1266 Ingenium
714 1238 760 1264 par
775 1226 888 1255 nancisci
906 1226 974 1252 Ter.
988 1225 1053 1251 Hec.
1070 1233 1088 1256 1,
1100 1232 1123 1257 2,
1138 1229 1177 1256 93.
1256 1223 1332 1256 lnge·
1392 1229 1449 1247 cem
1462 1221 1537 1247 dato:
1575 1229 1607 1247 an
1620 1221 1709 1248 Sticho
1723 1228 1848 1254 mortuo,
1869 1228 2009 1257 antequam
2022 1222 2139 1249 rationes
2153 1221 2290 1255 redderet,
2310 1221 2353 1249 vel
2366 1219 2450 1255 paria·

280 1272 357 1298 nium
372 1269 482 1296 minime
496 1267 628 1295 voluntati
642 1275 687 1302 par
707 1266 763 1293 Cic.
777 1273 826 1299 pro
841 1264 923 1290 Corn.
937 1260 1010 1288 Balb.
1024 1269 1042 1286 1.
1053 1294 1059 1299 .
1133 1257 1260 1285 Mensura
1274 1257 1333 1298 pari
1391 1263 1450 1282 tore
1460 1277 1468 1289 ,
1488 1256 1530 1296 vel
1545 1257 1647 1291 reliqua
1660 1257 1790 1290 habente,
1809 1257 1894 1285 libera
1908 1258 1936 1285 sit
1949 1258 2056 1285 mulier.
2109 1259 2239 1295 Qaetlam
2251 1256 2404 1293 exemplaria
2416 1257 2450 1282 le-

280 1307 401 1334 Scribon.
415 1314 436 1338 7.
448 1310 563 1337 180.243.
634 1302 764 1330 Mensuris
780 1299 886 1334 paribus
908 1306 956 1330 133.
1028 1295 1086 1322 Cic.
1102 1303 1152 1330 pro
1160 1294 1229 1328 Lege
1236 1293 1332 1320 Manil.
1386 1299 1454 1327 gunt
1467 1300 1554 1333 paria,
1575 1294 1616 1330 vel
1631 1293 1733 1327 reliqua
1747 1293 1868 1320 habente.
2446 1296 2449 1299 ’

278 1351 313 1377 29
342 1343 398 1369 Iam
417 1349 484 1368 vero
505 1339 600 1366 virtuti
620 1339 667 1365 Cn.
688 1335 809 1371 Pompeii
829 1343 895 1369 quae
912 1332 995 1368 potest
1014 1340 1061 1367 par
1079 1330 1176 1357 Oratio
1195 1329 1333 1369 inueniri3
1427 1335 1521 1355 PARi
1535 1334 1552 1354 F
1564 1326 1651 1362 ico,
1671 1333 1726 1356 are.
1762 1331 1829 1363 Idem
1848 1331 1913 1364 quod
1920 1330 2040 1366 pariare,
2067 1338 2213 1365 exaequare.
2250 1329 2356 1356 Orient.
2370 1328 2451 1355 Com·
2495 1340 2503 1344 -

279 1378 387 1406 Noxiae
401 1378 487 1404 Poena
500 1384 547 1410 par
559 1375 614 1402 esto
649 1373 706 1400 Cic.
726 1372 757 1398 de
777 1371 854 1404 Legg.
873 1379 884 1401 3
899 1378 921 1395 c.
935 1378 975 1395 20.
1074 1367 1160 1394 Poena
1172 1374 1219 1406 par
1231 1364 1332 1405 delicJto
1348 1368 1381 1393 30
1391 1372 1464 1403 mon.
1473 1372 1486 1389 2
1499 1373 1558 1398 p.91
1584 1364 1676 1391 Trina
1689 1365 1845 1399 potestatum
1858 1365 1990 1393 conclusio
2004 1366 2166 1401 parificatur.
2274 1364 2370 1392 Sarisb.
2384 1373 2406 1398 3,
2424 1372 2450 1397 14
2489 1366 2492 1369 '

279 1414 362 1442 Ouid.
374 1412 460 1440 Trist.
473 1420 498 1446 2,
512 1416 566 1446 578.
673 1408 789 1435 Pretium
801 1404 899 1431 laboris
913 1403 1041 1438 dignum,
1065 1407 1091 1429 et
1103 1410 1151 1437 par
1172 1401 1238 1428 Plin.
1253 1400 1332 1435 Epist.
1392 1399 1531 1426 Parificare
1545 1400 1662 1433 aliquem
1676 1400 1766 1427 alicui.

278 1460 304 1484 3,
318 1459 342 1484 9,
540 1443 561 1509 Ξ
581 1447 597 1472 6
635 1443 772 1480 Obseruatt.
828 1441 905 1466 Pares
916 1440 945 1465 in
959 1447 1067 1470 amore,
1084 1438 1225 1478 dicuntur,
1245 1444 1274 1462 vt
1288 1437 1333 1462 Pa·
1426 1441 1549 1463 PARA.
1584 1436 1675 1471 [παρὰ]
1713 1436 1862 1471 Praepositi.)
1879 1438 1992 1474 Graeca,
2029 1438 2056 1464 in
2074 1437 2224 1473 couipqss'tis,
2257 1445 2358 1472 quorum
2371 1435 2467 1462 inulta·

278 1496 321 1514 res
335 1484 440 1517 Amici,
472 1484 527 1510 Cic.
559 1491 572 1508 e
589 1480 674 1508 Amic.
686 1489 711 1511 32
737 1486 809 1513 quum
822 1482 902 1501 mutuo
914 1473 1018 1507 interse
1028 1480 1128 1508 pariter
1139 1479 1243 1498 amant:
1279 1480 1332 1498 con.
1389 1471 1466 1497 etiam
1477 1472 1514 1497 ad
1524 1472 1626 1498 Latinos
1639 1472 1759 1504 transiere
1770 1473 1814 1499 vel
1825 1473 1963 1508 viciniam,
1988 1481 2012 1500 et
2019 1474 2227 1508 fimilitudinem,
2259 1473 2303 1499 vel
2315 1472 2406 1498 vitium
2425 1477 2450 1498 ee
2498 1494 2503 1499 ,

277 1529 337 1554 tra,
374 1522 489 1554 Impares
497 1540 505 1552 ,
542 1526 614 1552 quum
627 1522 706 1541 mutuo
719 1522 766 1539 non
779 1518 893 1543 amatur,
910 1509 960 1545 sed
973 1508 1051 1535 alteri
1060 1507 1159 1534 amanti
1172 1508 1239 1534 alter
1251 1509 1332 1534 vicem
1391 1505 1602 1542 transgreſjionem
1614 1515 1694 1535 notat.
2406 1522 2407 1527 ,
2491 1526 2493 1532 ,

274 1566 326 1583 non
338 1557 422 1582 reddit
431 1576 440 1588 ‚
460 1563 536 1589 neque
546 1555 656 1579 animum
669 1557 784 1576 mutuum.
837 1546 906 1572 Hor.
921 1544 1004 1580 Epod.
1019 1551 1054 1585 15,
1070 1553 1093 1575 14
1114 1544 1268 1583 lit-quaeret
1280 1543 1332 1570 ira·
1347 1545 1376 1572 35
1428 1550 1475 1570 ΡΑ
1485 1549 1504 1569 R
1513 1550 1536 1570 A
1546 1549 1562 1570 B
1572 1550 1594 1570 A
1603 1550 1614 1569 s
1625 1551 1635 1570 1
1647 1549 1660 1571 s
1671 1564 1680 1578 ,
1700 1543 1732 1570 is.
1753 1543 1773 1571 f.
1810 1543 1970 1581 [παράβασις]
2008 1547 2098 1573 Latine
2114 1543 2283 1581 Transgreffio
2294 1544 2402 1577 dicitur,
2413 1542 2451 1576 st-
2485 1547 2499 1573 ¹,

275 1598 317 1619 tus
332 1600 428 1626 parem.
510 1587 582 1615 Idem
594 1588 626 1612 de
638 1584 737 1619 Impari
751 1584 839 1610 Carm.
853 1591 871 1614 1,
885 1589 919 1614 33,
934 1589 962 1607 10
988 1581 1041 1620 Cui
1053 1580 1137 1614 placet
1149 1587 1264 1614 impares
1277 1579 1332 1606 for·
1391 1587 1422 1604 ve
1437 1579 1634 1606 Pracuaricatio.
1705 1579 1746 1615 Fst
1758 1580 1832 1606 etiam
1846 1581 1962 1614 Excursio
1978 1583 2098 1616 quaedam
2110 1589 2136 1609 et
2147 1581 2221 1616 quast
2231 1578 2372 1616 Digreffio,
2391 1587 2452 1614 qua,
2489 1589 2495 1594 ·

274 1636 346 1658 mas,
365 1633 411 1653 etc.
488 1623 595 1658 Rursus,
622 1620 705 1656 Epod.
718 1629 748 1653 11,
761 1620 792 1645 26
815 1617 922 1645 Desinet
941 1615 1089 1652 imparibus
1104 1620 1203 1641 certare
1216 1615 1333 1642 summo-
1393 1614 1438 1639 vbi
1448 1613 1576 1649 histriones
1591 1625 1603 1640 e
1610 1614 1686 1650 scena
1701 1614 1861 1650 disi-effluant
1874 1616 1967 1643 Chorus
1985 1617 2142 1653 aptstrophen
2161 1617 2263 1643 habebat
2283 1619 2319 1642 ad
2327 1616 2451 1650 populun,
2485 1631 2488 1634 >

274 1669 317 1691 tus
332 1662 428 1698 pudor.
474 1663 494 1687 i.
516 1661 560 1686 Me
570 1656 649 1693 paullo
661 1655 848 1683 inuerecundius
858 1661 946 1688 geram
954 1673 963 1685 ‚
982 1661 1026 1678 mc
1038 1651 1076 1678 ita
1085 1652 1181 1686 pudent
1183 1660 1211 1676 ἰν
1218 1650 1332 1686 fiammit.
1392 1650 1434 1676 vel
1446 1652 1475 1676 de
1481 1650 1519 1685 sc,
1531 1651 1575 1677 vel
1587 1652 1618 1677 ele
1632 1651 1774 1686 Republica,
1786 1652 1830 1676 ve!
1839 1653 1871 1677 de
1878 1651 2035 1687 fingulorum
2041 1653 2159 1689 peccatis,
2177 1660 2222 1680 etc.
2247 1653 2413 1687 Vid.Buleng.
2422 1652 2456 1677 de

274 1707 327 1726 tam
339 1699 432 1724 amicae
445 1717 455 1731 ,
487 1695 598 1731 sedeam
614 1692 776 1729 aspernabor,
814 1687 1069 1724 de’ffimmqueseclari
1083 1688 1217 1722 imparem,
1255 1695 1331 1720 neque
1395 1686 1480 1712 Theat.
1496 1696 1514 1720 1,
1528 1688 1553 1713 6.
1568 1694 1591 1712 et
1606 1692 1708 1720 8‚11,13.
1728 1686 1957 1723 Scalig.P0et.1,7.
2490 1680 2493 1684 '

275 1736 449 1761 redamantem.
488 1732 513 1757 T
511 1730 595 1757 urneb.
691 1727 746 1754 Cic.
762 1726 792 1753 dc
805 1724 904 1753 Sene&
917 1732 934 1759 7
949 1734 969 1751 c.
981 1732 994 1756 3
1021 1723 1099 1750 Pares
1113 1726 1202 1762 autem
1214 1731 1273 1749 cum
1287 1731 1330 1756 pa·
1341 1726 1379 1751 40
1426 1728 1442 1747 P
1451 1728 1499 1747 AR
1508 1728 1554 1748 AB
1564 1719 1584 1749 ὅ
1594 1728 1612 1749 1.
1623 1730 1645 1749 A
1655 1742 1664 1755 ,
1683 1731 1721 1749 ae.
1759 1722 1779 1749 f.
1815 1723 1965 1759 [παριβολιὶ]
2002 1724 2157 1757 Similitudo,
2175 1727 2222 1750 ὰπὸ
2235 1725 2268 1751 τῦ
2280 1725 2451 1757 παραβάλλειν.-

275 1769 350 1797 ribus
363 1769 447 1795 veteri
460 1765 607 1802 prouerbio
622 1764 748 1791 facillime
761 1766 963 1796 congregantur.
1039 1759 1124 1785 Coeat
1138 1767 1184 1793 par
1195 1764 1331 1793 iungatur·
1388 1758 1454 1791 quod
1468 1758 1568 1783 verbum
1586 1764 1729 1793 comparare
1744 1757 1889 1792 fignificat,
1927 1759 2000 1794 quast
2017 1769 2100 1786 rerum
2119 1757 2274 1794 dlffimih-um
2293 1756 2453 1794 comParan-o:
2465 1756 2482 1786 ν.

278 1814 330 1840 que
342 1805 399 1839 pari
420 1805 488 1831 Hor.
503 1801 581 1837 Epist.
595 1810 614 1833 1,
628 1809 694 1833 5‚25-
767 1797 876 1824 Nubere
887 1796 944 1831 pari
966 1793 1136 1835 0¹¹¹d·.EP.ist·
1146 1803 1213 1835 933²·
1283 1794 1328 1820 Es·
1394 1793 1461 1832 Vsntle
1474 1792 1605 1825 Quinctii.
1620 1800 1642 1826 ς,
1659 1802 1677 1819 11
1705 1793 1850 1824 Parabola,
1887 1803 1967 1828 quarn
1980 1795 2078 1823 Cicero
2093 1802 2169 1823 vocat
2183 1795 2370 1829 collationem,
2389 1794 2451 1821 lon-
2467 1803 2469 1805 ¹

277 1843 303 1869 se
317 1841 389 1876 paria
402 1839 497 1866 debent
509 1836 655 1872 posteriora
669 1833 865 1869 superioribus,
884 1838 1000 1859 extrema
1013 1838 1108 1866 pri1n1s
1134 1831 1191 1858 Cic.
1205 1830 1236 1856 de
1253 1830 1328 1857 Orat.
1387 1835 1446 1861 gius
1460 1836 1518 1861 res,
1551 1837 1618 1862 quae
1636 1834 1840 1862 comparantur,
1866 1836 1989 1863 repetere
2007 1832 2080 1857 solet.
2119 1838 2148 1858 vt
2161 1832 2237 1858 Tam
2254 1831 2364 1858 fortiter
2382 1829 2451 1865 apud

277 1887 299 1910 3,
313 1882 361 1909 148.
444 1874 498 1902 Esse
512 1872 569 1908 pari
583 1872 629 1899 filo
638 1893 646 1904 ,
665 1881 711 1897 non
725 1877 823 1895 tantam
835 1871 870 1895 ad
881 1867 983 1895 textilia
991 1867 1119 1902 pertinet,
1132 1866 1181 1902 sed
1190 1866 1266 1892 latius
1281 1872 1328 1900 pa·
1387 1862 1543 1897 Hipponem
1558 1863 1621 1890 fecit
1637 1864 1744 1898 Scipio,
1762 1873 1842 1899 quam
1856 1865 1949 1900 vtique
1959 1866 2029 1900 apud
2043 1866 2146 1892 Vticam
2160 1868 2236 1894 Cato.
2305 1866 2381 1894 Idem
2395 1867 2421 1899 6,
2429 1875 2451 1898 3.

274 1921 326 1940 tet:
363 1912 465 1938 Lucret.
481 1919 503 1944 2,
517 1918 556 1942 341
576 1907 679 1935 Debent
692 1905 820 1933 nimirum
832 1914 887 1931 non
900 1903 1024 1931 omnibus
1038 1903 1129 1929 onmia
1142 1902 1264 1937 prorsum
1284 1902 1329 1929 Es·
1339 1905 1374 1933 45
1387 1906 1411 1925 et
1424 1905 1447 1931 3,
1459 1907 1471 1939 3
1492 1899 1624 1926 Donatus:
1664 1899 1808 1932 Parabola,
1827 1900 1864 1927 est
1877 1909 1966 1927 rerum
1979 1910 2076 1936 genere
2093 1902 2257 1929 diffimilium
2270 1903 2450 1937 comparatio:
2483 1928 2485 1931 Α

274 1949 301 1976 se
314 1948 371 1983 pari
384 1947 445 1980 filo,
477 1953 524 1973 etc.
620 1943 678 1970 Pari
691 1942 771 1977 iugo,
790 1941 859 1967 dixit
879 1940 945 1967 Plin.
960 1939 989 1965 in
1003 1939 1081 1974 Epist.
1094 1947 1114 1972 3,
1128 1947 1144 1972 9
1164 1944 1210 1973 pro
1221 1946 1246 1965 eo
1265 1938 1330 1972 qttod
1388 1942 1417 1960 vt
1430 1936 1506 1970 Virg.
1516 1935 1579 1961 Aen.
1594 1944 1620 1970 2,
1635 1944 1675 1968 223
1696 1936 1788 1968 Qialis
1804 1936 1920 1970 mugitus
1933 1937 2004 1971 fugit
2017 1946 2100 1972 quum
2114 1937 2213 1964 saucius
2226 1946 2299 1965 aram
2373 1938 2450 1964 Tau-

274 1984 323 2020 est,
344 1984 408 2010 Pari
411 1983 512 2018 studio,
525 1980 632 2016 parique
646 1986 740 2005 conatu.
795 1976 940 2014 Qadrabit
953 1976 981 2000 in
991 1984 1028 2002 eos
1036 1974 1211 2011 prouerbium,
1228 1976 1272 2009 qui
1288 1982 1328 1999 ne.
1385 1979 1446 2002 rus,
1465 1976 1491 1997 et
1504 1971 1632 1998 incertam
1644 1971 1749 1998 excussit
1763 1972 1867 1999 ceruice
1880 1972 2001 2000 securim.
2088 1974 2146 2000 Seu.
2160 1973 2239 2008 Epist.
2254 1983 2284 2006 59
2305 1973 2449 2001 Parabolae

269 2022 366 2055 gon-um
383 2026 501 2044 commune
514 2016 629 2042 certatim
642 2014 759 2047 assimili
773 2013 925 2039 contentione
936 2018 1025 2047 agunt.
1070 2010 1243 2050 'Translatum
1255 2019 1272 2035 a
1283 2009 1326 2036 bu-
1383 2006 1592 2047 neceslhriaetvt
1606 2006 1797 2035 imbecillitatis
1811 2008 1914 2036 nostrae
1925 2008 2087 2036 adminicula
2100 2009 2164 2040 sint,
2183 2015 2209 2035 et
2222 2013 2252 2035 vt
2265 2007 2407 2035 discentem
2421 2015 2452 2036 et<

271 2056 332 2085 bus,
352 2055 416 2079 idem
428 2052 567 2088 plaustrum
581 2050 680 2085 aequali
695 2048 750 2083 iugo
761 2048 923 2074 trahentibus.
999 2046 1079 2073 Plinii
1098 2047 1175 2072 verba
1182 2044 1245 2081 sunt
1258 2045 1326 2084 haec,
1385 2042 1538 2069 audientem
1551 2051 1580 2068 in
1593 2051 1651 2069 rem
1666 2045 1827 2078 praesentem
1839 2044 1975 2073 inducant.
2001 2044 2076 2080 Confi
2089 2045 2207 2077 Isidor.1‚
2215 2045 2257 2077 36,
2269 2050 2293 2070 et
2299 2045 2324 2079 6,
2331 2050 2354 2075 8.
2374 2045 2444 2071 Ter,-

271 2090 361 2117 Habet
376 2089 484 2124 quidem
497 2086 583 2122 gloria
595 2086 623 2111 in
637 2083 729 2112 studiis
743 2083 896 2118 praesertim
910 2081 1037 2118 quiddam
1048 2081 1209 2113 ὰκωνῶνητονς
1245 2079 1324 2107 nobis
1337 2087 1371 2114 50
1385 2078 1442 2108 tull.
1451 2078 1592 2104 deOrat.c.
1601 2081 1626 2105 6.
1639 2087 1663 2104 ct
1676 2079 1708 2105 de
1715 2080 1827 2106 Praescr.
1837 2088 1859 2105 c.
1868 2087 1905 2110 31.
2510 2081 2517 2096 ¹⁴

269 2132 359 2153 tamen
374 2124 477 2151 nullum
490 2128 638 2154 certamen,
676 2119 748 2146 nulla
761 2118 916 2152 contentio,
953 2127 1036 2153 quum
1052 2124 1164 2152 vterque
1175 2115 1234 2152 pari
1258 2116 1325 2150 iugo
1421 2120 1496 2141 PAR
1505 2120 1551 2140 ΑΒ
1561 2120 1581 2141 0
1593 2121 1610 2140 L
1619 2112 1634 2141 1⁹
1641 2121 1659 2142 c
1670 2120 1692 2142 v
1701 2121 1730 2149 S,
1747 2123 1772 2148 a,
1790 2123 1845 2140 um.
1863 2114 1926 2142 Adi.
1963 2113 2057 2149 Paffim
2068 2116 2137 2152 apud
2147 2114 2342 2143 Ecclefiasticos,

269 2171 327 2189 non
339 2170 388 2196 pro
402 2161 443 2194 se,
462 2160 503 2186 sed
515 2167 565 2193 pro
579 2158 654 2184 causa
668 2156 807 2183 niteretur.
902 2155 956 2181 Ess'e
974 2163 1082 2189 parem,
1112 2153 1243 2188 fignificat
1257 2152 1326 2184 Suffi-
1423 2156 1440 2176 Ρ
1452 2156 1475 2177 A
1489 2156 1509 2177 R
1520 2157 1543 2176 A
1552 2156 1567 2176 B
1577 2154 1598 2176 0
1609 2156 1627 2177 1.
1637 2158 1647 2177 1
1656 2156 1674 2177 C
1687 2156 1716 2178 E.
1754 2149 1824 2178 Adu.
1862 2149 1954 2178 Sidon.
1967 2151 2047 2187 Epist.
2059 2161 2084 2185 5,
2097 2158 2125 2186 17
2137 2158 2203 2180 extr.

271 2207 327 2224 cere
339 2198 417 2223 alicui
430 2196 497 2231 operi
504 2213 510 2223 2
540 2194 595 2228 ssue
608 2192 734 2228 refistendo
747 2190 801 2222 illi,
833 2190 889 2224 fiue
901 2189 1059 2227 exsequendo.
1136 2188 1194 2216 Cic,
1222 2189 1274 2215 Att.
1303 2198 1327 2216 iz
1419 2193 1435 2213 P
1443 2193 1467 2213 A
1476 2193 1495 2213 R
1503 2192 1526 2212 A
1536 2191 1554 2212 Β
1567 2190 1588 2213 0
1600 2192 1617 2212 L
1627 2193 1652 2220 1,
1688 2186 1845 2220 [παράβολοι]
1881 2188 2014 2214 Audacz'ae
2023 2189 2146 2223 proieHae
2163 2188 2270 2215 homines
2285 2185 2444 2213 Gladiatores

259 2232 337 2262 {Eum
348 2238 434 2260 tamen
448 2230 598 2266 interpellat
611 2229 701 2261 fletus,
733 2227 776 2254 cui
790 2235 910 2262 repugno
928 2225 1015 2261 quoad
1028 2226 1147 2261 possum:
1184 2224 1226 2251 sed
1240 2223 1325 2251 adhuc
1380 2222 1536 2258 praesertim.
1595 2223 1708 2248 Socrates
1730 2221 1795 2258 H1st.
1815 2222 1904 2256 Ecclegs.
1917 2231 1943 2255 7,
1956 2232 1984 2249 22
1999 2224 2029 2249 de
2042 2223 2170 2257 Theodosio
2182 2224 2236 2250 iun.
2292 2223 2386 2256 Qum
2397 2220 2446 2248 ali—

269 2278 345 2305 pares
358 2277 411 2295 non
425 2269 520 2294 sumus.
591 2266 649 2293 Nos
661 2272 736 2299 pares
749 2263 803 2290 Effe
815 2262 971 2289 aduersariis
985 2271 1039 2289 11011
1052 2262 1184 2296 possumus
1206 2260 1324 2295 Pompei.
1338 2267 1368 2294 55
1384 2257 1490 2293 quando
1510 2257 1663 2284 venationis
1681 2257 1859 2292 specht-ulum
1879 2258 1910 2284 in
1930 2258 2128 2292 amphitheatro
2146 2259 2284 2294 praeberet
2298 2256 2448 2286 Constanti·
2476 2265 2480 2274 ⁵

269 2305 318 2332 :sub
333 2305 387 2331 Cic.
401 2305 452 2331 Att.
466 2310 491 2336 8,
505 2312 538 2329 12.
557 2303 625 2328 Add.
640 2300 679 2328 Ib.
692 2299 771 2335 Epist.
784 2299 836 2333 seq.
858 2299 928 2333 Nep.
942 2308 965 2332 2,
981 2309 1006 2332 4,
1019 2306 1043 2325 2.
1062 2305 1086 2324 et
1099 2307 1121 2331 7,
1134 2299 1157 2324 6.
1169 2305 1182 2322 2
1195 2303 1242 2323 etc.
1279 2297 1322 2324 Es-
1383 2294 1494 2329 nopoli,
1512 2294 1627 2328 populus
1641 2294 1790 2321 vociferari
1803 2292 1907 2328 coepit,
1927 2296 1992 2327 δεινῷ
2005 2295 2074 2326 θηρίῳ
2087 2294 2130 2321 ἕνα
2142 2297 2189 2322 τῶν
2203 2296 2294 2327 inmunia
2307 2298 2446 2327 παραβόλων
2489 2313 2494 2320 .

270 2342 297 2368 se
311 2350 399 2376 parem
413 2341 489 2367 oncri
503 2337 615 2365 ferendo
635 2335 717 2363 Ouid.
730 2336 797 2362 Met.
811 2343 844 2370 ις,
857 2343 911 2367 403.
1018 2333 1067 2361 Far
1079 2332 1216 2360 laboribus
1228 2341 1323 2369 corpus
1381 2331 1510 2364 μάχεῶαι.
1608 2332 1661 2356 Hoc
1675 2330 1842 2358 Cassiodorus
1854 2329 1923 2357 Hist.
1935 2330 1999 2364 trip.
2014 2337 2084 2365 11,17
2102 2330 2143 2356 ita
2157 2331 2252 2363 vertit,
2273 2329 2384 2356 Crudeii
2401 2328 2448 2356 be·
2496 2344 2499 2351 ι

271 2377 382 2410 (ωἰηὲἲ.
397 2376 468 2403 Decl.
482 2384 513 2405 ις.
608 2373 661 2400 Esse
674 2380 765 2407 parem
777 2370 873 2403 alicui,
890 2377 936 2405 pro
949 2370 1076 2405 Aequaiia
1086 2370 1200 2396 reddere.
1238 2369 1321 2396 Plaut.
1383 2366 1446 2392 stiae
1458 2366 1556 2393 artifex
1570 2366 1712 2402 parabolus
1724 2371 1832 2402 pugnet.
1888 2366 2013 2402 Graphice
2032 2366 2096 2392 tales
2114 2365 2232 2401 describit
2252 2365 2317 2391 idem
2335 2364 2448 2392 Caffiod.

270 2414 344 2447 Capt.
360 2422 382 2446 2,
395 2420 420 2448 2,
433 2414 464 2444 65
483 2411 552 2439 Bene
567 2408 698 2440 merenti,
717 2407 785 2434 bene
800 2406 949 2442 profuerit:
967 2405 1035 2432 male
1048 2405 1180 2439 merenti,
1202 2413 1248 2440 par
1261 2406 1321 2432 erit.
1383 2402 1447 2430 var.
1461 2411 1492 2437 ς,
1510 2412 1548 2436 42.
1622 2405 1654 2429 Et
1666 2403 1733 2429 alias
1746 2411 1839 2438 quoque
1852 2405 1979 2436 παράβολα
1989 2400 2035 2436 ff'
2051 2401 2216 2436 periculosa,
2240 2403 2448 2433 “flammamin-

268 2449 327 2475 Cic.
343 2449 394 2475 Att.
409 2457 448 2481 14,
462 2456 475 2479 ς
512 2447 578 2473 Non
591 2444 755 2472 committam
769 2443 891 2478 posthac,
928 2447 957 2469 vt
970 2451 1012 2469 me
1024 2442 1143 2469 accusare
1158 2440 1190 2467 de
1203 2441 1323 2475 epistola·
1336 2442 1371 2466 60
1381 2443 1440 2471 μένα
1452 2438 1557 2474 ostendit
1577 2439 1644 2467 Plin.
1658 2437 1739 2474 Epist.
1753 2448 1778 2473 9,
1792 2444 1834 2473 27,
1844 2447 1864 2472 4
1882 2439 1913 2465 de
1925 2437 2065 2464 virtutibus
2083 2437 2205 2463 oration&
2217 2435 2361 2471 disputans,
2381 2436 2448 2469 Sunt

271 2493 332 2512 rum
346 2483 505 2518 negligentia
517 2482 606 2518 poffis5
642 2487 670 2508 tu
684 2478 766 2506 modo
782 2478 874 2506 videto
887 2479 915 2505 in
929 2484 1001 2505 tanto
1015 2478 1084 2511 otio,
1100 2483 1128 2503 vt
1140 2486 1187 2512 par
1199 2477 1267 2504 mihi
1281 2477 1322 2504 fis.
1381 2474 1454 2501 enirn
1470 2474 1584 2502 maxime
1600 2474 1752 2508 mirabilia,
1780 2482 1847 2508 quae
1859 2474 1975 2502 maxime
1988 2473 2136 2508 insperata,
2161 2472 2277 2499 maxime
2287 2471 2446 2506 periculosa,
2491 2483 2495 2485 “

271 2520 440 2554 Superiorem
454 2527 543 2553 parem
557 2519 604 2544 esse
619 2515 744 2544 inferiori
754 2536 761 2548 ,
798 2515 945 2542 maximum
961 2514 998 2541 est
1015 2514 1044 2540 in
1061 2513 1179 2540 amicitia
1221 2513 1276 2540 Cic.
1290 2512 1322 2539 de
1381 2516 1462 2546 vtque
1477 2511 1575 2538 Graeci
1587 2510 1670 2546 magis
1684 2510 1855 2546 exprimunt,
1873 2513 2008 2543 παράβολοι.
2079 2510 2126 2535 Ad
2136 2509 2161 2538 h.
2173 2510 2192 2536 l.
2207 2506 2348 2535 Parabolos
2360 2515 2384 2534 et
2397 2508 2446 2536 Pa-

271 2555 381 2582 Amicit.
393 2562 430 2589 71.
526 2554 606 2580 Etiam
621 2563 670 2580 cum
686 2552 818 2584 Genitiuo‚
853 2549 963 2578 Phaedr.
977 2560 1000 2583 4,
1015 2559 1050 2584 ις,
1063 2551 1080 2576 6
1099 2550 1175 2576 Pares
1191 2548 1254 2576 dum
1267 2558 1323 2576 non
1381 2546 1523 2573 rabolanos
1537 2546 1671 2582 illustrauit
1685 2546 1822 2581 Cellarius,
1840 2545 1889 2582 post
1905 2546 1930 2571 T
1928 2545 2012 2572 urneb.
2025 2554 2058 2579 13,
2066 2553 2105 2578 23.
2202 2546 2294 2579 Nempe
2366 2553 2368 2556 ’
2512 2556 2515 2569 1

273 2591 322 2619 [int
336 2591 433 2618 vestrae
447 2589 627 2622 fortitudinis,
646 2589 688 2615 vbi
699 2588 777 2624 plura
789 2587 884 2613 dabam
898 2586 956 2611 viri
967 2586 1039 2612 dodi.
1109 2584 1162 2621 lpse
1175 2585 1232 2612 Cic.
1245 2585 1273 2611 in
1281 2585 1323 2612 Pi.
1417 2589 1463 2609 ΡΑ
1472 2589 1491 2609 R
1501 2589 1546 2609 AB
1555 2589 1575 2610 0
1584 2589 1600 2609 L
1609 2590 1663 2610 AN
1675 2590 1701 2617 1,
1738 2583 1756 2609 1.
1769 2590 1803 2615 4²
1815 2589 1839 2608 et
1852 2590 1880 2615 43
1899 2582 1930 2609 C.
1943 2581 2001 2608 Th.
2020 2581 2051 2608 it.
2065 2581 2083 2607 l.
2096 2581 2128 2610 ιε’
2138 2580 2170 2607 C.
2188 2579 2220 2606 de
2232 2577 2380 2615 Episcopis,
2396 2578 2443 2607 Ec-
2512 2603 2514 2606 ,

272 2628 328 2654 son.
342 2636 362 2654 c.
376 2637 389 2659 4
415 2627 502 2659 11111111,
521 2626 592 2652 cuius
606 2633 699 2660 paucos
712 2631 786 2658 pares
797 2622 862 2649 haec
877 2621 969 2648 ciuitas
982 2621 1051 2648 tulit.
1146 2620 1217 2647 Mihi
1232 2621 1323 2648 omnia
1338 2621 1370 2652 σς
1381 2619 1464 2645 cleflis
1479 2624 1504 2645 et
1518 2619 1700 2655 Clericissunt
1715 2618 1823 2650 Clerici,
1861 2617 1906 2652 qui
1927 2626 2012 2644 curam
2031 2625 2162 2651 aegrorum
2180 2617 2256 2642 etiam
2273 2624 2327 2642 cum
2336 2614 2442 2651 pericula
2512 2616 2516 2654 ,¹

272 2672 333 2690 cum
345 2662 393 2689 illo
405 2662 475 2696 paria
490 2663 547 2688 sunt
569 2662 623 2688 Cic.
637 2669 686 2695 pro
700 2659 758 2693 Lig.
774 2668 796 2686 c.
810 2668 834 2693 9.
904 2657 980 2684 Paria
998 2657 1084 2684 facere
1099 2666 1156 2683 cum
1170 2657 1321 2684 rationibus
1375 2654 1421 2690 suo
1429 2653 1601 2691 susciperent,
1635 2655 1684 2690 sed
1692 2663 1794 2690 quorum
1806 2653 1860 2679 alia
1872 2662 1966 2688 quoque
1976 2653 2083 2679 audacia
2095 2659 2120 2679 et
2132 2652 2237 2678 licentia
2249 2653 2273 2677 le
2290 2651 2344 2677 ibus
2356 2651 2443 2678 lauda-

270 2699 365 2725 dicitur
377 2698 472 2724 villicus
507 2698 612 2724 Colum.
633 2707 651 2730 1,
671 2702 696 2729 8,
717 2704 748 2728 13.
769 2701 793 2720 et
807 2703 838 2727 11,
851 2702 871 2730 1,
885 2702 914 2726 2⁴
934 2702 987 2719 cum
999 2693 1182 2728 reprwsentare
1193 2694 1322 2727 pecuniam
1380 2693 1416 2716 tit
1428 2692 1584 2725 reprimitur.
1623 2692 1715 2717 Omnia
1727 2690 1767 2716 bic
1779 2690 1850 2716 dedit
1862 2690 1893 2714 de
1905 2688 1981 2714 verbo
1992 2695 2018 2714 et
2032 2689 2063 2714 de
2076 2697 2104 2714 re
2114 2689 2164 2714 Iac.
2183 2660 2346 2723 Gotbossedui
2355 2697 2365 2711 .-
2383 2694 2448 2722 quae„
2510 2690 2517 2708 Ἰ

269 2734 360 2770 potest,
383 2743 455 2769 quam
469 2735 575 2760 rationes
590 2734 712 2759 indicant.
751 2732 804 2758 Hoc
815 2730 904 2757 deInde
916 2730 952 2755 acl
961 2729 1013 2754 alia
1027 2728 1194 2762 tranffiertur,
1207 2729 1251 2754 vbi
1262 2738 1320 2755 com·
1374 2727 1404 2760 st
1413 2726 1529 2762 inspIcias
1535 2727 1618 2761 facile
1626 2727 1806 2761 gloff'atorum,
1843 2732 1867 2751 et
1886 2724 1990 2752 Alcimi
2007 2725 2086 2760 adeo,
2125 2723 2331 2751 hariolationibus
2349 2731 2443 2759 carm.
2508 2717 2517 2755 ἸΓ

266 2771 404 2805 pensantur
416 2769 545 2805 beneficia,
563 2777 662 2805 operae,
682 2775 727 2794 etc.
823 2765 911 2792 Senec.
928 2764 960 2791 de
974 2764 1091 2796 Benef.3‚
1105 2774 1122 2797 9
1141 2765 1231 2798 Qium
1246 2764 1323 2792 aliter
1383 2763 1458 2796 Conf-
1476 2767 1794 2789 PHILOPARABOLOS.
2291 2785 2305 2791 ,
2508 2754 2517 2794 l

271 2805 429 2832 beneficium
447 2805 522 2832 detur
533 2827 541 2839 ,
576 2804 654 2831 aliter
673 2803 799 2830 reddatur
810 2822 820 2837 ,
856 2801 929 2836 paria
942 2801 1028 2828 facere
1043 2799 1150 2827 difficile
1164 2800 1209 2827 est.
1248 2801 1321 2834 Conf.
1335 2807 1371 2836 70
1418 2804 1433 2824 P
1443 2805 1464 2824 A
1474 2804 1493 2824 R
1503 2804 1551 2825 Ac
1561 2805 1578 2825 Ε
1589 2804 1610 2825 Ν
1625 2805 1647 2825 Τ
1656 2799 1674 2825 Ε
1685 2804 1716 2825 Sl
1727 2803 1740 2824 S
1752 2818 1762 2831 ,
1785 2797 1817 2823 is.
1845 2796 1866 2823 f.
1903 2796 2017 2827 Curatio,
2028 2805 2091 2831 quae
2100 2796 2136 2831 fit
2147 2802 2191 2831 per
2203 2804 2288 2829 acum,
2306 2803 2351 2821 aut
2363 2795 2446 2821 bamu-
2491 2803 2493 2805 ’
2508 2794 2516 2823 ”,

272 2841 339 2868 Ρ1111.
354 2842 443 2875 Paneg.
457 2851 477 2867 c.
491 2844 506 2868 6
520 2848 584 2868 extr.
604 2841 701 2867 Nazar.
718 2840 810 2873 Paneg.
825 2838 914 2864 Consi.
929 2846 950 2863 c.
965 2847 995 2869 13.
1073 2836 1181 2864 Colum.
1199 2845 1225 2863 12
1238 2837 1322 2863 Praef.
1381 2833 1432 2859 lum
1444 2834 1565 2868 infixum,
1584 2841 1606 2860 et
1619 2833 1741 2869 fistulam,
1761 2842 1811 2868 qua
1825 2833 1911 2859 humor
1923 2832 2056 2858 emittitur.
2111 2831 2224 2865 Pli11.25,
2236 2839 2261 2864 13
2281 2831 2396 2866 Pupillas
2408 2829 2447 2857 di-
2490 2858 2493 2861 ,
2511 2826 2517 2838 ’

274 2883 289 2906 8
305 2878 340 2903 Vt
352 2886 410 2903 cum
424 2876 568 2904 forensibus
581 2876 695 2911 negotiis
715 2874 869 2901 matronalis
889 2872 1010 2900 sedulitas
1026 2871 1168 2899 industriae
1188 2872 1322 2899 rationein
1381 2869 1460 2895 latat:
1496 2874 1522 2896 et
1539 2869 1600 2896 ideo
1613 2864 1665 2896 hoc
1678 2868 1846 2904 inunguntur
1861 2874 1937 2901 ante,
1958 2868 2056 2902 quibus
2069 2867 2238 2904 paracentesis
2252 2867 2291 2895 fit.
2372 2867 2447 2894 Pm-
2467 2890 2474 2896 .‚

271 2921 363 2947 parem
377 2912 480 2939 faceret.
556 2913 613 2940 Cic.
627 2912 658 2939 de
674 2910 766 2946 Legib.
775 2919 804 2943 3,
819 2920 845 2944 ¹9
859 2919 880 2936 c.
892 2919 907 2941 ¹)
930 2909 1024 2936 Infima
1037 2908 1144 2936 summis
1161 2908 1235 2944 paria
1248 2907 1321 2941 fecit,
1381 2905 1495 2932 centefin
1509 2905 1596 2932 facere
1607 2906 1636 2931 in
1651 2914 1708 2941 equo
1721 2904 1866 2939 tympanite
1879 2905 2008 2931 laborante
2019 2906 2088 2931 docet
2111 2905 2176 2939 ch.
2191 2911 2210 2936 1,
2222 2912 2260 2937 43,
2274 2913 2285 2936 3
2305 2904 2386 2930 eodem
2398 2911 2447 2930 mo-
2482 2925 2483 2929 ,

273 2948 406 2981 turbauit,
423 2949 533 2976 miscuit,
604 2948 715 2975 Referre
730 2955 819 2982 parem
832 2946 943 2981 gratiam
960 2945 1029 2972 Ter.
1044 2944 1111 2971 Eun.
1124 2949 1229 2980 4‚4‚;g,
1272 2945 1322 2971 Par
1381 2942 1425 2975 do,
1443 2950 1489 2976 quo
1503 2940 1592 2968 Celsus
1606 2950 1630 2973 7,
1646 2950 1669 2975 ¹5
1690 2940 1835 2968 emittenda
1845 2949 1913 2976 aqua
1927 2949 2015 2967 curare
2027 2940 2193 2976 hydropicum.
2237 2942 2277 2967 De
2289 2937 2446 2976 paracentefi
2477 2947 2479 2949 ’
2508 2937 2509 2969 ἶ

273 2984 375 3011 referre
398 2984 469 3011 Idem
482 2984 589 3019 Adelph.
604 2993 624 3015 1,
638 2994 655 3017 1,
668 2990 711 3017 48.
790 2982 874 3009 Plaut.
890 2980 978 3008 Pseud.
992 2989 1018 3014 2,
1032 2989 1052 3013 3,
1067 2983 1099 3007 26
1118 2981 1203 3015 Euge,
1225 2979 1273 3007 Par
1280 2989 1322 3016 pa.
1334 2984 1366 3013 75
1381 2977 1410 3003 in
1426 2985 1489 3003 cura
1502 2977 1575 3003 oculi
1595 2976 1670 3004 idem
1683 2986 1706 3010 2,
1720 2985 1754 3011 17,
1770 2986 1788 3004 1.
2440 2976 2442 2979 “
2489 2978 2509 2986 ·’

273 3020 313 3052 ri,
333 3019 405 3046 aliud
418 3027 503 3046 autem
517 3020 588 3054 quod
603 3020 756 3055 cupiebam,
795 3018 937 3052 contingit.
1032 3016 1112 3044 Plaut.
1126 3016 1196 3044 Asin.
1215 3026 1235 3052 1,
1249 3027 1270 3049 3,
1290 3026 1321 3043 20
1418 3019 1435 3039 P
1445 3019 1494 3040 AR
1504 3019 1526 3039 A
1536 3017 1554 3040 C
1567 3019 1584 3040 Ε
1593 3019 1616 3039 N
1628 3018 1650 3040 'r
1661 3020 1678 3041 1³.
1689 3018 1712 3040 Τ
1722 3020 1740 3040 Ε
1749 3019 1769 3040 R
1779 3020 1788 3040 1
1799 3018 1820 3038 v
1829 3019 1873 3048 M,
1901 3011 1922 3039 i.
1958 3021 1985 3039 n.
2023 3009 2259 3047 [aeoeeoexcmriieiov]
2297 3009 2446 3047 Instrumen-

274 3056 322 3082 Par
334 3056 390 3090 pari
404 3055 490 3082 datum
504 3055 690 3082 hostimentum
705 3055 756 3089 est,
779 3063 861 3090 opera
874 3063 923 3089 pro
938 3053 1056 3089 pecunia.
1170 3052 1241 3080 Ter.
1255 3053 1322 3080 Eun.
1381 3056 1434 3075 tum
1447 3049 1613 3084 chirurgicum
1622 3050 1792 3085 perfhrationi
1802 3049 1931 3081 idoneum,
1965 3049 1997 3074 de
2009 3057 2056 3084 quo
2075 3049 2168 3082 Veget.
2181 3047 2360 3080 Μ1110111εά.2,
2376 3055 2410 3080 17,
2423 3055 2446 3073 2.

274 3100 296 3123 3,
315 3101 333 3123 1,
345 3100 370 3122 55
401 3092 428 3117 Si
439 3091 554 3118 laudabit
567 3091 627 3118 haec
643 3092 713 3117 illius
733 3091 848 3118 formam
861 3111 869 3123 ,
905 3096 933 3117 tu
947 3089 1026 3117 huius
1041 3095 1133 3116 contra
1146 3087 1261 3123 denique
1274 3089 1324 3116 Par
1417 3091 1433 3111 P
1444 3091 1465 3111 Α
1474 3091 1493 3112 R
1502 3091 1524 3111 A
1534 3091 1552 3111 C
1563 3091 1585 3112 Η
1596 3091 1619 3112 Α
1630 3091 1649 3111 R
1658 3092 1680 3112 A
1689 3091 1706 3111 C
1715 3091 1736 3111 T
1748 3091 1767 3112 Ε
1779 3092 1808 3118 S,
1828 3092 1868 3111 ³0·
1894 3093 1931 3111 m.
1968 3083 2184 3118 [παςᾱκᾱεᾶιτης]
2220 3084 2389 3109 Adulteratur
2400 3091 2447 3116 mt-

274 3127 330 3161 pari
344 3127 443 3154 referto
456 3126 527 3161 quod
541 3136 597 3154 eam
613 3127 740 3154 mordeat.
814 3128 888 3153 Hunc
900 3127 978 3153 locum
991 3126 1094 3152 adducit
1109 3125 1166 3152 Cic.
1180 3125 1252 3152 Fam.
1269 3134 1287 3158 1,
1300 3133 1324 3159 9,
1383 3129 1484 3147 morum.
1540 3121 1570 3148 L.
1582 3130 1597 3154 9
1609 3121 1640 3148 C.
1655 3121 1714 3149 Th.
1735 3121 1762 3148 Si
1776 3120 1835 3155 quis
1848 3119 1928 3146 solidi
1941 3119 2072 3146 circulum
2085 3126 2167 3146 exter.
2221 3119 2310 3146 Falsae
2323 3125 2446 3145 monetae
2474 3134 2481 3147 =.=
2497 3131 2501 3134 ⁴

275 3161 371 3188 Paullus
385 3163 512 3189 Manutius
525 3171 548 3189 et
562 3164 669 3189 hernus
684 3163 813 3196 vtrobique
827 3163 927 3196 legunt,
953 3163 1002 3188 Par
1017 3170 1067 3197 pro
1079 3161 1137 3196 pari
1153 3161 1270 3194 referto,
1293 3170 1324 3187 ne
1337 3163 1370 3190 80
1384 3156 1434 3190 rei,
1454 3165 1521 3191 quos
1534 3157 1616 3192 vulgo
1631 3157 1829 3185 Panchai-aetas
1842 3161 1954 3190 vocant,
1973 3155 2118 3182 Maiestatis
2134 3155 2246 3182 crimine
2259 3160 2383 3182 tenentur
2398 3153 2446 3182 ob-

275 3206 371 3223 manens
383 3198 419 3230 fit
432 3198 529 3233 11117111,-
566 3200 638 3233 idque
651 3209 680 3224 ex
695 3195 858 3233 2'‘¹²‘st¹'.ffi”11'1
871 3198 1001 3225 codicibus.
1038 3197 1122 3224 Bentl.
1143 3198 1191 3223 Pac
1207 3203 1234 3224 tu
1254 3196 1323 3232 pari,
1383 3192 1469 3220 noxii.
1507 3194 1546 3219 Ex
1561 3194 1665 3220 Graecis
1677 3192 1785 3229 illrfirat
1796 3194 1846 3220 lac.
1859 3190 1975 3225 Gothofr.
2049 3192 2126 3225 Hinc

275 3239 319 3258 etc.
390 3234 497 3260 Referre
512 3235 584 3269 paria
596 3234 702 3269 paribus
723 3234 779 3261 Cic.
794 3233 826 3259 de
841 3233 916 3260 Orat.
930 3243 950 3266 3,
966 3242 1022 3265 204.
1114 3233 1235 3260 Reddere
1250 3233 1325 3268 paria
1423 3235 1438 3254 Ρ
1451 3235 1475 3256 A
1486 3235 1504 3255 R
1514 3235 1535 3255 A
1545 3234 1561 3255 c
1572 3235 1592 3256 H
1601 3235 1649 3256 AR
1660 3235 1681 3255 Λ
1691 3236 1709 3256 x
1719 3236 1728 3254 Ι
1739 3235 1766 3256 Μ
1777 3235 1796 3255 V
1806 3234 1835 3262 S,
1860 3236 1890 3261 a,
1910 3235 1965 3252 11111.
1995 3225 2054 3252 Adi.
2091 3225 2276 3260 Adulterium,
2317 3227 2347 3253 V.
2354 3235 2383 3262 g.
2402 3235 2447 3252 nu.

2512 3333 2517 3359 1

276 3265 306 3292 111
320 3273 453 3302 vtranique
466 3275 581 3303 partem,
614 3271 668 3297 vid.
689 3274 816 3297 REDDO.
887 3268 969 3296 Plaut.
986 3269 1074 3297 Truc.
1086 3277 1109 3302 ς,
1123 3278 1151 3301 47
1172 3271 1323 3303 Vnguenta,
1382 3273 1451 3298 mus,
1470 3274 1486 3290 a
1501 3265 1686 3293 Paracharaete
1694 3265 1782 3299 fufius
1793 3266 1837 3291 vel
1846 3261 1958 3298 arrosics,
1978 3269 2025 3289 etc.
2082 3262 2171 3287 Vtitm·
2182 3263 2223 3289 10.
2238 3259 2367 3289 (janianas
2381 3262 2445 3289 col.

279 3302 384 3336 noc'tes‚
402 3304 510 3344 saulum.
547 3313 571 3332 Ρ.
584 3314 630 3339 par
643 3306 699 3341 pari
714 3304 872 3339 Respondet.
956 3303 1014 3331 Cic.
1029 3305 1081 3330 Att.
1097 3306 1134 3338 16,
1147 3313 1164 3339 7
1184 3305 1220 3331 Vt
1235 3304 1264 3331 fit
1277 3314 1324 3331 vn.
1383 3300 1428 3328 lat.
1442 3310 1461 3334 1,
1475 3310 1515 3328 20.
1535 3302 1603 3333 Item
1618 3309 1644 3328 21
1659 3309 1683 3327 et
1698 3310 1734 3328 22.
1780 3302 1809 3327 E.
1818 3309 1848 3336 g.
1864 3298 2007 3332 Tanquam
2024 3296 2174 3324 adulterina
2192 3298 2348 3325 nomismata
2361 3303 2387 3325 et
2400 3298 2447 3325 Pa-

278 3336 311 3362 de
325 3346 369 3371 par
383 3348 438 3378 pari
451 3340 652 3374 Respondeatur.
758 3341 827 3368 Ter.
843 3339 951 3366 Phorm.
964 3349 984 3373 1,
997 3347 1025 3373 4,
1038 3346 1065 3372 35
1095 3340 1215 3366 Verbum
1230 3340 1325 3375 verbo,
1334 3343 1364 3372 85
1383 3335 1565 3364 racharaxima
1578 3336 1752 3372 reprobemus
1761 3357 1770 3370 ‚
1789 3340 1881 3371 vtpote
1892 3341 1959 3369 quae
1971 3332 2063 3360 salsam
2081 3333 2226 3369 imaginem
2237 3334 2322 3370 regis,
2342 3342 2397 3361 non
2410 3333 2446 3360 le-

280 3380 326 3404 par
339 3380 393 3412 pari
406 3380 433 3400 vt
446 3375 616 3409 Respondeas·
703 3378 777 3404 Paria
790 3375 897 3412 paribus
906 3396 913 3408 ,
933 3374 1025 3402 omnia
1038 3374 1164 3402 omnibus
1176 3376 1325 3409 Responde-
1384 3372 1478 3407 gitiine
1495 3372 1633 3408 signatam,
1660 3373 1828 3402 contineant,
1851 3378 1896 3396 etc.

280 3412 325 3432 ant
360 3408 414 3434 Cic.
428 3409 458 3435 de
474 3410 534 3437 Nat.
547 3412 626 3439 Deor.
641 3421 659 3447 1,
673 3420 712 3445 ςο.
749 3414 818 3439 Adcl.
833 3412 906 3439 Idem
919 3411 972 3438 Ait.
985 3413 1011 3443 6.
1026 3420 1044 3438 1.
1158 3411 1207 3437 Par
1227 3412 1324 3446 impar,
1419 3415 1557 3437 PARACH
1564 3416 1687 3443 LAMYS,
1703 3407 1784 3441 y'‘dos‚
1802 3407 1822 3434 f.
1848 3406 2035 3441 [παραχλαμῦς]
2054 3405 2195 3441 Vestimenti
2202 3405 2444 3441 genus‘effbdict'tur

282 3442 362 3481 G‘'¹¹‘5
376 3444 436 3469 ludi.
503 3446 570 3473 Suet.
584 3447 611 3473 in
626 3448 731 3483 August.
746 3458 767 3475 c.
780 3455 807 3482 7¹
830 3447 889 3475 Misi
901 3446 952 3474 tibi
965 3446 1088 3473 denarios
1104 3444 1230 3473 ducentos
1246 3447 1325 3482 quin-
1381 3452 1430 3471 non
1445 3446 1511 3472 modo
1524 3445 1651 3481 militare,
1680 3444 1812 3481 sedetiam
1824 3441 1930 3477 puerile.
1968 3442 2099 3467 Laudatur
2112 3441 2217 3476 leian.
2230 3450 2258 3468 in
2273 3441 2289 3468 l.
2301 3435 2397 3468 Vestis·
2412 3440 2446 3468 de
2508 3460 2515 3471 υ

283 3484 403 3509 quaginta
413 3498 421 3509 ,
439 3487 503 3517 quos
517 3481 618 3516 singulis
633 3483 753 3510 conuiuis
769 3482 908 3517 dederam,
930 3482 947 3509 si
963 3482 1062 3509 vellent
1076 3482 1146 3508 inter
1159 3482 1184 3508 se
1196 3482 1253 3517 post
1267 3492 1325 3509 coe.
1382 3488 1450 3507 auro
1462 3486 1488 3507 et
1500 3487 1610 3516 argento
1622 3481 1723 3515 legato,
1747 3479 1777 3504 in
1784 3478 1811 3504 P.
1821 3476 2006 3506 Alciat.lib.i1.
2023 3477 2175 3505 C.adl.1de
2182 3477 2245 3505 vest.
2259 3477 2345 3505 holos.
2360 3477 2443 3504 Plaut.
2477 3491 2480 3496 .
2494 3480 2509 3494 -⁴

285 3513 397 3550 namvcl
411 3514 481 3546 talis,
500 3516 540 3554 vcl
555 3526 598 3549 par
614 3518 697 3552 impar
709 3518 808 3545 ludere.
898 3519 965 3546 Hor.
979 3518 1059 3545 Serm.
1074 3527 1097 3550 2,
1110 3527 1132 3551 3,
1146 3524 1194 3551 248
1219 3519 1323 3545 Ludere
1336 3528 1372 3553 90
1384 3516 1413 3543 in
1428 3517 1512 3545 Persa.
1549 3518 1604 3544 Sed.
1618 3517 1666 3552 leg.
1679 3522 1783 3548 vtroque
1795 3514 1844 3539 loco
1859 3511 1992 3545 chlamys.
2515 3520 2517 3522 '

284 3554 331 3579 ΡΠ
344 3555 441 3580 ΗῚΨΉ,
459 3557 573 3590 Εξιυιῐῡῐε
589 3553 615 3589 iii
627 3554 753 3580 arundine
769 3555 854 3589 longa.
926 3553 1111 3588 obseruandum
1125 3554 1164 3579 hic
1175 3554 1250 3580 etiam
1263 3555 1327 3581 illud
1422 3560 1438 3581 Ρ
1449 3560 1471 3580 Α
1480 3559 1500 3579 R
1511 3557 1559 3579 AC
1572 3558 1588 3577 1.
1598 3553 1675 3578 firv
1685 3557 1714 3583 S,
1737 3550 1756 3576 i·
1789 3558 1824 3575 ΓΠ·
1862 3549 2040 3585 [ἵῧέὓῖῐλῆτῡὸ]
2076 3559 2092 3577 a
2103 3552 2262 3584 “oessnffufls
2281 3550 2348 3584 qumi
2358 3547 2444 3584 confi·

283 3580 318 3615 ‘st
329 3588 423 3607 veser&
439 3584 520 3610 Pc'b'tas
533 3585 680 3626 “stiffi-'witlac
698 3590 760 3622 Par,
781 3599 833 3615 cum
846 3590 978 3624 compofitii·
991 3590 1109 3624 Compar
1119 3609 1127 3622 ,
1146 3589 1251 3624 Dispur,
1272 3591 1324 3617 Im·
1383 3590 1436 3622 lor,
1456 3598 1514 3624 rogo
1526 3595 1550 3614 et
1563 3584 1799 3622 hurtor'figm'ficat:
1840 3584 1917 3615 item,
1936 3587 1986 3612 Pru
1998 3586 2049 3612 aliu
2058 3593 2174 3622 precator
2185 3585 2342 3621 inm-uenio,
2359 3592 2388 3611 vt
2400 3585 2445 3611 ad-

284 3624 345 3650 par,
360 3615 450 3651 semper
461 3621 624 3662 produ-„Iste”
647 3631 674 3648 ,ω
687 3634 715 3649 m.
729 3625 851 3657 (amno,
884 3625 1008 3652 Lucretio
1018 3646 1026 3659 ‚
1059 3625 1177 3651 Horatio
1187 3646 1195 3658 ,
1224 3632 1248 3651 et
1264 3626 1325 3652 aliis
1384 3633 1484 3651 vocatus
1497 3631 1541 3650 aut
1551 3629 1679 3658 patronus.
1741 3620 1808 3646 Hinc
1823 3620 1985 3654 Paracletus,
2012 3622 2171 3656 ddunt-atur,
2188 3621 2339 3656 confidatur,
2357 3627 2444 3656 patro-
2477 3618 2499 3645 ‘s

284 3650 389 3689 cotis-lam
426 3662 476 3700 eum
489 3662 570 3693 con-tra
582 3666 623 3690 qut
640 3657 760 3693 'I'heodafii
774 3661 918 3696 temporibus
929 3668 952 3687 et
963 3661 1045 3697 postea
1057 3661 1194 3694 viverunt,
1228 3669 1257 3687 vt
1272 3662 1323 3688 Au-
1383 3669 1446 3694 nus,
1457 3660 1556 3694 fautor.
1632 3657 1679 3690 Et,
1707 3656 1760 3692 Qi
1772 3656 1800 3681 in
1809 3656 1869 3689 furo
1882 3666 1911 3683 ac
1923 3657 2023 3683 iudiciis
2036 3667 2052 3684 a
2065 3656 2152 3692 nostris
2166 3658 2343 3691 Deprecatores
2355 3665 2444 3682 vocan-

283 3685 373 3744 s0¹¹¹¹l¹S
382 3706 397 3727 ,ὁ
415 3687 591 3732 ΡΗΙᾶΕΗΗυὴ.
610 3693 730 3726 Prosper,
761 3697 838 3723 Mart,
852 3696 958 3731 Capella
971 3696 1064 3732 aliique
1072 3696 1131 3730 fere
1144 3697 1322 3731 corripuerunt„
1339 3706 1372 3733 95
1384 3703 1443 3728 tur,
1461 3696 1483 3721 ii
1495 3695 1562 3730 apud
1573 3693 1678 3719 Graecos
1691 3692 1816 3718 Parni-leti
1832 3692 1958 3718 dicuntur.
2019 3694 2091 3719 Sacri
2097 3692 2234 3728 scriptores
2247 3699 2272 3718 et
2284 3691 2443 3725 Ecclefiasit‘ct'

283 3722 350 3769 ἕψοι
371 3722 412 3766 hic
422 3731 512 3748 monere
525 3727 655 3768 voluimus,
675 3738 704 3753 nc
717 3729 809 3756 illorum
820 3732 950 3758 aufloritas
964 3732 1099 3758 iunioribus
1112 3731 1228 3766 imponat.
1278 3734 1323 3759 Su-
1383 3732 1415 3758 de
1429 3731 1526 3766 Spiritu
1539 3730 1564 3755 S.
1577 3734 1692 3754 vtuntur.
1729 3727 1847 3754 Tertull.
1861 3727 1892 3754 de
1905 3729 1981 3762 Virg.
1996 3728 2110 3755 Veland.
2125 3736 2147 3754 c.
2158 3737 2175 3755 1.
2211 3727 2285 3755 Idem
2300 3727 2333 3754 de
2346 3722 2444 3754 Anima

280 3757 373 3790 peilat.
392 3755 522 3806 [nobi-aroc]
541 3760 664 3802 formauit
674 3798 675 3801 Ἴ
685 3764 763 3802 l'laut.
777 3766 796 3791 C
800 3775 853 3792 urc.
869 3775 896 3799 4,
911 3776 933 3800 2,
948 3776 980 3794 20
1000 3767 1099 3794 Eodem
1113 3767 1202 3794 hercle
1215 3777 1263 3795 vos
1277 3778 1323 3804 ρο.
1384 3776 1406 3793 c.
1418 3775 1453 3797 ςς.
1474 3773 1498 3792 et
1511 3764 1542 3791 de
1557 3763 1662 3790 Resurr.
1677 3764 1756 3789 Carn.
1771 3773 1792 3790 c.
1808 3767 1845 3796 63.
1917 3763 2082 3790 penultimam
2100 3771 2194 3788 natura
2209 3764 2308 3798 longam
2322 3762 2448 3799 com-ipitit'

282 3799 320 3817 no
333 3797 357 3817 ct
371 3800 449 3825 pam,
468 3793 587 3825 pa11ssiun
601 3796 658 3823 estis
674 3798 750 3825 ubus.
821 3803 860 3826 Sic
873 3803 1001 3829 ναι-’11111113
1014 3803 1080 3830 talio
1100 3803 1169 3830 Gell.
1182 3813 1251 3839 20,1.
1384 3801 1507 3829 Prudent.
1520 3799 1671 3831 Cathem.‚-‚
1685 3801 1729 3825 160
1755 3799 1840 3834 Spirat
1855 3799 1886 3826 de
1898 3799 1987 3834 patrio
2001 3799 2083 3826 corde
2097 3798 2266 3826 Paracletum.
2304 3798 2380 3827 Ideni
2398 3798 2442 3825 Pe.

282 3826 504 3895 ςοὶἑῖὶξτὶζὶὲῧέ
527 3837 551 3853 c·
582 3831 639 3857 Adi·
655 3833 785 3873 ,[‚“⁶5¹¹c⁰c]
822 3837 949 3875 Significat
961 3840 1081 3878 Aequale.
1118 3840 1221 3866 Lucret.
1238 3849 1264 3873 2,
1279 3848 1325 3873 374
1384 3836 1492 3871 risteph.
1508 3845 1542 3869 14,
1559 3843 1614 3867 430.

517 3872 596 3896 genus
608 3868 683 3899 parili
699 3875 799 3895 ratione
813 3871 932 3900 videmus
986 3874 1097 3908 Pingere
1110 3875 1214 3915 telluris
1227 3876 1323 3910 gremi-
1332 3885 1378 3903 100
1422 3880 1437 3899 P
1447 3880 1468 3900 A
1479 3879 1497 3899 R
1507 3877 1530 3899 A
1540 3877 1556 3897 C
1566 3875 1585 3896 0
1597 3876 1613 3896 L
1623 3874 1641 3895 1.
1652 3874 1668 3895 Ε
1680 3874 1703 3896 Τ
1714 3876 1724 3896 1
1736 3876 1754 3896 C
1766 3877 1786 3895 v
1795 3878 1824 3905 s,
1841 3880 1854 3898 a
1863 3892 1870 3905 ,
1893 3880 1947 3899 um.
1960 3871 2020 3898 Adi.
2039 3871 2269 3909 [trapotutanus-mae]
2291 3877 2328 3903 vt,
2338 3868 2439 3904 Empla-

283 3907 337 3925 11111.
392 3899 497 3960 LAetatc
516 3899 591 3931 parili
612 3902 689 3928 Ouid.
704 3904 770 3943 Met.-
780 3910 802 3935 8,
816 3907 865 3937 631.
952 3909 1053 3936 Noetcs
1067 3910 1163 3944 pariles
1175 3917 1273 3945 agitare
1286 3911 1324 3937 di-
1383 3908 1466 3936 strum
1482 3904 1694 3943 paracolleticiuu
1715 3906 1782 3933 Cels.
1795 3909 1887 3943 5,19,6
1907 3907 1980 3942 quod
1997 3906 2046 3942 ipfi
2055 3906 2094 3932 ait
2106 3915 2121 3932 a
2133 3905 2289 3939 glutinando
2303 3905 2405 3932 vocari.

282 3941 361 3994 esqu'e
415 3939 527 3994 ucrendi,
543 3937 611 3961 1066.
713 3938 825 3980 Ratione
840 3943 915 3974 parili
941 3945 1013 3971 Idem
1027 3954 1048 3977 2,
1064 3955 1112 3977 374·
1221 3946 1324 3980 Segetes
1424 3949 1440 3971 Ρ
1450 3951 1473 3971 Α
1482 3950 1502 3970 R
1511 3949 1533 3969 A
1541 3948 1558 3969 c
1567 3948 1585 3967 Y
1596 3948 1618 3966 Ν
1629 3947 1650 3966 A
1660 3948 1681 3967 N
1693 3947 1710 3968 c
1721 3948 1741 3967 Η
1752 3949 1768 3968 E
1777 3963 1785 3975 ‚
1810 3953 1846 3970 es.
1880 3943 1900 3970 f.
1937 3940 2141 3977 [παραιυνᾶγχη]
2179 3941 2270 3968 Tumor
2282 3949 2306 3968 et
2319 3942 2393 3968 rubor
2410 3939 2439 3966 in

282 3970 479 4031 pjiidesTVafir.
510 3977 524 3994 c
537 3968 576 4030 L.6
582 3970 610 3995 L.
620 3980 643 4003 4,
651 3980 687 3998 20.
767 3975 907 4011 Accipere,
926 3985 950 4004 et
964 3980 1042 4013 parili
1054 3979 1165 4008 reddere
1178 3990 1244 4008 voce
1259 3981 1323 4008 Vale
1378 3979 1506 4014 faucibus.
1543 3976 1611 4004 Cels.
1625 3985 1653 4009 4,
1668 3987 1682 4008 4
1698 3979 1780 4013 (41.7)
1817 3980 1868 4005 Sed
1877 3976 2054 4014 παρασυνσῖγχη
2066 3976 2157 4003 editur.
2463 3971 2468 3975 .

313 4013 338 4030 ¹¹¹
359 4024 365 4029 ·
410 4013 433 4031 ¹⁶¹
453 4025 463 4042 ⁴·
479 4012 498 4037 ¹,
511 4013 534 4039 7,
548 4012 559 4030 ²
581 4024 586 4029 ν
1420 4022 1436 4041 1²
1447 4020 1469 4041 A
1480 4020 1496 4039 R
1509 4019 1533 4040 A
1545 4018 1563 4038 D
1574 4018 1596 4038 A
1607 4033 1615 4045 ,
1642 4021 1679 4039 ac.
1706 4013 1725 4039 f.
1762 4014 1871 4049 Nauigii
1884 4019 2047 4049 tegumentum
2059 4013 2103 4038 vel
2113 4012 2291 4046 vmbraculum.
2347 4010 2436 4040 Sidon·
2454 4028 2457 4030 -

318 4046 390 4067 mr<
400 4038 415 4066 ἶ
423 4047 439 4068 1.
450 4039 561 4071 sTAs,
586 4039 642 4066 itis.
667 4041 685 4067 f.
722 4043 762 4075 [ra
776 4047 880 4080 πάρισον]
917 4050 1071 4082 Aequalitas.
1107 4051 1177 4079 Gell.
1190 4060 1229 4086 ¹4,
1242 4060 1255 4085 3
1276 4052 1321 4079 Pa-
1331 4049 1464 4092 105Epist.
1480 4055 1503 4083 8,
1516 4056 1539 4075 12
1561 4048 1708 4084 Supersscxa
1719 4056 1789 4078 crate
1802 4049 1967 4086 paradarum.
2026 4047 2083 4075 Viti.
2097 4047 2131 4075 ibi
2146 4047 2267 4075 Sirmoud.
2340 4047 2437 4108 Λὲιΐᾳίιῖι.

2379 4090 2406 4116 pi
2429 4100 2435 4106 .
