2517 4231
284 219 352 260 555
711 196 938 242 OCV
1839 191 2043 234 ODI
2408 199 2479 246 556

285 305 319 325 ex
332 303 399 322 caeco
411 291 621 327 oculatumfizcio.
665 289 787 319 Tertull.
802 289 831 316 in
845 286 987 322 Apologet.
1001 293 1024 312 21
1044 283 1095 312 Sed
1109 282 1240 319 quiasiam
1251 281 1354 317 011ροἱί-
1414 283 1558 318 improbos
1568 292 1663 311 omnes
1676 282 1752 311 ciuili
1764 281 1830 309 odio
1845 281 1952 309 odimus
1983 281 2040 310 Cic.
2059 290 2110 318 pro
2130 282 2229 309 Milon.
2246 283 2285 315 36.
2395 284 2479 312 Amor

287 337 346 364 tos,
385 336 411 357 et
429 330 485 365 ipsa
504 328 655 357 vrbanitate
674 327 796 361 deceptos
807 345 815 357 ‚
849 323 878 349 in
895 321 1063 356 agnitionem
1086 319 1207 347 veritatis
1226 319 1354 346 ocularet.
1416 319 1475 345 odit
1486 320 1585 347 inertes
1607 319 1689 347 Ouid.
1702 319 1733 346 de
1749 319 1813 345 Arte
1825 318 1884 344 Am.
1899 327 1920 351 2,
1935 326 1987 352 229.
2084 318 2137 346 Odi
2151 319 2296 353 profanum
2311 319 2421 354 vulgus,
2452 326 2480 348 et

287 366 417 395 flirundo
430 365 449 393 fi
462 364 642 393 excaecauerit
655 363 757 398 pullos,
788 358 867 386 nouit
886 357 949 384 istos
962 357 1069 383 oculare
1088 356 1178 382 rursus
1192 355 1223 382 de
1238 354 1355 382 011011ἀο-
1416 362 1494 381 arceo
1516 356 1582 382 Hor.
1596 357 1686 383 Carm.
1703 366 1723 389 3,
1739 365 1757 387 1,
1770 364 1787 381 1.
1882 354 1953 380 Τ’;1·.
1965 353 2077 390 Adelph.
2091 365 2115 386 4,
2130 364 2148 388 1,
2165 364 2177 387 7
2199 354 2268 381 Illud
2281 364 2327 385 rus
2339 356 2412 382 nulla
2428 355 2479 383 alia

286 402 334 430 nia
348 402 393 429 sua
414 401 535 429 Tertull.
547 400 580 427 de
593 399 693 427 Poenit.
707 406 729 423 c.
744 404 777 422 12.
798 395 898 429 Repetit
911 392 1013 420 Pacian.
1027 392 1055 418 in
1069 391 1200 427 paraenesi
1214 390 1247 417 de
1261 389 1354 417 Poeni-
1416 390 1491 416 eausa
1503 390 1552 417 odi
1565 397 1617 418 tam
1631 391 1708 418 male.
1747 393 1785 418 De
1799 390 1867 416 male
1880 390 1945 423 confi
1957 390 2040 417 Plaut.
2052 390 2124 416 Men.
2139 400 2158 423 1,
2173 400 2193 424 3,
2208 400 2230 424 7.
2288 390 2480 427 Cic.Fam.7‚2

288 438 382 466 tentia.
455 438 554 465 Caecos
567 441 593 462 et
604 435 710 470 ignaros
724 431 755 457 ad
767 429 936 465 agnitionem
950 427 1071 455 veritatis
1082 427 1201 455 ocularet
1226 426 1354 462 cyprian.
1378 430 1393 454 5
1417 425 1534 452 oderam
1548 426 1632 454 muito
1646 427 1728 462 magis
1742 427 1823 461 hunc,
1838 434 1917 461 quam
1930 425 2017 452 illum.
2053 427 2113 452 Cum
2126 427 2201 462 lnfin.
2219 427 2289 453 Hor.
2297 426 2376 462 Epist.
2385 437 2403 459 1,
2412 436 2444 459 15,
2454 436 2477 458 51

289 473 322 501 de
335 466 437 502 Idolor„
452 473 535 500 vanit.
549 479 577 506 7,
592 473 617 496 6.
648 469 703 495 Vid.
718 467 808 493 Barth.
818 466 888 497 Adu.
903 472 936 500 33,
948 473 979 491 12.
1000 471 1024 490 tt
1035 472 1077 498 43,
1091 472 1133 497 24.
1418 461 1541 488 Oderunt
1554 470 1660 495 peccare
1673 463 1737 490 boni
1751 463 1860 489 virtutis
1874 470 1975 488 amore.
2046 462 2105 487 Non
2116 461 2219 497 prm-sus
2234 465 2294 488 adeo
2308 462 2431 496 deftcfliua
2448 461 2480 498 est

327 517 347 538 0
356 516 373 538 c
385 515 406 538 v
418 516 435 536 1.
446 516 456 536 1
467 516 484 536 c
493 515 512 535 n
524 514 541 534 E
555 513 571 533 ι’
583 503 597 532 1u
606 511 625 531 n
635 510 657 530 Α
668 523 677 536 ,
711 511 750 529 ae.
774 511 810 529 m.
848 500 925 528 Cuius
938 500 1003 527 oculi
1019 506 1132 536 crepant,
1151 499 1250 534 quando
1259 497 1355 535 pugnis
1416 498 1475 523 haec
1486 505 1546 530 vox,
1560 504 1590 522 vt
1596 498 1647 529 sthi
1657 498 1831 534 persuafirum
1851 499 1932 533 aliqui
1945 497 2125 530 &mmmm-2
2154 507 2206 524 cum
2223 499 2299 533 psus„
2315 498 2481 525 inueniuntur

287 547 483 577 contunduntur,
504 544 585 570 Plaut.
600 539 685 566 Trin.
698 548 721 571 4,
736 548 757 572 3,
772 547 805 568 14.
1417 539 1543 568 tempora,
1564 538 1594 557 vt
1604 532 1688 567 odio,
1706 534 1789 566 odiet,
1810 534 1898 567 odini,
1918 532 2004 565 odite,
2023 532 2154 567 odientes,
2171 533 2264 560 oditur
2276 532 2309 560 ab
2320 533 2413 566 odior,
2433 541 2477 560 etc.
2501 562 2508 566 .

327 587 347 609 ο
357 587 374 608 c
383 588 404 607 v
416 585 480 607 1.11·'
489 585 506 605 E
516 584 535 604 R
545 583 554 603 1
564 582 594 603 A.
631 576 726 601 Nomen
739 582 828 599 nauum
839 589 848 604 ,
870 573 936 607 quad
942 571 1053 599 Senecae
1060 570 1237 608 restituendum
1249 569 1354 604 putabat
1421 569 1477 594 Vid.
1497 567 1562 603 Voff
1571 569 1601 594 de
1614 570 1722 602 Analog.
1737 579 1757 602 3,
1770 579 1811 603 39.
1922 569 2008 596 Odiui
2039 570 2139 595 Anton.
2155 576 2195 604 ap.
2212 569 2268 596 Cic.
2283 569 2351 596 Phil.
2366 579 2387 603 ¹3
2407 579 2430 596 c.
2444 578 2478 602 ¹9·

287 617 356 653 Lt‘ps'.
372 615 444 642 Elea.
454 625 472 647 1,
487 614 521 639 16.
592 611 667 638 Locus
680 610 794 637 Senecae
807 608 839 645 est
852 607 932 643 Epist.
948 617 974 641 33
998 608 1063 635 Non
1077 607 1112 634 est
1126 605 1199 640 quod
1211 606 1297 640 exigas
1311 611 1353 630 ex·
1369 610 1398 628 10
1416 603 1567 631 Hominem
1587 603 1658 629 odiit
1693 603 1812 633 Tertri'll.
1834 605 1865 632 de
1885 606 1980 632 Anima
1999 614 2022 631 c.
2038 613 2077 631 10.
2191 604 2264 631 Odio
2283 607 2359 639 μισῶ,
2398 604 2479 631 Gloff.

289 659 377 688 cerpta
391 657 416 677 et
428 647 552 683 repetita3
590 646 751 673 continuum
769 645 806 672 est
824 644 893 680 apud
909 643 1029 678 nostros,
1057 640 1190 678 quidquid
1204 641 1273 676 apud
1285 640 1353 667 alios
1416 640 1484 667 Osus
1503 640 1575 675 surn,
1608 639 1690 667 Plaut.
1709 639 1791 672 infra.
1829 642 1898 668 Gell.
1911 650 1939 675 4,
1954 648 1976 671 8.
2086 640 2202 673 Oditur,
2226 638 2338 674 Paffiue,
2357 640 2479 668 Tertulli

287 687 447 721 excerpitur.
485 683 548 710 Non
563 681 689 710 habemus
702 682 792 716 itaque
805 680 853 708 ista
867 679 1009 708 oculiferia
1027 679 1064 715 (s.
1078 677 1216 706 ocliferia:
1230 712 1235 717 .
1244 676 1284 710 fic
1297 675 1352 711 qui·
1415 676 1494 711 Apol.
1514 685 1536 702 c.
1551 685 1572 709 3.
1671 674 1809 702 Orationis
1822 678 1912 705 variae
1926 677 2039 713 species,
2058 682 2087 705 vt
2103 675 2222 707 Odiendi
2241 676 2319 711 Apul.
2331 676 2365 703 de
2379 676 2478 712 Syllog.

288 721 440 750 damMSS.
452 726 500 754 pro
511 720 615 753 vulgato
628 717 779 750 odorifera)
798 726 846 744 nec
858 721 989 743 emtorem
1004 714 1161 749 decipimus,
1177 712 1249 740 nihil
1261 713 1354 739 inuen-
1415 712 1503 747 Catcg.
1524 721 1549 747 p.
1569 720 1610 745 29.

288 765 377 786 rurum
392 764 452 782 cum
466 754 730 790 intrauerit,praeter
744 753 874 788 illa,quae
887 752 916 778 in
929 752 1020 780 fronte
1032 751 1150 785 suspensa
1161 749 1229 776 sunt.
1249 748 1353 775 Fuerint
1452 755 1472 776 0
1481 755 1518 775 DI
1526 755 1543 774 E
1554 754 1577 774 N
1592 753 1614 774 T
1628 753 1644 774 E
1654 752 1677 774 s.
1714 747 1819 774 Retron,
1833 757 1856 775 c,
1870 757 1908 783 93,

286 794 367 833 igitur
380 790 538 823 oculiferia,
566 798 634 825 quae
653 799 683 817 111
701 790 792 816 fronte
805 789 965 814 tabernarum
978 787 1096 822 suspensa
1110 785 1194 826 ferire
1207 785 1301 824 oculos
1313 784 1354 809 de·
1369 788 1394 816 ¹5
1453 790 1474 811 ο
1487 791 1500 812 s
1511 791 1574 825 vs,
1593 793 1622 824 a,
1642 792 1698 809 um.
1726 784 1795 810 Part.
1831 783 1969 821 [μισήσας]
2006 785 2060 823 Qi
2078 785 2133 811 odio
2150 785 2244 812 habuit.
2282 784 2365 812 Plaut.
2380 783 2479 820 Amph.

285 834 343 854 bem
357 834 382 853 et
394 827 502 853 homines
513 825 618 853 allicere.
672 827 712 852 De
726 825 817 852 talibus
831 824 890 851 Sen.
904 823 983 858 Epist.
997 828 1026 853 88
1045 824 1240 857 Imperuorum
1251 820 1353 849 feriun-
1413 829 1436 854 3,
1449 829 1472 854 2,
1487 830 1512 854 19
1534 819 1661 848 In1m1cos
1674 819 1719 846 osa
1732 819 1789 846 sum
1803 819 1904 855 semper
1918 820 2056 848 obtuerier
2077 821 2145 848 Geli.
2159 829 2187 854 4,
2202 826 2224 851 8.
2506 825 2514 829 ·

284 869 328 892 tur
341 863 428 891 oculi:
466 863 498 890 Et
511 862 593 897 alias,
620 861 761 897 splendore
773 859 967 896 imperitorum
981 858 1123 886 verberant
1135 856 1238 884 oculos.
1455 862 1475 883 o
1490 863 1503 883 s
1515 856 1538 882 17
1549 863 1568 883 R
1580 862 1601 882 v
1611 863 1624 882 s
1634 876 1642 889 ‚
1662 864 1686 889 a,
1707 864 1763 882 um.
1784 856 1851 882 Part.
1886 856 1946 883 Cic.
1962 856 1994 883 de
2002 857 2088 884 Amic.
2103 865 2133 891 59
2154 856 2276 892 Negabat
2289 855 2370 883 vllam
2382 864 2479 883 vocem
2507 869 2510 871 Δ

1414 891 1621 919 inimicitiorem
1635 891 1769 918 amicitiae
1783 891 1894 926 potuisse
1908 892 2039 927 reperiri,
2065 901 2144 927 quam
2159 893 2226 927 eius,
2240 892 2287 928 qui
2299 891 2421 924 dixisset,
2438 893 2480 919 Ita
2511 900 2513 907 ¹

705 936 734 968 Ο
800 935 828 966 C
907 932 936 965 Y
1415 936 1504 954 amare
1515 934 1659 963 oportere,
1680 933 1710 954 vt
1723 927 1868 962 aliquando
1880 928 1943 954 esset
1957 927 2058 954 osui-us.

1364 973 1398 992 20
1453 970 1472 991 ο
1482 970 1567 997 son,
1588 964 1653 990 oris.
1677 973 1714 990 m.
1750 962 1889 998 [μισητῆς]
1925 963 1981 999 Qi
1995 963 2049 988 odio
2063 964 2143 990 habet.
2180 964 2262 992 Plaut.
2277 965 2360 992 Mete.
2373 973 2398 998 4,
2411 965 2438 997 6,
2453 969 2483 996 15

321 1012 342 1035 0
351 1014 368 1036 c
376 1004 434 1036 Y⁰M
444 1013 466 1035 v
476 1014 503 1035 Μ
537 1005 563 1044 s.
583 1013 604 1035 0
613 1013 630 1035 c
639 1014 658 1035 γ
668 1013 690 1034 Ν
700 1012 723 1033 v
732 1012 758 1032 M
769 1005 826 1033 vid.
840 1011 860 1033 o
870 1009 888 1031 C
899 1010 910 1031 1
919 1009 946 1031 M
954 1009 1020 1032 VM.
1414 1000 1514 1027 Osores
1523 1020 1531 1032 ,
1551 999 1646 1026 infensi
1654 1022 1662 1034 ‚
1680 999 1812 1026 iracundi.
1866 1002 1898 1026 Et
1911 1000 1991 1026 foen.
2007 1006 2060 1033 arg.
2076 1007 2089 1026 2
2107 999 2176 1027 Osor
2190 1000 2343 1028 mulierum.
2404 999 2479 1034 Confi

320 1049 393 1072 ocY
404 1050 418 1071 8
429 1065 438 1078 ,
469 1043 531 1074 niune
551 1044 614 1069 celer
628 1042 674 1079 est,
700 1043 767 1068 vnde
1410 1037 1496 1063 Pacat.
1510 1036 1603 1071 Paneg.
1615 1034 1726 1076 Theod.
1740 1045 1762 1062 c.
1779 1045 1821 1062 20.

319 1085 466 1113 0c10R‚
487 1089 526 1106 us.
548 1086 572 1105 et
589 1085 609 1106 o
621 1085 639 1106 c
653 1076 731 1107 issi
741 1083 836 1111 mvs,
856 1086 881 1113 a,
899 1085 954 1103 um.
992 1074 1099 1109 [dutum
1119 1070 1219 1109 ἅκιςος]
1257 1072 1351 1099 Latina
1450 1078 1599 1105 ova,
1635 1080 1653 1098 1.
1684 1081 1711 1098 n.
1748 1072 1849 1105 [ascrae.
1876 1068 1965 1105 ἔχθη,
1990 1068 2113 1105 imma]
2151 1072 2193 1097 Ira
2207 1071 2369 1106 inueterata,
2393 1070 2497 1107 ὴιῳιῐιν

283 1115 335 1142 iam
348 1116 464 1148 nomina,
491 1115 617 1149 celerior,
644 1114 804 1141 Celerrimus.
861 1113 916 1150 Qi
935 1112 1027 1143 Ocyor
1041 1110 1173 1146 scribunt,
1192 1108 1298 1145 fi‘ustra
1316 1109 1353 1135 ad
1411 1108 1468 1136 Cic.
1481 1108 1564 1135 Tusc.
1579 1119 1603 1141 4,
1616 1115 1653 1134 21.
1687 1107 1757 1135 Ter.
1771 1107 1879 1134 Phorm.
1895 1115 1918 1142 ς,
1933 1116 1958 1146 9,
1971 1115 1998 1139 27
2019 1106 2116 1141 Neque
2130 1107 2291 1142 negligentia
2304 1115 2364 1142 tua,
2390 1115 2479 1142 neque

281 1151 409 1178 Graecam
420 1151 598 1177 deriuationem
609 1156 754 1186 prouocant,
773 1159 826 1176 cum
838 1156 869 1175 vt
881 1152 959 1180 ταχῦς
972 1151 1072 1180 razim,
1079 1148 1118 1172 ita
1131 1145 1190 1177 ὦκῦς
1204 1146 1274 1172 datm
1282 1144 1350 1180 scri·
1376 1153 1403 1176 25
1412 1144 1439 1171 id
1452 1143 1518 1171 odio
1533 1143 1596 1172 fecit
1608 1151 1665 1170 tuo.
1775 1143 1880 1178 Dignus
1896 1142 1962 1170 ocho
1975 1148 2020 1169 aut
2032 1142 2158 1170 irrisione
2182 1143 2238 1170 Cic.
2253 1142 2285 1169 de
2298 1143 2374 1170 Orat.
2382 1153 2405 1176 2,
2418 1151 2478 1173 205.
2514 1165 2517 1169 ‚

282 1187 343 1214 hant
356 1188 431 1213 etiam
444 1187 551 1213 Graeci.-
588 1195 611 1213 et
630 1187 720 1212 habent
734 1187 745 1212 Ι
761 1185 835 1211 etiam
851 1185 914 1211 libri
925 1184 1021 1218 optimi.
1094 1181 1163 1209 Ptin.
1179 1183 1215 1215 16,
1230 1189 1253 1213 31
1282 1179 1349 1213 Qi-
1411 1182 1494 1208 Atrox
1507 1179 1565 1206 odii
1578 1179 1725 1215 Agrippina
1745 1179 1836 1207 Tacit.
1852 1180 1919 1206 Ann.
1933 1188 1966 1211 12,
1980 1187 2018 1205 22¹.
2086 1179 2190 1207 Procax
2202 1178 2277 1212 odii,
2304 1186 2329 1206 et
2342 1178 2479 1214 potestatis

282 1222 343 1250 dam
358 1222 490 1249 breuitate
506 1221 626 1249 radicum
640 1222 750 1249 celerius
770 1221 899 1247 senescere
914 1219 1023 1246 arbores
1038 1224 1144 1254 putant:
1181 1216 1255 1252 quod
1271 1224 1347 1250 argu·
1411 1215 1603 1251 temperantior
1629 1215 1704 1243 Idem
1716 1215 1754 1242 ib.
1770 1225 1800 1248 ¹3,
1815 1218 1854 1247 46.
1875 1217 1919 1241 Al.
1936 1214 2003 1241 Otii.
2094 1215 2204 1241 Securus
2218 1215 2270 1241 iam
2283 1215 2341 1242 odii
2358 1214 2433 1242 Idem
2447 1214 2479 1240 in

281 1266 331 1286 unt
344 1259 404 1292 fici,
424 1267 537 1293 quarum
552 1258 652 1285 radices
665 1256 826 1291 longiffimae
837 1276 846 1290 ,
870 1262 896 1283 et
910 1255 1029 1281 senectus
1044 1254 1169 1281 ocissima.
1248 1251 1349 1279 Fulmi-
1408 1252 1458 1279 vit.
1474 1251 1616 1286 Agricolae
1631 1262 1666 1284 43·
1739 1252 1844 1278 Semina
1857 1251 1916 1278 odii
1942 1250 2025 1277 Ouid.
2039 1249 2071 1276 de
2085 1251 2148 1277 Arte
2162 1253 2219 1277 Am.
2233 1261 2255 1286 5,
2269 1259 2324 1284 5¹0·
2398 1252 2478 1278 Acer-

281 1295 324 1321 nis
339 1295 417 1321 ocior
429 1294 478 1321 alis
509 1295 587 1328 Virg.
601 1295 667 1321 Aen.
685 1302 708 1326 5,
721 1302 769 1326 319.
875 1291 961 1318 Ocior
973 1290 1079 1318 AffetSIu
1095 1290 1192 1317 mentis
1212 1288 1348 1324 pinnaque
1410 1288 1443 1315 ba
1459 1288 1520 1314 odia
1541 1288 1615 1322 Virg.
1628 1289 1694 1315 Aen.
1709 1298 1747 1324 10,
1760 1296 1820 1322 905.
1894 1288 1960 1313 Aere
1981 1287 2038 1313 Cic.
2053 1286 2085 1314 de
2100 1288 2203 1313 Inucnt'.
2217 1296 2242 1320 2,
2259 1293 2310 1317 108.
2391 1289 2478 1321 Aegra

280 1331 400 1358 cucurrit
434 1331 509 1358 Grat.
530 1330 631 1365 Cyncg.
652 1339 678 1356 v.
699 1338 755 1360 204.
798 1326 872 1361 Conf.
892 1328 932 1353 hic
950 1328 1039 1353 Barth.
1148 1326 1244 1352 Ceruis
1269 1324 1348 1351 ocior
1360 1331 1391 1355 30
1409 1323 1499 1350 Valet.
1515 1325 1614 1358 Argon.
1629 1323 1715 1357 ς,’14ς.
1822 1324 1967 1350 Aeternum
1988 1323 2076 1351 Senec.
2091 1323 2200 1349 Hercul.
2216 1324 2268 1350 fur.
2284 1324 2308 1350 6.
2380 1323 2478 1358 Aspera

280 1366 351 1394 Hor.
365 1367 454 1394 Carm.
469 1375 491 1400 2,
506 1369 541 1398 16,
554 1375 591 1398 23.
662 1365 734 1391 Euro
754 1362 831 1389 ocior
869 1362 940 1389 Hor.
959 1362 1044 1389 Scrm.
1064 1371 1088 1395 2,
1108 1363 1146 1395 16,
1167 1370 1208 1394 24.
1231 1368 1255 1387 et
1269 1360 1347 1394 Virg.
1409 1360 1588 1394 Virg.Aen.2‚
1602 1362 1646 1391 96.
1719 1359 1849 1386 Blandum
1863 1365 1888 1386 et
1901 1359 2007 1386 affabile
2029 1359 2116 1385 Senec.
2131 1358 2162 1385 de
2177 1359 2268 1386 Benef.
2282 1367 2304 1390 2,
2320 1368 2354 1393 ¹4·
2426 1358 2477 1385 Ca-

280 1403 346 1430 Aen.
360 1410 384 1436 8,
397 1411 444 1436 223.
524 1401 644 1428 Verbere
658 1400 754 1426 fundae
774 1399 870 1425 Lucan.
884 1406 904 1431 1,
918 1405 973 1429 230.
1083 1399 1154 1424 Aura
1173 1398 1242 1424 Hor.
1255 1397 1345 1423 Carni.
1407 1396 1498 1431 phale,
1518 1396 1573 1421 vicl.
1591 1401 1608 1421 C
1621 1401 1664 1421 ΑΡ
1675 1401 1697 1421 ν
1707 1401 1742 1421 T.
1815 1396 2010 1430 Compresslnn,
2030 1395 2083 1420 vid.
2097 1401 2114 1421 C
2126 1402 2146 1422 O
2160 1401 2185 1422 Μ
2196 1403 2210 1423 Ρ
2219 1403 2239 1423 R
2249 1402 2258 1421 1
2268 1401 2294 1421 M
2303 1400 2336 1422 0.
2409 1395 2476 1421 Cru-

280 1446 302 1475 1,
315 1448 338 1474 2,
353 1445 392 1471 48.
488 1436 597 1465 Ambitu
612 1437 704 1464 ociore
724 1435 790 1462 Plin.
806 1443 828 1467 2,
843 1438 866 1463 8.
938 1431 1065 1459 Senectus
1078 1433 1193 1459 ociffima
1211 1432 1248 1459 ld.
1266 1434 1302 1465 16,
1313 1441 1344 1463 3¹-
1408 1432 1466 1458 dele
1489 1432 1564 1466 Virg.
1583 1431 1647 1457 Aen.
1662 1440 1680 1466 1,
1692 1433 1746 1463 365·
1827 1430 1992 1457 Diuturnum
2013 1430 2071 1457 Cic.
2085 1431 2115 1457 in
2132 1431 2222 1458 Vatin.
2236 1433 2262 1458 6.
2370 1429 2476 1457 Hostile

318 1481 340 1502 0
350 1480 368 1501 c
382 1482 391 1500 1
402 1480 424 1500 Τ
433 1480 450 1500 E
459 1480 495 1507 R,
532 1481 550 1501 ο
560 1480 576 1501 c
586 1481 596 1500 1
605 1480 646 1500 vs
656 1493 665 1506 ,
708 1477 728 1498 Ο
738 1477 756 1498 C
766 1477 776 1496 1
788 1476 801 1497 S
814 1475 827 1495 S
837 1468 884 1496 ῐΜ
894 1475 921 1494 E.
958 1467 1026 1495 Adu.
1068 1468 1179 1501 [ὦκέως,
1217 1467 1346 1500 minuerent,
1407 1468 1499 1495 Tacit.
1516 1469 1584 1494 Ann.
1601 1476 1633 1497 15.
1705 1466 1831 1494 Ieiunum
1847 1466 1942 1492 odium
1951 1487 1958 1499 ,
1984 1466 2131 1501 Insatiabile
2162 1468 2255 1494 quen.
2270 1467 2321 1494 Sat.
2335 1475 2368 1499 15,
2384 1476 2418 1498 51.
2444 1467 2486 1492 de.

278 1509 425 1544 ὦκυτάτως]
462 1509 541 1543 Apul.
558 1510 622 1535 Met.
635 1518 655 1541 1,
669 1517 694 1542 p.
711 1515 759 1540 ¹¹33
781 1505 887 1538 Pofitiuo
902 1505 1002 1536 Ocyter
1017 1503 1076 1539 vsus
1088 1503 1129 1539 est.
1172 1503 1273 1529 Cae-teri
1283 1512 1344 1537 gra-
1363 1510 1389 1533 35
1407 1504 1587 1538 Aegyptiorum
1602 1503 1674 1530 odiis.
1764 1503 1883 1528 Immane
1902 1508 1927 1528 et
1940 1501 2047 1529 crudele
2061 1501 2236 1530 barbarorum
2249 1504 2279 1529 in
2292 1502 2397 1529 hostem
2417 1501 2476 1529 Cic.

277 1547 324 1573 dns
332 1544 536 1579 frequentiores,
566 1551 595 1569 vt
615 1544 685 1570 Ter.
699 1543 767 1569 Eun.
783 1550 806 1576 3,
819 1551 841 1574 5,
854 1543 882 1567 61
908 1540 1037 1575 Perlonge
1050 1540 1103 1574 est,
1128 1538 1170 1566 sed
1186 1545 1258 1565 tanto
1271 1538 1346 1564 ocius
1407 1547 1458 1573 pro
1474 1538 1558 1566 Plane.
1575 1548 1609 1571 71.
1682 1538 1838 1565 Immortale
1857 1539 1949 1565 quen.
1964 1539 2014 1566 Sat.
2030 1547 2062 1570 15,
2080 1547 2118 1572 34.
2200 1538 2372 1567 Incxorabile
2392 1537 2489 1566 Ouid.-

277 1589 467 1616 properemus‚
486 1585 559 1606 muta
573 1579 680 1606 vestem.
759 1578 815 1604 Cic.
835 1577 925 1604 Somn.
940 1576 1009 1610 Scip.
1023 1583 1049 1602 21
1070 1576 1154 1610 quue
1167 1575 1242 1602 ocius
1254 1574 1345 1607 faciet,
1407 1576 1472 1601 Met.
1486 1584 1509 1607 5,
1521 1583 1573 1606 245.
1677 1573 1859 1609 Inexpiabile,
1895 1574 2023 1601 Infestum
2033 1597 2041 1609 ‚
2071 1575 2126 1601 vid.
2142 1575 2181 1602 hb.
2200 1584 2245 1602 vv.
2352 1575 2408 1603 Cic.
2423 1582 2476 1609 pro
2514 1591 2515 1594 =

279 1616 299 1644 fi
313 1617 366 1644 iam
385 1622 452 1649 tum,
466 1625 549 1650 quum
564 1615 616 1642 erit
628 1615 760 1647 inclusus,
780 1614 809 1640 in
822 1622 936 1648 corpore
950 1611 1079 1638 eminebit
1093 1612 1174 1638 foras.
1271 1610 1345 1637 Idem
1407 1611 1490 1637 Corn.
1505 1610 1577 1637 Balb.
1591 1612 1621 1636 62
1641 1609 1691 1637 Sed
1703 1610 1720 1636 fi
1735 1611 1782 1645 qui
1795 1611 1870 1643 sunt,
1887 1610 1985 1644 quibus
2000 1610 2139 1638 Infinitum
2152 1610 2181 1638 fit
2194 1611 2306 1646 odium,
2327 1611 2356 1638 in
2371 1619 2426 1646 quo
2440 1611 2478 1637 se.

276 1652 360 1681 Tusc.
372 1662 400 1686 4,
415 1661 440 1684 3²
457 1661 478 1679 c.
494 1661 518 1683 14
546 1651 586 1678 Sic
601 1651 641 1678 illi
656 1651 684 1677 in
699 1649 827 1677 morbum
847 1655 873 1676 et
889 1648 1011 1675 incidunt
1031 1647 1148 1681 tardius,
1179 1652 1205 1674 et
1225 1655 1345 1673 recreau-
1406 1647 1459 1673 mel
1473 1647 1616 1681 susceptum
1629 1645 1674 1678 sit,
1696 1654 1762 1680 quos
1778 1646 1858 1672 video
1874 1647 2036 1680 nonnullos,
2056 1654 2100 1673 etc.
2192 1647 2311 1683 Insigne,
2343 1649 2397 1674 vid.
2414 1642 2492 1674 IN:
2511 1648 2513 1650 ’

275 1694 323 1715 tur
335 1688 420 1715 ocius.
517 1688 675 1714 Deseremur
694 1686 769 1712 ocius
790 1694 804 1712 a
823 1693 852 1712 re
873 1684 996 1720 publica,
1033 1693 1112 1719 quam
1132 1693 1147 1710 a
1167 1692 1196 1710 re
1216 1681 1344 1709 familiari
1357 1691 1390 1716 40
1407 1689 1468 1709 SIG
1479 1689 1555 1710 le.
1627 1682 1737 1709 Intitum
1751 1682 1855 1718 penitus
1874 1682 1930 1709 Cic.
1945 1682 1978 1709 de
1992 1683 2061 1717 Lege
2076 1684 2244 1718 Agrar.2,14.
2318 1681 2476 1711 Intestinum'

277 1723 352 1751 Idem
368 1724 422 1751 Att.
435 1727 472 1757 16,
486 1732 505 1755 3.
584 1724 627 1750 Ire
641 1723 716 1748 ocius
735 1722 811 1756 Virg.
828 1723 893 1748 Aen.
910 1727 933 1754 8,
948 1728 1000 1753 ςςς.
1080 1721 1208 1754 Peragere
1223 1719 1285 1745 iussa
1298 1718 1345 1744 ali·
1407 1719 1515 1750 odium,
1559 1718 1705 1752 intimum,
1745 1720 1798 1747 vid.
1818 1720 1858 1744 hh.
1873 1718 1896 1747 ll.
2006 1720 2189 1746 Inueteratum
2230 1719 2288 1747 Cic.
2300 1719 2330 1746 in
2344 1719 2435 1747 Vatin,
2447 1720 2475 1746 6.

278 1758 354 1786 euius
368 1759 443 1785 ocius
465 1758 562 1785 Seneca
574 1757 687 1785 Troade
701 1758 720 1784 s.
735 1759 759 1783 6.
833 1756 977 1783 Peruenire
990 1755 1065 1781 ocius
1080 1755 1111 1781 ad
1125 1755 1243 1789 aliquem
1256 1754 1345 1780 locum
1407 1754 1474 1781 Iusta
1496 1753 1629 1786 Qunffil.
1645 1764 1668 1789 5,
1682 1763 1714 1786 ¹3-
1810 1754 1910 1782 Iustum
1924 1760 1951 1782 et
1965 1755 2086 1782 debiturn
2098 1756 2222 1782 omnium
2237 1755 2393 1782 mortalium
2414 1754 2472 1782 Cic.

278 1794 336 1822 Cic.
351 1803 400 1826 pro
422 1793 516 1825 Quint.
533 1803 569 1826 43.
665 1793 749 1819 Ocius
769 1800 862 1818 omnes
881 1791 1013 1825 surgimus
1051 1790 1131 1816 Ouid.
1151 1791 1216 1816 Met.
1239 1799 1270 1821 12,
1290 1791 1344 1815 226.
1406 1789 1436 1816 in
1453 1790 1537 1815 Pisou.
1551 1799 1584 1821 33.
1681 1790 1826 1822 Mutuum,
1846 1791 1900 1816 vid.
1916 1798 1940 1817 M
1954 1798 1975 1817 v
1986 1797 2009 1817 T
2022 1798 2043 1816 ν
2056 1798 2076 1817 ν
2089 1798 2112 1817 s.
2183 1791 2313 1819 Naturale
2333 1792 2483 1824 Plin.8,18.*
2501 1806 2504 1812 ι

278 1829 412 1861 Ociffime.
443 1828 595 1863 [ω’ἑύτατα]
633 1828 702 1854 Ter.
718 1828 816 1853 Heaut.
830 1836 854 1858 4,
868 1832 892 1859 8,
908 1831 936 1855 28
961 1825 1057 1852 Tanto
1077 1825 1151 1852 ocius
1166 1831 1190 1851 te
1203 1830 1233 1851 vt
1247 1825 1344 1859 poscat,
1406 1824 1570 1852 Nouercalia
1596 1824 1687 1850 Tacit.
1704 1825 1772 1850 Ann.
1787 1833 1807 1856 1,
1821 1828 1845 1851 6.
1925 1824 2007 1850 Nuda
2027 1826 2089 1851 Stat.
2104 1826 2198 1854 Theb.
2213 1837 2240 1860 9,
2252 1836 2296 1854 20.
2378 1827 2474 1854 Occlu-
2497 1822 2500 1827 ’

277 1872 305 1893 et
317 1873 345 1892 tu
361 1865 388 1891 id
403 1863 476 1899 quod
489 1864 580 1899 cupis,
619 1872 698 1897 quam
713 1862 828 1889 ociffime
846 1869 875 1890 vt
888 1862 942 1889 deS.
1035 1861 1136 1888 Sallust.
1151 1860 1270 1896 Iugurth.
1284 1868 1305 1887 c.
1319 1869 1345 1892 25
1361 1867 1389 1892 45
1406 1862 1481 1894 sum,
1506 1860 1561 1886 vid.
1582 1866 1602 1886 O
1613 1865 1629 1885 C
1639 1865 1656 1886 C
1666 1865 1683 1885 1.
1697 1865 1718 1884 v
1732 1865 1750 1885 D
1761 1865 1792 1886 0.
1885 1859 1996 1886 Occulta
2022 1861 2078 1887 Cic.
2093 1861 2165 1888 Fam.
2180 1873 2197 1895 1,
2212 1872 2236 1895 ι).
2314 1862 2474 1897 Perniciale,

278 1903 367 1936 Quam
382 1900 497 1927 ociffime
512 1899 678 1934 prouinciam
694 1898 805 1925 accedat.
1406 1897 1462 1922 vid.
1483 1903 1498 1922 Ρ
1509 1903 1524 1922 Ε
1534 1902 1553 1922 R
1565 1902 1586 1921 N
1597 1902 1606 1921 1
1617 1902 1634 1922 c
1647 1902 1656 1921 1
1668 1902 1686 1922 E
1697 1901 1725 1923 s.
1835 1896 1983 1923 Pertinacia
2005 1896 2096 1924 Tacit.
2112 1897 2179 1924 Hist.
2194 1906 2222 1930 4.
2238 1905 2274 1930 43.
2368 1896 2474 1927 Priuata'

316 1944 336 1964 o
347 1943 365 1964 c
379 1943 422 1963 ΥΡ
434 1935 450 1962 1}
461 1942 483 1962 'r
497 1943 530 1968 Ε,
550 1944 585 1963 eS.
616 1935 636 1963 f.
674 1934 834 1969 [Ὠκυπέτη]
877 1934 931 1959 Vna
942 1942 972 1959 ex
986 1933 1113 1967 Harpyis,
1126 1933 1165 1966 ssc
1177 1933 1255 1966 dille,
1281 1933 1347 1967 quod
1405 1932 1480 1961 Idem
1498 1933 1564 1958 Ann.
1579 1940 1602 1964 2,
1616 1937 1656 1961 80.
1730 1931 1864 1965 Pretiosa,
1885 1938 1909 1959 et
1923 1932 2069 1959 constantia
2081 1942 2178 1968 magno
2201 1933 2284 1960 Ouid.
2298 1934 2378 1968 Epist.
2392 1944 2416 1967 7,
2429 1944 2472 1969 49.
2486 1939 2489 1944 “

277 1975 377 2001 alarum
389 1972 520 1997 velocitate
530 1970 632 2005 pollent:
670 1972 731 2000 ω’κῦς
743 1970 808 1996 enim
824 1969 889 1996 celer
901 1976 926 1995 et
940 1970 1003 1996 citus
1015 1969 1128 2002 dicitur,
1159 1974 1261 2002 πέτομαι
1282 1969 1345 1995 volo.
1407 1969 1507 1995 Recens
1545 1967 1637 1994 Tacit.
1653 1968 1721 1994 Ann.
1735 1977 1764 2002 4,
1779 1976 1812 2002 15.
1921 1968 2095 1995 Vatinianun]
2105 1989 2113 2001 ‚
2155 1970 2210 1995 vill.
2231 1975 2252 1994 v
2261 1976 2283 1995 A
2295 1976 2316 1996 Τ
2327 1976 2338 1995 1
2351 1976 2375 1996 N
2388 1976 2398 1995 1
2411 1976 2432 1994 v
2443 1973 2474 1999 s'„

282 2009 341 2035 Vid.
358 2008 430 2033 Seru.
442 2009 477 2031 ad
488 2007 554 2031 Aen.
570 2015 590 2037 3,
604 2013 666 2037 209.
1406 2005 1491 2031 Vetus
1512 2005 1603 2030 Tacit.
1620 2005 1689 2030 Ann.
1704 2015 1727 2036 4,
1742 2012 1777 2031 12.
1850 2004 1951 2031 Viuida
1965 2004 2027 2031 odia
2063 2005 2136 2032 Idem
2151 2005 2187 2031 ib.
2198 2012 2278 2039 1,·,49.
2413 2003 2434 2043 ἢ
2451 2014 2466 2035 u

315 2049 336 2069 ο
346 2049 363 2070 C
372 2049 391 2069 Υ
399 2048 418 2068 R
427 2038 448 2067 ὅ
457 2046 473 2066 Ε
482 2058 490 2070 ,
510 2049 545 2065 es.
560 2039 580 2065 f.
618 2038 760 2073 [Ὠκυρόη]
797 2038 921 2071 Nympha,
935 2037 1051 2062 Chironis
1058 2038 1179 2061 Centauri
1186 2038 1254 2070 filia,
1273 2046 1345 2070 quam
1358 2043 1391 2064 50
1408 2040 1509 2062 Formae
1526 2039 1655 2062 Verborum
1663 2049 1670 2061 .-
1709 2039 1813 2065 Adduci
1825 2040 1891 2066 odio
1902 2060 1909 2073 ‚
1936 2043 1992 2067 vid.
2022 2047 2045 2067 Α
2056 2047 2075 2067 D
2086 2047 2104 2067 D
2113 2047 2132 2066 v
2143 2047 2160 2067 c
2170 2048 2199 2069 Ο,
2292 2040 2414 2068 Aduertjt
2423 2049 2462 2068 re.

271 2077 428 2113 fabulantur
442 2077 532 2102 Poetae
539 2074 619 2109 fuiffi*
627 2074 785 2109 fatidicam,
808 2074 957 2106 eandemque
977 2072 1005 2095 in
1022 2079 1107 2104 equam
1127 2073 1226 2095 tandem
1247 2079 1345 2096 conuer-
1406 2071 1509 2102 centia,
1529 2076 1672 2103 veteraque
1685 2072 1748 2097 odia
1786 2074 1878 2099 Tacit.
1893 2077 1961 2100 Anu.
1975 2086 1999 2106 4,
2013 2085 2046 2105 ¹5.
2154 2077 2257 2103 Assem-e
2269 2077 2365 2104 *odjum
2408 2068 2459 2103 vij·

271 2113 339 2150 sam.
387 2113 444 2140 Vid.
459 2111 542 2139 Ouid.
555 2111 621 2139 Met.
635 2119 659 2143 2,
673 2112 718 2145 639
734 2110 790 2144 squ.
835 2108 930 2135 Nomen
945 2106 1109 2134 celeritatem
1122 2105 1200 2132 fluuii
1205 2105 1346 2141 fignfficat.
1407 2112 1430 2132 A
1441 2112 1457 2132 F
1467 2112 1483 2131 F
1494 2112 1509 2131 Ε
1520 2112 1538 2132 R
1549 2112 1579 2131 o.
1687 2105 1772 2139 Agere
1787 2113 1892 2133 aeterna
1904 2108 1966 2133 odia
1991 2110 2079 2136 Senec.
2092 2112 2173 2138 Herc.
2193 2113 2245 2140 fur.
2260 2115 2283 2139 6.
2360 2097 2462 2139 A⁹lendis

1407 2141 1546 2168 materiam
1560 2140 1690 2176 praestare
1709 2141 1802 2169 Claud.
1818 2143 1846 2168 in
1856 2151 1894 2177 pr.
1903 2143 1983 2169 Cons.
1997 2144 2084 2179 Sti1.2‚
2099 2152 2151 2180 178.
2233 2148 2290 2175 Cic.
2306 2157 2355 2181 pro
2371 2146 2464 2175 Milon.

731 2185 760 2217 O
859 2182 890 2215 D
1406 2187 1443 2211 40
1473 2177 1571 2204 Omnia
1585 2183 1641 2203 tum
1656 2177 1772 2214 denique
1785 2179 1815 2204 in
1829 2178 1905 2205 illum
1918 2178 1982 2206 odia
1994 2180 2097 2207 ciuium
2114 2181 2248 2210 Ardebant
2261 2183 2391 2211 desiderio
2405 2182 2464 2210 mei.

1299 2250 1303 2255 ,
1361 2222 1389 2245 55
1406 2215 1507 2254 Capere
1522 2213 1631 2246 Odium,
1661 2214 1715 2254 vif!-
1737 2220 1755 2242 C
1767 2221 1790 2242 A
1799 2222 1815 2242 P
1825 2222 1834 2240 1
1844 2221 1873 2241 Ο.
1979 2216 2088 2244 Certare
2100 2217 2171 2245 odiis
2212 2219 2288 2255 Virg.
2303 2221 2368 2248 Aen.
2380 2228 2418 2253 10,
2430 2227 2465 2251 14.

316 2264 414 2290 onA,
434 2267 479 2292 ae,
513 2258 557 2284 vel
578 2263 669 2290 ons,
690 2264 726 2283 es.
758 2254 779 2281 f.
818 2254 921 2280 Cantus.
958 2252 1062 2280 Αυξὶοι·
1075 2251 1194 2286 opusculi
1211 2250 1243 2278 de
1258 2250 1347 2278 Plulo-
1408 2251 1468 2277 Liu.
1486 2259 1520 2283 21,
1535 2259 1551 2277 1.
1626 2249 1762 2284 Colligere
1783 2250 1864 2277 Ouid.
1881 2252 1944 2278 Met.
1959 2260 1983 2285 3,
1995 2261 2048 2286 2³9·
2129 2254 2301 2289 conciliare,
2337 2255 2468 2290 Concipe·-

278 2296 349 2323 mela
363 2304 390 2325 25
427 2295 458 2321 Et
472 2294 590 2321 merulus
604 2292 745 2320 modulans
758 2297 812 2318 tam
825 2288 924 2324 pulcris
938 2289 1056 2315 concinit
1069 2288 1136 2315 odis.
1186 2289 1237 2314 Hoc
1250 2288 1346 2314 nomine
1409 2296 1437 2313 re
1446 2307 1454 2319 ‚
1481 2285 1580 2321 vi.l.ffi
1593 2284 1618 2311 ll.
1699 2286 1858 2313 concitare
1886 2287 2017 2320 Quinem.
2033 2290 2058 2320 6,
2072 2297 2090 2314 1.
2187 2291 2330 2317 Concitare
2343 2299 2470 2326 magnum

279 2331 452 2368 inscribuntur
466 2331 542 2356 etiam
556 2330 677 2356 Carmina
691 2328 783 2362 Lyrica
801 2326 897 2352 Horat.
1408 2323 1437 2350 in
1450 2322 1564 2357 aliquem
1595 2321 1651 2349 Cic.
1667 2320 1699 2348 de
1713 2323 1816 2349 Inuent.
1832 2332 1849 2356 1,
1865 2330 1921 2348 100.
2015 2322 2209 2357 Concoquere,
2240 2325 2292 2351 vid.
2313 2332 2330 2353 c
2342 2332 2361 2352 ο
2371 2333 2422 2353 Nc
2434 2332 2468 2353 0.

319 2373 341 2394 ο
353 2372 450 2393 DARI
460 2372 481 2391 v
492 2371 519 2391 Μ
529 2385 537 2398 ,
561 2365 580 2391 1.
603 2374 629 2391 11.
652 2364 793 2390 Cantilena.
832 2361 912 2388 Gloss'.
928 2361 1033 2387 Petron.
1049 2369 1069 2386 c.
1084 2368 1111 2391 53
1131 2358 1231 2386 Odaria
1244 2359 1346 2385 saltare.
1410 2366 1462 2398 qv
1473 2364 1500 2384 0.
1585 2358 1720 2384 Conflatus
1735 2358 1799 2385 odio
1821 2357 1954 2391 Qninffil.
1967 2365 1989 2391 ς,
2002 2368 2024 2391 7.
2101 2360 2156 2387 Cic.
2170 2368 2219 2393 pro
2234 2360 2323 2388 Deiot.
2340 2366 2362 2390 18
2383 2361 2410 2388 Si
2425 2370 2468 2397 pa-

317 2409 338 2429 o
349 2409 368 2429 D
380 2408 400 2427 Α
411 2408 448 2428 111
458 2408 480 2428 Α
491 2408 509 2427 R
521 2408 528 2427 1
540 2407 561 2427 V
572 2407 602 2433 s,
626 2400 645 2426 i.
664 2409 700 2426 m.
738 2398 925 2424 cantilenarum
939 2395 1063 2429 magister.
1091 2396 1150 2422 Vct.
1167 2396 1245 2421 Inscr.
1261 2396 1283 2420 V
1294 2395 1346 2422 IR-
1358 2394 1394 2420 60
1408 2395 1460 2422 lam
1474 2400 1500 2420 te
1515 2393 1697 2427 interemisset,
1717 2395 1840 2421 omnium
1853 2395 1881 2419 in
1895 2395 1919 2419 se
1935 2394 2054 2428 gentium
2068 2404 2122 2421 non
2135 2395 2220 2421 solum
2233 2395 2312 2432 odia,
2332 2397 2374 2423 sed
2388 2403 2468 2424 etiam

282 2438 427 2466 GILIVS
446 2434 790 2463 EPAPHRODITVS
816 2432 1045 2460 MAGISTER
1066 2431 1347 2460 ODARIARIVS.
1407 2439 1481 2458 arma
1496 2430 1682 2457 Conuertiss'et.
1756 2431 1854 2457 creare
1875 2429 2101 2457 IdemdeOrat.2.
2120 2431 2303 2458 vid.CREo.
2374 2432 2481 2468 Depel-¹

285 2476 345 2502 Vid.
361 2473 464 2502 Reines.
477 2472 553 2500 Claff.
568 2481 590 2499 11
603 2481 629 2499 n.
643 2477 678 2503 81.
698 2478 722 2498 et
736 2469 850 2497 Fabrett.
865 2478 890 2504 p.
905 2470 956 2502 716.
1406 2468 1462 2495 lere
1484 2466 1555 2493 Idem
1570 2467 1640 2492 Fam.
1656 2474 1715 2497 12,1.
1796 2467 1938 2500 Dcponere
1963 2467 2051 2493 Senec.
2066 2467 2146 2494 Herc.
2160 2466 2214 2493 fur.
2229 2467 2246 2494 s.
2261 2468 2285 2494 6.
2342 2467 2468 2496 Diffidere

336 2505 338 2508 ’
1408 2504 1474 2530 odio
1490 2502 1605 2536 quodam
1621 2509 1646 2528 et
1662 2502 1765 2529 diffidio
1781 2502 1813 2528 ab
1827 2502 1960 2536 aliquibus
1982 2503 2038 2529 Cic.
2051 2512 2101 2538 pro
2114 2503 2196 2529 Corn.
2215 2502 2285 2529 Balb.
2299 2512 2339 2536 30.
2408 2504 2466 2532 Dis-

697 2546 726 2578 0
808 2544 838 2576 D
919 2542 947 2575 E
1407 2539 1491 2567 sidere
1505 2539 1607 2573 capitali
1622 2538 1654 2565 ab
1669 2538 1760 2574 aliquo
1779 2538 1852 2565 Idem
1867 2538 1898 2565 de
1913 2538 2020 2565 Amicit.
2035 2547 2059 2566 2.
2169 2537 2311 2566 Effundere
2324 2539 2461 2574 occlusum,

1362 2575 1394 2604 65
1407 2577 1462 2601 vid.
1487 2581 1506 2602 Ο
1518 2582 1534 2601 C
1543 2581 1560 2601 C
1572 2581 1588 2601 1.
1600 2581 1620 2600 V
1630 2581 1647 2601 D
1658 2582 1688 2601 O.
1761 2575 1882 2601 Excitare
1899 2574 2024 2601 acerbum
2044 2574 2100 2601 Cic.
2114 2573 2146 2600 de
2161 2574 2236 2600 Orat.
2244 2583 2266 2607 2,
2276 2581 2332 2605 208.
2398 2575 2460 2603 Ε’π-

320 2623 368 2648 on
379 2619 478 2653 E'VM,
506 2618 526 2645 i.
554 2627 582 2645 n.
620 2616 729 2652 [ω’δὲἶον]
766 2613 850 2650 Qafi
859 2621 885 2640 tu
900 2612 1058 2640 Cantorium
1071 2612 1154 2646 dicas,
1179 2612 1245 2637 locus
1256 2614 1347 2637 carmi.
1408 2611 1470 2638 dere
1483 2611 1576 2637 vrbem
1594 2610 1665 2636 odiis
1689 2610 1765 2645 Virg.
1780 2612 1844 2637 Aen.
1859 2619 1882 2643 ς,
1895 2613 1952 2644 786.
2051 2610 2179 2636 Exercere
2199 2610 2280 2637 Ouid.
2294 2611 2409 2647 Epistol,
2419 2618 2464 2646 4¹1.

284 2655 356 2682 nibus
368 2663 392 2681 et
404 2654 518 2681 cantibus
531 2654 674 2679 exercendis
687 2651 829 2687 destinatus.
863 2651 993 2676 Laudatur
1002 2649 1056 2676 Cic.
1065 2649 1149 2682 Att.4,
1159 2649 1183 2675 16
1197 2648 1348 2675 Monimen-
1408 2648 1537 2674 Exercet-f—
1552 2647 1667 2681 aliquem
1681 2646 1752 2673 odiis
1778 2647 1855 2681 Virg.
1869 2647 1934 2672 Aen.
1948 2656 1972 2679 4,
1986 2646 2042 2676 623.
2132 2645 2244 2680 Explere
2258 2646 2352 2674 odium
2370 2646 2465 2674 strictis

283 2696 341 2718 tum
354 2691 433 2721 illud,
441 2689 512 2724 quod
528 2695 555 2716 tu
565 2689 660 2716 tollere
671 2686 791 2714 laudibus
802 2684 1252 2717 solebas,vtodeumlaxa1·emu3,et
1265 2692 1348 2717 vsque
1407 2683 1582 2710 mucronibus
1606 2682 1699 2708 Claud.
1715 2681 1746 2708 de
1761 2682 1825 2708 Bell.
1842 2682 1900 2707 Get.
1914 2683 1974 2714 609.
2082 2681 2244 2715 Expromere
2271 2683 2327 2710 Cic.
2342 2685 2395 2710 Att.
2408 2690 2431 2717 2,
2443 2688 2466 2715 8.
2514 2687 2517 2692 “

284 2727 319 2754 ad
333 2727 430 2753 atrium
447 2720 590 2754 Libertatis
605 2725 812 2760 explicaremus:
840 2722 1026 2748 contemfimus
1044 2721 1186 2747 sexcenties
1208 2725 1261 2745 Hs.
1303 2720 1347 2743 Vbi
1407 2719 1502 2745 Facere
1519 2718 1611 2745 odium
1626 2717 1775 2743 studiorum
1796 2715 1927 2749 Quinctil.
1941 2725 1960 2749 1,
1974 2725 1994 2748 3.
2100 2718 2180 2744 Ferre
2193 2726 2224 2746 ex
2237 2717 2327 2754 aliqua
2338 2728 2370 2746 re
2393 2719 2466 2751 Idem

286 2763 425 2796 interpres,
447 2762 568 2797 Odeum,
589 2770 646 2796 pars
660 2758 792 2790 aedificii,
818 2756 927 2784 auclore
941 2756 1070 2783 Vitruuio
1080 2777 1087 2789 ,
1105 2765 1172 2791 quae
1186 2754 1280 2781 Latine
1294 2753 1347 2780 dici
1362 2761 1395 2785 70
1408 2763 1430 2786 5,
1445 2763 1480 2786 ¹4·
1553 2753 1643 2779 Finire
1657 2761 1774 2778 amorem
1789 2752 1854 2778 odio
1877 2751 1958 2779 Ouid.
1975 2752 2084 2779 Remed.
2099 2754 2190 2780 Amor.
2204 2756 2256 2787 657.
2348 2754 2468 2790 Flagrare

285 2798 487 2824 cantilenarium
501 2798 598 2832 potest:
620 2796 652 2823 de
666 2804 720 2831 quo
733 2793 870 2821 Pausanias
883 2799 910 2818 et
922 2792 1029 2819 caeteri.
1066 2793 1116 2818 Sed
1128 2791 1239 2818 melioret
1253 2790 1348 2829 legunt,
1406 2788 1472 2816 odio
1493 2788 1602 2814 alicuius
1643 2788 1731 2814 Senec.
1753 2787 1847 2815 061311.
1866 2798 1891 2815 v.
1909 2796 1956 2820 132.
2064 2789 2186 2824 Flagrate
2200 2795 2295 2818 mutuo
2307 2791 2388 2825 odio,
2410 2786 2466 2819 v'id.

285 2833 324 2861 Vt
337 2834 426 2860 forum
443 2834 595 2864 laxaremus.
670 2831 770 2858 Certior
782 2831 871 2856 mentio
885 2828 955 2855 Odci
970 2829 1078 2854 Vitruu.
1094 2837 1116 2858 ς,
1129 2837 1144 2861 9
1158 2834 1199 2861 pr.
1226 2824 1347 2857 Athenis,
1407 2831 1464 2851 MV
1476 2830 1498 2851 T
1511 2830 1531 2850 v
1545 2830 1566 2849 V
1579 2830 1601 2849 s.
1699 2824 1830 2858 Frangere
1857 2823 1988 2857 Qtinclil.
2003 2826 2029 2858 6,
2041 2834 2062 2857 3.
2153 2826 2254 2853 Cerere
2280 2827 2338 2855 Sen.
2354 2826 2466 2859 Thyest.

286 2883 333 2891 —--
358 2870 514 2896 exeuntibus
529 2879 543 2896 e
557 2868 662 2896 theatro
673 2867 774 2894 sinissra
785 2871 859 2900 parte
873 2864 996 2898 Odeum,
1023 2862 1095 2898 quod
1110 2861 1220 2889 Athenis
1235 2860 1347 2887 Pericles
1407 2860 1456 2893 1“.4.
1529 2860 1630 2886 Gererc
1643 2859 1736 2885 odium
1751 2860 1873 2886 aduersus
1895 2860 1961 2887 Plin.
1977 2865 2002 2893 8,
2016 2866 2048 2890 ¹8·
2120 2861 2228 2889 Habere
2241 2871 2368 2897 magnum
2378 2863 2407 2890 in
2419 2863 2466 2890 ali-

287 2906 419 2933 columnis
435 2905 545 2939 lapideis
559 2904 703 2941 disposuit,
737 2901 902 2936 nauiumque
923 2900 1016 2932 malis,
1054 2905 1080 2926 et
1093 2897 1215 2925 antennis
1229 2906 1244 2923 e
1257 2897 1348 2932 spoliis
1408 2905 1488 2931 quem
1514 2895 1568 2922 Cic.
1584 2895 1615 2922 de
1634 2898 1736 2922 lnuent.
1750 2905 1772 2929 2,
1787 2905 1839 2929 109.
1912 2895 2019 2923 Habere
2033 2896 2126 2924 odium
2140 2898 2276 2925 seruitutis
2300 2899 2338 2926 Id.
2353 2899 2467 2935 Philipp.

286 2938 395 2970 Persicis*
409 2941 549 2976 pertexuit.
645 2940 727 2966 Etiam
735 2940 821 2964 Romae
829 2937 938 2971 suerunt
952 2935 1041 2968 0dea,
1066 2944 1165 2970 quarum
1180 2942 1255 2959 mmm
1269 2943 1284 2959 a
1296 2934 1348 2959 Do-
1364 2940 1392 2966 75
1408 2942 1430 2965 5,
1444 2937 1478 2965 38.
1574 2932 1723 2966 Importare
1738 2932 1817 2958 alicui
1845 2932 1913 2959 Hor.
1928 2932 2006 2967 Epist.
2022 2942 2042 2966 1,
2056 2942 2086 2966 13,
2099 2942 2126 2967 4.
2222 2934 2366 2962 Incendere
2384 2936 2412 2962 in
2431 2935 2475 2970 se„
2489 2942 2502 2969 ¹.

284 2977 401 3005 mitiano
415 2975 558 3003 excitatum
569 2983 684 3002 memorat
702 2975 810 3002 Sueton.
825 2982 847 2999 c.
860 2982 882 3004 5.
908 2973 939 2998 it.
954 2972 1063 3007 Eutrop.
1078 2980 1090 3003 7
1106 2978 1171 2997 extr.
1263 2970 1349 2995 Etiam
1408 2969 1461 2996 vid.
1486 2975 1526 2995 1N
1537 2973 1555 2995 c
1566 2974 1582 2993 E
1597 2975 1617 2994 N
1633 2974 1651 2994 D
1661 2975 1689 2995 O.
1796 2969 1934 2995 Incurrere
1956 2969 1984 2995 in
2002 2968 2159 3002 hominum,
2190 2970 2245 2997 vid.
2269 2978 2308 2997 ΙΝ
2320 2977 2338 2998 c
2350 2978 2371 2998 v
2381 2978 2401 2998 R
2411 2977 2466 3001 RQ.

286 3013 421 3041 Anunian.
438 3014 473 3045 16,
487 3021 515 3038 10
561 3011 667 3038 Odeum
680 3012 747 3036 inter
760 3009 855 3036 decora
869 3007 943 3035 vrbis
956 3014 1078 3034 aeternae
1093 3012 1218 3032 memorat.
1275 3006 1347 3031 Add.
1408 3004 1529 3032 Indicare
1543 3003 1635 3030 odium
1656 3005 1714 3030 Cic.
1727 3004 1799 3030 Fam.
1815 3014 1833 3036 3.
1941 3004 2045 3032 Inferre
2067 3005 2159 3032 Tacit.
2175 3008 2241 3032 Ann.
2256 3015 2292 3040 ις,
2306 3016 2352 3041 49.
2422 3008 2466 3035 In.

287 3050 410 3075 Philand.
424 3050 459 3074 ad
471 3047 579 3074 Vitruu.
592 3048 610 3073 Ι.
625 3056 645 3074 c.
678 3045 780 3080 casaub.
793 3047 829 3071 ad
840 3043 986 3079 Theophr.
1002 3053 1026 3078 p.
1041 3053 1085 3076 133.
1108 3041 1221 3069 Saluian.
1234 3041 1266 3068 de
1277 3040 1348 3068 Gub.
1409 3041 1545 3067 flammare
1561 3039 1639 3066 vrbes
1653 3040 1723 3066 odiis
1744 3041 1804 3067 Stat.
1819 3039 1911 3067 Theb.
1925 3050 1945 3074 3,
1960 3046 2007 3073 338.
2080 3041 2222 3068 Intendere
2240 3042 2309 3070 Tac.
2318 3044 2425 3077 Arum,
2433 3052 2466 3075 15.

286 3085 341 3112 Dei
353 3087 369 3111 6
383 3093 407 3119 p.
421 3092 466 3117 199
480 3093 502 3110 c.
514 3090 564 3110 not.
580 3082 697 3108 Rittersh.
711 3090 735 3115 p.
753 3086 802 3113 ¹89·
1407 3078 1518 3104 Inurere
1539 3076 1595 3103 Cic.
1612 3085 1660 3111 pro
1677 3076 1765 3103 Domo
1779 3085 1816 3109 02.
1886 3078 1993 3104 Irruere
2006 3076 2035 3103 in
2050 3076 2143 3104 odium
2156 3077 2284 3111 alicuius,
2313 3085 2359 3113 pro
2370 3079 2466 3108 Venire.
2499 3102 2501 3107 .

324 3127 371 3148 OD
382 3125 478 3147 EFAC
488 3126 498 3146 1
508 3126 544 3153 ο,
579 3119 691 3145 Veteres
711 3125 761 3150 pro
774 3116 882 3143 Olfacio
903 3115 1044 3149 dixerunt,
1067 3113 1123 3150 teste
1137 3112 1222 3142 Festo.
1276 3114 1350 3139 Nem-
1365 3119 1397 3144 80
1409 3113 1465 3139 Cic.
1481 3114 1558 3139 Verr.
1572 3113 1630 3139 Aac.
1645 3122 1663 3147 1,
1679 3121 1704 3146 33
1728 3112 1784 3145 Qu
1805 3112 1874 3147 quali
1896 3113 1928 3140 de
1946 3112 2075 3140 industria
2089 3114 2117 3139 in
2132 3113 2226 3141 odium
2240 3107 2474 3150 offensionemque-
2485 3126 2499 3138 ¹.

286 3162 319 3194 pe
340 3166 372 3184 ex
388 3165 414 3183 eo
426 3155 519 3191 fonte,
551 3154 619 3182 vndu
639 3151 729 3188 ὅδωδα,
753 3151 839 3185 odor,
865 3160 911 3179 etc.
1408 3149 1501 3183 Populi
1516 3149 1631 3175 Romani
1644 3148 1750 3175 irruere
1763 3148 1932 3176 videbantur.
2013 3148 2134 3176 Iudicate
2148 3149 2213 3175 odio
2227 3157 2252 3176 et
2265 3149 2371 3177 inuidia
2391 3151 2466 3180 Idem

1409 3194 1458 3221 pro
1471 3185 1589 3212 Marcell.
1605 3193 1642 3216 29.
1738 3184 1868 3212 Liberare
1880 3185 1997 3219 aliquem
2011 3184 2092 3218 odio,
2116 3186 2170 3211 vId.
2189 3191 2206 3211 1.
2218 3192 2255 3212 113
2266 3192 2320 3214 ER.
2410 3188 2466 3215 Me-

718 3227 747 3260 0
811 3226 842 3259 D
903 3225 919 3257 1
1409 3221 1464 3248 reri
1490 3220 1572 3247 Ouid.
1585 3221 1678 3247 Amor.
1694 3229 1716 3253 2,
1731 3230 1753 3253 2,
1768 3230 1791 3253 9.
1901 3219 1995 3247 Metiri
2006 3219 2121 3247 aliorum
2135 3220 2228 3247 odium
2243 3222 2304 3255 suo,
2324 3222 2378 3250 vid.
2400 3230 2426 3250 Μ
2437 3229 2466 3250 Ε-

500 3274 502 3281 ·
1411 3263 1451 3284 ΤΙ
1463 3263 1482 3284 O
1495 3264 1523 3284 R.
1628 3257 1683 3283 Cic.
1696 3257 1754 3291 post
1768 3256 1824 3283 red.
1838 3258 1874 3282 ad
1884 3256 2004 3289 Qut-ires
2018 3265 2043 3287 23
2066 3255 2182 3289 Odium,
2202 3257 2244 3284 vel
2257 3258 2378 3292 precibus
2391 3259 2466 3286 Miti-

328 3307 379 3330 οι)
389 3308 400 3329 1
413 3319 422 3333 ,
440 3300 500 3334 isti,
520 3300 552 3328 it.
590 3299 695 3335 [μ’σίω,
721 3301 813 3331 ςυνὲω,
839 3298 959 3329 l‘Wfl‘tw,
984 3291 1059 3327 ¹⁵'x0wn
1085 3296 1200 3328 ἓχθκίρν,
1218 3295 1350 3331 ἐχθραίνει]
1365 3301 1395 3330 85
1409 3293 1463 3329 gari
1478 3292 1559 3327 potest
1569 3312 1576 3324 ‚
1603 3292 1644 3318 vel
1657 3292 1822 3327 temporibus
1838 3291 2007 3326 Reipublicae
2026 3292 2216 3327 communique
2230 3293 2343 3326 vtiliute
2356 3294 2466 3330 deponi,

293 3339 398 3365 Verbum
417 3338 580 3371 definiuum,
611 3334 657 3371 sub
676 3344 734 3361 voce
752 3333 891 3370 praeterita
905 3330 1036 3366 fignificat
1054 3331 1127 3356 etiam
1146 3331 1351 3357 continuationem
1409 3329 1450 3356 vel
1464 3327 1616 3355 difficultate
1630 3327 1772 3355 vlciscendi
1790 3328 1891 3360 teneri,
1915 3327 1958 3354 vel
1972 3327 2097 3355 vetustate
2110 3328 2204 3356 sedari.
2309 3331 2418 3358 Mittere
2431 3339 2466 3358 ⁴ac

290 3373 447 3409 aeffeaionis,
473 3380 502 3399 vt
512 3372 642 3402 Memini,
662 3370 748 3397 Noui.
822 3369 877 3396 Cic.
890 3367 922 3394 de
936 3366 1042 3393 Amicit.
1057 3372 1084 3395 28
1106 3365 1226 3392 Alterum
1241 3373 1350 3401 propter
1410 3365 1502 3398 finire,
1529 3364 1583 3390 vid.
1597 3371 1622 3390 M
1633 3372 1642 3391 1
1654 3370 1676 3391 'r
1687 3371 1708 3391 T
1719 3371 1748 3391 0.
1819 3360 1926 3390 Mordet
1949 3363 2080 3396 Qtinc‘lil.
2094 3367 2118 3397 6,
2134 3375 2156 3397 4.
2250 3365 2364 3393 Mouere
2376 3368 2466 3402 aspera
2495 3374 2496 3383 ¹

292 3408 474 3435 crudelitatem
494 3410 596 3443 semper
615 3407 678 3434 haec
700 3406 793 3432 ciuitas
811 3404 907 3432 oderit.
980 3402 1022 3428 Sic
1042 3410 1090 3435 pro
1112 3401 1202 3428 Sextio
1218 3410 1262 3428 102
1277 3412 1298 3428 c.
1313 3405 1349 3430 61.
1411 3400 1499 3429 verbis
1517 3400 1593 3434 Virg.
1609 3401 1674 3427 Aen.
1689 3409 1711 3433 2,
1724 3401 1764 3433 96.
1836 3400 1930 3426 Mouet
1942 3399 2036 3426 odium
2050 3400 2171 3435 asperitas
2193 3400 2274 3427 Ouid.
2288 3401 2319 3429 de
2333 3403 2395 3430 Arte
2404 3404 2464 3431 Am·

291 3445 325 3471 Et
339 3445 410 3471 Fam.
424 3454 446 3478 7,
460 3453 472 3470 2
497 3444 649 3476 Postremo,
669 3442 714 3469 vix
728 3441 870 3468 verisimile
884 3437 989 3466 fortaffe
1002 3438 1140 3467 videatur,
1159 3437 1268 3463 oderam
1281 3438 1348 3464 mul.
1410 3446 1436 3473 2,
1451 3438 1504 3470 146.
1589 3437 1736 3463 patefacere
1749 3434 1843 3462 odium
1858 3435 1933 3461 suum
1947 3435 1975 3461 in
1988 3435 2121 3470 aliquem,
2145 3437 2198 3463 1·’”ι.’,
2220 3444 2266 3464 ΡΑ
2276 3444 2298 3464 Τ
2310 3444 2377 3467 ΕΡΑ
2389 3445 2405 3465 C
2416 3443 2463 3466 10.
2493 3453 2494 3456 ¹

291 3486 322 3507 to
335 3479 408 3513 peius
422 3479 507 3513 hunc,
527 3488 605 3514 quam
621 3479 697 3505 illum
712 3478 796 3513 ipsum
809 3476 945 3503 Clodium.
1048 3472 1114 3499 Odit
1128 3472 1194 3499 laedi
1215 3473 1289 3500 ferro
1309 3475 1349 3500 vi·
1365 3483 1400 3508 90
1411 3474 1511 3501 Placare
1530 3471 1586 3498 Cic.
1603 3481 1652 3506 pro
1667 3473 1756 3498 Domo
1769 3479 1810 3504 44.
1882 3470 1983 3498 Ponere
2000 3472 2093 3499 Claud.
2109 3472 2140 3498 de
2149 3472 2211 3500 Bell.
2220 3473 2279 3499 Get.
2292 3482 2330 3506 9¹-
2403 3475 2462 3502 Pre-
2492 3489 2493 3506 1

292 3515 356 3542 talia
377 3515 410 3546 (i.
426 3516 492 3541 circa
506 3515 644 3548 interiora,
663 3515 733 3540 vltra
746 3513 879 3546 corticem)
898 3508 1096 3545 opobalsamum
1118 3508 1185 3534 Plin.
1202 3517 1267 3541 12‚23
1281 3510 1298 3536 s.
1314 3520 1349 3542 5⁴·
1410 3509 1447 3536 mi
1460 3508 1527 3535 odiis
1545 3506 1617 3534 Idem
1632 3508 1660 3535 in
1673 3505 1768 3534 Ruffin.
1784 3516 1806 3540 2,
1821 3516 1851 3540 ¹3·
1924 3507 2055 3534 Profiteri*
2067 3508 2123 3535 Cic.
2133 3508 2244 3543 Philipp.
2260 3517 2291 3541 12,
2307 3518 2329 3542 ς’.
2402 3511 2462 3537 Pro.

292 3551 382 3578 Odiffe
397 3558 422 3577 et
436 3551 546 3583 Amare,
567 3554 697 3576 contraria
718 3549 775 3577 Cic.
791 3549 868 3575 Attic.
880 3549 905 3577 6,
921 3555 942 3573 2.
1014 3546 1054 3570 Sic
1068 3545 1123 3571 Cic.
1137 3545 1169 3570 de
1184 3544 1271 3571 Finib.
1286 3556 1308 3578 ς,
1322 3553 1350 3575 28
1411 3545 1510 3580 pulsare
1527 3543 1584 3570 Cic.
1598 3553 1647 3577 pro
1660 3542 1731 3570 Cael.
1743 3550 1783 3578 73.
1880 3543 2025 3570 Remittere
2046 3544 2135 3571 Tacit.
2149 3545 2215 3570 Ann.
2231 3553 2249 3574 1,
2266 3554 2302 3571 10.
2375 3546 2461 3573 Reno.

292 3587 383 3620 Quum
395 3587 524 3621 appetitus
539 3586 584 3613 ille
592 3586 674 3612 animi
686 3585 788 3620 aliquid
796 3584 826 3611 ad
841 3583 978 3610 setrahcre
991 3581 1108 3615 coeperit
1121 3580 1256 3611 consulto;
1278 3582 1350 3614 quod
1408 3589 1472 3609 vare
1486 3586 1510 3607 et
1521 3588 1646 3605 reuocare
1659 3579 1762 3605 animos
1777 3578 1929 3614 aliquorum
1943 3578 1976 3605 ad
1989 3579 2100 3606 alicuius
2117 3579 2210 3607 odium
2233 3580 2290 3607 Cic.
2304 3580 2336 3607 de
2348 3582 2424 3609 Orat.
2439 3591 2461 3616 2,
2496 3602 2498 3606 .

291 3622 342 3650 fibi
356 3621 436 3655 obiit,
465 3623 527 3655 quia
539 3622 568 3648 lit
579 3621 626 3648 fibi
643 3622 783 3653 inimicus3
820 3629 903 3654 quum
918 3618 945 3645 id
958 3619 1001 3643 sua
1015 3616 1087 3643 causa
1100 3616 1193 3648 faciet,
1214 3623 1239 3642 et
1254 3617 1349 3644 Oderit
1411 3626 1461 3651 ¹99·
1557 3615 1697 3649 Reponere
1735 3615 1827 3641 Tacit.
1847 3615 1875 3641 in
1889 3615 1943 3642 vita
1956 3615 2044 3649 Agric.
2059 3625 2094 3649 39.
2199 3615 2320 3642 Refidere
2333 3617 2362 3643 in
2380 3618 2459 3652 odiis,

292 3659 319 3685 se
333 3663 358 3684 et
373 3657 446 3684 simul
462 3658 573 3692 Diliget:
612 3657 683 3692 quod
701 3657 760 3683 fieri
774 3666 829 3683 non
843 3655 934 3692 potest.
1019 3653 1119 3679 Fauere
1132 3659 1156 3677 et
1170 3651 1257 3678 Oditi‘e
1267 3673 1274 3685 ‚
1295 3663 1347 3679 con-
1364 3660 1395 3686 95
1409 3654 1462 3679 vid.
1481 3659 1491 3679 1
1502 3658 1525 3679 N
1547 3652 1635 3686 Praep.
1692 3650 1863 3685 Restinguere
1883 3651 1938 3678 Cic.
1954 3660 2003 3686 pro
2011 3650 2101 3678 Rabir.
2114 3671 2122 3679 .
2136 3670 2142 3677 .
2158 3670 2165 3676 .
2221 3652 2342 3679 Saturare
2356 3653 2458 3681 diutur-

293 3693 378 3720 traria
398 3693 470 3719 Idem
485 3693 517 3720 de
532 3694 617 3720 Claris
631 3694 705 3720 Orat.
721 3699 768 3722 188.
864 3691 936 3718 Idem
950 3698 1000 3724 pro
1014 3688 1120 3715 Cluent.
1138 3696 1171 3720 171
1185 3697 1206 3713 c.
1221 3691 1246 3713 61
1269 3689 1347 3715 Hunc
1408 3698 1471 3715 num
1485 3694 1510 3714 et
1522 3688 1696 3714 inueteratum
1730 3687 1801 3714 Idem
1820 3686 1848 3713 in
1863 3687 1951 3713 Vatin.
1964 3689 1988 3713 6.
2097 3687 2233 3713 Seruatum
2248 3689 2356 3721 perenni
2372 3689 2457 3716 studio

293 3728 313 3756 fi
327 3728 426 3755 Acerbe
442 3736 468 3754 et
480 3729 584 3763 penitus
596 3730 704 3763 oderat,
731 3738 785 3755 non
798 3737 859 3754 eum
872 3735 951 3762 quam
964 3724 1103 3751 diutillime
1118 3724 1212 3750 viuere
1226 3724 1293 3750 velle
1307 3724 1349 3751 de·
1408 3725 1453 3751 Sil.
1468 3733 1486 3759 1,
1505 3729 1534 3753 18.
1638 3722 1751 3750 Sorbere
1783 3723 1837 3750 Cic.
1853 3724 1889 3756 Q
1900 3723 1968 3749 Frat.
1980 3732 2001 3756 3,
2016 3731 2039 3755 9.
2131 3722 2236 3749 struere
2249 3725 2276 3749 in
2290 3724 2408 3758 aliquos,
2433 3731 2456 3751 et

292 3763 390 3792 bebat3
465 3767 560 3797 Aperte
574 3764 655 3790 odisse
668 3765 750 3799 magis
765 3764 874 3798 ingenui
887 3763 934 3796 est,
953 3769 1031 3795 quam
1045 3761 1135 3786 fronte
1148 3759 1279 3786 occultare
1293 3761 1346 3787 sen·
1407 3760 1553 3787 Dimouere
1563 3757 1595 3784 ab
1608 3758 1740 3793 aliquibus
1750 3780 1757 3791 ‚
1778 3759 1908 3785 contraria
1930 3758 1987 3785 Cic.
2001 3758 2033 3784 de
2047 3756 2120 3783 Orat.
2136 3766 2158 3788 2,
2176 3766 2228 3787 ΞΜ.
2283 3760 2321 3786 ld.
2332 3763 2380 3787 Att.
2393 3768 2456 3796 ¹¹2¹?

292 3799 404 3828 (entiam
433 3799 506 3826 Idem
520 3799 550 3825 de
569 3801 674 3826 Amicit.
690 3804 722 3834 ⁶7
738 3810 759 3826 c.
775 3805 807 3830 18.
916 3797 1060 3825 Furialitcr
1071 3796 1129 3822 odit
1155 3794 1236 3822 Ouid.
1251 3795 1315 3823 Fast.
1326 3806 1347 3830 3,
1407 3798 1564 3830 Qianquam
1579 3795 1642 3828 quid
1658 3804 1716 3821 mca
1731 3794 1841 3828 interiit,
1860 3801 1992 3821 vteorum
2006 3793 2098 3819 odium
2113 3792 2223 3820 Subcam
2234 3816 2242 3828 ,
2260 3804 2314 3821 non
2328 3797 2456 3830 intelligo·

295 3839 348 3869 637.
421 3835 490 3861 Male
503 3834 583 3861 odisse
596 3836 710 3869 aliquem
730 3836 786 3862 Cic.
797 3836 848 3861 Au.
865 3843 902 3867 14,
918 3844 935 3860 1.
1029 3832 1106 3859 Peius
1120 3830 1204 3858 odero
1218 3831 1269 3865 pati
1286 3837 1400 3857 con-100
1407 3831 1478 3858 Idem
1493 3831 1562 3857 Fam.
1577 3837 1598 3862 8,
1614 3840 1623 3861 3
1654 3830 1702 3857 Scd
1716 3840 1757 3857 me
1771 3830 1876 3857 hercule
1890 3839 1943 3857 non
1962 3829 2073 3855 multum
2088 3829 2124 3854 M.
2138 3829 2264 3856 Octauius
2278 3840 2373 3858 eorum
2386 3832 2455 3863 odia,

294 3871 415 3899 tumelias
430 3870 505 3896 malis
520 3870 644 3896 omnibus
659 3871 717 3897 aliis
739 3871 811 3897 Idem
827 3870 858 3896 ad
873 3870 945 3897 Brut.
960 3870 995 3896 16.
1128 3866 1266 3902 Impendio
1280 3867 1346 3901 odit,
1408 3868 1453 3901 qui
1470 3867 1580 3893 Hirrum
1596 3873 1733 3899 premunt,
1751 3875 1818 3900 quae
1837 3865 1918 3892 multa
1931 3865 2005 3895 sunt,
2028 3864 2160 3891 Sublcuat.
2260 3867 2331 3895 Sum.
2351 3876 2396 3901 vc,
2412 3860 2454 3894 'Est

294 3909 348 3935 vid.
370 3913 438 3933 IMP
448 3912 464 3932 Ε
474 3913 496 3932 Ν
506 3912 561 3932 no.
652 3905 766 3932 Odiss‘em
783 3914 807 3933 te
822 3906 886 3932 odio
900 3905 1046 3932 Vatiniano
1071 3903 1157 3930 Catul.
1177 3905 1212 3927 ad
1224 3902 1347 3939 Caluum,
1406 3903 1473 3929 mihi
1487 3901 1579 3930 odium
1593 3903 1679 3936 illius,
1717 3904 1735 3928 i.
1756 3902 1891 3963 praequm·
1904 3900 1970 3926 illum
1983 3900 2035 3925 odio
2056 3900 2130 3935 Virg.
2147 3902 2210 3927 Aen.
2228 3911 2244 3935 1,
2259 3905 2313 3934 365.
2399 3903 2452 3930 Cic.

293 3944 312 3969 s.
333 3952 368 3976 14,
386 3952 406 3974 3.
514 3941 627 3967 Odimus
649 3942 806 3969 immodicos
826 3941 903 3968 fastus
941 3939 1023 3967 Ouid.
1042 3939 1074 3965 de
1096 3940 1159 3965 Arte
1178 3938 1236 3964 Am.
1258 3947 1279 3969 η,
1302 3949 1345 3968 ς11.
1407 3938 1438 3965 de
1457 3937 1542 3965 Finib.
1562 3947 1584 3971 ς,
1609 3941 1641 3964 62
1685 3938 1737 3964 Cui
1751 3938 1797 3964 Tu
1819 3937 1857 3963 uli
1877 3944 1974 3962 nomen
1996 3934 2023 3960 in
2037 3935 2101 3963 odio
2115 3945 2169 3962 non
2184 3937 2242 3964 Est?
2314 3938 2388 3971 Virg.
2401 3937 2452 3965 Ecl.

292 3978 415 4005 Oderunt
427 3977 539 4004 hilarem
554 3976 655 4009 tristes,
675 3978 828 4012 tristemque
841 3976 922 4004 iocosi
944 3978 1011 4003 Hor.
1026 3975 1102 4010 Epist.
1113 3979 1171 4011 ¹³¹⁸,
1186 3979 1225 4007 89.
1260 3976 1347 4008 Qiem
1406 3980 1430 4010 8,
1443 3980 1469 4007 38
1498 3974 1620 4007 Dumque
1634 3974 1684 4001 tibi
1698 3974 1739 4000 Est
1751 3973 1816 4000 odio
1832 3980 1888 3998 mea
1902 3971 1993 3998 fistula.
2100 3973 2158 3999 Cic.
2173 3982 2221 4008 pro
2235 3973 2303 4007 Lege
2318 3969 2409 4001 Manil.
2423 3975 2452 4005 65

291 4020 431 4049 metuunt,
450 4013 580 4043 oderunt3
600 4021 680 4047 quem
691 4013 802 4048 quisque
815 4011 889 4047 odit,
908 4009 1002 4049 periise
1013 4012 1111 4047 expetit
1130 4010 1187 4037 Cic.
1203 4009 1256 4038 off.
1266 4019 1279 4037 2
1293 4020 1344 4043 c.7.
1358 4017 1399 4039 105
1406 4019 1427 4037 c.
1440 4018 1469 4037 22
1494 4007 1608 4037 Difficile
1621 4010 1658 4038 est
1670 4009 1744 4038 dictu
1758 4008 1894 4043 Quirites,
1928 4011 2027 4040 quanto
2047 4007 2076 4034 in
2088 4008 2153 4036 odio
2173 4009 2258 4037 Simus
2272 4010 2341 4045 apud
2355 4017 2450 4050 catera:

2324 4053 2451 4078 nationes,
