2517 4231
755 161 791 202 E
879 158 912 198 R

756 258 782 276 es
795 247 886 275 subire
899 247 1024 275 Personas
1038 249 1153 280 patrum,
1172 240 1302 272 filiorum,

248 303 404 331 maritorum
442 297 577 328 militum,
594 292 767 321 rusticorum,
787 284 923 316 diuitum,
944 289 1100 318 pauperum,
1121 278 1300 308 irascentium,

247 319 443 373 deprecamini„
481 332 604 362 mitium,
623 328 783 361 asperorum.
854 320 932 348 Vides
951 319 1090 354 personam
1110 318 1185 342 etiam
1204 313 1247 348 effe
1271 313 1302 339 ab

246 372 341 410 aſjeffu
354 380 377 399 e,
390 355 660 406 breusspe,.turbm·0m,
734 357 792 384 Cic.
807 357 880 384 Fam.
893 359 926 389 6,
948 357 965 381 6
995 353 1084 394 Caffzr
1099 360 1237 386 nunquam
1253 349 1302 376 nisi

248 406 508 439 honorificemjffime
525 399 677 435 Pompeium
695 394 817 430 appellat.
875 394 909 419 At
929 391 958 417 in
979 398 1036 416 eius
1057 388 1196 422 personam
1218 387 1302 414 multa

249 447 313 475 fecit
326 445 442 480 asperius
480 446 498 469 i.
517 444 632 475 quatenus
645 433 754 459 aemulus
766 435 822 456 erat
833 430 948 464 imperii,
968 425 1019 452 dux
1032 424 1149 461 aduersae
1156 421 1304 461 sosimus,

249 482 336 517 hostis,
407 464 464 507 (ᾖς’,
479 477 566 505 Ofili,
586 478 620 504 97
634 478 655 495 c.
672 473 699 497 28
732 465 781 492 Sed
801 466 897 492 Po'etae
917 461 983 497 quid
1004 470 1140 496 quemque
1161 460 1252 487 deceat
1270 467 1304 485 ex

249 520 361 556 persona
373 515 531 543 iudicabunt.
586 505 674 533 Nobis
687 509 774 530 autem
789 502 927 536 personam
945 497 1076 533 imposuit
1083 497 1138 532 ipsa
1147 503 1243 524 natura
1258 510 1306 516 —-

252 556 387 590 Qiocirca
404 553 495 578 Poetae
513 545 540 571 in
558 549 654 576 magna
675 539 804 566 varietate
821 537 995 572 personarum
1015 534 1097 561 etiam
1116 532 1219 560 vitiofis
1238 531 1305 567 quid

254 591 394 620 conueniat
436 591 460 611 et
479 579 542 617 quid
563 579 670 609 deceat,
697 574 842 601 videbunt:
885 571 965 598 nobis
986 576 1074 597 autem
1096 579 1157 596 curn
1177 578 1191 596 a
1211 575 1306 595 natura

252 608 424 655 constantiae’,
443 613 650 646 moderationis,
679 626 725 631 ——
744 616 830 645 partes
845 607 920 634 datae
934 607 983 634 sint
996 613 1042 634 etc.
1103 608 1229 642 Apparet,
1246 613 1305 640 per·¹

251 666 340 692 sonam
354 667 376 686 et
388 662 471 693 partes
482 654 523 680 hic
533 650 612 677 eadem
626 647 770 682 metaphora
789 645 842 671 dici
860 650 939 671 totam
956 645 1026 670 vitae
1042 641 1153 679 agendae
1171 645 1305 669 rationfm.

257 702 385 731 Vtrumque
396 700 477 718 nomen
484 687 523 723 fic
536 688 621 722 iungit
633 693 682 719 pro
696 684 817 710 Muraen.
830 690 853 707 c.
862 689 874 713 3
912 680 968 706 Has
982 685 1068 714 partes
1082 678 1202 706 lenitatis
1216 685 1241 705 et
1254 677 1306 703 mi-

252 730 418 763 sericordiae,
445 734 508 761 quas
521 731 563 750 me
577 727 670 748 natura
685 719 740 753 ipsa
753 717 860 749 docuit,
888 717 992 750 semper
1007 725 1057 750 ego
1079 715 1212 746 libenter,
1230 714 1306 740 illam

249 778 312 798 vero
324 763 458 800 grauitatis
475 758 676 791 seueritatisque
689 755 830 781 Personam
844 762 900 780 non
913 752 1045 788 appetiui.
1118 752 1176 778 Cic.
1185 750 1216 778 ad
1231 749 1306 777 Caes.

261 806 288 832 „b
302 804 353 829 Att.
368 809 392 833 9,
408 808 429 825 ιι
455 798 486 823 Et
500 795 532 823 ad
544 803 602 822 eam
615 792 749 820 rationem
769 790 811 825 (li
825 790 857 816 de
871 789 930 816 otio
941 809 949 822 ,
970 788 1004 815 de
1019 797 1092 824 pace,
1111 787 1144 814 de
1159 785 1307 815 concordia

249 840 346 868 ciuium
359 836 400 870 agi
414 834 520 867 debeat)
552 829 736 857 existimabam
750 827 812 853 satis
829 831 918 861 aptam
936 825 986 852 effe
1004 831 1030 852 et
1043 832 1167 851 naturam
1178 829 1205 849 et
1218 822 1307 857 perso—

246 884 304 903 nam
317 881 417 902 meam3
451 866 620 896 characflerem
633 865 714 891 dicere
728 863 800 890 hodie
807 862 926 899 solemus.
1001 862 1043 890 Sic
1056 862 1165 894 Fam.4‚
1181 858 1202 893 ς’
1219 860 1308 893 Digna

247 918 291 940 tua
311 909 421 944 persona
441 914 507 940 quae
528 904 603 934 sunt,
634 909 663 927 ea
681 899 863 928 reminiscere.
959 898 1001 925 Sic
1021 896 1143 924 Scribon.
1164 895 1244 932 Epist.
1262 902 1308 931 pr.

245 947 386 975 Aestimare
412 941 534 968 homiues
556 937 692 973 personis,
723 939 742 963 i.
764 943 869 962 externa
886 933 987 971 specie,
1007 934 1140 970 splendore
1162 936 1232 959 vitae
1256 937 1306 958 etc.

245 984 363 1016 Nep.pr.
387 979 475 1005 Genus
488 976 633 1010 scripturae
648 974 723 1003 leue,
740 979 766 999 et
779 980 835 998 non
847 972 908 998 satis
922 971 1036 1006 dignum
1050 971 1217 997 sununorum
1231 968 1306 994 viro-

244 1028 302 1047 rum
316 1015 442 1051 personis.
515 1014 546 1038 Et
560 1019 595 1044 ις,
611 1019 631 1043 ι,
648 1019 664 1036 2
699 1009 802 1036 Scimus
816 1008 932 1035 musicen
944 1007 1068 1034 moribus
1083 1006 1180 1033 nostris
1195 1004 1279 1031 abess'e
1292 1013 1308 1031 a

244 1053 370 1091 principis
383 1051 501 1085 persona.
538 1063 545 1067 -
574 1047 630 1074 Cic.
647 1055 695 1081 pro
710 1045 815 1072 Cluent.
831 1055 852 1072 c.
860 1053 891 1079 29
902 1051 947 1080 pr.
979 1044 1068 1070 Huius
1083 1042 1180 1070 Staieni
1195 1042 1307 1076 persona

244 1091 276 1118 ab
291 1089 361 1115 nulla
381 1086 453 1120 turpi
475 1083 623 1118 suspicione
643 1082 816 1109 abhorrebat.
888 1082 920 1108 Et
940 1079 973 1107 de
994 1080 1052 1107 Fin.
1075 1089 1100 1112 1,
1122 1088 1136 1106 2
1169 1077 1307 1105 Postremo

244 1127 346 1161 aliquos
362 1123 465 1149 futuros
482 1121 615 1154 suspicor,
644 1119 691 1154 qui
713 1127 756 1145 me
769 1118 802 1145 ad
821 1117 884 1144 alias
899 1117 990 1143 literas
1008 1122 1120 1144 vocent:
1158 1123 1239 1149 genus
1256 1114 1307 1140 hoc
1322 1117 1354 1144 25

245 1160 391 1192 scribendi,
415 1157 460 1185 etfi
481 1157 510 1183 sit
525 1156 643 1190 elegans,
670 1156 799 1190 personae
816 1161 905 1181 tamen
924 1159 950 1180 et
971 1151 1109 1187 dignitatis
1129 1152 1178 1178 ess'e
1198 1155 1306 1185 negent.

244 1196 372 1233 Qiinffll.
386 1203 413 1230 7,
427 1204 447 1227 1,
461 1202 493 1227 43
521 1192 574 1219 Hic
588 1192 629 1219 illi
644 1192 802 1226 eloquentes
817 1206 864 1211 —
885 1189 1016 1217 inuadent
1029 1190 1154 1224 personas
1169 1186 1308 1214 fauorabi-

243 1236 295 1267 les,
310 1241 359 1269 pro
371 1231 458 1267 quibus
473 1228 647 1264 nempefacile
661 1226 694 1262 est
708 1227 805 1261 dicere,
829 1234 858 1254 vt
873 1235 921 1262 pro
935 1226 1037 1253 rustico
1051 1231 1145 1252 contra
1166 1224 1307 1256 disertum,

243 1280 291 1308 pro
304 1270 364 1296 viro
377 1267 443 1294 forti
456 1272 549 1293 contra
562 1264 714 1297 imbellem,
728 1271 773 1291 etc.
847 1264 904 1290 Cic.
917 1262 991 1290 Fam.
1003 1270 1020 1295 7
1035 1268 1100 1288 extr.
1132 1260 1161 1287 de
1169 1267 1223 1296 Juzs
1239 1269 1308 1286 occu-

239 1305 380 1345 pationibus
393 1307 420 1330 in
434 1302 552 1333 iudiciis,
583 1301 656 1328 Mihi
676 1301 749 1335 enim
770 1299 919 1326 iudicatum
933 1299 986 1332 est,
1012 1298 1147 1333 deponere
1160 1296 1239 1323 illum
1252 1296 1307 1322 iam
1325 1301 1359 1326 30

246 1343 394 1379 personam,
413 1340 441 1366 in
458 1348 511 1374 qua
525 1347 568 1364 me
582 1338 657 1372 saepe
670 1337 713 1364 illi
726 1336 773 1371 ipsi
789 1335 923 1371 probaui,
947 1344 977 1362 ac
994 1344 1038 1361 me
1059 1340 1147 1361 totum
1167 1333 1196 1360 in
1214 1333 1308 1359 literas

244 1379 345 1415 abdere.
396 1375 445 1404 scd
451 1383 538 1412 operae
548 1377 658 1411 pretium
672 1372 706 1407 est
714 1374 845 1410 formulas
855 1373 944 1407 plures
957 1371 1094 1398 lserborum
1107 1369 1195 1396 ordine
1208 1369 1308 1395 elemen-

242 1418 296 1444 tari
306 1414 442 1451 fiaebiicere:
496 1411 554 1439 Cic.
567 1420 617 1446 pro
632 1411 719 1437 Plane.
735 1418 783 1435 100
815 1407 872 1435 Vbi
891 1416 950 1439 me,
974 1407 1087 1442 iuquam
1098 1427 1106 1439 ‚
1124 1405 1263 1437 Plancius,
1282 1409 1309 1431 et

243 1451 378 1485 complexu
399 1449 447 1475 suo
464 1447 593 1479 retinuit,
616 1447 770 1481 multosque
790 1445 892 1471 menses
906 1453 920 1470 a
933 1443 1019 1478 capite
1036 1451 1098 1469 meo
1111 1451 1167 1468 non
1182 1439 1309 1473 discessu,

241 1486 348 1515 Abiech
365 1484 526 1519 Qiaestoria
538 1484 667 1519 persona,
684 1481 845 1516 comitisque
860 1482 953 1507 sumta.
1036 1478 1207 1505 Adumbrare
1221 1477 1309 1512 perso-
1325 1478 1354 1504 35

240 1534 298 1551 nam
307 1543 316 1556 ,
344 1523 398 1549 vid.
422 1528 445 1548 Α
454 1528 473 1548 D
484 1528 503 1547 V
517 1528 542 1547 M
552 1527 593 1547 BR
603 1526 632 1546 O.
706 1519 827 1545 Tantam
842 1518 983 1552 personam
992 1536 1000 1548 ,
1025 1521 1080 1542 tam
1099 1523 1209 1550 grauem
1218 1534 1227 1547 ‚
1252 1519 1307 1540 tam

241 1562 355 1588 seueram
369 1567 424 1585 non
437 1557 547 1591 capiunt
571 1554 708 1590 angustiae
721 1554 839 1589 petiioris
877 1554 934 1581 Cic.
949 1553 978 1579 in
991 1553 1078 1579 Pison.
1093 1560 1141 1585 44.
1179 1550 1208 1577 de
1222 1549 1309 1586 (big-ni-

238 1603 288 1624 tate
307 1602 331 1622 et
350 1592 477 1628 maizstate
495 1593 620 1628 Confidis.
692 1591 865 1618 Constituere
891 1590 1017 1625 personas
1056 1587 1191 1622 Qiinffil.
1215 1597 1234 1620 4
1247 1606 1256 1619 ,
1283 1594 1308 1612 z.

240 1631 374 1661 Deterreri
387 1631 499 1665 persona
533 1629 656 1656 Scribon.
671 1628 716 1662 Ep.
745 1648 751 1655 .
781 1648 787 1655 .
821 1629 840 1653 i.
860 1624 1014 1653 ausim-itate
1022 1632 1070 1661 per
1084 1633 1154 1651 onae.
1226 1621 1309 1650 Ferre

240 1675 378 1703 Vtramque
405 1667 473 1693 Hor.
489 1665 568 1700 Epist.
585 1674 605 1698 1,
620 1673 658 1699 ιγ,
672 1673 715 1697 29.
788 1664 917 1690 Formare
932 1671 1034 1689 nouam
1077 1661 1101 1687 d.
1112 1660 1145 1687 de
1155 1661 1219 1687 Arte
1234 1660 1353 1690 Po'e't.40

240 1707 292 1734 106.
363 1704 464 1731 Gerere
478 1703 617 1737 personam
632 1699 751 1727 ciuitatis
765 1699 866 1726 dicitur
878 1699 1046 1733 magistratus
1076 1698 1133 1724 Cic.
1148 1695 1202 1723 Off.
1215 1704 1240 1729 i,
1258 1703 1307 1729 124

240 1750 308 1775 2334-
381 1739 490 1775 Illigare
504 1739 627 1774 personas
641 1745 735 1771 graues
748 1735 932 1765 sermonibus,
955 1733 1010 1761 vid.
1031 1741 1040 1759 1
1051 1740 1067 1759 L
1077 1740 1113 1765 LVI
1123 1738 1144 1759 G
1155 1739 1185 1759 ο.
1247 1731 1305 1757 Cic.

240 1779 270 1806 de
283 1779 353 1812 Lege
364 1777 458 1812 Agrar.
470 1784 491 1807 2,
504 1781 539 1810 48
566 1775 598 1800 Et
612 1773 682 1801 mihi
691 1793 700 1805 ,
719 1772 834 1808 quaeso,
850 1771 996 1806 ignoscite,
1017 1769 1034 1795 fi
1049 1768 1156 1803 appello
1170 1767 1252 1794 talem
1265 1767 1307 1792 vi-

239 1824 297 1843 rum
311 1813 423 1848 saepius.
458 1821 507 1838 vos
527 1810 598 1838 mihi
622 1808 744 1836 Praetori
757 1807 871 1834 biennio
885 1812 946 1834 ante
966 1805 1089 1839 Qur'ites
1102 1805 1152 1832 hoc
1168 1803 1264 1830 eodem
1279 1802 1308 1827 in
1331 1802 1336 1804 “

239 1851 298 1879 loco
312 1851 452 1884 personam
465 1847 533 1874 hanc
542 1845 710 1881 Imposuistis
719 1865 726 1876 ,
745 1850 774 1871 vt
788 1843 995 1879 quibuscunque
1008 1841 1089 1868 rebus
1106 1840 1214 1875 possem,
1236 1838 1310 1865 illius
1320 1839 1354 1866 43

238 1887 350 1915 absentis
370 1885 530 1920 dignitatem
548 1882 690 1911 vobiscum
711 1889 763 1908 vna
783 1879 888 1907 tuerer.¹
972 1879 1029 1906 Cic.
1044 1878 1123 1903 Verr.
1138 1885 1171 1908 2,
1190 1884 1228 1908 44
1262 1874 1307 1900 Ec—

240 1922 345 1960 quando
358 1922 400 1949 his
414 1922 446 1948 de
460 1921 541 1948 rebus
555 1920 619 1946 tales
633 1919 708 1945 viros
722 1917 861 1944 audituros
874 1914 1047 1942 existimasti}
1083 1918 1189 1948 petatur
1202 1910 1309 1937 heredi-

242 1967 278 1988 tas
290 1969 330 1993 ea,
346 1967 414 1994 quae
429 1957 501 1984 nulla
514 1956 629 1983 debetur
641 1955 671 1981 in
687 1954 811 1989 praedam
820 1952 972 1980 Praetoris?
1009 1951 1198 1984 interponatur
1211 1955 1311 1974 nomen

240 1996 371 2025 ciuitatis?
409 1995 567 2029 Imponatur
587 1990 712 2019 honestae
733 1990 837 2016 ciuitati
858 1987 1004 2023 turpiffisna
1017 1987 1127 2021 persona
1140 1978 1308 2015 calumniae?

240 2035 305 2061 Plin.
321 2031 400 2067 Epist.
418 2040 426 2058 ι
442 2030 542 2065 penult.
570 2028 618 2055 Sed
633 2035 679 2060 tu,
699 2027 798 2053 iterum
814 2025 911 2058 dicam,
934 2024 1081 2059 plurimum
1099 2020 1218 2053 interest,
1240 2019 1306 2055 quid
1324 2023 1356 2049 30

240 2071 287 2097 effe
300 2068 488 2096 Tribunatum
504 2071 593 2101 putes,
620 2072 699 2099 quam
721 2064 861 2098 personam
880 2061 933 2088 tibi
946 2062 1088 2094 imponas,
1114 2066 1182 2093 quae
1194 2056 1308 2091 sapienti

241 2107 301 2133 viro
316 2106 351 2132 ita
367 2104 478 2140 aptanda
493 2102 542 2134 est,
569 2107 598 2129 vt
618 2100 778 2136 perferatur.
872 2098 930 2125 Cic.
951 2097 1029 2124 Verr.
1051 2105 1082 2130 2,
1101 2100 1145 2123 108
1178 2093 1308 2120 Dubitate

241 2143 387 2170 etiamnum
408 2140 425 2166 fi
446 2139 554 2175 potestis
564 2159 572 2171 ‚
599 2137 665 2173 quin
680 2146 743 2163 eum
757 2135 805 2162 iste
820 2134 984 2170 potiffimum
997 2141 1029 2160 ex
1043 2131 1119 2159 omni
1133 2138 1248 2156 numero
1262 2129 1307 2155 de-

240 2179 348 2213 legerit,
376 2178 420 2204 cui
451 2175 603 2211 improbam
626 2174 766 2209 personam
791 2171 964 2205 Imponeret?
1056 2167 1250 2194 vehementem
1282 2170 1307 2191 et

241 2224 325 2242 acrem
341 2214 478 2249 personam
488 2234 495 2245 ,
515 2220 597 2246 quam
610 2209 679 2238 mihi
694 2216 797 2242 tempus
812 2214 837 2234 et
851 2207 927 2242 Resp.
941 2205 1088 2240 Imposuit,
1116 2204 1169 2230 iam
1185 2202 1308 2229 voluntas
1324 2202 1353 2230 55

242 2258 266 2279 et
281 2258 371 2278 natura
387 2251 442 2284 ipsa
457 2248 574 2276 detraxit
611 2247 667 2274 Cic.
682 2254 732 2280 pro
746 2244 809 2271 Sull.
824 2252 837 2277 ς
855 2253 876 2270 c.
889 2252 910 2276 3.
986 2241 1025 2268 Id.
1041 2239 1118 2268 offic.
1135 2249 1162 2273 1,
1176 2247 1223 2275 107
1242 2248 1264 2265 c.
1277 2246 1308 2271 29

242 2288 347 2319 Duabus
359 2286 430 2321 quasi
446 2295 495 2312 nos
509 2294 523 2311 a
536 2290 630 2310 natura
652 2282 762 2308 Indutos
780 2281 829 2307 effe
852 2279 980 2314 personis.
1019 2276 1152 2312 Qiine‘fil.
1171 2286 1205 2309 4,
1225 2285 1250 2308 1,
1274 2282 1308 2307 13.

243 2324 354 2350 Induere
368 2323 508 2358 personam
542 2318 676 2355 (Qiinffil.
694 2327 720 2350 3,
735 2323 765 2348 8,
781 2325 817 2350 51.
857 2320 888 2349 6,
904 2324 934 2347 2,
955 2317 995 2347 36.
1035 2323 1078 2345 12,
1094 2318 1123 2345 8,
1139 2321 1173 2345 ις.
1248 2311 1309 2338 Μυ-

243 2366 349 2388 tuantur
371 2359 480 2387 affectus
499 2367 512 2384 a
529 2356 656 2392 personis
676 2353 791 2381 artifices
815 2350 1010 2387 pronuntiandi
1038 2349 1151 2383 QiinGt.
1168 2357 1206 2380 ιι,
1222 2358 1248 2381 3,
1264 2354 1310 2382 74.

243 2398 297 2424 Cic.
311 2396 363 2424 Off.
378 2405 400 2428 3,
414 2397 460 2421 106
492 2393 563 2421 Illud
576 2391 686 2428 quidem
700 2398 788 2425 neque
801 2388 882 2422 dedi,
900 2397 987 2423 neque
1001 2387 1035 2413 do
1049 2385 1152 2412 infideli
1167 2385 1293 2418 cuiquam
1304 2385 1353 2410 :60

243 2433 340 2460 idcirco
356 2434 429 2459 recte
443 2441 457 2458 a
472 2432 568 2462 Poeta,
593 2428 658 2464 quia
672 2436 756 2462 quum
769 2425 929 2453 tractaretur
942 2425 1055 2458 Atreus,
1076 2422 1203 2458 personae
1220 2419 1309 2447 Serui-

245 2470 338 2496 endum
353 2470 412 2495 fuit.
489 2466 655 2494 Substituere
668 2464 792 2499 personas
818 2461 950 2495 Quinem.
965 2469 988 2493 3,
1002 2465 1023 2490 8.
1096 2458 1232 2492 Suscipere
1250 2465 1308 2491 per-

246 2506 330 2532 sonam
346 2504 460 2531 alicuius
495 2503 571 2529 Idem
584 2511 619 2535 4,
641 2510 662 2528 2.
736 2499 859 2526 Sustineo
877 2507 944 2525 vnus
964 2504 1017 2524 tres
1039 2496 1179 2530 personas,
1203 2502 1309 2525 meam,

246 2541 403 2577 aduersarii,
423 2539 517 2567 iudicis
552 2539 609 2566 Cic.
630 2537 663 2564 de
682 2537 758 2563 Orat.
779 2543 813 2568 z,
834 2543 887 2561 102.
959 2531 1041 2566 Potest
1056 2541 1114 2568 ergo
1127 2533 1221 2566 aliquis
1236 2531 1309 2556 suain

245 2578 316 2613 ipfius
332 2580 470 2612 personam
477 2574 602 2613 sustinere
615 2580 638 2601 et
650 2572 719 2609 quast
731 2580 812 2608 agere.
886 2569 1019 2604 Quinc'til.
1035 2577 1062 2599 2,
1076 2577 1126 2601 20,
1145 2575 1174 2594 ιο
1207 2567 1238 2592 Et
1251 2566 1307 2600 ipse
1323 2564 1355 2597 65

246 2615 338 2641 Cicero
353 2615 380 2640 in
395 2615 438 2640 sua
452 2613 564 2648 persona
585 2626 631 2630 —
651 2609 781 2636 virtutem
794 2606 906 2642 appellat
921 2605 1115 2640 eloquentiam.
1188 2604 1310 2633 Dixerat,

246 2651 303 2677 Hoc
317 2651 384 2685 apud
396 2651 558 2678 Ciceronem
572 2646 672 2674 disserit
688 2645 800 2671 Craisus.
892 2642 1006 2669 Sustinet
1026 2639 1201 2676 grauiiliuiam
1219 2639 1308 2673 perso-

246 2696 305 2714 nam
315 2708 322 2719 ,
343 2688 388 2722 qui
404 2684 605 2722 philosophiam
621 2681 763 2717 profitetur
786 2679 844 2707 Cic.
857 2680 886 2706 in
899 2679 987 2706 Pison.
1002 2685 1040 2713 71.
1111 2676 1150 2703 Id.
1165 2675 1199 2702 de
1212 2677 1308 2707 Orat.3

248 2732 272 2754 ςι
303 2724 397 2758 Neque
413 2723 498 2750 adhuc
512 2729 593 2756 quam
607 2720 747 2754 personam
762 2722 885 2748 teneant,
913 2722 958 2742 aut
970 2714 1036 2750 quid
1051 2713 1245 2748 profiteantur,
1266 2710 1307 2737 in-

248 2759 364 2794 telligere
378 2764 532 2794 potuerunt.
610 2755 666 2783 Cic.
681 2763 731 2790 pro
747 2752 845 2780 Archia
865 2762 875 2785 3
896 2761 918 2778 c.
933 2761 945 2777 2
983 2752 1013 2777 In
1033 2749 1169 2776 eiusmodi
1181 2749 1309 2783 persona,
1319 2756 1356 2784 70

250 2804 314 2829 quae
327 2802 433 2831 propter
447 2795 532 2821 otium
547 2803 577 2820 ac
591 2791 709 2819 studium
726 2790 840 2817 minime
854 2789 883 2815 iu
905 2786 1031 2822 periculis
1053 2785 1217 2819 iudiciisque
1235 2784 1309 2810 Tra-

251 2831 316 2858 &aia
329 2832 372 2858 est.
424 2832 536 2859 Persona
550 2830 592 2857 hic
605 2828 724 2860 uidetur,
757 2828 834 2853 Poeta
853 2824 882 2851 de
902 2826 1006 2850 ciuitate
1025 2828 1049 2849 et
1060 2820 1134 2854 statu
1147 2824 1175 2846 in
1189 2819 1309 2846 iudicium

250 2875 363 2894 vocatus:
397 2869 461 2894 hanc
474 2867 606 2903 personam
620 2869 647 2891 in
661 2864 708 2891 hac
721 2865 834 2889 oratione
848 2859 943 2887 trafiat
958 2859 1052 2885 Cicero.
1127 2855 1262 2890 Quinffiil.
1276 2863 1310 2887 4,

251 2912 308 2937 i,14
324 2904 401 2938 Ipfius
415 2911 503 2930 autem
519 2902 664 2937 litigatoris
679 2900 789 2934 persona
803 2896 940 2924 trae'tanda
951 2895 1026 2922 varie
1034 2893 1080 2926 est,
1096 2900 1142 2920 etc.
1217 2890 1309 2918 Tueri

250 2941 382 2974 personam
397 2939 563 2973 magistratus
591 2939 647 2964 Cic.
662 2938 691 2963 in
704 2937 778 2963 Brut.
792 2936 830 2961 16.
902 2931 994 2960 Tueri
1011 2931 1149 2966 personam
1164 2927 1294 2963 principis
1304 2945 1310 2957 ,
1324 2936 1357 2964 75

252 2985 372 3010 magnum
387 2976 422 3003 est
437 2976 465 3002 in
479 2974 624 3009 Republica
651 2974 689 3000 Id.
706 2971 822 3006 Philipp.
838 2975 861 3002 8,
879 2977 913 3003 29
926 2978 948 2995 c.
962 2977 1000 2995 io.
1161 2963 1182 3004 fl
1203 2973 1222 2998 4
1259 2961 1311 2998 Ipst

252 3021 305 3038 cum
321 3013 423 3049 persona
436 3012 486 3048 fita
503 3010 602 3038 afim-cs
614 3009 764 3045 fabularum
783 3007 912 3034 Personae
934 3010 1058 3032 uocantur
1078 3003 1236 3037 Metonymia
1256 3005 1314 3026 con:

248 3047 318 3087 sta-eta
329 3068 336 3080 ,
351 3058 397 3084 qua
414 3049 494 3075 Arma
504 3054 554 3083 pro
566 3048 673 3073 armatis
686 3045 821 3075 dicuntur,
841 3052 889 3079 qua
906 3043 1024 3069 Germani
1036 3041 1143 3066 maiores
1155 3035 1235 3070 nostri
1251 3035 1312 3063 Gla-

255 3082 328 3110 dium
345 3085 363 3118 (
367 3087 434 3110 einen
448 3084 554 3120 Degen)
570 3089 620 3119 pro
635 3084 692 3107 viro
702 3080 789 3116 forti.
807 3086 831 3106 et
847 3079 913 3105 Galli
926 3078 1042 3105 hodierni
1051 3075 1153 3102 Pileum
1168 3074 1257 3100 dicunt
1263 3079 1312 3108 pro

254 3121 317 3145 viro·
387 3120 478 3147 Areon.
493 3120 598 3146 Pedian.
614 3117 648 3144 ad
661 3117 718 3144 Cic.
733 3116 826 3142 Diuin.
842 3115 870 3141 in
884 3115 992 3141 Caecin.
1006 3118 1040 3148 48
1054 3122 1075 3138 c.
1089 3118 1113 3145 ις
1123 3122 1131 3134 ι
1151 3111 1223 3138 Nam
1239 3108 1311 3136 Lati·
1325 3123 1358 3149 30

255 3163 302 3181 nae
320 3154 424 3182 fabulae
439 3165 484 3190 per
497 3156 637 3191 pauciores
654 3152 802 3189 agebantur
821 3152 953 3186 personas.
1032 3150 1063 3175 Et
1081 3157 1154 3180 mox,
1184 3146 1226 3174 Est
1246 3154 1311 3180 ergo

256 3191 361 3224 persona
374 3192 519 3225 primarum
534 3192 666 3227 partium,
688 3197 756 3224 quae
768 3188 870 3222 saepius
884 3187 944 3214 astu
959 3185 1126 3221 regreditur,
1146 3190 1192 3210 etc.
1235 3181 1311 3218 Conf.

257 3227 318 3253 Scal.
335 3228 400 3253 Poet.
415 3238 435 3259 ι,
451 3238 474 3259 ¹3
481 3228 540 3264 sqq.
596 3226 643 3255 Sed
655 3228 730 3253 etiam
743 3227 787 3261 qui
799 3229 923 3258 aguntur,
943 3226 961 3249 i.
981 3229 1099 3258 agentes,
1117 3222 1313 3256 loquentespro-

258 3261 378 3288 ducuntur
391 3265 416 3288 in
424 3263 538 3298 scenam,
559 3264 687 3290 Personae
694 3262 765 3298 fimt.
845 3259 901 3286 Cic.
916 3258 948 3285 de
962 3259 998 3285 N.
1013 3259 1045 3285 D.
1060 3266 1087 3290 3,
1101 3265 1130 3292 71
1151 3266 1172 3283 c.
1189 3265 1221 3289 29
1255 3257 1311 3282 Me-

258 3296 306 3323 dea
317 3297 397 3323 modo
416 3305 440 3324 et
460 3300 552 3326 Atreus
571 3297 853 3326 connncmorabantur
871 3304 886 3322 a
907 3295 1001 3327 nobis,
1027 3294 1152 3320 heroicae
1170 3293 1312 3327 personae:
1329 3295 1358 3325 85

258 3340 452 3372 commemoratae
465 3342 541 3362 antem
550 3335 612 3370 sunt
626 3345 654 3361 cx
675 3333 844 3370 Tragoedia.
893 3332 936 3359 Ita
956 3331 1085 3357 Personae
1099 3335 1232 3365 ponuntur
1252 3334 1311 3354 ante

255 3367 359 3409 f³⁶²⁴¹f¹⁸
372 3368 456 3409 Plauti
471 3379 499 3396 ac
510 3371 646 3397 Terentii.
703 3371 744 3397 Ita
760 3370 873 3396 Persona
886 3373 976 3399 muta,
1002 3365 1081 3399 κωφόν
1092 3365 1213 3400 πρόσωπον
1231 3367 1311 3391 inter·

261 3401 315 3427 dum
327 3402 464 3443 inducitur.
530 3406 570 3433 Sic
583 3407 652 3433 Ter.
666 3406 732 3433 Eun.
746 3406 815 3440 prol.
831 3408 857 3431 16
887 3403 992 3431 Parasiti
1009 3402 1147 3437 personam
1162 3400 1223 3427 inde
1239 3400 1310 3427 abla-

261 3442 314 3479 (ΡΨ
327 3437 366 3463 ve¹
386 3438 489 3480 ¹¹¹¹¹¹i¹⁵²
511 3476 515 3480 .
706 3450 718 3475 ς
757 3441 800 3468 Ad
817 3441 882 3469 hunc
900 3439 996 3466 modum
1016 3441 1090 3464 etiam
1111 3436 1309 3471 Personaefitiit

261 3483 270 3499 ι
283 3474 306 3505 jr
321 3481 371 3497 cum
381 3473 433 3507 suis
449 3474 621 3506 qualitatibus,
639 3478 817 3510 relationibus,
841 3475 1041 3505 conditionibus,
1059 3474 1185 3505 homines,
1200 3473 1353 3508 fabulae90

260 3516 347 3548 q'ssq‘f?
355 3507 414 3543 susse
427 3507 531 3550 dffgm’J·
601 3513 729 3544 Quoftil.
743 3524 770 3548 4,
788 3522 813 3545 2,
828 3522 857 3546 52
884 3511 1031 3540 Credibilis
1044 3510 1096 3536 erit
1116 3510 1234 3536 narratio
1248 3514 1310 3536 ante

262 3552 368 3584 (ΜΝΞ,
398 3559 441 3584 ’ζ-
462 3546 478 3570 ¹¹
500 3544 817 3586 personas.conuenientes
838 3550 879 3579 iis,
902 3557 970 3584 quac
988 3546 1058 3575 fac‘h
1078 3545 1151 3572 credi
1171 3546 1311 3578 volemus,

263 3579 490 3620 constit-uerinms,
516 3580 631 3620 vt-surti
649 3591 722 3610 reum
738 3605 745 3617 ,
769 3585 913 3619 cupidum3
951 3582 1090 3614 adulterii,
1116 3581 1309 3612 libidinosum3

263 3615 414 3643 ¹¹0¹¹¹¹<¹<¹¹h
436 3622 622 3656 (⁰¹”ffljssl'1ssm3
645 3619 698 3656 'vel
713 3627 817 3653 contra,
837 3621 853 3647 si
870 3621 1051 3647 defendemus.
1125 3618 1181 3644 Cic.
1196 3618 1269 3644 Fam.
1285 3626 1309 3650 3,

262 3661 274 3692 ,5
295 3651 402 3692 ‚Neque
417 3652 533 3694 0¹]‚sfflfl5
547 3652 681 3692 Persoms,
700 3663 744 3680 uec
760 3657 845 3690 paruis
862 3657 889 3684 in
905 3656 984 3683 caulis
1000 3665 1041 3683 res
1061 3660 1163 3689 agetur.
1236 3653 1310 3680 Idem
1325 3659 1357 3685 95

263 3687 326 3728 ¹b¹‘.¹·
345 3696 366 3719 ἵν
383 3696 410 3714 ¹²
436 3689 461 3713 δ’
475 3697 530 3713 V¹¹0
546 3696 573 3713 ¹¹¹
586 3695 756 3722 argumento,
777 3701 879 3727 vnaque
892 3694 1017 3728 persona,
1042 3700 1114 3718 mens
1125 3697 1170 3717 tua
1184 3695 1240 3716 tota
1252 3698 1311 3716 ver-

263 3723 369 3750 sabunt·
415 3757 421 3762 ,
440 3723 510 3757 ΝΕΡ·
527 3725 564 3754 ¹⁶,
578 3733 605 3762 4,
620 3732 631 3755 3
661 3724 730 3765 Ηξίΰῦ
745 3726 794 3752 fuit
808 3729 888 3755 altera
904 3730 1013 3763 persona
1028 3727 1150 3758 Thebis,
1172 3725 1214 3753 sed
1223 3732 1311 3752 tamen

263 3757 390 3801 secunda,
414 3763 450 3784 ita
463 3766 497 3799 *vt
517 3767 637 3798 ppox'ima
657 3761 716 3785 eflct
735 3761 936 3795 Epaminondae.
1027 3763 1161 3798 Qiintfifil.
1180 3771 1198 3796 4
1232 3771 1241 3788 1
1279 3763 1310 3794 63

263 3798 355 3821 bermo
374 3802 387 3819 a
407 3799 516 3827 pertona
536 3793 630 3819 iudicis
649 3796 768 3827 auersus,
794 3798 934 3834 οἰποςρῡφή,
964 3807 1010 3827 etc,
1055 3804 1074 3827 i,
1100 3799 1131 3826 ah
1149 3782 1311 3835 spso’juffiice,

202 164 203 167 ¹
246 186 305 231 831
637 164 666 206 P

246 264 428 295 conditionem
441 256 681 289 controuersiarum
695 252 755 288 plur

1326 759 1351 785 ις

1325 943 1358 961 20

265 3830 368 3863 leian.
383 3829 418 3854 Ι.ι
434 3829 465 3854 D.
478 3829 521 3854 Nc
535 3829 595 3862 quis
609 3837 667 3854 eum
677 3849 683 3859 ,
711 3831 758 3865 qui
774 3832 800 3858 in
821 3833 860 3859 ius
873 3842 963 3868 vocat,
990 3835 1088 3863 Ofilius
1108 3841 1198 3869 putat,
1222 3834 1370 3863 locnmroo
1415 3840 1430 3859 Ρ
1440 3840 1483 3860 ER
1493 3836 1580 3859 SPEC
1590 3837 1611 3856 V

264 3865 325 3891 huic
339 3864 427 3891 efficio
441 3872 497 3903 non
509 3865 574 3895 cssc,
596 3864 612 3890 li
628 3866 750 3898 persona,
776 3877 842 3902 quae
862 3870 888 3897 in
907 3872 947 3898 ius
967 3873 1058 3898 vocari
1080 3881 1134 3898 non
1147 3871 1234 3906 potuit
1269 3878 1313 3896 ex-

266 3907 333 3926 emta
346 3901 396 3931 cst,
415 3900 500 3926 veluti
515 3907 621 3938 parens,
641 3907 780 3935 patronus,
800 3911 970 3943 caeteraeque
985 3909 1120 3942 personae.
1192 3890 1250 3934 Cic,
1259 3907 1313 3932 Att-

266 3941 288 3965 8,
304 3945 327 3961 12
350 3937 452 3971 Ecquae
466 3933 572 3969 pacifica
586 3936 692 3968 persona
708 3937 873 3967 desideretur.
948 3945 977 3968 Et
991 3943 1023 3970 ad
1036 3944 1193 3978 Pompeium
1202 3942 1250 3980 sub
1258 3943 1312 3968 Att.

266 3976 289 4001 8,
306 3980 325 3997 ιι
341 3979 402 3997 extr.
424 3973 470 4012 ’Vt
485 3978 541 3996 inca
555 3971 663 4010 persona
689 3971 727 4005 (i.
748 3983 789 4009 ego
801 3985 853 4002 rum
867 3980 926 4003 meis
940 3979 1082 4005 virtutibus
1096 3986 1120 4006 ct
1132 3980 1203 4006 rebus
1215 3977 1314 4015 gestis)

264 4007 366 4041 semper
378 4006 410 4034 ad
422 4006 624 4042 improbronun
636 4015 737 4034 ciuium
751 4009 863 4044 impetus
877 4012 980 4047 aliquid
1002 4013 1140 4043 videretur
1153 4015 1253 4042 habere
1266 4023 1313 4050 po·
1322 4022 1364 4050 105

1324 555 1353 598 ιο
1363 570 1442 608 ficar.

1353 4003 1355 4006 .
1379 3978 1452 4005 Hirt.
1464 3977 1497 4004 de
1512 3975 1587 4004 Bello
1601 3975 1685 4003 Afric.
1701 3985 1755 4009 c.3i

1760 136 2038 200 'PER

1368 245 1487 286 pulare,·
1515 247 1535 272 ι’.
1559 250 1589 271 vt
1602 243 1741 282 populares
1750 240 1803 276 fibi
1823 240 1985 274 viderentur,
2010 244 2055 278 qui
2076 244 2102 269 in
2123 251 2159 269 me
2177 244 2296 278 impetum
2307 241 2437 278 facerent.

1370 281 1428 307 Cic.
1442 280 1556 316 Philipp.
1570 283 1603 312 6,
1618 289 1643 314 ις
1663 290 1685 306 c.
1697 282 1713 306 6
1750 279 1816 306 Non
1837 278 1956 304 alienum
1976 278 2030 305 fuit
2049 279 2173 314 personas
2186 278 2314 315 quasdam
2327 287 2342 305 a
2355 278 2436 306 vobis
2468 274 2482 301 ’ἵ

1370 317 1541 350 recognosci,
1567 323 1596 344 vt
1609 316 1769 352 quibuscum
1783 314 1882 342 bellum
1899 321 2053 350 gereretur,
2083 315 2181 349 possitis
2210 315 2285 342 taciti
2307 314 2436 349 cogitare.

1371 354 1402 380 Et
1417 351 1449 378 de
1461 353 1536 385 Orat,
1552 361 1575 386 2,
1588 361 1632 386 145
1649 363 1671 381 c.
1687 361 1720 386 34
1744 352 1896 379 Hominum
1911 351 2121 378 innumerabiles
2137 351 2280 386 personae,
2319 354 2339 377 i.
2359 348 2438 378 hoini—
2465 337 2478 383 ξ·

1369 398 1413 415 nes
1428 397 1482 429 cum
1490 388 1548 424 suis
1560 390 1732 416 relationibus.
1806 386 1938 421 Quinctil.
1953 395 1978 422 7,
1992 396 2014 420 3,
2029 388 2052 413 ii
2089 387 2265 415 Colliduntur
2279 396 2335 414 non
2349 387 2438 422 perso-

1369 433 1419 452 nae
1434 429 1506 451 inter
1518 424 1543 450 se
1552 425 1625 456 ,sed
1637 425 1710 459 ipsae
1721 434 1777 457 res,
1794 424 1823 451 id
1835 425 1872 451 est
1884 444 1892 456 ,
1912 432 1968 450 non
1983 430 2044 450 vter
2058 423 2164 457 fecerit,
2177 424 2220 451 sed
2229 429 2319 451 vtrum
2332 422 2436 450 faenum
2472 437 2482 450 -,

1491 458 1560 486 vell.
1575 468 1608 492 2,
1621 462 1668 493 68,
1690 470 1701 488 1
1733 461 1830 496 Neque
1849 461 1921 487 enim
1940 461 2053 495 persona
2072 459 2197 488 vmbram
2212 460 2285 487 atitae
2297 461 2339 487 rei
2353 459 2439 494 capit,
2474 459 2475 467 ¹

1371 462 1419 488 fit?

1370 499 1395 526 b.
1409 507 1428 524 e.
1451 497 1595 524 Burmanno
1608 498 1759 532 interprete,
1783 500 1839 524 viri
1858 498 1920 524 talis
1940 505 1990 523 non
1999 492 2081 531 potest
2093 499 2122 523 in
2143 496 2231 523 umbra
2244 503 2268 523 et
2281 496 2381 532 obscuro
2395 494 2440 529 effe

1370 537 1428 561 vita
1441 540 1464 560 ct
1476 531 1559 560 aflus.
1727 531 1748 569 ff
1770 536 1787 560 6
1827 535 1957 560 Hominem
1963 532 2137 569 fingularem,
2151 533 2175 570 s
2190 532 2440 568 indiuidinemfigni.

1514 569 1579 608 Sen.
1589 565 1622 593 de
1642 572 1730 607 morte
1747 569 1841 596 Claud.
1860 579 1889 596 io
1926 570 1970 596 Ne
1990 569 2085 596 videar
2105 569 2134 595 in
2154 570 2309 603 personam,
2335 577 2391 595 non
2409 568 2440 595 in

1370 616 1428 647 rem
1439 624 1448 637 ,
1468 606 1627 645 sententiam
1641 603 1739 643 dicere.
1810 606 1879 632 Cels.
1893 615 1902 632 1
1917 613 1958 642 pr.
1979 604 2100 632 Medicos
2115 605 2186 632 nihil
2206 606 2313 633 tentasse
2327 601 2439 638 iudico,

1371 652 1435 679 quia
1450 650 1531 669 nemo
1546 649 1575 668 in
1588 638 1725 680 splendida
1738 641 1848 680 persona
1862 643 2011 677 periclitari
2024 641 2144 669 voluerit
2156 642 2313 669 coniecitura
2328 642 2383 674 sua,
2397 649 2440 672 ne,

1372 680 1389 706 fi
1404 688 1459 707 non
1473 677 1611 709 seruaffet‚
1631 675 1753 717 occidisse
1768 676 1917 705 videretur.
1991 678 2066 706 Idem
2080 686 2109 711 ς,
2127 683 2157 711 8,
2172 686 2196 711 13
2231 678 2392 713 Malagmata
2406 676 2440 704 ad

1371 716 1483 743 strumas
1496 715 1526 756 i‘n
1540 714 1659 754 personis
1677 712 1755 739 varie
1775 712 1977 747 responderunt.
2071 714 2187 742 Traian.
2207 714 2239 741 ad
2259 714 2327 741 Plin.
2347 723 2390 746 10,
2411 718 2441 744 88

1371 751 1524 780 Contra6hs
1537 749 1665 777 omnibus
1684 748 1804 784 personis
1819 748 1852 774 ad
1865 749 1936 778 idem
1950 751 2090 786 negotium
2105 751 2319 785 pertinentibus,
2347 753 2366 777 i.
2384 759 2442 776 con-

1371 791 1471 816 vocatis
1483 787 1611 819 omnibus,
1641 795 1745 822 quorum
1760 783 1872 818 interest.
1962 788 2071 814 Sueton.
2087 788 2192 815 Neron.
2207 796 2247 814 c.1
2274 786 2393 814 Domitii
2406 793 2442 813 ne

1371 825 1547 866 praenomina
1560 822 1669 859 quidem
1685 821 1739 849 vlla
1753 828 1940 856 praeterquam
1948 823 2028 850 Cneii
2041 830 2066 850 et
2079 824 2158 851 Lucii
2173 824 2344 858 viiii-parunt,
2357 818 2442 850 modo

1371 867 1557 889 continuantes
1571 858 1786 894 vnumquodque
1801 866 1849 893 per
1862 864 1950 884 ternas
1964 861 2104 893 personas,
2122 860 2206 887 modo
2222 861 2383 887 alternantes
2395 867 2444 894 per

2470 572 2478 583 ψ

2470 619 2479 634 ,ἶ

2482 632 2491 654 r—

2460 523 2468 536 x*

2476 398 2479 418 ε
2490 408 2493 418 «

2471 422 2482 435 ¹1.

2471 559 2496 617 ι’

2472 621 2491 664 {s

2472 671 2495 696 Ιχ

2469 723 2482 751 ἦ

2474 755 2492 786 ,ν

1373 898 1496 932 singulas.
1569 895 1705 938 Qiinffi’til.
1722 903 1743 928 ς,
1758 904 1784 928 2,
1798 903 1810 927 3
1846 895 1886 921 De
1901 894 2058 935 infirmitate
2070 898 2244 931 personarum
2259 895 2444 932 querendum,

1374 941 1469 962 contra
1483 942 1548 969 quas
1561 940 1613 960 erit
1626 931 1783 958 iudicatum.
1853 931 1960 965 leian.
1976 931 1994 957 l.
2004 940 2013 957 1
2027 931 2060 958 D.
2073 932 2105 959 de
2120 933 2256 968 constitut.
2279 932 2361 966 Qiod
2368 931 2443 967 prin-

1374 980 1434 1006 ceps
1448 970 1531 997 alicui
1545 969 1581 996 ob
1594 968 1691 995 merita
1705 967 1829 1000 indulsit,
1855 967 1898 994 vel
1918 967 1935 994 si
1957 964 2037 1002 quaiii
2057 977 2170 1002 poenam
2185 970 2335 1004 irrogauit,
2363 966 2410 995 vel
2422 967 2442 995 fi
2459 975 2463 980 ’

1373 1009 1418 1034 cui
1432 1007 1486 1034 sine
1499 1006 1624 1040 exemplo
1642 1004 1785 1037 subuenit,
1810 1005 1950 1038 personam
1970 1013 2026 1030 non
2039 1003 2193 1039 egreditur.⁴
2381 1001 2403 1041 q
2425 1011 2444 1040 7
2493 995 2495 1002 ¹

1374 1046 1547 1071 Grammatica
1566 1042 1610 1068 iila
1627 1042 1760 1077 cappellano
1782 1041 1884 1075 primae
1908 1041 2052 1075 personae,
2091 1044 2110 1067 i.
2135 1039 2276 1077 loquentis,
2299 1041 2445 1072 secundae.
2464 1038 2495 1065 .¹

1373 1084 1434 1117 quae
1453 1079 1630 1115 compellatur,
1654 1085 1678 1104 ee
1697 1078 1809 1110 tertiae,
1838 1076 1866 1103 de
1878 1086 1926 1113 qua
1934 1077 2016 1113 Ji'rmo
2029 1075 2080 1110 qli,
2096 1077 2168 1113 satis
2188 1079 2304 1112 antiqua.
2365 1078 2399 1105 V.
2416 1068 2495 1113 gf!

1374 1116 1507 1151 anetil.
1525 1125 1534 1142 1
1544 1136 1552 1148 ,
1563 1124 1600 1156 ¹4,
1620 1123 1649 1148 29
1671 1113 1822 1155 'Qiaedain
1835 1114 1911 1141 verba
1924 1114 2020 1140 tertiae
2035 1113 2145 1140 demum
2159 1113 2288 1149 personae
2304 1112 2390 1149 figura
2404 1113 2445 1141 di·

1373 1160 1487 1184 cuntur,
1507 1159 1537 1179 vt
1549 1151 1628 1184 licet,
1650 1157 1732 1185 piget.
2372 1150 2376 1153 ¹
2441 1144 2447 1155 ¹
2488 1155 2490 1159 ’

1413 1196 1429 1216 1²
1443 1196 1487 1216 ER
1497 1196 1510 1216 s
1519 1195 1538 1215 o
1548 1196 1564 1215 L
1575 1194 1590 1214 L
1600 1194 1622 1214 A
1632 1207 1640 1219 ‚
1658 1196 1697 1214 ae.
1717 1185 1738 1213 f.
1775 1185 1910 1213 Dim'inut.

1374 1227 1454 1254 Cnrc.
1469 1234 1489 1256 1,
1503 1233 1526 1257 3,
1539 1226 1578 1257 36.
1615 1223 1659 1250 vbi
1671 1224 1717 1250 alii
1732 1222 1860 1257 persolae.
2480 1242 2482 1246 .

1410 1269 1425 1289 1>
1436 1269 1451 1288 E
1460 1268 1479 1288 R
1489 1268 1501 1288 s
1514 1267 1533 1288 o
1545 1267 1567 1286 Ν
1578 1261 1630 1287 AT
1639 1266 1660 1285 v
1669 1267 1681 1286 s
1691 1279 1699 1292 ,
1715 1268 1730 1286 a
1739 1278 1746 1290 ‚
1769 1268 1824 1285 um.
1862 1257 1924 1285 Adi.
1964 1257 2074 1295 Persona
2086 1257 2207 1291 indutus,
2224 1261 2340 1296 tragicus
2354 1259 2396 1286 vel
2405 1267 2446 1286 oo·

1373 1301 1461 1325 micus.
1537 1297 1605 1323 Hor.
1620 1297 1702 1323 Serm.
1719 1304 1739 1328 1,
1755 1304 1788 1328 4,
1805 1297 1835 1328 56
1866 1295 1935 1328 Qiis
1951 1294 2130 1322 stomachetur
2145 1294 2242 1321 eodem
2280 1296 2344 1330 Quo
2355 1296 2446 1331 perso·-
2479 1312 2485 1318 --

1374 1340 1452 1362 natus
1467 1333 1545 1369 passio
1558 1333 1652 1368 pater?
1724 1331 1896 1366 Tragoedias
1909 1332 2026 1358 cantauit
2042 1333 2115 1365 Nero,
2130 1331 2301 1366 personatus,
2328 1331 2446 1360 heroum
2468 1327 2470 1330 ¹

1373 1371 1561 1405 deorumque,
1586 1369 1651 1396 item
1671 1366 1816 1394 heroidum
1832 1376 1862 1394 ac
1876 1367 1986 1395 dearum
2000 1366 2122 1402 personis
2134 1366 2229 1394 effiffls
2243 1367 2276 1395 ad
2284 1363 2457 1396 similitudi-¹

1373 1416 1436 1434 nem
1450 1415 1506 1433 oris
1521 1407 1561 1432 sui
1575 1411 1600 1433 et
1615 1404 1749 1436 feminae,
1775 1410 1857 1438 prout
1879 1412 2015 1441 quamque
2029 1404 2155 1439 diligeret
2190 1404 2261 1431 Suet.
2279 1405 2347 1433 Ner.
2369 1414 2391 1432 c.
2406 1413 2445 1434 21-
2465 1411 2467 1415 ·

1374 1444 1430 1470 Cic.
1445 1443 1499 1470 Att.
1516 1450 1551 1476 ις,
1566 1451 1575 1468 ι
1612 1440 1688 1475 Qud
1702 1439 1739 1466 est
1751 1445 1842 1466 autem
1856 1449 1904 1467 cnr
1919 1450 1969 1475 ego
1983 1441 2138 1476 personatus
2150 1440 2286 1468 ambulem
2294 1440 2309 1468 3'
2338 1448 2446 1477 parum-

1373 1489 1406 1506 ne
1421 1478 1502 1506 foeda
1516 1479 1626 1514 persona
1641 1477 1678 1504 est
1700 1475 1780 1511 ipsius
1795 1476 1954 1503 Γεηεὲἶιιτὶεέ
2028 1477 2123 1504 Nostri
2137 1477 2209 1503 senes
2225 1477 2397 1512 personatum
2409 1477 2446 1506 η’

1373 1515 1500 1543 Roscium
1514 1514 1624 1550 quidem
1639 1521 1803 1548 magnopere
1818 1512 1963 1539 laudabant
1999 1513 2038 1540 Id.
2054 1513 2086 1540 de
2099 1515 2176 1540 Orat.
2190 1522 2201 1545 3
2215 1523 2235 1540 c.
2252 1522 2292 1547 59.
2364 1514 2454 1542 Pueri·

1374 1561 1443 1587 quos
1458 1558 1558 1584 amant,
1580 1550 1680 1586 quibus
1693 1550 1861 1576 affueuerunt
1880 1564 1926 1569 —
1946 1549 1963 1576 fi
1977 1551 2133 1584 personatos
2142 1549 2245 1580 vident,
2267 1545 2457 1585 expauescunt'

1373 1590 1433 1616 Seri.
1448 1589 1494 1624 Ep.
1508 1597 1552 1621 24.
1633 1585 1733 1613 Fabula
1747 1585 1878 1620 quaedam
1891 1585 1993 1612 Naeuii
2008 1587 2147 1614 Personata
2163 1586 2337 1620 inscribitur,
2364 1579 2454 1623 quani

1372 1630 1466 1660 putant
1479 1624 1590 1660 quidam
1604 1623 1723 1658 primum
1737 1631 1752 1648 a
1765 1622 1913 1656 personatis
1929 1621 2124 1656 histrionibus,
2145 1623 2189 1650 sed
2205 1632 2288 1658 quum
2301 1623 2451 1658 post.mul-=

1373 1668 1414 1689 tos
1427 1671 1511 1688 annos
1526 1659 1653 1687 comoedi
1667 1665 1693 1686 et
1717 1658 1840 1689 tragoedi
1860 1659 1979 1693 personis
1997 1659 2038 1686 vti
2058 1668 2187 1694 coepere,
2211 1654 2388 1688 verisimilius
2408 1660 2451 1689 est·⁴

1375 1707 1434 1725 eam
1447 1697 1568 1738 fabulam
1581 1702 1692 1736 propter
1709 1695 1830 1729 inopiam
1849 1695 2044 1722 comoedorum
2063 1695 2149 1723 stiam
2163 1705 2263 1723 nouam
2277 1705 2325 1731 per
2337 1689 2463 1725 Atteilajss

1373 1743 1438 1765 nos,
1459 1743 1506 1768 qui
1522 1740 1632 1767 proprie
1646 1736 1777 1758 vocantur
1792 1732 1943 1764 personati:
1980 1733 2044 1766 quia
2058 1732 2100 1758 ius
2115 1732 2152 1759 est
2166 1733 2200 1759 iis
2213 1742 2270 1759 non
2283 1733 2345 1768 cogi
2358 1734 2455 1761 insce:

1374 1779 1436 1796 nain
1457 1777 1558 1804 ponere
1575 1768 1731 1802 personam,
1765 1767 1838 1800 quod
1862 1767 1974 1793 caeteris
1997 1767 2177 1795 histrionibus
2201 1770 2257 1804 pati
2270 1771 2379 1797 -nccefl'e
2399 1763 2460 1801 est*¹

1374 1805 1472 1832 Festus.
1546 1803 1669 1830 Felicitas
1685 1802 1840 1837 personata,
1867 1806 1885 1828 i.
1908 1803 2001 1829 Fucata
2026 1805 2116 1831 Senec.
2130 1805 2178 1838 Epi
2226 1812 2267 1834 80.

1415 1848 1430 1867 p
1444 1848 1460 1868 E
1471 1847 1489 1867 R
1499 1847 1512 1867 s
1523 1845 1542 1864 o
1553 1845 1576 1864 Ν
1586 1840 1609 1865 A
1620 1845 1654 1879 ¹1¹
1665 1845 1678 1865 s
1687 1858 1696 1870 ‚
1711 1847 1740 1878 qe.
1778 1838 1839 1864 Adi.
1876 1838 2062 1873 [προσωπικὲς]
2112 1840 2188 1875 ,Qod
2200 1841 2235 1867 ad
2247 1841 2378 1876 personam
2386 1849 2448 1878 per-
2479 1860 2481 1862 -

1373 1880 1448 1904 tinet.
1504 1875 1651 1903 Personalis
1665 1874 1755 1907 atiho,
1776 1875 1846 1910 Quae
1860 1877 1888 1900 in
1901 1875 2033 1910 personam
2050 1875 2135 1902 datur.
2180 1878 2183 1880 '
2209 1876 2374 1904 Beneficium
2400 1878 2448 1905 Vl:

1374 1914 1445 1949 pian.
1461 1912 1517 1953 l.63
1534 1913 1566 1938 D.
1581 1910 1608 1952 6¹.
1620 1920 1629 1937 1
1644 1920 1693 1952 pro
1707 1911 1790 1937 socio.
1883 1911 1981 1937 Munus
1997 1911 2151 1946 personale,
2179 1912 2234 1938 vid.
2248 1913 2394 1947 leianum
2410 1915 2445 1942 D.
2459 1924 2461 1931 ·

1374 1950 1407 1976 de
1420 1949 1554 1976 constitut.
1570 1956 1682 1982 princip.
1698 1947 1715 1973 l.
1727 1956 1746 1973 ι.
1837 1947 1904 1973 Vsus
1920 1948 2066 1985 personalis
2079 1955 2164 1983 aquae
2189 1948 2296 1973 Paullus
2310 1946 2369 1976 ini.
2382 1942 2471 1987 pens:¹

1372 1987 1404 2013 D.
1418 1986 1450 2012 de
1467 1986 1557 2012 seruit.
1573 1983 1744 2019 praed.·rust.
2244 2004 2245 2008 ,

1408 2029 1424 2048 P
1432 2029 1449 2048 F.
1458 2029 1477 2048 R
1488 2029 1500 2049 s
1512 2027 1530 2046 o
1542 2028 1564 2047 N
1575 2027 1596 2047 Α
1606 2028 1622 2047 L
1634 2027 1643 2045 1
1653 2027 1674 2046 T
1686 2025 1701 2045 E
1709 2025 1740 2045 R.
1778 2017 1848 2045 Adu.
1893 2017 1971 2044 Idem.
2015 2017 2242 2044 Grammaticorum
2255 2027 2312 2046 uox.
2368 2021 2428 2048 Gell

1372 2066 1406 2091 ις,
1422 2067 1446 2090 ι3
1473 2057 1600 2084 Puditum
1615 2062 1641 2083 et
1655 2055 1768 2089 pigitum
1781 2063 1836 2079 non
1852 2052 2028 2087 personaliter
2042 2061 2089 2086 per
2102 2051 2257 2086 infinitum,
2275 2062 2320 2083 etc.
2381 2041 2441 2085 Ali:
2470 2062 2475 2065 .

1370 2101 1410 2121 ter
1426 2096 1510 2121 utitur
1529 2092 1632 2119 Arnob.
1649 2100 1660 2122 3
1677 2100 1700 2125 p.
1718 2098 1765 2122 124
1802 2088 1909 2116 Etiamsi
1926 2088 2103 2123 personaliter
2122 2090 2294 2124 ignoramus,
2321 2092 2442 2128 quisunt

1371 2131 1468 2162 Lares,
1495 2130 1543 2164 qui
1564 2130 1622 2155 sunt
1639 2125 1816 2158 Nouensiles,
1839 2126 1887 2161 qui
1908 2126 2032 2159 Penates,
2070 2131 2117 2152 etc.
2180 2126 2252 2154 Add.
2274 2127 2388 2156 Saluian.
2408 2128 2448 2161 dc

1371 2167 1492 2194 Gubern.
1509 2166 1559 2192 Dei
1576 2165 1593 2191 Ι.
1607 2167 1623 2189 6
1634 2171 1678 2200 pr.
2199 2169 2202 2171 ’
2371 2178 2387 2183 -
2431 2163 2433 2165 “
2451 2156 2474 2184 .¹'.

1407 2211 1422 2230 p
1433 2210 1449 2230 E
1458 2210 1478 2230 R
1488 2210 1500 2230 S
1511 2209 1530 2226 o
1541 2209 1563 2228 N
1572 2201 1594 2228 Α
1603 2207 1624 2228 Τ
1635 2207 1657 2227 Α
1666 2220 1675 2233 ,
1694 2207 1742 2240 *ae.
1781 2197 1802 2225 f.
1847 2198 1860 2232 [
1867 2195 1979 2233 ἅμκειον]
2035 2197 2119 2227 Genus
2130 2197 2219 2226 herbae
2231 2199 2358 2236 nasi-entis
2369 2203 2445 2228 iux!
2463 2214 2469 2224 2

1370 2243 1441 2267 riuos
1454 2238 1604 2276 etflumina.
1660 2235 1728 2263 Plin.
1748 2242 1778 2268 25
1790 2254 1797 2266 ,
1822 2242 1839 2268 9
1875 2233 1995 2268 Quidam
2015 2234 2121 2261 aretion
2141 2236 2308 2270 personatam
2329 2246 2415 2265 vocan
2429 2260 2431 2264 Α

1372 2277 1448 2303 cuius
1463 2276 1533 2303 folio
1545 2274 1651 2301 nullum
1665 2272 1702 2299 est
1716 2271 1812 2305 latius,
1833 2271 1945 2305 grandes
1958 2270 2044 2306 lappas
2058 2271 2200 2298 serentem.
2271 2273 2396 2302 Columel
2420 2275 2435 2299 Ξ

1374 2322 1404 2349 17
1435 2313 1543 2339 Venena
1555 2311 1665 2346 viperae
1679 2308 1790 2344 depellit
1806 2308 1885 2342 super
1898 2306 2120 2334 scarificationem
2134 2307 2209 2335 ferro
2224 2309 2322 2336 faistam
2342 2295 2435 2351 herjia

1373 2359 1452 2385 quaxn
1466 2354 1564 2376 vocant
1578 2348 1761 2382 personatam,
1789 2344 1867 2377 trita,
1891 2349 1916 2370 et
1931 2351 1989 2370 cum
2011 2343 2063 2370 sale
2077 2344 2211 2378 impolita.
2259 2345 2329 2374 Add¹
2344 2356 2369 2375 21
2404 2357 2423 2376 1·

1372 2389 1402 2413 it.
1417 2385 1494 2420 Apul.
1510 2385 1541 2411 de
1555 2383 1640 2411 Herb.
1655 2385 1695 2416 36.
1731 2389 1755 2407 et
1768 2381 1851 2407 Marc.
1869 2379 1971 2414 Empir.
1988 2387 2025 2415 ¹7·
2094 2380 2218 2410 Variatur
2229 2383 2257 2407 in
2270 2382 2316 2410 boc
2329 2368 2427 2412 noniin
2474 2380 2476 2387 '
2498 2374 2499 2382 ¹

1371 2432 1425 2450 cum
1441 2420 1595 2449 Personacia
1610 2422 1686 2446 etiam
1700 2424 1724 2444 et
1737 2416 1869 2444 Persolata
1881 2423 1904 2444 ct
1919 2416 2053 2442 Persoluta
2066 2416 2175 2453 legatur.

1410 2467 1425 2486 p
1435 2466 1451 2486 E
1460 2466 1479 2486 R
1489 2465 1501 2484 s
1511 2456 1530 2485 ὁ
1540 2465 1562 2484 Ν
1571 2464 1590 2484 O
1599 2476 1607 2490 ,
1626 2456 1655 2482 ui
1663 2476 1671 2488 ,
1692 2459 1746 2481 are.
1784 2453 1958 2487 [ἕξηχὲομαι]
2001 2452 2125 2489 Magnum
2131 2451 2222 2488 fimum
2235 2455 2361 2488 emittere,
2378 2457 2458 2484 Mar

1371 2504 1423 2532 gna
1437 2505 1495 2522 voce
1509 2495 1616 2521 clamare
1636 2499 1659 2519 et
1672 2491 1773 2525 effu-re.
1846 2489 1903 2516 Cic.
1916 2497 1967 2523 pro
1980 2488 2052 2515 Cael.
2068 2496 2105 2523 47
2127 2497 2148 2516 c.
2163 2497 2195 2514 20
2226 2488 2290 2516 Illae
2301 2499 2368 2518 vero
2383 2499 2481 2521 noas·

1373 2533 1522 2567 loquuntur
1538 2529 1624 2556 solum
1634 2549 1640 2559 ‚
1665 2536 1761 2554 verum
1774 2526 1855 2553 etiam
1870 2525 2028 2561 personant,
2045 2525 2101 2551 ‘huc
2115 2524 2193 2551 vnius
2213 2525 2334 2554 mulieris
2345 2527 2438 2555 libidi-
2465 2522 2471 2531 ⁰
2496 2537 2497 2545 ¹

1373 2577 1433 2595 nem
1448 2569 1497 2595 effe
1510 2567 1674 2603 prolapsam,
1694 2570 1723 2591 vt
1738 2572 1767 2590 ea
1777 2583 1784 2594 ,
1803 2570 1848 2589 etc.
1921 2562 1970 2588 Per
1983 2561 2077 2587 vrbem
2092 2566 2175 2587 totam
2191 2563 2325 2596 personat.
2344 2563 2436 2592 Valer.
2496 2552 2497 2560 ¹

1373 2606 1472 2640 Argon.
1487 2613 1513 2637 2,
1530 2606 1587 2636 164.
1694 2600 1780 2627 Cantu
1794 2599 1863 2625 tibia
1877 2597 2148 2633 personuitsollemni
2170 2598 2255 2625 Ouid.
2265 2599 2356 2627 Amor.
2363 2607 2387 2634 3,
2401 2607 2438 2634 13,
2484 2599 2498 2618 -'

1374 2650 1407 2668 ιι.
1450 2642 1495 2669 Al.
1512 2637 1679 2667 Praesonuit.
1764 2634 1874 2662 Cithara
1889 2640 1980 2660 aurata
1994 2634 2117 2668 personat
2131 2634 2208 2668 Iopas
2247 2628 2322 2670 Virg.
2335 2636 2400 2663 Aen.
2413 2644 2439 2668 1,

1373 2685 1431 2713 745.
1489 2677 1598 2703 Latratu
1614 2672 1746 2700 Cerberus
1761 2672 1885 2705 personat
1897 2678 1979 2704 regna
2003 2669 2119 2696 Id.ibid.
2134 2672 2160 2701 6,
2173 2675 2229 2703 418.
2302 2671 2438 2706 Tumultu
2472 2681 2475 2685 ’

1374 2714 1517 2748 personare
1548 2711 1608 2737 Liu.
1624 2719 1666 2741 27,
1684 2716 1716 2740 ις.
1788 2707 1857 2733 Hor.
1871 2706 1949 2741 Epist.
1965 2715 1991 2736 1,
2008 2715 2017 2732 1
2027 2726 2035 2738 ‚
2048 2714 2065 2741 7
2097 2706 2138 2732 Est
2151 2706 2219 2734 mihi
2233 2713 2371 2742 purgatam
2385 2717 2441 2736 cre-

1374 2750 1434 2779 bro,
1448 2749 1495 2783 qui
1509 2747 1631 2782 personet
1644 2753 1751 2774 aurem,
1777 2750 1823 2769 etc.
1866 2742 1890 2769 h.
1905 2752 1925 2769 e.
1950 2743 1995 2769 Me
2014 2742 2154 2770 admoneat.
2226 2743 2275 2770 Sed
2295 2745 2353 2772 Cic.
2367 2742 2451 2773 Fam;¹
2470 2749 2473 2754 '

1374 2788 1401 2818 6,
1416 2790 1440 2814 18
1478 2785 1588 2818 Leptam
1601 2780 1723 2822 nostrum
1737 2779 1791 2806 iam
1804 2779 1883 2813 cupio
1902 2778 2029 2805 dele6¹tari
2049 2779 2147 2806 talibus
2162 2779 2282 2815 scriptis,
2307 2781 2354 2808 etsi
2369 2769 2471 2809 abests
2494 2784 2495 2806 ἶ

1374 2820 1513 2847 maturitas
1528 2823 1636 2849 aetatis,
1664 2823 1753 2843 tamen
1767 2816 1908 2850 personare
1921 2824 1997 2842 aures
2011 2815 2068 2842 eius
2083 2815 2243 2843 huiusmodi
2257 2817 2371 2844 vocibus
2384 2825 2440 2846 non
2456 2835 2462 2839 v·
2476 2808 2480 2818 ¹

1373 2856 1411 2883 est
1424 2856 1529 2882 inutile.
1588 2854 1640 2879 Hoc
1658 2854 1709 2879 loco
1729 2853 1874 2879 Personare
1889 2851 2040 2888 fignificat,
2068 2852 2177 2888 Aliquid
2196 2862 2226 2879 ex
2238 2853 2424 2891 auditofhizore
2446 2833 2488 2909 ν).

1373 2892 1520 2927 vocibusque
1531 2887 1624 2923 rrstare
1641 2893 1667 2915 in
1682 2889 1798 2920 auribus,
1818 2888 1884 2924 quod
1896 2889 1964 2923 quast
1977 2888 2041 2915 idem
2054 2888 2209 2924 iuſsiſsem-et,
2229 2889 2373 2927 diutiusque
2386 2873 2459 2918 τἸΙὶὲἰ

1375 2935 1482 2955 mancat.
1555 2927 1655 2952 Domus
1670 2925 1806 2959 personuit
1823 2924 1933 2951 canibus
1967 2924 2037 2952 Hor.
2052 2925 2135 2951 Serm.
2151 2933 2181 2956 2,
2197 2928 2229 2958 6,
2249 2933 2297 2959 ιις.
2369 2927 2440 2954 Cum

1375 2966 1477 2991 Domus
1492 2968 1569 2990 cantu
1584 2970 1609 2989 et
1623 2961 1751 2994 cymbalis
1766 2962 1920 2996 personaret
1949 2961 2005 2988 Cic.
2020 2961 2048 2987 in
2062 2961 2147 2988 Pison.
2161 2970 2194 2988 22
2215 2971 2236 2988 c.
2252 2970 2290 2989 10.
2363 2963 2440 2991 Idem
2486 2955 2488 2958 ¹

1375 3011 1424 3037 pro
1440 3001 1516 3040 Rosc.
1531 3000 1620 3026 Amet.
1638 3007 1681 3033 134
1717 2997 1809 3025 Animi
1831 3004 1856 3024 et
1874 2997 1981 3024 aurium
2001 2998 2076 3025 causa
2096 3004 2137 3025 tot
2152 2997 2276 3025 homines
2294 2997 2376 3027 habet
2410 3004 2452 3027 vt:
2486 3008 2495 3027 “1

1376 3037 1538 3078 quotidiano
1558 3041 1634 3076 cant-u
1654 3044 1769 3067 vocum,
1795 3040 1821 3061 et
1840 3043 2005 3066 neruorum,
2030 3040 2057 3060 et
2071 3033 2219 3068 tibiarum,
2246 3020 2440 3072 noeturnis’que
2493 3033 2496 3043 ⁵

1375 3074 1510 3101 conuiuiis
1524 3078 1579 3099 tota
1594 3072 1716 3098 Vicinitas
1731 3071 1863 3105 personet.
1934 3070 2017 3097 Ouid.
2033 3070 2119 3097 Trist.
2133 3079 2152 3102 ι,
2165 3079 2188 3104 2,
2202 3073 2239 3104 46
2272 3072 2394 3105 Qiantus
2407 3072 2442 3100 ab
2492 3068 2493 3074 ¹

1374 3110 1496 3138 aetherio
1511 3109 1633 3144 personat
1647 3117 1695 3134 axe
1711 3108 1812 3143 fragor.
1905 3106 1970 3133 Saxa
1985 3107 2146 3141 personuere
2159 3106 2231 3133 dulci
2245 3106 2330 3135 fistula
2370 3104 2449 3136 Hor-¹
2475 3117 2493 3134 ι,

1376 3149 1465 3174 Carm.
1483 3155 1511 3179 1,
1531 3152 1576 3180 17,
1598 3153 1634 3170 12.
1708 3144 1770 3170 Liu.
1786 3152 1830 3176 39,
1845 3150 1870 3176 ις
1904 3143 1969 3169 Non
1989 3142 2060 3169 fama
2079 3142 2162 3169 modo
2175 3144 2298 3178 accepisse
2310 3153 2375 3178 vos,
2396 3144 2445 3173 sed

1375 3182 1520 3218 crepitibus
1533 3181 1631 3211 etiam,
1657 3180 1858 3214 vlulatibusque
1873 3179 2028 3211 nomimis,
2056 3179 2105 3213 qui
2123 3180 2264 3213 personant
2281 3186 2338 3208 tota
2357 3181 2424 3208 vrbe
2474 3174 2479 3180 ¹

1375 3226 1478 3247 eertum
1492 3217 1587 3245 habeo.
1662 3215 1726 3250 Paeffi
1763 3216 1861 3244 Choris
1875 3213 2170 3250 Aegipanumvndique
2179 3216 2336 3249 personatur
2355 3201 2441 3246 Solin:

1375 3266 1397 3283 c.
1412 3264 1443 3291 37
1463 3257 1546 3288 (24).
1618 3254 1704 3287 Qtam
1728 3261 1825 3287 magno
1844 3252 1967 3286 deinceps
1986 3259 2034 3277 ore
2054 3256 2115 3284 tua,
2140 3260 2157 3277 o
2178 3251 2300 3289 princeps
2321 3243 2456 3286 inui&e.¹

1376 3293 1445 3320 faeta
1459 3291 1555 3324 inclyta
1571 3290 1630 3316 sunt
1647 3290 1808 3324 personanda
1835 3288 1860 3314 S.
1874 3287 1959 3314 Rufus
1972 3286 2091 3313 Breuiar.
2108 3296 2128 3313 c.
2138 3296 2172 3320 29
2186 3295 2251 3315 extr.

1410 3336 1425 3356 P
1436 3335 1452 3355 E
1461 3336 1480 3355 R
1490 3336 1502 3356 s
1512 3324 1531 3354 ὀ
1540 3333 1562 3353 N
1573 3333 1594 3353 v
1603 3333 1615 3353 s
1624 3346 1633 3358 ,
1652 3335 1666 3352 a
1675 3346 1683 3359 ,
1704 3335 1759 3353 um.
1797 3324 1857 3351 Adi.
1915 3325 2012 3351 Sonam
2020 3344 2029 3357 ,
2042 3323 2134 3360 sonum
2146 3323 2220 3351 edens
2233 3325 2323 3354 valer.
2336 3327 2439 3363 Argon.

1374 3374 1411 3400 4,
1429 3369 1476 3400 418

1949 1186 2057 1223 Legitur
2070 1194 2087 1213 a
2104 1185 2255 1224 quibusdam
2273 1185 2342 1223 apud
2359 1165 2485 1224 plaut-,¹¹

1777 3396 1852 3423 Haec
1873 3395 1966 3430 procul
1990 3396 2022 3423 Io

1531 3432 1635 3474 Speeiat
1654 3432 1688 3474 ab
1707 3440 1767 3459 arce
1786 3433 1842 3467 poli
1862 3432 1914 3459 iam
1935 3432 2006 3459 diuis
2026 3431 2133 3465 addita,
2152 3432 2261 3468 iamque

1529 3468 1627 3505 Aspide
1645 3468 1732 3495 ςιηὲὶῑι
1750 3477 1855 3501 comas,
1877 3475 1903 3496 et
1921 3469 2015 3496 ouanti
2037 3469 2149 3504 persona
2168 3469 2252 3497 sistro.

1373 3509 1480 3536 Petron.
1494 3515 1570 3535 c.120
1597 3506 1709 3532 Persona
1724 3514 1808 3532 verno
1824 3511 1900 3532 cantu
1916 3505 2041 3540 virgulta.
2452 3524 2454 3527 ,

1411 3552 1427 3571 1>
1437 3552 1453 3572 E
1462 3552 1480 3571 R
1489 3552 1501 3571 s
1511 3551 1530 3572 ο
1540 3551 1560 3571 Ν
1570 3549 1591 3569 A
1600 3549 1621 3568 Ν
1632 3549 1653 3568 T
1663 3549 1679 3568 ιε
1689 3548 1717 3568 R.
1755 3541 1823 3567 Adu.
1881 3542 1996 3569 Saluian.
2012 3540 2044 3568 de
2057 3540 2178 3569 Gubern.
2191 3541 2243 3569 Dei
2256 3541 2275 3568 1.
2289 3543 2360 3579 6pr.
2396 3535 2471 3570 tie-si
2490 3533 2498 3568 ι’

1374 3591 1428 3609 rum
1444 3579 1596 3607 emendatius
1610 3579 1703 3614 legitur
1720 3577 1904 3612 personaliter.
2245 3588 2248 3589 ⁷
2388 3594 2391 3597 -
2450 3587 2462 3606 ·,
2494 3574 2496 3581 ’

1407 3624 1427 3659 Ῥ
1437 3624 1479 3644 ER
1491 3624 1504 3644 s
1517 3622 1536 3642 O
1546 3622 1565 3642 R
1574 3621 1591 3642 B
1600 3621 1616 3642 E
1626 3621 1645 3640 Ο
1657 3614 1713 3655 ,.ιιί
1727 3617 1765 3640 vel
1779 3614 1813 3648 psi
1822 3635 1830 3647 ,
1853 3621 1927 3649 ptum
1937 3634 1945 3647 ‚
1966 3617 2020 3641 ere.
2042 3612 2189 3649 [ἔκροφέω]
2231 3613 2439 3649 Totirmfhrbere.
2484 3633 2488 3638 ·

1374 3654 1496 3685 Plin.31,
1519 3661 1542 3679 ιι
1558 3658 1601 3687 pr.
1634 3650 1708 3676 Alias
1726 3659 1758 3676 ex
1779 3651 1820 3677 his
1832 3659 1918 3678 mares
1931 3649 2134 3680 existimauere,
2155 3649 2230 3677 tenni
2242 3649 2327 3676 fistula
2341 3650 2439 3685 spiffio-
2465 3666 2468 3671 ›

1373 3698 1485 3723 resque,
1509 3686 1708 3724 perfodientes,
1741 3692 1768 3714 et
1788 3696 1855 3723 quae
1879 3687 2022 3721 tinguntur
2047 3686 2076 3712 in
2096 3685 2223 3719 deliciis}
2247 3685 2394 3720 aliquando
2409 3689 2437 3714 et
2457 3707 2461 3712 .

1373 3733 1501 3760 purpura.

1411 3765 1728 3792 PERSPECIALIS,
1761 3768 1785 3787 e.

1377 3797 1458 3832 Epist.
1480 3804 1531 3832 173.

1840 3758 1901 3786 Adi.
1968 3757 2069 3786 Cautio
2101 3756 2271 3792 perspecialis
2308 3757 2436 3786 Sarisber.

1600 3827 1710 3864 ⁹1.0R,
1730 3821 1784 3858 ari.⁴
1806 3830 2008 3866 [καταθεωρέω]
2043 3829 2188 3864 Diligenter
2194 3827 2333 3864 speculari.
2370 3828 2456 3856 Pliny

1378 3874 1409 3902 8,
1430 3871 1462 3896 26
1495 3866 1597 3895 Assidua
1610 3875 1725 3901 namque
1745 3868 1865 3894 satietate
1885 3866 1981 3894 obesus
1994 3865 2049 3892 exit
2062 3864 2089 3890 in
2103 3864 2183 3896 litus,
2200 3870 2318 3892 recentes
2331 3863 2439 3892 arundiae

1377 3915 1441 3932 num
1457 3905 1573 3932 caesuras
1587 3903 1791 3938 perspeculatus
1879 3902 2032 3930 Exercitum
2045 3908 2132 3934 neque
2144 3908 2191 3934 per
2203 3900 2328 3928 insidiosa
2342 3901 2438 3928 itinera

1377 3941 1455 3968 duxit
1483 3948 1600 3976 vnquam
1622 3939 1671 3966 nifi
1696 3939 1892 3974 perspeculatus
1916 3939 2040 3965 locorum
2065 3936 2126 3963 situs
2164 3936 2234 3963 Suet.
2260 3938 2335 3964 Caes.
2357 3946 2380 3963 e.
2398 3940 2438 3969 58.
2460 3940 2463 3943 '

1790 3977 1882 4010 Qium
1896 3975 1928 4002 de
1940 3973 2012 4001 vallo
2025 3971 2262 4007 perspecularetnr.

1415 4021 1431 4041 P
1440 4020 1456 4041 Ε
1467 4020 1486 4041 R
1496 4020 1509 4041 s
1517 4019 1558 4041 ΡΕ
1567 4016 1587 4040 R
1597 4016 1620 4039 G
1632 4017 1652 4039 0
1661 4031 1671 4045 ‚
1691 4011 1709 4039 si
1717 4032 1727 4046 ,
1751 4013 1809 4040 sum
1815 4032 1826 4048 ‚
1849 4013 1903 4040 ere.
1941 4007 2163 4046 [καταῤῥαντίξω]
2205 4007 2320 4045 Vndique
2338 4005 2439 4043 atijlper-

2370 4051 2442 4080 gere.—

2503 4084 2505 4096 l
