2517 4231
51 166 119 214 169
459 161 507 202 M
563 163 601 202 A
655 161 690 201 C
1569 159 1617 199 M
1675 157 1713 199 A
1774 158 1808 200 E
2146 182 2213 220 170

54 252 126 278 iuxta
152 259 183 277 ac
195 250 311 286 faculam
337 251 519 277 adun-bianum
548 251 679 276 dii‘lionum
702 256 747 284 pro
771 248 900 274 adimiuis
924 246 1106 284 vsurpatarum.
1164 254 1226 282 gere
1236 247 1343 284 postinu.
1416 244 1523 275 Madent
1544 248 1595 275 iam
1612 247 1639 275 in
1661 246 1740 275 corde
1761 249 1881 284 parietes.
1957 253 2025 280 Ensss
2045 262 2140 282 cruore
2161 266 2213 284 ma.

55 285 218 320 qum1680,
233 293 255 317 8.
307 286 430 313 Naturam
443 295 506 312 certe
527 286 637 312 vocatim'
647 285 771 323 interdum
785 285 862 323 rabit,
893 291 922 309 vt
947 284 1007 310 Liu.
1030 293 1060 318 2,
1081 292 1105 310 12
1168 283 1224 308 duit
1247 284 1326 321 Ouid.
1349 282 1412 311 Met.
1427 293 1458 320 ¹3,
1473 290 1524 316 389·
1596 283 1693 311 Lucan.
1716 295 1741 318 1,
1757 295 1788 318 95
1814 286 1942 312 Fraterno
1960 289 2036 322 primi
2059 292 2214 319 maduerunt

53 321 176 351 luberem
191 322 276 350 maele
287 323 386 349 virtute
398 322 456 358 csse,
479 322 497 349 fi
510 331 559 357 pro
574 330 631 348 mea
644 319 728 355 patria
743 318 789 345 ista
803 328 888 346 virtus
909 319 999 350 staret,
1017 320 1043 344 in
1061 328 1105 353 quo
1168 319 1292 350 sanguine
1306 320 1385 345 muri.
1459 320 1548 346 Genae
1561 321 1666 347 madent
1676 320 1763 348 imbre
1776 319 1843 348 tristi
1863 321 1947 349 Catul.
1962 325 1993 349 66
2007 328 2065 357 (mg)
2085 330 2122 358 5⁶·
2158 329 2215 354 flu,

55 357 208 393 consemium
222 359 297 384 MS-c,
317 365 347 383 vt
354 356 455 393 frastra
468 358 583 385 „metum
598 355 749 391 substituant
768 355 823 380 viri
842 356 915 382 Aoisli.
990 356 1030 380 Sf'c
1049 355 1105 380 Cic.
1143 371 1151 375 -
1169 361 1227 379 mus
1241 353 1355 392 madebit
1368 355 1470 382 caelesti
1484 364 1546 382 rore
1560 357 1643 392 sparsa
1657 356 1738 384 Ouid.
1759 357 1824 384 Fan.
1839 366 1856 389 1,
1877 366 1921 389 312.
1993 359 2121 388 Natabant
2144 366 2215 397 paui.

55 394 108 420 Att.
124 403 147 425 15
166 402 231 420 extr.
253 393 376 420 Seri-ulos
389 400 477 420 autern
490 393 587 425 dicere,
607 400 668 417 eum
681 396 707 417 et
719 390 848 425 agripetas
863 390 962 418 eiefios
975 390 1107 417 0811111110-
1132 393 1146 420 ς
1171 393 1258 413 menta
1273 397 1349 420 Vino,
1375 391 1512 418 madebant
1525 393 1635 425 parietes
1657 392 1712 419 Cic.
1728 392 1841 427 Philipp.
1857 402 1879 426 2,
1895 401 1936 423 1ος
1958 403 1979 421 c.
1996 404 2027 425 41,
2065 396 2156 424 Pocula
2165 408 2215 426 ma.

55 429 107 456 tiis.
179 428 278 456 Mafitc!
307 429 355 456 Sed
375 429 469 457 amabo
483 436 525 462 te,
543 427 676 462 perscribe
697 425 765 452 mihi
781 432 865 452 tutum
880 427 1023 461 negotium.
1066 425 1108 450 Sic
1171 421 1250 462 deant
1264 425 1390 463 generoso
1404 426 1504 453 Baccho
1525 427 1621 455 ''sibuL
1631 437 1652 461 3,
1663 430 1688 464 6,
1703 438 1723 459 5.
1797 427 1939 455 Vindemia
1952 430 2038 456 madet
2052 431 2216 461 nimbiscon.

48 464 155 500 positum
169 464 270 491 Mafte!
291 472 320 490 vt
328 466 397 500 Euge
411 473 455 491 etc.
527 464 669 490 claudimus
683 462 746 488 hanc
757 461 944 496 cltspumtimmn
959 463 985 488 in
994 460 1109 487 locoFlo-
1172 464 1255 484 timus
1277 459 1393 485 Martial.
1411 470 1428 495 1,
1442 469 1475 492 27.
1632 461 1653 500 q
1672 473 1684 490 2
1705 465 1751 490 Ad
1761 465 2037 498 ebrietatemrefertur:
2059 466 2215 496 Vinumem.

55 499 80 528 ri
96 505 156 531 a,18
175 507 239 527 extr.
259 509 328 535 quem
348 501 386 526 ita
398 500 524 533 legendum
533 505 555 524 et
570 498 790 532 imm-pungendum
808 505 928 532 putamus.
1001 495 1067 530 Agl?
1079 494 1109 517 ‘l‘
1172 493 1220 520 bra
1240 494 1346 520 madent
1373 495 1454 521 Plani·
1471 496 1558 523 ΤΗΝ·
1581 508 1610 531 4,
1633 510 1662 531 42
1681 508 1701 526 2.
1773 500 1846 527 Vino
1865 498 1970 526 madere
1997 501 2109 528 ΜὸΓῐὶλῙι
2133 514 2150 530 Η
2185 508 2218 532 16.

56 535 229 562 Numantinis.
303 536 387 562 Duces
406 536 465 561 suos
477 535 571 568 seque,
590 533 771 569 patriamque,
792 533 865 559 ferro
879 540 904 560 ct
917 539 1029 562 veneno,
1050 526 1109 568 sub·
1174 529 1252 563 Apul.
1267 530 1330 558 Met.
1345 539 1355 562 3
1376 539 1401 565 p.
1418 540 1464 563 137,
1478 539 1501 556 21
1523 533 1636 566 Crapula
1649 534 1764 562 madens.
1837 536 1925 563 Madet
1943 535 2026 563 homo
2041 537 2123 564 Plaut.
2144 524 2221 566 Most.

57 570 184 604 icooque
197 571 316 606 vndique
329 571 390 606 igne
405 576 581 612 peremerunt.
653 568 753 596 Macte!
773 568 944 595 I-'ortissimam
959 572 984 592 et
997 573 1058 604 mco
1071 572 1111 589 ιιι·
1128 570 1156 588 10
1174 574 1193 598 1,
1208 575 1231 597 4,
1246 575 1266 598 7.
1286 566 1304 591 i.
1318 565 1397 591 ebrius
1409 565 1448 602 est.
1524 568 1595 600 (lanf.
1616 569 1748 597 Drakenb.
1764 570 1796 598 ad
1812 571 1858 598 Sil.
1874 580 1906 608 12,
1925 578 1957 600 18-
2028 573 2106 600 Mero
2123 574 2221 602 Tibul.

56 605 130 633 dicio
144 605 311 634 beatiss'imam
327 607 355 632 in
368 605 519 640 iphs‘malis
532 602 683 631 ciuitatem!
708 604 819 631 Alii-ruit
834 613 893 630 cum
908 601 960 628 fide
974 601 1057 626 socios
1065 606 1109 625 etc.
1173 610 1196 634 2,
1210 610 1232 632 2,
1246 607 1267 630 ε.
1340 600 1378 628 ld.
1393 611 1415 634 2,
1431 611 1450 634 1,
1465 611 1493 633 30
1514 602 1584 628 Vina
1599 603 1669 629 diem
1684 605 1813 633 celebrem
1835 615 1888 634 non
1908 607 1970 634 festa
1989 606 2047 635 luce
2060 608 2166 636 madere
2180 608 2219 637 Est

57 640 165 675 Sicfere
181 643 366 673 Freinshemius,
386 641 437 674 nili
447 643 514 675 quod
524 640 612 667 Macte
626 640 762 667 ciuitatem
774 640 866 669 iunxit,
879 644 908 663 ‘vt
916 636 986 663 Bene
1000 644 1052 669 me,
1064 634 1109 662 be·
1174 635 1275 668 rubor,
1302 643 1419 663 errantes
1441 642 1466 663 ct
1480 637 1548 662 male
1566 638 1637 664 serre
1658 639 1743 673 pcdcs.
1814 643 1889 669 Mens
1907 643 1994 670 madet
2017 645 2119 672 Lucrct.
2134 655 2154 679 3,
2169 653 2222 679 473.

56 686 91 704 ne
98 683 133 710 n»,
147 677 214 704 bene
223 686 279 708 nos,
291 677 357 703 bene
364 677 507 704 Meffaffim,
839 703 843 705 ‘
874 683 880 688 *
924 706 928 712 Ι
1173 673 1200 698 in
1214 671 1374 706 defi-riptione
1386 673 1456 699 ebrh'.
1530 674 1579 698 Sed
1591 682 1652 699 noua
1667 677 1816 708 ›net‹1p›'²ora,
1853 678 1927 705 Metu
1940 679 2056 706 madere:
2086 681 2110 707 l),
2123 690 2143 707 e,
2157 683 2223 707 Prae

96 719 119 739 Μ
130 721 148 740 Α
159 719 176 740 c
192 719 214 740 Τ
225 719 243 739 R
255 719 276 739 A
286 732 294 745 ⁵
314 721 350 738 ae·
371 712 389 739 fi
428 713 523 738 Graeca
537 720 596 744 vox,
613 720 685 746 quam
698 710 762 736 idem
775 705 1002 747 planefignqficare
1015 714 1044 746 af
1057 708 1112 746 ›361⁷-
1173 708 1261 733 timore
1268 706 1360 742 sudore
1374 707 1495 743 aspezfum
1506 707 1552 742 ff
1588 709 1669 736 Plaut.
1685 710 1761 736 Most.
1777 719 1798 742 2,
1813 721 1830 743 1,
1846 720 1885 745 48.
1906 715 1956 746 vel,
1970 713 2131 742 meenebrium
2145 717 2219 752 quast

54 751 134 779 δοπον,
146 747 256 783 obseram
269 747 338 774 Gen.
353 757 385 781 13,
399 756 435 780 24.
449 747 467 774 1'.
481 756 564 773 arcam
582 747 733 781 panariam,
757 743 866 781 vestvas.
885 750 912 766 m
927 750 972 776 quo
979 740 1109 776 subzgztur
1129 748 1155 776 ις
1174 744 1192 768 i.
1202 743 1300 778 plenum
1314 742 1367 777 {ffi-
1439 743 1611 770 Sermonibus
1627 745 1739 771 Socratis
1754 745 1840 772 madet
1859 749 1924 775 Hor.
1934 751 2020 777 Carin.
2031 760 2051 785 3,
2065 760 2131 785 259.
2170 737 2224 779 Mai

56 783 138 819 panis.
157 783 244 809 Volunt
259 783 325 809 illam
345 792 426 809 vocem
441 784 540 818 quidam
557 782 686 818 restituere
707 781 832 807 Petromo
848 786 869 805 c.
882 786 911 810 74
929 784 955 802 et
970 783 1017 811 pro
1030 785 1112 802 corru-
1175 777 1228 811 det,
1248 778 1267 804 i.
1281 779 1395 812 Refertur
1408 784 1433 803 et
1444 780 1546 813 plenus,
1565 786 1589 805 ct
1608 780 1681 814 quast
1690 781 1770 806 ebrias
1789 780 1820 815 cst
1831 779 1966 817 praeceptis
1979 788 2118 815 Socraticis.
2174 789 2225 814 Hoc

52 817 176 855 ptissede
190 816 341 845 machillam
355 817 430 845 illam
444 818 532 845 sustuli
545 819 625 853 legere
632 816 675 843 sed
687 814 718 840 de
730 811 839 844 mafira,
857 813 900 838 vel
921 818 946 838 M
955 819 976 838 A
986 817 1003 839 C
1012 817 1061 838 ΤΚ
1070 818 1113 838 1L-
1175 814 1238 840 em'm
1251 817 1331 848 magis
1341 814 1431 847 placet,
1444 824 1516 848 quam
1530 817 1594 848 quod
1606 818 1693 842 Acron
1701 816 1747 849 ait,
1762 816 1863 849 Madet,
1878 818 1895 843 i.
1911 819 1987 846 Fluit.
2059 823 2174 851 Martial.
2196 833 2209 856 7

62 860 104 880 LA
117 853 190 880 illam
205 853 293 880 sustuli
307 855 325 881 i.
338 855 476 890 depistrino
484 853 638 890 “panificia
677 849 733 876 Vid.
747 848 810 874 Lex.
822 850 890 883 apud
902 848 1013 875 Vulcan.
1027 856 1051 882 p.
1066 849 1112 878 265
1175 856 1204 882 78
1225 849 1308 876 Cuius
1330 849 1460 884 Cecropia
1480 849 1588 885 chtora
1611 860 1677 878 voce
1696 851 1809 878 madent.
1882 853 1991 881 Diuitiis
2011 858 2113 885 madent
2125 845 2226 886 ferculi}

58 889 190 923 Magidem
203 894 318 923 μάκτρῃ,
721 893 737 911 ι
1175 886 1295 920 Propert.
1315 895 1341 920 4,
1355 896 1379 918 4,
1392 887 1434 919 76.
1508 887 1572 912 Arte
1587 887 1692 914 madent
1705 886 1850 922 simulacra,
1871 894 1897 913 et
1911 888 1987 916 (1οὲὶο
2003 895 2146 925 vagantur?
2173 897 2224 921 Ινυ-

94 931 120 951 Μ
131 931 154 951 Λ
165 923 236 952 CV'L
248 932 287 960 A,
309 934 348 953 ae.
369 925 389 951 f.
409 924 607 958 [κηλ1ς,,σπίλος,
624 919 726 959 μόμςς]
747 918 833 953 Laber,
851 918 900 948 fiue
914 917 1007 954 fiir-des.
1045 917 1111 959 min·
1127 928 1159 948 20
1175 922 1227 947 nire
1241 923 1271 946 de
1279 920 1384 956 speeris
1399 922 1501 956 EpIruri
1521 922 1625 949 Lucret.
1644 933 1670 956 4,
1683 932 1735 956 793.
1809 922 1931 957 Madere,
1947 932 1991 959 pro
2012 929 2092 960 Coqui.
2150 930 2225 965 Virg.

53 968 96 990 20,
116 966 130 990 g
145 961 162 987 s,
183 967 211 991 ²8
231 963 261 987 112
273 963 327 987 lm,
335 959 450 996 siluestri
466 959 541 991 Aqua
562 961 589 981 et
608 964 622 981 e
640 955 730 981 radice
751 954 842 981 coelae
864 954 978 981 maculas
999 954 1112 981 vestium
1176 957 1274 991 Georg.
1293 966 1312 989 1,
1327 959 1370 989 196
1398 957 1427 982 Et
1449 957 1571 990 quamuis
1585 958 1641 992 igni
1654 959 1752 993 exiguo
1772 965 1911 993 properata
1931 960 2073 989 maderent.
2146 966 2226 994 plaut,

55 995 110 1022 elui
123 995 223 1023 dicunt,
262 998 310 1022 521(
320 1004 343 1022 et
361 1002 421 1031 pars
441 1000 548 1027 quaeque
575 991 734 1030 diuetss‘colp‘
754 990 858 1017 Macula
871 989 912 1025 est.
984 990 1112 1016 Lucentes
1175 993 1242 1019 Pers.
1259 1002 1275 1023 1,
1291 1002 1312 1025 3,
1328 1001 1349 1017 12
1367 991 1492 1023 Collyrae
1508 992 1584 1020 facile
1598 993 1729 1025 madeant,
1744 1001 1769 1020 ct
1783 993 1907 1029 coliphia.
1980 996 2052 1023 Idem
2073 999 2144 1026 Men,
2160 1011 2171 1027 ρ
2204 1011 2216 1028 2

53 1032 172 1059 maculae
185 1033 315 1058 mmmm-is
329 1028 460 1058 Stanffilu.
475 1036 493 1058 1,
507 1036 530 1061 5,
544 1031 580 1058 38.
653 1025 734 1053 Pullis
755 1025 865 1052 maculis
875 1025 1012 1066 ¹infuscate
1030 1025 1111 1066 yelle-
1174 1037 1197 1059 51
1220 1029 1275 1054 Iam
1289 1035 1354 1061 ergo
1370 1028 1433 1054 haec
1446 1027 1589 1055 madebunt
1604 1030 1675 1062 faxo,
1696 1030 1764 1056 nihil
1778 1030 1936 1058 morabitur.
2010 1034 2113 1069 Rursum
2134 1022 2192 1063 Aul.
2209 1023 2226 1068 l:

52 1076 83 1094 ra
101 1069 167 1094 „ries
181 1067 257 1102 γῆς.
273 1068 369 1099 Θεοῖς,
383 1067 467 1102 3,·3140.
527 1061 625 1102 ‚Plane
641 1063 715 1097 Capt.
725 1071 746 1097 3,
759 1073 783 1095 4,
797 1071 826 1094 24
848 1060 943 1087 Viden’
959 1066 987 1088 tu
1002 1061 1042 1087 1111
1057 1070 1111 1087 ma.
1176 1072 1197 1095 3,
1210 1070 1238 1093 28
1260 1062 1368 1089 Madida
1382 1071 1448 1097 quae
1462 1063 1531 1090 mihi
1546 1064 1669 1100 apposita,
1688 1066 1705 1091 i.
1720 1066 1811 1098 ema..

52 1103 139 1130 calari
153 1112 248 1137 corpus
262 1108 345 1129 totum
360 1098 469 1125 maculis
482 1097 594 1125 luridis?
647 1096 714 1124 Plin.
731 1108 761 1132 13,
777 1107 799 1129 ¹5
826 1096 981 1124 Maculaeue
1001 1097 1112 1124 discolo·
1129 1104 1158 1130 25
1211 1105 1236 1125 Μ
1250 1106 1270 1125 Α
1284 1105 1302 1124 D
1314 1104 1330 1124 Ε
1342 1105 1363 1125 Ν
1375 1104 1389 1124 s
1400 1119 1408 1132 ,
1428 1099 1504 1126 entis.
1524 1101 1618 1127 Partic.
1643 1102 1777 1135 [κάθυγρος
1789 1099 1837 1163 aith]
1859 1103 1966 1128 Humor-e
1983 1104 2064 1138 aliquo
2084 1105 2226 1142 conspmsus.

1828 1147 1834 1163 1

53 1147 104 1165 res,
176 1139 276 1172 Nigrae
297 1135 413 1162 maculae
437 1135 483 1160 sub
503 1134 613 1160 aduerso
633 1134 742 1169 pectore
768 1132 850 1159 Ouid.
870 1134 961 1159 Amor.
983 1141 1005 1165 3,
1025 1142 1048 1165 5,
1068 1142 1110 1165 43.
1174 1134 1231 1161 Cic.
1247 1134 1305 1161 Post
1320 1133 1385 1160 Red.
1402 1135 1431 1161 in
1446 1135 1531 1163 Senat.
1545 1145 1566 1162 12
1587 1136 1706 1163 Primum
1727 1145 1807 1171 proce
1838 1145 1861 1163 t:
1883 1146 1933 1171 qua
1942 1139 2098 1167 ai16lor1tate
2111 1142 2171 1167 vir?
2191 1143 2230 1169 vi.

57 1174 209 1209 Squalentes
227 1181 293 1198 auro
308 1172 384 1205 Virg.
397 1171 497 1205 Georg.
510 1181 534 1203 4,
548 1172 602 1203 643.
675 1168 786 1204 Insignis
801 1168 850 1195 bos
864 1168 974 1195 maculis
994 1168 1032 1196 Id.
1046 1167 1113 1195 ibid.
1175 1171 1214 1203 ni,
1236 1170 1332 1202 somni,
1352 1170 1435 1205 stupri
1448 1171 1551 1206 plenus,
1571 1172 1686 1198 madenti
1701 1181 1786 1207 coma,
1806 1172 1949 1207 composito
1958 1175 2054 1209 capillo
2083 1176 2101 1202 ἰ.
2122 1179 2230 1209 νηριιεη.

52 1219 74 1244 3,
86 1219 122 1242 55.
193 1208 265 1234 Albis
278 1207 387 1234 maculis
407 1206 512 1233 bicolor
530 1214 613 1240 equus
634 1205 708 1232 Idem
722 1207 787 1232 Aen.
812 1214 834 1238 5,
850 1206 906 1235 566.
979 1204 1053 1238 Conf.
1074 1203 1113 1231 Id.
1176 1213 1200 1232 to
1213 1206 1279 1232 Illita
1292 1213 1317 1231 et
1329 1206 1412 1232 vm‘Ja.
1486 1205 1551 1233 Ense
1565 1207 1681 1240 madens,
1702 1209 1720 1235 i.
1736 1210 1829 1234 Cruore
1841 1211 1939 1234 madens
1951 1211 2030 1246 hausta
2050 1199 2081 1237 fib
2100 1207 2230 1246 ense'Stat.

54 1254 80 1279 9,
92 1254 132 1279 49.
206 1243 366 1277 Emendare,
384 1241 650 1270 Extraheremaculas
673 1241 738 1269 Plin,
753 1250 795 1274 20,
810 1250 840 1273 ¹3·
912 1239 1014 1274 Fugare
1024 1247 1113 1266 macu-
1176 1241 1270 1269 Theb.
1284 1251 1305 1274 3,
1314 1250 1366 1273 230.
1439 1241 1514 1268 Flctu
1530 1243 1636 1270 madens
1651 1252 1681 1270 os
1703 1243 1784 1270 Ouid.
1804 1244 1890 1270 Trist.
1903 1254 1930 1281 3,
1949 1255 1977 1279 5,
2000 1256 2029 1273 12.
2059 1247 2167 1273 Madcns
2187 1255 2231 1282 1,,,0

53 1281 89 1307 las
103 1289 150 1307 ore
170 1279 252 1307 Ouid.
265 1279 297 1306 de
309 1279 404 1307 Medic.
418 1278 497 1305 faciei
514 1285 552 1311 78.
624 1277 774 1304 Increscunt
793 1276 910 1303 maculae
923 1284 951 1302 ac
970 1277 1113 1307 Vcrrucae,
1131 1282 1164 1307 30
1177 1279 1269 1304 Coi‘lus.
1305 1277 1539 1306 CaulesSamonic.
1558 1288 1610 1313 295.
1682 1279 1800 1314 Siliquae
1818 1279 1855 1308 Id.
1870 1289 1916 1313 315.
1996 1282 2088 1309 Oculis
2110 1284 2232 1316 madens,

52 1316 107 1343 vid.
125 1322 306 1342 iNCRESCO.
376 1314 491 1347 Tollere
504 1313 618 1340 maculas
632 1322 647 1339 e
659 1313 728 1340 facie
741 1312 808 1340 Plin.
824 1321 866 1345 20,
879 1321 901 1340 2.
1060 1310 1081 1349 fl
1100 1319 1113 1338 2
1176 1315 1250 1340 Flem
1268 1314 1329 1340 Stat.
1343 1312 1407 1340 Silu.
1423 1322 1444 1347 5,
1460 1323 1484 1347 3,
1495 1321 1532 1345 53.
1604 1315 1736 1349 Sanguine
1747 1316 1854 1342 madens
1870 1316 1957 1350 vestis,
1977 1319 2044 1352 apud
2061 1319 2193 1351 Qninftil.
2207 1322 2232 1353 6,

52 1353 192 1387 Metaphur.
213 1351 324 1383 Macula,
343 1350 464 1385 Infamia.
508 1350 563 1377 Cic.
588 1349 666 1376 Verr.
689 1359 709 1379 1,
728 1358 747 1375 ιι
776 1348 860 1375 Cuius
873 1354 902 1374 vt
920 1346 1113 1375 adolescentiae
1178 1359 1200 1378 2.
1219 1353 1250 1375 de
1269 1356 1405 1384 praetexta
1419 1350 1530 1385 Caesaris
1542 1348 1679 1385 interfie‘Ii.
1759 1350 1860 1378 Sudore
1873 1351 1979 1379 madens
1993 1354 2097 1381 Petron.
2119 1364 2140 1381 c.
2155 1357 2179 1382 6.

53 1388 176 1423 maculas,
200 1386 415 1422 ignominiasque
427 1392 600 1421 praeteream.
672 1385 741 1411 Ter.
757 1383 868 1418 Adelph.
881 1393 905 1417 5,
917 1390 942 1418 8,
961 1393 986 1416 32
1007 1384 1114 1411 Vitium
1215 1390 1242 1412 M
1254 1391 1277 1413 A
1291 1391 1310 1412 D
1325 1391 1341 1411 Ε
1354 1391 1367 1411 s
1378 1391 1395 1412 C
1410 1391 1430 1412 o
1440 1403 1448 1418 ‚
1469 1387 1523 1413 ere.
1543 1385 1751 1420 [καθυφμίνομαη
1770 1389 1881 1419 διαίνομαι
1895 1389 1908 1422 ]
1929 1388 2071 1424 Ηωηψενε
2090 1391 2132 1416 vel
2152 1392 2232 1417 hume-

53 1432 195 1450 commune
208 1423 330 1450 omnium
343 1422 388 1455 est,
408 1422 488 1455 Quod
504 1421 619 1448 nimium
632 1420 664 1447 ad
675 1429 731 1447 rem
746 1420 774 1447 in
788 1420 890 1446 senecta
905 1419 998 1446 attenti
1011 1420 1113 1447 sumus:
1176 1420 1249 1448 Hari.
1323 1421 1409 1447 Partes
1425 1422 1546 1456 corporis
1560 1422 1678 1457 paullum
1690 1423 1839 1449 madescunt
1856 1423 1922 1450 Cels.
1935 1432 1958 1456 3,
1972 1426 1995 1451 6.
2032 1426 2082 1450 Pro
2100 1425 2169 1461 coqui
2183 1427 2233 1453 Co.

53 1457 121 1485 hanc
135 1459 265 1486 maculam
278 1467 326 1485 nos
340 1458 414 1485 decet
428 1457 554 1493 effugere.
630 1456 687 1483 Cic.
709 1465 758 1491 pro
776 1457 859 1483 Corn.
873 1455 946 1482 Balb.
964 1463 987 1489 15
1002 1465 1023 1483 c.
1037 1458 1051 1482 6
1072 1456 1115 1482 Est
1131 1463 1160 1490 35
1179 1456 1268 1483 lumel.
1283 1465 1313 1489 11,
1329 1465 1350 1489 3,
1364 1466 1390 1487 23
1410 1457 1482 1483 Haec
1495 1457 1566 1484 enim
1581 1466 1622 1483 res
1636 1457 1726 1489 efficit,
1748 1465 1775 1485 vt
1787 1458 1817 1484 in
1837 1459 1945 1486 coelura
1965 1458 2075 1486 celerius
2096 1462 2233 1495 madescat,

55 1493 135 1520 huius
145 1495 240 1522 saeculi
254 1494 324 1521 labes
332 1493 459 1529 quaedam
474 1501 499 1520 et
510 1492 612 1519 macula
620 1492 714 1519 virtuti
729 1492 862 1525 inuidere.
934 1491 1031 1526 1d.pro
1039 1492 1115 1518 Rosc.
1178 1499 1203 1519 et
1218 1491 1335 1518 viridem
1348 1492 1467 1519 colorem
1489 1492 1542 1520 fine
1562 1493 1635 1520 nitro
1655 1494 1802 1521 conseruet.
1876 1496 1916 1520 De
1935 1494 2039 1529 braffica
2055 1498 2234 1531 transferenda

54 1530 132 1558 Com.
150 1539 185 1562 133
207 1531 361 1565 Legationis
381 1529 460 1564 ipfius
476 1527 668 1556 caerimoniam
684 1527 826 1563 polluerit,
847 1527 1000 1561 maculaque
1014 1527 1116 1554 Affece-
1177 1529 1296 1563 loquitur.
1365 1529 1410 1553 ‘Sic
1436 1529 1494 1556 Col.
1517 1539 1561 1564 10,
1581 1535 1624 1562 398
1643 1531 1673 1555 de
1698 1538 1821 1555 cucumere
1844 1529 1986 1564 Riguoque
2005 1531 2128 1559 madescit
2148 1532 2232 1560 luteus

57 1565 103 1593 rit.
140 1566 285 1601 aspergere
300 1566 426 1595 maculis,
450 1566 505 1592 vid.
518 1570 694 1591 ASPERGO.
732 1563 892 1598 Concipere,
917 1565 972 1588 vid.
991 1568 1115 1590 CONCI-
1179 1572 1256 1596 aruo,
1276 1563 1293 1590 ι’.
1312 1562 1439 1598 mollescit,
1455 1565 1631 1599 percoquitur,
1651 1564 1722 1599 coqui
1742 1565 1807 1590 enim
1818 1566 1952 1599 dicuntur,
1972 1575 2034 1601 quae
2057 1566 2233 1603 matwescunt,

55 1608 118 1628 1²10.
148 1600 155 1603 “
192 1601 309 1630 Delenda
322 1602 358 1628 est
371 1601 447 1628 vobis
462 1600 509 1627 illa
520 1600 623 1628 macula
633 1599 820 1627 Mithridatico
828 1598 899 1626 bello
914 1599 1052 1633 superiore
1066 1599 1116 1625 sus-
1179 1599 1370 1626 maderematem
1385 1605 1410 1625 et
1430 1601 1578 1627 madescere
1597 1601 1661 1626 idem
1676 1601 1720 1635 effla
1742 1601 1808 1635 quod
1824 1602 1894 1634 coqui
1913 1603 2071 1636 obstruamus.
2145 1606 2184 1630 De
2198 1613 2233 1629 ⁶0.

57 1645 130 1672 cepta
150 1637 205 1665 Cic.
219 1647 269 1673 pro
282 1639 352 1672 Lege
365 1637 459 1664 Manil.
473 1646 494 1670 7.
567 1635 606 1663 Id.
621 1644 670 1670 pro
683 1636 751 1663 Sext.
764 1638 792 1667 63
810 1644 833 1661 c.
847 1644 877 1666 29
897 1634 945 1661 Illa
964 1634 994 1660 in
1012 1634 1115 1669 Repub.
1128 1642 1167 1668 40
1181 1636 1259 1661 [bione
1273 1635 1347 1669 Apic.
1364 1640 1387 1666 8,
1403 1644 1410 1661 ι
1432 1637 1507 1670 Aqua
1520 1637 1622 1662 marina
1642 1650 1688 1655 —
1706 1644 1800 1670 aprum
1819 1633 1916 1666 elixas,
1936 1645 2075 1672 quousque
2093 1638 2234 1665 madescat:

57 1673 159 1700 macula
173 1674 248 1708 regni
265 1673 393 1708 publicati
406 1677 534 1704 maneret,
555 1680 634 1706 quam
650 1680 729 1697 nemo
741 1671 796 1697 iam
811 1671 892 1705 posset
900 1670 1006 1696 Eluere.
1060 1671 1113 1697 Im·
1180 1671 1286 1698 corium
1300 1670 1325 1696 ei
1341 1670 1426 1697 tolles.
1499 1671 1658 1703 Madescere,
1678 1671 1752 1696 etium
1765 1671 1917 1705 extrinsecus
1929 1673 2030 1698 dicitur.
2103 1673 2195 1700 Claud.
2203 1673 2235 1700 de

55 1708 173 1742 primere
186 1710 315 1736 maculam
328 1707 451 1735 laudibus
471 1708 560 1734 Senec.
581 1707 660 1732 l-lerc.
682 1707 743 1733 Oet.
760 1714 791 1732 11.
865 1706 968 1732 Macula
986 1714 1054 1740 quae
1073 1715 1116 1741 pc·
1180 1708 1256 1741 Rapt.
1270 1705 1388 1741 Proscrp.
1402 1715 1464 1738 3‚311
1486 1706 1579 1741 Largis
1591 1712 1653 1733 tunc
1667 1705 1801 1732 imbribus
1815 1715 1864 1732 ora
1876 1707 2035 1734 madescunt.
2073 1707 2170 1735 Tellus
2185 1718 2237 1736 ma.

54 1743 126 1770 nitus
140 1744 194 1770 iam
202 1745 314 1777 Insedit,
333 1750 412 1777 atque
425 1742 593 1769 Inuetcrauit
611 1741 641 1767 in
662 1741 757 1776 Populi
778 1741 892 1768 Romani
912 1742 1038 1775 nomine,
1059 1743 1116 1769 vid.
1180 1743 1260 1769 descit
1276 1741 1391 1768 nubibus
1409 1742 1491 1768 Ouid.
1511 1742 1578 1769 Met.
1598 1751 1616 1774 1,
1631 1744 1668 1772 65.
1692 1758 1697 1763 .

55 1784 225 1813 insumo,
240 1786 264 1804 et
288 1784 486 1805 iNVETERO.
560 1779 673 1804 Inurere
686 1783 805 1804 aeternas
819 1777 932 1804 maculas
947 1777 1037 1811 alicui,
1052 1787 1115 1812 quas
1218 1785 1243 1805 M
1255 1785 1278 1805 A
1289 1784 1307 1804 D
1320 1784 1338 1804 ε
1351 1783 1368 1804 F
1380 1776 1403 1804 Ᾱ
1414 1784 1431 1806 c
1447 1786 1455 1805 1
1468 1784 1488 1804 o
1498 1799 1506 1812 ‚
1524 1778 1574 1811 cci,
1597 1777 1697 1810 actum,
1724 1777 1777 1803 ere.
1801 1774 1979 1811 [uffo-,extum
2001 1780 2095 1813 alat-as]
2123 1781 2236 1816 Jnficere,

53 1814 157 1848 reliqua
171 1815 228 1841 vita
241 1814 332 1841 eluere
344 1823 399 1841 non
414 1813 486 1849 poffit
499 1813 555 1840 Cic.
573 1813 601 1839 in
615 1813 716 1840 Sallust.
733 1815 767 1840 16.
839 1813 926 1840 Lucre
934 1813 1048 1840 maculas
1061 1814 1117 1840 san-
1130 1822 1164 1850 45
1181 1822 1204 1840 et
1217 1816 1313 1840 hmnore
1325 1813 1481 1849 adspergere.
1554 1813 1610 1840 Cic.
1619 1812 1650 1840 de
1665 1813 1756 1840 Diuin.
1771 1816 1831 1845 1,68
1853 1823 1873 1839 c.
1888 1822 1914 1845 32
1939 1814 2129 1849 Vaticinatum,
2151 1815 2237 1842 made-

55 1849 152 1885 guine,
182 1851 236 1877 vid.
265 1856 346 1877 Lvo.
384 1850 531 1885 Susceptam
551 1848 639 1876 delere
676 1849 733 1876 Cic.
754 1857 805 1884 pro
827 1849 896 1883 Lege
916 1849 1012 1876 Manil.
1027 1859 1040 1883 7
1060 1859 1082 1876 c.
1096 1859 1117 1882 3.
1180 1849 1281 1877 faffium
1294 1848 1330 1875 iri
1343 1849 1432 1876 minus
1454 1856 1519 1876 xxx
1539 1848 1642 1882 diebus,
1660 1847 1800 1875 Graeciam
1811 1848 1946 1883 sanguine.
2020 1851 2127 1877 Virides
2150 1851 2236 1878 made-

52 1885 151 1912 Paucae
163 1886 282 1913 maculae
295 1886 324 1913 in
337 1885 456 1912 carmine
477 1886 546 1912 Hor.
561 1884 593 1912 de
606 1886 668 1911 Arte
684 1886 757 1912 Poet.
778 1893 827 1916 352.
986 1883 1007 1924 fl
1029 1895 1040 1917 3
1060 1886 1117 1913 Ma·
1180 1886 1279 1912 fecerat
1293 1885 1388 1912 herbas
1407 1885 1517 1920 Sanguis
1530 1885 1602 1912 fusus
1623 1884 1698 1919 Virg.
1712 1886 1776 1911 Aen.
1791 1894 1813 1916 5,
1826 1893 1878 1917 330.
1952 1885 2117 1913 Madefacere
2139 1893 2236 1914 terram

53 1921 122 1954 cula,
141 1922 260 1948 Foramen
273 1922 350 1957 retis,
379 1921 423 1957 seu
435 1922 527 1957 plagae
553 1921 610 1948 Cic.
631 1922 710 1948 Verr.
729 1930 760 1956 5,
781 1930 809 1954 27
827 1930 849 1948 c.
871 1930 890 1947 11
910 1920 1118 1956 Reticulumque
1180 1922 1312 1948 Columcl.
1326 1930 1348 1954 2,
1362 1932 1386 1955 4.
1459 1922 1542 1948 Plaut.
1564 1920 1653 1947 Pseud.
1668 1930 1686 1953 1,
1699 1930 1720 1952 2,
1735 1930 1758 1951 51
1781 1920 1854 1946 Vino
1872 1935 1918 1941 —
1937 1929 1985 1948 vos
1999 1922 2101 1950 vostros
2109 1923 2236 1958 pantices-

53 1956 86 1983 ad
99 1966 175 1984 nares
187 1956 235 1984 fibi
249 1957 399 1992 apponebat
411 1957 561 1984 tenuissimo
574 1956 648 1987 lino,
669 1956 782 1984 minutis
799 1956 923 1992 maculis,
945 1957 1053 1991 plenum
1073 1967 1118 1985 ro-
1181 1967 1233 1993 que
1253 1957 1319 1984 adeo
1339 1956 1513 1991 madefacitis,
1534 1965 1594 1983 cum
1609 1965 1659 1990 ego
1674 1956 1720 1982 lim
1733 1955 1776 1981 hic
1795 1955 1882 1983 siccus,

53 1993 103 2020 sae.
177 1994 254 2020 Varr.
269 1993 301 2020 de
316 1994 346 2021 R.
359 1993 390 2020 R.
408 2003 429 2025 3,
445 2002 464 2019 11
487 1992 570 2027 quue
584 1993 685 2027 septum
699 1998 785 2020 totum
799 1998 855 2018 rete
868 1992 1012 2026 grandibus
1029 2002 1118 2019 macu-
1132 2003 1164 2029 50
1220 2000 1244 2019 M
1259 1999 1282 2018 A
1295 1999 1315 2018 D
1328 1997 1377 2021 111·-
1389 1994 1404 2017 f
1414 1998 1451 2023 o,
1490 1992 1538 2017 eri.
1571 1990 1726 2022 [διαινυμαι]
1759 1989 1921 2028 ΕκινίῃῙεεισ
1938 1999 2020 2024 aqua,
2043 1990 2123 2017 alioue
2140 1990 2236 2027 liquore

8 2042 10 2049 r
53 2029 86 2054 lis
104 2029 249 2064 integitur,
267 2038 300 2056 ne
318 2028 354 2056 eo
373 2029 497 2056 inuolare
511 2028 600 2062 aquila
613 2028 703 2062 pollit,
727 2037 797 2054 110110
817 2036 849 2053 ex
869 2036 899 2052 ea
920 2027 1028 2053 euolare
1047 2036 1117 2053 anas.
1181 2027 1306 2059 adspergi.
1379 2026 1486 2050 Sueton.
1502 2025 1530 2049 in
1545 2025 1616 2051 Caes.
1632 2026 1667 2056 64
1688 2023 1922 2056 Qmmdecldiss‘et
1939 2025 1967 2051 in
1978 2033 2064 2059 mare,
2084 2036 2130 2061 per
2143 2027 2237 2055 ducen-

54 2062 185 2091 Distinffia
198 2065 307 2091 maculis
320 2064 387 2092 retia
405 2063 488 2091 Ouid.
500 2063 579 2098 Epist.
594 2072 616 2095 ς,
632 2072 669 2096 19.
740 2063 810 2088 Add.
824 2061 921 2087 Auson.
943 2061 1022 2093 Epist.
1041 2069 1064 2085 21
1080 2063 1116 2085 ad
1179 2066 1220 2085 tos
1233 2058 1314 2094 passus
1328 2057 1408 2084 euasit
1420 2058 1452 2084 ad
1467 2059 1617 2094 proximam
1631 2066 1725 2085 nauem
1740 2058 1807 2085 elata
1822 2059 1906 2092 laeua,
1920 2069 1954 2086 ne
1967 2060 2061 2094 libelli,
2083 2071 2149 2096 quos
2163 2070 2236 2090 tene-

53 2097 393 2131 ThebonemfNemefian.
407 2099 510 2131 Cyneg.
528 2107 555 2123 v.
567 2106 607 2127 30.
757 2093 779 2132 ff
801 2104 815 2127 4
836 2094 942 2120 Macula
958 2094 1034 2120 etiam
1054 2094 1118 2120 dici.
1179 2094 1233 2127 bat,
1254 2094 1434 2120 madefierent.
1507 2095 1593 2121 Caede
1611 2094 1748 2121 madefieri
1771 2094 1852 2123 Ouid.
1873 2096 1938 2124 Met.
1962 2106 1999 2129 15,
2018 2103 2070 2128 824·
2143 2100 2233 2134 sepul-

57 2139 100 2159 ων
111 2143 207 2168 gemma
224 2135 381 2159 Aelicaraios
397 2132 464 2158 Plin.
477 2140 518 2167 37,
533 2141 560 2157 10
579 2138 646 2157 extr.
1180 2139 1224 2156 cra
1243 2129 1386 2156 madefient
1410 2129 1487 2156 caede
1509 2130 1594 2157 Catul.
1608 2134 1707 2164 Argon.
1720 2133 1760 2162 62,
1776 2133 1828 2161 368.
1900 2131 2162 2162 Tyriomadefacihxs
2171 2141 2234 2161 tem-

94 2175 119 2195 M
131 2177 154 2196 A
163 2175 180 2195 c
189 2176 210 2195 v
219 2170 265 2196 L6
276 2175 290 2195 S
303 2175 321 2194 v
335 2175 366 2202 8,
387 2177 411 2201 a,
431 2177 486 2195 um.
506 2166 566 2193 Adi.
600 2166 744 2198 [amaturae.
756 2165 919 2203 κατάῖικτρς]
940 2164 1051 2190 Masulis
1071 2166 1112 2190 de·
1132 2174 1161 2201 55·
1177 2174 1243 2227 pora
1256 2165 1339 2192 nardo
1359 2164 1469 2192 Tibull.
1482 2175 1502 2198 3,
1516 2175 1538 2198 7,
1559 2175 1590 2197 31.
1634 2164 1735 2191 Imbuti
1748 2164 1874 2198 sanguine
1887 2163 1987 2201 Gladii,
2008 2168 2150 2195 madefacti
2164 2178 2237 2204 prae.

48 2203 152 2238 formis,
166 2211 231 2229 certe
244 2203 391 2238 conspicuus.
464 2202 521 2228 Cic.
533 2201 649 2234 Philipp·
665 2208 688 2229 2,
706 2208 732 2231 73
759 2198 901 2225 Auffloms
923 2208 989 2226 vero
1008 2199 1116 2226 misera·
1187 2201 1215 2227 io
1236 2201 1293 2228 Cic.
1307 2200 1375 2227 Phil.
1393 2211 1427 2235 14,
1442 2203 1457 2226 6
1473 2209 1495 2226 c.
1509 2209 1520 2232 3
1539 2206 1578 2233 pr.
1634 2199 1740 2225 Plumae
1753 2199 1914 2226 madefactae
1934 2200 2060 2237 sanguine
2080 2204 2236 2233 Ouid.Met.

57 2239 120 2266 bilis
134 2239 285 2273 adspeetus,
301 2238 378 2264 vestis
399 2236 521 2271 Pompeii
540 2244 595 2262 non
608 2235 708 2265 multa,
727 2243 811 2269 eaque
823 2234 963 2261 maculosa.
1037 2236 1114 2270 Virg.
1177 2239 1202 2268 6,
1217 2236 1271 2269 52'9.
1328 2235 1419 2262 Terra
1431 2235 1578 2261 madefacta
1591 2242 1687 2261 cruore
1707 2235 1748 2261 Id..
1758 2235 1822 2262 Met.
1837 2240 1861 2268 8,
1875 2245 1931 2268 402.
2004 2238 2080 2273 Apic.
2089 2249 2110 2272 3,
2125 2249 2148 2272 ¹5
2169 2249 2236 2270 extr.

52 2275 119 2302 Aen.
135 2284 154 2308 1,
167 2283 207 2307 327
227 2273 391 2301 Succinetam
405 2272 544 2308 pharetra,
564 2277 590 2298 et
602 2270 749 2297 maculosae
756 2270 972 2304 tegminelyncis.
1045 2270 1113 2296 Plin.
1176 2271 1271 2298 Caules
1285 2270 1446 2297 madefaetos
1460 2270 1488 2296 in
1502 2279 1570 2304 aqua
1582 2268 1708 2297 absinthii
1723 2271 1869 2305 contegito.

53 2320 89 2344 35,
102 2313 118 2337 6
137 2309 229 2337 Glebis
242 2310 302 2336 situs
317 2309 401 2342 colos,
422 2314 497 2335 extra
509 2307 666 2335 maculosus,
740 2305 816 2332 Cutis
835 2305 965 2332 maculosa
985 2305 1052 2332 Plin.
1073 2309 1113 2339 26,
1214 2313 1240 2333 Μ
1256 2314 1277 2333 Α
1293 2312 1312 2332 D
1326 2312 1343 2332 E
1353 2311 1370 2332 F
1384 2313 1407 2332 A
1419 2310 1437 2332 C
1451 2312 1474 2333 'r
1485 2312 1540 2338 10,
1561 2307 1631 2333 finis.
1651 2306 1671 2332 f.
1690 2305 1786 2333 Ofilau.
1806 2307 1874 2333 Hor.
1891 2316 1910 2340 1,
1925 2316 1947 2335 2.

54 2355 74 2374 1.
145 2346 246 2380 Fulgor
268 2345 416 2372 maculosus
434 2345 569 2379 squamam
589 2340 747 2369 incendebat
759 2350 836 2374 auro,
856 2344 886 2366 de
901 2340 1016 2381 serpente
1036 2341 1113 2376 Virg.
1127 2344 1164 2370 60
1214 2349 1241 2369 M
1254 2348 1276 2368 A
1286 2348 1305 2368 D
1316 2348 1334 2368 Ε
1347 2348 1364 2368 F
1375 2348 1399 2368 Α
1411 2348 1428 2369 C
1440 2348 1462 2368 T
1473 2348 1492 2369 ο
1501 2362 1509 2376 ,
1530 2346 1584 2369 are.
1604 2343 1717 2369 Venant.
1727 2342 1836 2369 Fortun.
1850 2352 1868 2373 1,
1882 2352 1917 2376 21,
1932 2344 1970 2371 26.
2044 2344 2136 2373 Plauto
2143 2347 2236 2375 Pseud,

54 2383 121 2408 Aen.
132 2391 154 2415 5,
169 2388 206 2415 87.
279 2381 367 2407 Litera
384 2380 515 2407 maculosa
538 2378 645 2405 suffusas
667 2376 746 2404 habet
764 2377 858 2404 lituras
884 2376 966 2403 Ouid.
985 2377 1071 2404 Trist.
1092 2387 1114 2410 3,
1175 2387 1196 2409 1,
1210 2387 1232 2412 2,
1247 2387 1269 2409 51
1291 2378 1367 2404 etiam
1383 2378 1507 2404 tribuitur
1520 2387 1535 2404 a
1555 2377 1651 2405 Nonio
1673 2388 1697 2412 4,
1718 2379 1775 2411 426.
1846 2379 1926 2405 Hodie
1946 2379 2039 2415 legitur
2060 2382 2237 2419 Madefacitis,

56 2427 76 2452 1,
91 2427 123 2447 ις.
194 2417 326 2444 Maculosa
339 2415 446 2447 myrrha
466 2414 583 2442 Martial.
599 2423 637 2450 10,
652 2420 694 2444 80.
766 2412 849 2440 Notis
862 2412 1007 2447 grandibus
1025 2422 1112 2440 macu-
1175 2421 1206 2440 vt
1236 2413 1353 2440 vidimus.

53 2452 133 2483 lusus,
145 2453 248 2488 serpens
269 2452 344 2486 Virg.
362 2451 461 2485 Georg.
483 2460 504 2483 3,
530 2460 582 2484 427.
653 2449 760 2476 Vellere
777 2448 911 2475 maculoso
931 2449 1000 2476 velat
1017 2458 1112 2484 corpus
1211 2456 1236 2476 M
1247 2455 1270 2476 A
1281 2456 1320 2476 D1
1335 2445 1378 2475 Fi'
1388 2454 1406 2476 c
1419 2455 1454 2482 o,
1478 2452 1532 2476 are.
1572 2449 1640 2477 Plin.
1654 2455 1693 2483 23,
1709 2457 1731 2482 7.

54 2488 135 2517 Ouid.
149 2488 214 2515 Met.
227 2497 248 2524 3,
264 2497 313 2521 197.
388 2486 537 2514 Maculosus
551 2486 651 2517 homo,
668 2493 714 2521 per
725 2485 929 2517 translationem,
944 2491 991 2520 pro
1003 2487 1111 2511 Immun-
1214 2492 1240 2512 M
1252 2492 1275 2512 A
1287 2492 1306 2512 D
1317 2483 1331 2511 1⁰
1338 2491 1358 2511 D
1368 2491 1391 2511 V
1401 2491 1414 2511 S
1423 2507 1431 2520 ‚
1450 2493 1474 2517 a,
1494 2494 1549 2512 um.
1571 2485 1631 2512 Adi.
1651 2485 1749 2520 Unde,
1769 2485 1902 2520 κάθυγρος,
1923 2486 2033 2522 δίυγρας]
2053 2487 2146 2523 Alfquo
2157 2490 2237 2525 liquo⁴

0 2549 5 2553 .
53 2525 85 2550 do
97 2531 122 2550 et
134 2525 237 2559 impuro,
312 2523 368 2551 Cic.
384 2523 437 2550 Att.
460 2533 479 2556 1,
501 2532 523 2555 13
550 2525 611 2555 (16)
654 2521 720 2548 Non
733 2521 807 2548 enim
822 2529 940 2555 vnquam
961 2521 1069 2555 turpior
1082 2521 1111 2547 in
1130 2523 1162 2555 σς
1176 2531 1204 2562 re
1216 2521 1346 2556 respeaesus.
1387 2522 1433 2546 Cui
1452 2522 1582 2556 opponitur
1607 2521 1704 2548 Siccus.
1777 2522 1844 2549 Pliu.
1864 2531 1904 2555 13,
1924 2532 1953 2555 24
1971 2523 2068 2550 Hieme
2082 2533 2148 2551 vero
2161 2526 2232 2559 quod

24 2581 29 2585 .
48 2559 115 2587 ludo
128 2559 224 2586 talario
238 2560 364 2586 consessus
378 2559 442 2592 fnit,
461 2558 586 2586 maculosi
600 2558 747 2590 Senatores,
765 2556 831 2584 nudi
844 2557 963 2591 Equites,
983 2556 1110 2584 Tribuni
1175 2558 1287 2592 inaruit,
1306 2555 1452 2583 madidum.
1526 2555 1582 2584 Alis
1603 2557 1717 2584 madidis
1741 2557 1831 2584 euolat
1848 2558 1937 2584 Notus
1963 2558 2043 2587 Ouid.
2064 2560 2127 2588 Met.
2145 2570 2165 2594 1,
2178 2564 2234 2594 264.

48 2603 96 2624 etc.
168 2595 271 2630 Iupiter
283 2597 312 2622 in
326 2595 498 2631 expugnanda
508 2591 671 2621 feminarum
683 2592 812 2628 pudicitia
826 2593 973 2619 maculosus
994 2592 1112 2619 Laetam.
1174 2593 1258 2620 Barba
1285 2591 1323 2619 Id.
1337 2591 1374 2618 ib.
1390 2602 1408 2626 1,
1423 2602 1473 2626 339.
1544 2593 1642 2628 Capilli
1656 2592 1756 2620 madidi
1773 2592 1882 2625 myrrha
1899 2593 1936 2620 Id.
1950 2592 2016 2620 ibid.
2036 2605 2063 2626 5,
2077 2604 2111 2627 53.
2184 2597 2233 2625 Ille

53 2641 72 2667 1,
87 2641 115 2658 10
120 2630 167 2667 sub
174 2632 223 2667 fin.
296 2632 427 2666 Auaritia,
445 2638 471 2658 et
485 2630 601 2658 libidine
616 2630 720 2662 foedus,
736 2635 762 2656 et
774 2628 922 2656 maculosus
935 2629 1027 2655 Tacit.
1042 2629 1111 2656 Hist.
1174 2628 1321 2656 Fasciculus
1342 2633 1412 2654 totus
1431 2636 1499 2662 aqua
1520 2628 1639 2655 madidus
1662 2629 1731 2655 mihi
1752 2628 1869 2655 redditus
1888 2629 1944 2655 Cic.
1965 2630 1996 2656 ad
2011 2632 2049 2665 Q
2061 2629 2145 2659 Fratr.
2163 2641 2187 2666 2,
2203 2642 2231 2660 11.

53 2677 73 2701 1,
89 2677 112 2700 7,
125 2676 146 2693 2.
183 2667 320 2694 Dedecore
333 2667 480 2695 maculosus
494 2667 533 2694 Id.
547 2667 644 2699 ibid.3,
658 2672 693 2699 33,
708 2669 732 2693 6.
769 2665 854 2692 Nefas
866 2665 1027 2692 maculosum
1042 2665 1113 2692 Hor.
1175 2666 1265 2692 Genae
1287 2664 1369 2691 Ouid.
1388 2663 1420 2690 de
1440 2665 1504 2690 Arte
1526 2665 1585 2692 Am.
1599 2673 1620 2696 1,
1642 2667 1701 2692 660.
1738 2665 1812 2691 Palus
1826 2663 1906 2691 Ouid.
1925 2664 1957 2691 de
1976 2666 2039 2693 Arte
2060 2667 2121 2694 Am.
2141 2677 2165 2702 1,
2183 2678 2232 2701 554·

53 2702 180 2736 earm-23,
196 2713 218 2737 5,
231 2712 266 2730 22.
347 2704 444 2730 Oratio
466 2703 599 2730 maculosa
614 2704 718 2730 Petron.
734 2710 755 2728 c.
772 2710 795 2728 2.
813 2702 948 2736 opponitur
958 2701 1072 2736 pudicae,
1088 2707 1112 2726 et
1127 2710 1163 2738 70
1175 2701 1261 2729 Vestis
1274 2700 1350 2734 Virg.
1366 2702 1429 2727 Aen.
1443 2708 1465 2733 5,
1480 2709 1530 2734 179.
1688 2698 1709 2739 ff
1735 2710 1747 2727 2
1777 2702 1809 2726 Vt
1830 2702 1929 2727 verbum
1948 2699 2068 2732 Madere,
2086 2702 2125 2728 ita
2137 2705 2179 2730 hoc
2191 2714 2233 2730 no-

50 2739 84 2776 est
96 2739 170 2775 quasi
183 2739 387 2773 meretriciofieca
400 2740 510 2768 imbuta.-
530 2741 585 2767 vid.
598 2740 700 2775 Ber-ger.
713 2739 743 2764 de
755 2738 883 2765 Pulchrit.
900 2743 966 2763 orat.
982 2743 1010 2773 p.
1024 2746 1053 2762 11
1058 2736 1113 2772 seq.
1172 2746 1229 2762 man
1244 2739 1274 2762 de
1286 2735 1316 2761 iis
1329 2737 1469 2769 adhibetur,
1490 2745 1552 2771 quae
1564 2738 1684 2770 coquendo
1703 2735 1795 2762 mollita
1802 2735 1873 2771 sunt.
1909 2744 1940 2763 vt
1953 2737 2053 2764 Cortex
2067 2737 2113 2765 fiat
2125 2739 2230 2766 madida

46 2777 121 2807 Arm.
150 2781 383 2803 MACVLATVS.
1174 2772 1296 2800 Scribon.
1317 2777 1369 2803 243.
1407 2772 1477 2798 Mala
1487 2772 1553 2798 fiunt
1565 2771 1670 2798 madida
1685 2771 1766 2798 Scrib.
1779 2781 1814 2804 41.
1836 2781 1875 2800 111.
1890 2779 1938 2802 158-
1974 2774 2098 2806 Collyrae
2111 2774 2190 2802 facite
2202 2780 2231 2802 vt

88 2818 114 2838 M
126 2817 148 2837 A
158 2809 205 2837 cx?
217 2818 233 2838 L
245 2817 265 2838 o
275 2831 284 2843 ‚
304 2815 358 2838 are.
379 2812 505 2846 [errabas]
525 2813 678 2846 Deturpare,
687 2810 802 2844 fhedare.
866 2808 949 2835 Plaut.
959 2809 1034 2843 Capt.
1050 2818 1072 2841 3,
1087 2818 1113 2843 4,
1173 2809 1296 2835 madeant
1310 2813 1336 2834 et
1350 2806 1493 2842 colliphia:
1514 2815 1546 2834 ne
1562 2807 1630 2833 mihi
1649 2807 1753 2834 incocta
1776 2806 1851 2834 detis.
1888 2822 1934 2828 —
1964 2808 2034 2835 nihil
2048 2810 2107 2836 sunt
2121 2811 2227 2844 crudae,

52 2856 81 2879 24
103 2846 200 2873 Viden'
220 2852 247 2873 tu
260 2847 302 2873 illi
315 2846 443 2873 maculari
462 2856 558 2881 corpus
575 2852 662 2873 totum
683 2845 793 2872 maculis
813 2844 927 2872 luridis?
998 2846 1112 2879 Metapb.
1173 2844 1221 2871 nisi
1237 2853 1300 2879 quas
1313 2843 1432 2870 madidas
1444 2843 1538 2879 glutias
1558 2844 1640 2870 Plaut.
1655 2844 1722 2869 Pers.
1738 2853 1755 2876 1,
1777 2853 1798 2875 3,
1812 2852 1844 2870 12.
1917 2845 1989 2878 Conf.
2010 2845 2093 2881 Dousa
2114 2848 2228 2873 Praecid.

53 2881 121 2912 Plin.
133 2883 211 2917 Epist.
227 2886 253 2916 6,
269 2892 290 2915 3¹
316 2883 407 2918 Nupta
421 2881 485 2909 haec
509 2881 643 2909 Tribuno
659 2882 778 2908 militum
796 2881 914 2908 honores
935 2880 1064 2915 petitum,
1085 2886 1112 2907 et
1125 2887 1158 2916 75
1174 2881 1201 2906 in
1219 2881 1325 2907 Petron.
1340 2889 1362 2906 c.
1380 2889 1396 2906 1.
1575 2876 1596 2916 ff
1622 2889 1632 2911 3
1654 2878 1788 2913 Madidus,
1804 2885 1851 2914 pro
1871 2879 1946 2905 Ebrio
1960 2880 2064 2915 ponitur
2085 2881 2227 2916 aliquando,

22 2916 28 2926 ⁴
53 2919 136 2952 suam,
154 2925 181 2945 et
192 2918 283 2945 mariti
295 2918 463 2953 dignitatem,
483 2918 658 2945 Centurionis
670 2926 761 2945 amore
776 2916 964 2944 maculauerat.
1037 2916 1109 2943 Ter·
1173 2917 1371 2951 quemadmodum
1387 2915 1457 2951 prius
1477 2913 1585 2941 Madere
1598 2913 1664 2940 vino
1676 2914 1779 2949 positum
1792 2913 1832 2950 est.
1906 2913 1988 2943 Plaut.
2006 2916 2100 2951 Amph.
2121 2927 2142 2948 3,
2161 2922 2226 2949 4,1ε

55 2962 111 2981 ram
123 2954 186 2981 tabo
198 2955 329 2981 maculant
355 2955 430 2988 Virg.
452 2955 516 2981 Aen.
536 2964 557 2989 3,
576 2963 615 2987 29.
689 2954 801 2980 Ferrum
821 2952 965 2979 maculauit
983 2952 1111 2986 sanguine
1173 2952 1277 2979 Faciam
1293 2957 1322 2978 vt
1337 2950 1368 2977 fit
1380 2950 1501 2977 madidus
1515 2950 1635 2979 sobrius,
1655 2948 1673 2976 i.
1689 2948 1805 2984 EfflcIam‚
1819 2957 1849 2976 vt
1859 2949 1977 2977 videatur
1994 2953 2084 2984 ebrius,
2103 2961 2174 2985 quum
2186 2953 2225 2977 ni-

52 2989 133 3017 Ouid.
147 2991 212 3017 Met.
227 3000 249 3024 7,
263 3000 309 3023 3¹5·
346 2990 469 3017 Gloriam
482 2991 553 3025 turpi
566 2996 652 3017 morte
659 2990 730 3024 Nep.
744 2998 772 3023 4,
788 2998 843 3022 5‚4.
873 2987 982 3015 Nomen
994 2988 1107 3014 alicuius
1172 2989 1212 3013 hil
1222 2987 1319 3013 biberit.
1393 2988 1484 3020 Nempe
1497 2986 1613 3011 imbutum
1618 2985 1759 3021 figmfim,
1776 2986 1893 3013 Martial.
1907 2995 1929 3017 ς,
1942 2995 1969 3019 24
1985 2986 2048 3014 Νο11
2062 2987 2109 3012 nisi
2119 2986 2159 3012 vel
2167 2995 2225 3013 coc.

54 3025 168 3053 crimine
182 3027 258 3061 Virg.
272 3027 338 3053 Aen.
355 3036 393 3057 10,
409 3031 458 3056 851.
531 3026 588 3053 Cic.
600 3025 632 3052 de
645 3026 738 3061 Arusp.
753 3026 828 3060 Resp.
837 3034 863 3057 27
877 3033 899 3050 c.
914 3033 935 3056 ¹3
949 3025 1013 3057 Qio
1020 3024 1109 3050 minus
1172 3032 1204 3050 co
1218 3022 1333 3054 madida,
1355 3020 1399 3048 vel
1414 3021 1515 3048 murice
1527 3020 1619 3048 tineta.
1693 3023 1725 3047 Et
1737 3023 1849 3057 Metapb.
1870 3021 1942 3049 Idem
1965 3031 1990 3055 1,
2009 3031 2044 3055 40
2062 3019 2155 3055 Siquis
2175 3022 2225 3048 Ce.

55 3061 200 3089 castillimos
220 3062 296 3089 ludos
318 3062 393 3089 omni
413 3061 515 3096 flagitio
532 3061 680 3097 pollueret,
706 3062 782 3088 omni
803 3060 934 3088 dedecore
954 3060 1107 3087 macularet.
1124 3066 1157 3092 80
1172 3059 1280 3091 cropiae
1294 3057 1413 3084 madidus
1438 3057 1581 3091 Latiaeque
1609 3056 1750 3084 Mineruae
1802 3056 1919 3084 Artibus.
1991 3059 2102 3091 Compar.
2119 3057 2225 3084 Semina

55 3095 185 3125 Maculare
198 3105 288 3133 partus
301 3099 361 3125 suos
375 3097 538 3133 parricidio,
552 3097 675 3132 sanguine
690 3104 822 3133 parentum
841 3096 932 3122 liberos
950 3097 993 3121 vel
1012 3103 1109 3132 nepotes
1171 3094 1319 3127 madidiora
1334 3092 1399 3119 Plin.
1415 3102 1451 3126 27,
1464 3103 1476 3123 5
1497 3093 1514 3120 s.
1530 3102 1561 3120 21.

56 3131 193 3167 respergere
213 3135 275 3161 Liu.
299 3144 318 3167 1,
342 3143 362 3166 ¹3
378 3141 420 3169 pr.
494 3134 626 3168 Sanguine
645 3134 776 3160 maculans
799 3133 853 3159 sola
873 3138 960 3158 terrae
979 3132 1067 3158 Catul.
1082 3134 1109 3158 61
1208 3137 1233 3157 M
1248 3136 1270 3156 A
1283 3127 1326 3156 Df
1335 3135 1392 3156 DE.
1415 3127 1483 3156 Adu.
1524 3126 1605 3155 Plaut.
1621 3127 1711 3156 Pseud.
1726 3137 1748 3162 5,
1769 3137 1799 3159 2,
1819 3137 1832 3160 7
1851 3127 1915 3154 Non
1939 3125 2013 3153 vides
2032 3134 2075 3153 me
2093 3132 2123 3154 vt
2141 3126 2225 3155 madi·

56 3165 126 3199 (64)
143 3177 166 3200 7·
233 3171 320 3197 Metus
332 3178 479 3205 poenarum
493 3169 607 3196 maculat
623 3169 741 3203 praemia
756 3169 827 3196 vitae
849 3168 953 3195 Lucret.
967 3177 987 3198 5,
1009 3176 1074 3198 1150.
1170 3166 1202 3193 de
1221 3165 1349 3192 madeam.
2035 3168 2037 3170 ·

96 3207 123 3227 M
136 3208 184 3229 Ae
195 3210 216 3230 v
228 3211 246 3232 1.
257 3213 278 3232 Α
290 3213 380 3239 TVS,
401 3215 424 3237 a,
444 3215 498 3232 um.
535 3205 694 3240 lnqm'natus.
718 3207 751 3232 lt.
770 3206 800 3230 de
817 3211 921 3230 ornatu.-
959 3204 1061 3239 Perque
1073 3204 1109 3230 le.
1209 3207 1235 3228 M
1250 3208 1272 3228 A
1283 3200 1326 3228 Df
1336 3207 1356 3227 D
1370 3206 1409 3231 0,,
1428 3203 1483 3229 are.
1505 3200 1641 3234 [ὑγραίνω]
1662 3200 1794 3226 Madidum
1814 3197 1866 3232 ff.
1904 3196 1995 3223 Claud.
2015 3197 2046 3223 de
2066 3198 2141 3233 Rape.
2162 3199 2224 3227 Pro.

57 3246 118 3263 vem
132 3242 158 3263 et
168 3239 250 3266 multo
257 3242 410 3269 maculatam
423 3242 526 3269 murice
538 3241 660 3276 Tigrim.
676 3241 732 3267 Val.
741 3241 823 3267 Flacc.
838 3244 865 3274 6,
878 3249 935 3272 704.
1122 3243 1152 3272 85
1177 3238 1243 3272 serp.
1252 3247 1272 3270 2,
1280 3243 1310 3267 88
1331 3236 1380 3264 Ille
1393 3245 1468 3263 nouo
1475 3236 1637 3263 madidantes
1644 3235 1750 3262 neetare
1759 3241 1856 3268 pennas
1892 3233 2154 3268 Concutit,etglebas
2167 3234 2223 3262 foe.

92 3279 118 3299 M
132 3279 155 3299 Α
166 3278 212 3299 CV
221 3281 238 3301 L
247 3281 270 3302 Α
283 3283 299 3304 B
312 3284 323 3304 1
335 3284 352 3304 1.
361 3285 371 3304 1
383 3285 397 3305 s
407 3298 416 3311 ,
433 3279 499 3304 vnde
517 3285 526 3304 1
537 3284 563 3305 M
575 3284 599 3304 M
610 3283 632 3303 A
643 3283 659 3304 C
669 3284 689 3304 v
701 3283 717 3303 L
730 3283 752 3304 A
763 3283 780 3304 Β
790 3283 800 3302 1
813 3282 830 3302 L
842 3283 850 3302 1
864 3282 877 3302 s
890 3296 898 3309 ‚
914 3285 940 3302 v.
953 3285 979 3302 v.
1170 3272 1259 3300 cundo
1275 3281 1339 3299 rore
1351 3273 1467 3298 maritat.
1485 3273 1502 3298 i.
1516 3272 1632 3301 Imbutas,
1651 3271 1775 3296 madidas.
1846 3269 1894 3294 Sed
1909 3268 1987 3294 afflue
2011 3267 2138 3297 Proluuie
2157 3268 2222 3298 line-

94 3316 120 3335 M
135 3315 157 3335 Α
168 3314 185 3335 C
194 3315 215 3334 V
224 3315 240 3335 L
249 3316 302 3338 ΛΤ
315 3319 354 3340 10
363 3334 372 3347 ‚
393 3314 462 3341 onis.
482 3313 502 3340 f.
538 3313 647 3342 Firmic.
665 3324 684 3347 1,
697 3323 707 3346 3
727 3314 841 3348 Ignauus
855 3311 902 3338 ille
917 3311 971 3343 vir,
991 3316 1017 3337 et
1030 3308 1106 3337 omni
1170 3316 1231 3336 rent
1245 3314 1271 3336 et
1283 3307 1449 3336 madidarent
1458 3308 1482 3334 se
1496 3308 1540 3334 sua
1554 3305 1654 3333 Arnob.
1669 3304 1686 3332 1.
1701 3314 1722 3332 2.
1797 3303 1874 3343 Mero
1887 3303 1973 3330 multo
1985 3304 2115 3331 madidari
2130 3306 2192 3333 ld.l.
2201 3315 2221 3337 5.

54 3343 167 3370 infamia
179 3343 535 3384 maculationequepollutus.
608 3351 675 3376 Item
683 3359 704 3382 3,
725 3359 747 3382 ¹5
767 3349 880 3376 Matrem
893 3347 1053 3382 ignobilem,
1062 3344 1106 3371 vel
1169 3345 1319 3373 Madidatae
1337 3344 1463 3380 spongiae
1473 3341 1549 3378 Apul.
1572 3341 1636 3369 Met.
1651 3340 1669 3369 1.
1692 3347 1715 3371 8.
1792 3339 1923 3367 Madidata
1941 3347 1974 3366 ex
2009 3339 2142 3368 imbribus
2160 3350 2222 3369 arua

53 3380 142 3420 aliqua
154 3379 282 3406 infamiae
294 3381 370 3410 faciet
381 3385 556 3412 maculatione
576 3385 714 3420 pollutam.
765 3383 991 3413 Maculationibus
1011 3388 1108 3409 conua-
1169 3381 1270 3408 Arnob.
1292 3381 1309 3408 l.
1331 3390 1348 3407 1.
1767 3411 1772 3417 ι

58 3422 110 3443 riat
126 3415 205 3451 Apul.
228 3415 306 3451 Apol.
319 3425 344 3450 Ρ.
358 3422 412 3449 306.
1120 3427 1158 3454 90
1207 3424 1233 3444 M
1248 3423 1270 3444 A
1282 3422 1330 3443 Do
1342 3423 1377 3449 R,
1397 3414 1462 3442 oris.
1482 3422 1516 3442 m.
1539 3412 1679 3448 [buxo-la]
1697 3412 1849 3438 Hmmdztas.
1889 3408 1989 3437 Sallust.
2015 3412 2083 3446 apud
2100 3410 2174 3439 Non.
2198 3420 2219 3443 2,

435 3453 437 3455 ’
1169 3462 1211 3487 534
1233 3453 1312 3486 Quasi
1323 3460 1372 3493 par
1383 3450 1411 3478 in
1427 3450 1528 3486 oppido
1541 3449 1686 3481 festinatio,
1703 3453 1729 3473 et
1743 3446 1835 3480 ingens
1848 3451 1937 3472 terror
1952 3453 2023 3486 erat,
2047 3456 2081 3473 ne
2095 3456 2126 3474 ex
2138 3448 2219 3474 latere

456 3494 496 3526 M
569 3495 596 3526 A
670 3493 701 3526 D
1170 3497 1240 3516 noua
1254 3493 1419 3515 munimenta
1432 3485 1541 3513 madore
1555 3486 1762 3512 infirmarentur.
1796 3483 1867 3508 Add.
1885 3481 2017 3508 Ammian.
2032 3491 2065 3517 17,
2081 3492 2112 3514 15.
2132 3490 2156 3509 et
2178 3492 2220 3518 20,

1170 3533 1179 3552 1
1198 3545 1204 3552 .
1278 3523 1381 3551 Arnob.
1395 3533 1408 3550 2
1450 3542 1456 3549 .
1485 3532 1511 3550 0.

90 3562 116 3586 Μ
129 3565 152 3587 A
165 3565 185 3586 1>
197 3565 219 3586 A
231 3565 250 3585 R
261 3565 282 3586 0
291 3565 355 3586 81³·
376 3559 539 3598 [μαδάεωσιε]
559 3564 648 3590 Latine
669 3563 816 3596 Glabritas,
835 3564 937 3590 medicis
950 3559 1050 3597 affefflio
1062 3559 1106 3596 est,
1182 3537 1195 3559 ⁴
1209 3566 1234 3587 M
1248 3565 1270 3587 A
1282 3565 1301 3586 1)
1311 3567 1330 3587 o
1343 3565 1364 3586 Ν
1376 3578 1385 3592 ,
1406 3530 1482 3585 1.Ρ11.7
1522 3555 1592 3584 Vitis
1614 3552 1670 3594 ³¹l³³
1691 3551 1755 3593 alias
1766 3549 1885 3593 ‘dicit-ur,
1906 3549 1965 3592 teste
1973 3552 2096 3593 pnsum,
2113 3563 2119 3579 ι
2141 3554 2184 3588 qui
2196 3561 2219 3580 et

56 3594 100 3620 vbi
110 3604 140 3620 ex
153 3596 278 3630 palpebris
291 3595 400 3631 defluunt
411 3596 470 3630 pili.
542 3601 580 3625 De
593 3601 638 3626 bac
656 3599 729 3628 Cels.
749 3598 836 3625 Galen.
856 3606 879 3625 et
897 3600 958 3631 alii,
979 3603 1011 3622 vt
1023 3596 1106 3631 refert
1123 3606 1157 3634 95
1170 3595 1181 3622 ι’
1203 3606 1219 3622 a
1232 3597 1305 3623 babet
1327 3595 1415 3622 Huius
1432 3594 1560 3622 sarmenta
1573 3591 1656 3623 longis
1670 3594 1696 3615 et
1709 3586 1824 3628 exili-bus
1832 3588 1992 3627 internodiis
2000 3588 2143 3623 geniculata
2151 3589 2216 3615 scan-

58 3630 128 3657 Cael.
151 3639 190 3664 19,
217 3640 234 3657 1.
1169 3596 1243 3660 stum
1316 3630 1392 3658 Folia
1404 3630 1482 3657 habet
1495 3625 1653 3664 pampinosa,
1671 3622 1703 3651 ad
1718 3623 1918 3651 similitudinem
1932 3621 2051 3651 hederae.

93 3671 119 3691 M
131 3673 153 3693 Α
166 3672 184 3692 D
193 3672 244 3693 Av
254 3672 275 3692 R
289 3672 312 3692 A
323 3686 329 3693 .
346 3665 359 3699 [
366 3665 498 3700 Μαδαύμ]
520 3667 617 3694 Ciuitas
629 3668 656 3694 in
663 3670 764 3703 confinio
779 3670 906 3704 Getuliae,
920 3674 945 3695 et
958 3667 1106 3698 Numidiae,
1206 3675 1230 3694 M
1243 3674 1266 3694 Α
1278 3673 1297 3694 D
1306 3673 1328 3693 V
1338 3674 1354 3692 L
1366 3673 1380 3693 8
1394 3672 1434 3699 A,
1454 3674 1491 3692 ae.
1511 3674 1546 3690 m.
1566 3660 1700 3695 [μέθυσος]
1722 3659 1821 3691 Ebrius,
1840 3662 1902 3693 quia
1914 3662 2027 3685 madidus
2034 3659 2100 3700 satis¹
2113 3659 2214 3699 vinoſjt.

59 3708 77 3726 a
90 3707 137 3735 qua
152 3701 278 3736 Apuleius
305 3707 569 3729 MADAVRENsm
590 3702 623 3737 est
641 3701 747 3733 voca'eus.
1171 3703 1253 3731 mam,
1268 3701 1355 3729 Pseud,
1371 3711 1396 3735 ς,
1412 3711 1430 3737 1,
1442 3711 1464 3735 7,
1535 3699 1612 3731 Apud
1629 3695 1693 3723 Fest.
1710 3693 1831 3725 Madusa,
1842 3694 1898 3727 fine
1917 3700 1949 3727 L,
1963 3693 2109 3734 'legiturlbn
2124 3696 2215 3731 verbu-3

96 3741 152 3762 MA
163 3743 182 3763 D
194 3743 211 3763 ε
223 3743 240 3763 1²·
252 3743 300 3764 Ac
310 3744 319 3763 1
329 3744 348 3764 o
359 3758 367 3771 ‚
386 3738 439 3766 vid.
446 3737 527 3773 paullo
543 3736 602 3773 paefi.
1170 3738 1293 3769 Madusa,
1313 3737 1419 3770 Ebrius,
1438 3746 1452 3763 a
1466 3735 1568 3762 Graeco
1584 3731 1671 3767 μαδᾷν,
1691 3730 1847 3758 deductum:
1868 3728 1911 3756 vel
1923 3738 1986 3764 quia
1998 3729 2116 3757 madidus
2134 3728 2162 3755 fit
2175 3734 2212 3752 vz—

96 3776 122 3796 M
133 3777 156 3798 Α
166 3778 184 3798 D
195 3778 212 3798 E
222 3778 242 3799 o
251 3790 261 3804 ,
279 3773 318 3805 ui,
337 3776 390 3802 010,
410 3774 547 3808 [κάθυγρος
559 3773 624 3807 ἐιμὶ]
648 3774 779 3802 Madidum
793 3775 854 3812 ff,
871 3783 897 3802 et
909 3776 1006 3802 humore
1019 3773 1105 3809 aliquo
1115 3783 1213 3806 100110·
1285 3774 1334 3801 Sed
1345 3773 1419 3801 etiam
1433 3771 1472 3798 bic
1483 3768 1625 3804 quibusdam
1638 3765 1757 3795 Madulsa
1770 3764 1846 3801 magis
1855 3767 1945 3801 placet.

59 3805 214 3841 conspersum.
273 3808 338 3835 Plin.
352 3816 375 3842 8,
388 3818 415 3839 25
442 3809 576 3844 Tergoris
595 3808 627 3834 ad
646 3808 715 3835 scuta
736 3811 873 3847 galeasque
892 3809 1105 3846 impenetrabilis
1737 3824 1740 3828 ·

59 3849 241 3876 praeterquam
254 3843 272 3871 si
285 3844 398 3871 humore
411 3844 528 3872 madeat:
547 3847 578 3870 de
597 3845 778 3878 Hippopotamo.
851 3848 933 3874 Plaut.
952 3845 1030 3873 Most.
1045 3856 1069 3881 1,
1083 3855 1105 3878 3,
1575 3840 1616 3875 M
1679 3843 1707 3872 A
1769 3840 1796 3871 E

60 3886 75 3911 9
103 3879 234 3911 nugatoria
253 3879 371 3915 allegoria
385 3882 415 3906 de
436 3881 561 3907 meretrice
583 3878 737 3914 adolescens,
762 3882 832 3909 Haec
850 3883 897 3910 illa
915 3881 950 3909 est
970 3881 1107 3916 tempestas
1864 3906 1869 3912 .
2033 3902 2048 3910 ·=

59 3921 126 3952 mea,
146 3912 215 3938 mihi
228 3922 293 3947 quae
309 3915 463 3943 modestiam
477 3925 586 3943 omnem
601 3915 710 3947 detexit,
731 3915 813 3943 metus
825 3927 877 3952 qua
890 3918 931 3945 fui
942 3927 947 3944 :
968 3916 1106 3952 quammi-
1169 3924 1196 3946 M
1205 3923 1228 3946 Α
1239 3924 1257 3945 13
1268 3924 1289 3945 Α
1300 3922 1323 3944 ’Ν
1335 3922 1355 3943 D
1368 3919 1386 3941 Ε
1396 3920 1415 3940 R
1425 3935 1433 3947 ‚
1453 3910 1504 3939 dfi-
1522 3920 1557 3939 m·
1580 3909 1740 3944 [Malavaeoc]
1755 3909 1817 3950 *Cum
1826 3907 1994 3949 ,D‘Phthong‘b
2007 3912 2047 3943 qu!
2066 3908 2090 3928 'I
2117 3905 2211 3929 ΜΑε·

58 3947 88 3976 111
100 3957 175 3976 amor
187 3954 211 3975 ct
226 3949 367 4014 cupidoliln1
374 3952 466 3986 peetus
479 3952 596 3989 perpluit
615 3960 719 3978 meum:
739 3958 825 3985 neque
840 3953 896 3983 iam
907 3962 1024 3989 vnquam
1036 3951 1160 3994 obti-105
1170 3959 1327 3987 ΑΝΒΚῊ,
1344 3949 1448 4013 {summ
1462 3947 1648 3984 Phrygfafs‘l'e
1659 3947 1802 3977 M⁴⁶⁰m⁰⁶³
1820 3939 2131 3999 '‘aſs'’”fisfl‘mbus’ssz
2139 3937 2211 3998 1ίῖξῖ

210 3991 231 4013 V
240 3990 261 4012 0
273 3991 298 4012 1..
369 4006 376 4014 .
2134 3987 2141 3998 ι
