2517 4231
447 195 735 238 PAT-

592 287 711 322 Ingenuo
724 290 797 321 patre
809 289 884 311 natus
910 282 984 311 Idem
1000 282 1037 310 ib.
1055 292 1074 315 ι,
1085 285 1114 317 6,

27 351 30 360 .
62 334 95 352 21.
171 322 311 350 Libertino
324 329 397 358 patre
416 322 490 349 Idem
507 322 545 349 ib.
561 331 580 355 ι,
596 325 623 355 6,
640 325 665 350 6.
755 321 854 354 Magno
866 325 939 354 patre
955 326 1013 346 nata
1027 319 1113 355 puella

59 360 132 387 Idem
145 358 182 386 ib.
197 365 252 394 1,¹2‚
264 367 304 394 72.
411 359 497 385 Nullo
510 364 582 393 patre
596 358 667 388 nati,
691 357 709 383 i.
728 355 852 392 [gnobiles
872 354 932 382 Liu.
946 366 968 389 4,
982 365 1000 388 3.
1038 355 1112 394 Conyf.

60 397 129 424 Hor.
143 395 222 422 Serm.
238 403 257 428 1,
272 398 297 428 6,
313 404 340 421 11.
366 395 450 422 Periz.
464 395 552 422 Anim.
565 395 594 420 P.
609 403 619 426 3
631 403 655 428 p.
671 400 717 425 ¹57·
809 391 876 417 Rem
890 391 969 425 patris
981 391 1113 418 oblimare

61 432 129 460 Hor.
145 431 226 457 Serm.
242 439 260 462 1,
274 438 299 462 2,
313 432 353 456 62.
771 462 776 466 Ι

59 465 279 502 interpretatione
292 465 475 500 recipiendum
490 465 543 498 est,
563 470 592 491 vt
627 479 673 485 —-
709 467 791 497 patris
805 463 914 489 nomine
927 471 990 489 auus
1005 471 1112 497 quoque

61 501 234 530 demonstrari
263 501 446 536 intelligatur:
483 501 550 535 quod
565 508 684 535 quousque
703 499 788 524 valeat
800 516 809 528 ‚
847 499 885 524 ibi
903 498 1030 534 disputant
1048 499 1112 526 lCu'.

59 540 186 565 Caeterum
200 538 276 563 multo
289 538 366 563 latius
377 544 445 572 patet
460 536 523 562 illud
532 544 625 562 nomen.
685 535 740 561 isid.
761 534 863 561 Paullus
882 534 900 561 l.
915 543 942 560 ιο
961 532 1011 571 §.7
1030 533 1058 561 ff.
1078 532 1111 559 de

60 572 139 601 Grad.
156 581 228 608 quam
240 574 327 598 damus
344 583 400 599 voce
415 569 615 605 MAIORESsub
629 575 792 596 MAGNVS.
882 571 969 596 Patres
986 569 1112 597 maiores-

59 618 110 644 que
123 608 205 635 nostri
225 608 281 636 Cic.
295 608 358 635 Diu.
375 610 451 634 Verr.
465 615 504 640 93.

58 645 90 672 de
102 645 177 671 Orat.
192 653 211 674 ι.
224 650 271 676 183.
310 645 327 670 i.
347 644 461 679 proxima
473 647 571 674 aetate,
601 651 649 667 non
662 643 697 667 ad
707 642 813 668 tritauos
825 650 902 675 vsquc
914 648 1022 671 remota3
1059 649 1112 666 cum

58 681 183 706 interdmn
196 682 268 706 Auos
280 679 371 715 dissue
383 678 513 704 adiiciant.
557 678 583 704 V.
593 687 621 711 g.
642 677 702 703 Liu.
715 685 755 710 39,
772 686 796 708 ις
814 676 927 710 Qioties
941 675 992 703 hoc
1005 681 1111 711 patrum

57 724 223 750 :tuorumque
236 721 318 742 aetate
330 713 466 748 negotium
487 712 523 738 est
542 712 737 747 magistratibus
756 711 861 745 datum,
898 718 942 738 etc.
1039 711 1112 738 Caes.

58 752 86 778 B.
103 752 136 779 G.
150 761 168 783 1,
181 761 213 784 4ο
236 751 342 778 Fadium
357 750 413 776 eius
427 747 510 774 hostis
526 749 674 782 perieulum
687 754 791 782 patrum
805 747 957 774 nostrorum
971 746 1113 780 memoria,

57 796 115 815 cuni
125 804 135 819 ,
156 786 275 814 Cimbris
289 791 315 812 et
328 784 465 812 Teutonis
477 793 492 810 a
507 785 537 810 C.
553 785 641 811 Mario
653 784 744 820 pulsis,
769 791 816 815 etc.

57 823 134 858 Virg.
148 823 247 856 Georg.
257 830 279 852 2,
293 829 337 854 473
363 822 393 846 de
404 827 509 855 veroque
519 827 630 855 parente.
739 819 781 845 Sic
802 817 883 845 Ouid.
898 817 962 845 Met.
976 827 1000 850 4,
1014 820 1041 843 61
1063 817 1112 844 Sed

57 865 164 886 vetuere
178 863 271 892 patres.
311 856 366 882 Vid.
376 857 459 882 Burm.
565 856 729 890 QMetcllus
737 852 924 881 Macedonicus
937 862 998 879 cum
1010 853 1053 880 sex
1068 862 1109 879 re-

44 893 187 929 ‚linqueret
198 891 314 924 liberos,
335 891 457 917 vndccim
471 898 594 926 nepotes,
618 901 699 918 nurus
712 898 777 918 vero
789 897 956 924 generosque
967 894 994 929 et
1006 897 1109 921 omnes,

56 929 102 1031 {qi
123 929 148 955 se
167 928 247 963 patris
266 927 444 962 appellatione
461 927 601 955 salutarent
614 946 622 958 ,
658 925 755 961 viginti
773 930 800 951 et
819 925 916 958 septem
956 925 1023 952 Pltn.
1042 931 1069 959 7,
1088 933 1108 956 3.

59 212 125 252 725

62 294 102 316 tre
115 294 189 316 natus
209 286 279 315 Hor.
293 287 374 314 Serm.
390 297 410 320 1,
425 288 450 319 6,
464 291 501 320 58.

64 990 67 993 .
97 973 109 998 3
145 965 220 991 Pater
229 984 238 997 ,
275 973 358 989 numen
376 964 512 998 religionis.

88 1000 171 1027 stant.
185 1009 208 1035 4,
223 1008 234 1031 3
260 1000 376 1026 Omnem
391 999 492 1034 Derun,
512 999 559 1033 qui
571 997 604 1024 ab
618 997 726 1024 homine
739 996 854 1029 colitur,
878 996 976 1022 necess'e
989 995 1026 1022 est
1039 995 1109 1022 inter

55 1035 192 1066 sollemnes
205 1036 272 1062 ritus
286 1042 311 1061 ct
325 1035 488 1069 precationes
502 1035 604 1060 Patrem
621 1032 785 1067 nuncupari,
806 1040 860 1058 non
874 1038 977 1058 tantum
996 1031 1110 1058 honoris

53 1068 154 1109 pratia,
177 1080 270 1098 verum
283 1071 362 1097 ctiam
376 1069 504 1103 rationis,
522 1076 568 1096 etc.
666 1068 740 1102 Virg.
757 1068 854 1102 Georg.
869 1077 893 1101 2,
907 1079 920 1099 4
962 1068 1022 1094 Huc
1036 1073 1110 1101 pater

53 1108 71 1137 ὂ
84 1109 195 1136 Lenaee.
310 1108 354 1132 Vbi
373 1104 492 1132 Seruius:
512 1105 587 1131 Pater
600 1104 660 1131 licet
672 1104 794 1139 generale
808 1103 837 1130 fit
849 1103 974 1130 omnium
986 1103 1108 1136 deorum,

52 1151 141 1173 tamen
161 1142 270 1178 proprie
289 1141 387 1168 Libero
408 1142 508 1174 semper
536 1140 676 1167 cohaeret:
712 1149 773 1166 natu
792 1139 875 1166 Liber
896 1146 971 1173 pater
989 1144 1107 1166 vocatur.

52 1180 127 1214 Conf.
141 1179 209 1205 Vell.
225 1187 250 1211 2,
263 1184 300 1209 82,
313 1187 337 1211 4.
358 1177 425 1204 Hor.
438 1176 515 1211 Epist.
530 1185 553 1211 2,
567 1186 586 1210 1,
598 1186 619 1207 5·
640 1176 715 1210 Virg.
728 1177 827 1210 Georg.
841 1184 864 1208 2,
876 1184 898 1208 7.
977 1176 1044 1200 Idem
1057 1175 1108 1200 alio

7 1219 9 1222 ’
52 1217 111 1243 loro.
148 1216 223 1242 Pater
233 1213 341 1248 proprie
352 1212 472 1239 oninium
488 1211 600 1239 deorum
613 1212 650 1239 est
663 1211 810 1247 epitheton.
907 1209 1010 1237 Diustm
1025 1217 1108 1245 pater,

51 1258 130 1286 atque
145 1250 285 1278 hominum
297 1257 344 1275 rex
368 1247 442 1282 Virg.
456 1247 522 1275 Aen.
537 1258 556 1282 1,
569 1251 611 1282 69.
703 1248 772 1275 Hor.
787 1246 838 1274 Od.
851 1257 870 1280 1,
882 1256 905 1282 2,
918 1256 949 1277 50
969 1246 1021 1273 Hic
1037 1255 1107 1272 ames

53 1286 107 1316 dici
119 1287 209 1319 Pater,
228 1291 305 1319 atque
319 1284 449 1318 Princeps.
492 1284 547 1311 Via'.
557 1282 665 1319 Maffin.
677 1284 733 1310 vita
745 1285 837 1310 Horat.
852 1292 875 1318 p.
884 1288 933 1314 238.
1006 1282 1107 1308 Huma-

51 1332 99 1350 nae
113 1322 198 1357 gentis
214 1326 303 1356 pater,
327 1320 438 1355 luppiter
457 1320 526 1347 Hor.
542 1320 631 1347 Carni.
646 1330 665 1353 1,
679 1329 713 1353 12,
725 1328 767 1354 49.

50 1367 116 1386 anus
136 1358 210 1391 Virg.
226 1357 324 1390 Geni-g.
339 1366 362 1388 4,
377 1359 426 1387 382.
499 1356 573 1382 Vnus
584 1356 657 1382 enim
664 1356 763 1383 Rerum
776 1359 849 1390 pater
861 1354 897 1381 est
917 1354 1031 1386 Boeth.3
1042 1354 1107 1381 Met.

51 1397 78 1422 6.
163 1394 238 1420 Pater
251 1392 354 1419 Siluane
379 1391 446 1418 Hor.
460 1391 539 1426 Epist.
553 1400 578 1424 2,
592 1401 626 1425 21,
640 1401 676 1418 22.
800 1392 951 1418 Ventorum
971 1390 1040 1417 Hor.
1054 1389 1106 1418 Od.

49 1440 71 1464 ι,
84 1439 106 1463 3,
118 1437 131 1462 3
156 1429 255 1455 Aeolus.
329 1426 460 1454 Gradiuus
475 1433 565 1462 pater,
592 1429 667 1454 Mars
695 1426 770 1461 Virg.
786 1427 850 1455 Aen.
865 1435 887 1460 3,
900 1436 935 1459 35.
1017 1425 1106 1452 Valer.

49 1462 133 1495 Flacc.
148 1474 170 1496 5,
183 1473 233 1496 209
253 1464 284 1490 Et
300 1468 373 1498 pater
388 1468 480 1489 aurato
499 1469 612 1498 quantus
625 1463 692 1489 iacet
703 1462 814 1490 Inachus
828 1469 915 1489 antro.
1024 1463 1111 1495 Pater,

32 1509 93 1539 vpro
106 1503 169 1528 Ioue.
207 1499 284 1535 Virg.
305 1500 405 1533 Georg.
425 1508 442 1526 ι,
455 1504 499 1531 283
533 1499 595 1526 Ter
609 1506 682 1533 pater
702 1498 845 1526 exstinetos
869 1497 974 1525 disiecit
993 1497 1108 1524 fulmine
1126 1503 1153 1526 35

49 1543 162 1566 montes.
236 1536 303 1563 Hor.
318 1535 408 1561 Carni.
422 1543 442 1567 1,
449 1543 471 1569 2,
486 1544 492 1560 1
513 1535 568 1561 Iam
582 1535 641 1561 satis
656 1534 734 1561 terris
747 1534 819 1561 niuis
834 1540 912 1569 atque
926 1534 1000 1560 dirae
1024 1534 1107 1560 Gran-

48 1573 120 1602 dinis
135 1572 205 1599 misit
218 1573 294 1599 Pater
304 1593 313 1606 ,
326 1578 380 1601 stc.
470 1571 584 1605 Magnus
596 1576 685 1605 pater,
704 1570 814 1605 luppiter
834 1570 911 1605 Virg.
930 1573 997 1597 Aen.
1015 1578 1043 1603 4,
1055 1575 1107 1603 238.

50 1609 228 1643 Omnipotens
241 1613 315 1642 pater
337 1605 411 1635 Idem
425 1606 523 1641 Georg.
539 1615 565 1639 2,
578 1616 626 1638 325-
700 1607 822 1633 Summus
852 1605 926 1634 Idem
940 1607 1004 1632 Aen.
1014 1615 1032 1641 1,
1046 1608 1106 1638 669.

49 1646 91 1672 Sic
103 1645 177 1670 etlam
185 1644 275 1678 fluuii,
297 1642 431 1678 speciatitn
445 1643 536 1676 Nilus,
573 1643 600 1668 ob
612 1642 812 1678 ftcunditatem,
856 1641 917 1667 [litii
929 1641 992 1677 sunt
1004 1649 1105 1677 patres:

48 1682 104 1707 vid.
118 1678 266 1713 Brouckhus.
281 1681 314 1704 acl
326 1676 434 1704 Tibull.
450 1687 468 1713 ι,
481 1684 505 1712 8,
517 1687 554 1710 23.

48 1716 118 1742 ‚toris
129 1722 153 1741 ee
165 1714 328 1748 reuerentiaf.
383 1713 452 1740 Hor.
466 1714 548 1740 Serm.
562 1722 584 1746 2,
596 1721 615 1744 1,
630 1722 651 1745 ¹3
689 1712 824 1746 Cupidum
836 1721 910 1746 pater
923 1713 1024 1746 optime
1037 1713 1108 1738 vires

49 1750 192 1779 Deficiunt.
297 1749 371 1776 Idem
384 1749 463 1783 Epist.
474 1757 494 1782 ι,
505 1756 533 1783 7,
547 1756 578 1783 37
597 1748 676 1782 Saepe
691 1747 871 1783 verecundum
886 1747 1010 1781 laudasti,
1035 1748 1105 1774 Rex-

50 1797 102 1823 que
114 1793 239 1822 paterque
275 1785 378 1811 Audisti
392 1792 489 1811 coram.
526 1783 598 1816 Confi
611 1783 694 1809 Plaut.
706 1783 774 1809 Rud.
789 1793 812 1815 4,
827 1789 840 1812 8
850 1789 890 1817 pr.
966 1784 1006 1809 Sic
1023 1783 1052 1807 de
1065 1783 1107 1817 iis,

48 1824 94 1858 qui
105 1829 185 1848 aetate
194 1822 344 1856 praecedunt
357 1820 424 1846 Hor.
436 1818 515 1852 Epist.
529 1828 550 1849 1,
562 1820 588 1852 6,
601 1828 639 1850 54.
674 1818 748 1851 Confi
767 1818 881 1844 Torrent.
894 1818 918 1844 h.
930 1819 949 1844 l.
963 1817 1064 1852 Casauh.
1073 1820 1110 1844 ad

51 1858 169 1891 Theophr.
188 1857 263 1882 Char.
279 1861 306 1889 p.
322 1863 370 1887 125.

46 1898 134 1925 erant,
155 1891 301 1916 liberatores
309 1890 366 1924 suos
377 1894 464 1923 patres
477 1888 648 1924 appellabant:
684 1889 740 1916 vid.
755 1888 813 1915 Val.
825 1890 897 1915 Max.
912 1899 935 1922 5,
945 1898 967 1922 2,
975 1899 997 1921 4.
1036 1891 1105 1915 Dra-

46 1927 117 1956 kenb.
131 1928 167 1953 ad
178 1925 224 1954 Sil.
235 1931 258 1958 8,
272 1933 297 1951 2.
377 1926 452 1951 Pater
464 1925 498 1961 est
510 1932 534 1951 et
546 1925 634 1950 Senior
646 1932 668 1950 et
682 1924 805 1960 Magister
817 1925 844 1950 in
857 1935 884 1950 re
897 1926 1024 1960 qualibet,
1050 1925 1105 1952 vid.

45 1964 133 1992 Barth.
145 1963 181 1988 ud
193 1971 212 1994 3.
248 1960 340 1988 Theb.
353 1961 414 1988 Stat.
428 1970 454 1995 p.
467 1967 516 1991 815.
549 1967 573 1987 et
585 1960 693 1996 Atlans.
706 1966 743 1994 58,
755 1971 775 1993 3.
848 1961 931 1995 Hinc,
962 1961 1105 1996 Philosophi

45 2000 118 2027 etiam
125 1998 204 2034 sellae
210 1996 274 2032 suae
287 1997 395 2023 arctiores
406 2005 430 2023 et
442 1996 577 2032 principes,
596 1996 685 2023 Patres
701 1997 839 2023 vocabant:
874 1997 929 2023 vid.
944 1997 1013 2023 Hor.
1021 1997 1104 2023 Serm.

45 2045 68 2069 1,
82 2044 103 2067 3,
118 2035 159 2061 126
180 2035 210 2060 sle
222 2032 369 2067 Chryssfpo,
395 2038 419 2057 et
433 2032 537 2058 Lucrct.
550 2041 560 2063 3
573 2039 614 2066 pr.
628 2033 657 2058 de
671 2033 784 2066 Epicuro.
820 2045 824 2047 <
840 2032 962 2057 Similiter
974 2033 1004 2057 de
1016 2032 1104 2058 Ennio
1120 2041 1153 2063 50

46 2072 141 2098 Horat.
153 2068 233 2103 Epist.
245 2077 265 2100 1,
280 2078 316 2100 1.),
329 2070 354 2093 o.
374 2074 396 2092 et
410 2068 528 2101 Propert.
542 2076 563 2098 3,
576 2075 600 2098 2,
613 2068 637 2093 6.
657 2067 698 2095 Sic
711 2074 735 2092 et
751 2067 838 2093 Patres
851 2066 984 2093 Ecclesiae.
1057 2067 1102 2092 Pa-

45 2113 87 2134 ter
100 2106 248 2131 Romanus:
286 2103 304 2128 i.
323 2104 472 2136 Imperator.
520 2102 597 2136 Virg.
611 2103 674 2128 Aen.
689 2111 715 2136 9,
727 2111 774 2134 449
801 2102 873 2128 Dum
889 2102 983 2128 domus
1000 2102 1103 2127 Aeneae

46 2138 166 2177 Capitoli
179 2137 319 2165 immobile
333 2138 421 2163 saxum
463 2137 585 2171 Accolet,
611 2137 809 2172 imperiumque
823 2143 896 2172 pater
911 2139 1046 2164 Romanus
1059 2137 1104 2163 ha-

47 2177 130 2206 bebit.
202 2176 241 2201 De
255 2174 362 2208 Augusto
371 2194 380 2206 ‚
400 2173 443 2208 qui
456 2184 469 2200 e
475 2173 583 2207 familia
597 2173 665 2198 Iulia
679 2179 747 2206 erat,
789 2181 862 2207 quam
877 2173 987 2200 domum
1002 2174 1103 2200 Aeneae

47 2219 130 2240 vocat.

14 2256 15 2259 ’
47 2245 235 2276 Theodosium
244 2245 373 2279 scribens,
393 2245 522 2270 Maronem
535 2244 655 2274 imitatus,
667 2243 705 2270 ita
717 2244 796 2276 dicit,
821 2253 847 2271 v.
862 2253 887 2270 21
917 2245 966 2271 Tu
980 2244 1061 2271 modo
1076 2249 1102 2271 te

48 2284 140 2313 iussiss'e
152 2288 222 2318 pater
236 2281 354 2306 Romane
366 2285 511 2306 memento·
615 2279 717 2306 Patriae
730 2285 818 2314 pater,
850 2288 944 2314 parens
961 2280 1101 2313 libertatis,

48 2327 128 2355 atque
140 2316 309 2352 Reipublicae
340 2316 395 2342 Cic.
409 2324 458 2350 pro
471 2314 562 2342 Rabir.
576 2324 612 2347 27.
657 2315 730 2350 Conf.
743 2314 810 2342 Plin.
824 2316 919 2350 Pancg.
931 2325 953 2342 c.
968 2325 992 2343 21
1011 2326 1031 2343 c.
1050 2322 1101 2344 not.

51 2355 117 2391 ΗΜ,
137 2353 234 2389 Causam
248 2352 351 2377 nominis
363 2353 448 2377 reddit
468 2352 526 2378 Scri.
540 2350 573 2377 de
586 2351 672 2378 Clem.
683 2360 703 2387 1,
717 2361 752 2383 ¹4·
845 2354 883 2378 De
895 2352 979 2378 Patris
1000 2353 1100 2387 patriae

51 2392 124 2419 titulo
135 2393 163 2416 in
178 2388 273 2420 amnis,
293 2389 347 2414 vid.
363 2389 453 2422 Spanb.
468 2386 535 2428 Diffi
545 2396 572 2412 ιι
582 2394 607 2422 p.
619 2396 674 2420 445.
700 2388 744 2421 qui
762 2387 838 2414 etiam
856 2390 886 2414 de
900 2388 982 2414 Patris
997 2387 1142 2423 appella-60

52 2427 117 2455 tione
125 2423 245 2458 defundis
260 2424 449 2458 Imperaeoribus
461 2424 557 2449 tributa
570 2424 625 2458 agit
631 2431 658 2458 p.
671 2428 730 2456 448.
802 2425 863 2450 Item
875 2425 905 2449 de
918 2431 991 2458 patre
1007 2424 1102 2451 castro-

52 2472 130 2496 rum,
140 2457 288 2494 exercitus,
306 2466 350 2486 etc.
363 2466 387 2494 p.
401 2467 453 2492 45¹-
531 2459 679 2492 Romulus,
707 2458 767 2494 quia
780 2460 879 2486 Romam
895 2461 1022 2493 condidit,
1058 2467 1101 2495 ap-

49 2493 151 2535 pellatur
160 2503 233 2531 pater
252 2496 324 2522 Flor.
337 2503 361 2528 2,
374 2504 402 2528 4,
413 2504 433 2526 ς.
452 2502 475 2520 et
489 2494 564 2529 Virg.
579 2497 643 2521 Aen.
657 2498 682 2528 6,
696 2501 750 2529 839.
948 2493 969 2534 q
989 2503 1002 2529 ς
1027 2497 1104 2532 Qod

50 2535 136 2566 ΜΗ,
165 2538 249 2558 nomen
262 2532 318 2567 elli-t
329 2532 498 2563 reuerentiae,
524 2531 617 2559 idcirco
628 2532 742 2557 Romulus
759 2538 854 2557 centum
873 2533 1016 2564 Senatores,
1042 2541 1100 2566 quos

47 2571 83 2602 ad
91 2569 253 2603 Reip.rcuram
271 2569 360 2601 elegit,
397 2566 449 2593 siue
470 2566 531 2601 quia
543 2567 705 2593 is-numerus
720 2567 780 2593 satis
791 2573 864 2600 erat,

45 2610 148 2635 eentum
162 2610 251 2634 erant,
270 2603 317 2638 qui
330 2603 362 2629 ad
376 2602 403 2629 id
416 2602 510 2629 idonei
525 2603 620 2636 ess'ent,
640 2604 727 2629 Patres
741 2603 774 2629 ab
786 2602 891 2630 honore
906 2604 1012 2630 vocauit
1037 2603 1098 2630 Liu.

46 2647 107 2674 με,
134 2640 188 2673 siue
205 2640 238 2667 ab
251 2639 343 2666 aetatis
355 2639 396 2665 vel
409 2648 486 2669 curae
500 2638 689 2670 similitudine,
726 2646 756 2665 vt
767 2639 805 2664 ait
819 2639 919 2666 Sallust.
933 2640 1012 2666 Catil.
1033 2649 1056 2666 c.
1074 2642 1098 2666 6.

45 2677 149 2709 Festum,
175 2677 262 2702 Patres
277 2676 413 2712 Senatores
427 2675 489 2701 ideo
504 2675 629 2710 appellati
643 2676 716 2706 suut,
740 2675 804 2710 quia
816 2684 943 2709 agrorum
957 2682 1042 2710 partes
1061 2681 1098 2701 at-

43 2711 198 2740 tribuebant
211 2710 393 2742 tenuioribus‚
411 2719 440 2737 ac
452 2711 546 2738 liberis
560 2711 685 2746 propriis.
722 2711 795 2744 Conf.
810 2711 980 2746 Flor.t,1,15.
1025 2712 1096 2739 Con-

44 2750 109 2776 sulta
123 2754 228 2783 patrum
248 2748 317 2774 Hor.
331 2746 410 2780 Epist.
424 2757 443 2780 1,
456 2749 491 2781 16,
506 2756 539 2777 41.

44 2790 97 2812 tres
110 2783 216 2816 alleffi,
245 2786 320 2809 etiam
338 2783 484 2813 dicebantur
502 2782 576 2810 Festo
592 2783 704 2818 auae‘lore,
741 2783 797 2817 Qii
809 2789 918 2818 propter
930 2783 1050 2819 inopiam
1066 2791 1099 2811 ex

44 2820 164 2855 Equestri
179 2818 274 2846 ordine
286 2818 314 2844 in
328 2818 433 2844 Senatus
446 2819 505 2844 sunt
517 2827 657 2845 numerum
676 2819 788 2846 assumti.
873 2821 940 2846 Vnde
953 2819 1016 2846 illud
1029 2821 1099 2847 Suet.

45 2856 117 2883 Caes.
124 2865 145 2883 c.
154 2861 187 2886 80
207 2854 355 2890 Peregrinis
363 2854 392 2880 in
400 2854 521 2881 Senatum
534 2854 636 2881 alletffis
648 2854 754 2881 libellus
766 2855 913 2891 propostgss
922 2851 972 2889 'eth
993 2865 1026 2883 ne
1039 2856 1100 2891 quis

45 2892 164 2919 Senatori
178 2900 251 2918 nouo
266 2890 366 2917 curiam
385 2889 530 2917 monstrare
544 2890 616 2917 velit.
725 2890 814 2918 Pelliti
825 2898 929 2927 patres,
958 2892 1013 2919 vicl.
1034 2893 1057 2919 h.
1071 2901 1097 2918 v.

44 2928 118 2954 Pater
130 2927 237 2954 vrbium
256 2928 325 2953 Hor.
340 2925 391 2952 Od.
403 2936 426 2959 3,
441 2935 480 2959 24,
493 2934 532 2961 27.

45 2963 101 2990 Cic.
114 2973 163 2998 pro
175 2963 281 2990 Caecin.
295 2969 334 2996 93.
371 2969 393 2988 et
407 2962 438 2988 de
459 2962 533 2989 Orat.
549 2971 568 2996 1,
582 2967 627 2993 ¹81-
866 2965 883 2990 6
919 2965 1027 2990 Satirico
1041 2974 1097 2999 quo-

44 3001 102 3025 dam
116 2999 167 3034 lusu
181 2999 299 3026 Catullus
315 3008 337 3025 21
354 2998 462 3031 Aureli,
480 3004 554 3033 pater
567 2998 743 3025 esuritionum
758 2998 823 3025 Non
855 3008 930 3025 arum
943 2999 1034 3033 modo,
1054 3000 1096 3026 sed

18 3030 29 3059 Ι
45 3041 110 3069 quot
120 3042 164 3061 aut
177 3036 301 3068 fuerunt,
321 3041 366 3061 etc.
439 3035 488 3060 Sed
504 3035 569 3069 quod
584 3034 749 3061 Facetiarum
767 3040 841 3069 pater
860 3035 980 3061 laudatur
999 3045 1029 3062 ex
1047 3036 1096 3062 Ca.

45 3069 128 3104 tullo,
154 3071 301 3106 respicitur,
315 3077 389 3106 puto,
415 3071 451 3096 ad
460 3079 496 3104 ιε,
505 3080 522 3103 9
541 3070 584 3096 vbi
596 3070 708 3107 legitur,
733 3070 775 3098 Est
787 3071 860 3098 enim
871 3071 995 3107 leporum
1007 3071 1095 3098 Diser-

44 3110 84 3132 tus
97 3115 162 3140 puer
177 3116 205 3134 ac
219 3107 383 3133 facetiarum.

78 3148 333 3170 *enrrncvrv
345 3148 378 3175 s,
403 3143 458 3170 vid.
471 3141 525 3178 post
540 3148 692 3170 PATERA.

83 3183 128 3203 PA
136 3183 180 3205 TE
190 3185 208 3205 R
219 3184 236 3205 F
248 3185 271 3205 A
280 3186 305 3205 Μ
314 3186 324 3205 1
334 3186 349 3205 L
360 3187 370 3206 1
379 3185 399 3205 A
412 3185 438 3212 s,
454 3178 652 3213 patrisfamilias
663 3186 686 3204 ct
697 3178 906 3213 patrisfamiliae.
935 3189 970 3206 m.
1001 3180 1097 3213 [οἱκοδε.

48 3213 148 3252 σπὸῖηε]
180 3215 233 3249 Qi
241 3213 377 3249 potestatem
388 3215 459 3241 habet
471 3215 498 3240 in
507 3215 647 3248 familiam.
685 3215 780 3249 Neque
793 3215 880 3241 minus
889 3216 973 3242 bonus
986 3216 1099 3250 paterfa-

47 3248 133 3275 milias
147 3257 223 3282 quam
234 3250 300 3276 einis
317 3251 387 3284 Nep.
401 3259 478 3284 25,13,
496 3260 513 3277 ι.
622 3250 678 3277 Cic.
692 3249 724 3277 de
739 3250 830 3286 Legib.
843 3249 866 3284 2,
880 3257 908 3283 48
926 3253 961 3277 Vt
975 3260 1008 3277 ne
1023 3259 1094 3277 mor-

45 3291 71 3311 te
85 3283 277 3317 patrisfamilias
290 3286 421 3312 sacrormn
436 3286 566 3313 memoria
579 3285 722 3313 occideret.

45 3318 204 3347 terfsmiliae
215 3328 293 3346 verus
309 3320 344 3346 est
357 3321 512 3354 Qtirinalis.
583 3322 777 3350 Paterfamiliae
791 3321 898 3350 inuestis
928 3322 1048 3351 Tertull.
1062 3321 1094 3349 de

10 3376 13 3380 .
45 3356 122 3390 Virg.
136 3354 193 3381 Vel.
207 3364 228 3381 c.
244 3364 272 3380 11.
340 3355 470 3390 Sapientes
482 3359 686 3392 patresfamiliae
709 3358 781 3385 Idem
794 3357 825 3384 de
842 3359 922 3386 Cultu
936 3359 1005 3386 Fem.
1019 3368 1040 3384 c.
1056 3367 1096 3384 20.

45 3391 161 3419 Prudens
173 3396 198 3416 et
211 3395 322 3424 attentus
335 3391 520 3425 paterfamilias
540 3395 596 3421 Cic.
609 3404 659 3429 pro
667 3395 761 3428 Quint.
778 3402 809 3425 ις.
846 3395 919 3430 Conf.
933 3395 1001 3421 Suet.
1010 3394 1097 3429 Calig.

46 3437 70 3455 c.
80 3429 122 3454 26.
165 3426 403 3460 Cz'uemfimplieiter
411 3427 538 3462 fignificat
550 3432 616 3464 apud
626 3431 695 3457 Suet.
711 3430 812 3457 Domit.
826 3439 847 3457 c.
862 3440 905 3469 10,
926 3431 971 3456 vbi
982 3431 1036 3456 vid.
1050 3431 1097 3455 Ca-

39 3462 109 3499 [aab.
122 3471 195 3497 atque
210 3463 324 3488 Torrent-

23 3502 28 3506 “
47 3500 192 3525 Graecorum
207 3498 305 3527 ἰδιώτης.
382 3499 409 3525 V.
418 3507 446 3532 g.
482 3498 551 3525 Sicut
570 3509 636 3527 vnus
654 3501 844 3536 paterfamilias
863 3502 904 3528 his
918 3501 950 3528 de
965 3501 1041 3528 rebus
1058 3502 1095 3528 lo-

46 3543 113 3569 quor
140 3535 195 3561 Cic.
211 3533 242 3560 de
255 3535 329 3560 Orat.
343 3542 351 3559 ι
365 3542 388 3559 c.
402 3541 441 3566 29.
510 3534 697 3573 Qemeunque
711 3537 929 3573 patremfamilias
946 3537 1094 3571 arripuisse-

45 3571 79 3598 tis
93 3579 124 3597 ex
136 3571 226 3605 aliquo
240 3570 342 3596 circulo
374 3569 496 3595 ldemwib.
510 3579 533 3596 c.
547 3579 583 3601 34.
669 3574 807 3599 Flexionem
822 3581 845 3599 et
859 3573 927 3607 vsum
943 3573 1093 3599 Grammati-

5 3604 8 3639 Ι
45 3615 97 3632 cum
108 3608 221 3632 docebunt
233 3605 293 3641 ista.-
330 3605 406 3631 Pauci
419 3605 517 3631 milites
536 3611 671 3640 patresque
689 3609 806 3636 familiae
846 3609 918 3636 Caes.
939 3609 965 3635 Ρι.
987 3608 1017 3635 C.
1031 3617 1043 3633 2
1064 3608 1092 3633 in

41 3642 101 3676 fine.
173 3641 423 3669 Patresfamiliarum
443 3641 547 3667 Sisenna
559 3643 705 3675 apudVarr.
714 3645 814 3678 L.L.7‚
823 3652 858 3676 38.

46 3676 142 3703 verfiae
153 3677 269 3712 patribus
283 3677 447 3704 familiarum
460 3676 651 3711 relinquantur*
662 3679 768 3707 Vitruu.
779 3690 796 3715 ι,
807 3690 824 3708 ι.

86 3718 101 3738 P
111 3719 133 3739 Α
143 3719 165 3739 'r
173 3720 192 3739 R
201 3720 210 3738 1
218 3720 235 3740 c
247 3721 257 3740 1
266 3720 286 3739 V
296 3720 325 3746 S,
353 3713 371 3739 i.
396 3722 431 3739 m-
467 3713 622 3744 [iunargiaqg
630 3732 640 3745 ‚
669 3717 808 3751 πατρίκιος]
845 3716 950 3743 Patricii
959 3738 967 3750 ‚
1000 3715 1091 3741 nobiles

45 3749 163 3781 Romani,
185 3759 201 3774 a
211 3749 301 3784 primis
314 3749 471 3775 Senatoribus
486 3748 596 3774 oriundi.
651 3749 713 3780 Nisi
725 3757 805 3777 tamen
823 3753 899 3777 altim-
913 3752 987 3777 etiam
1007 3751 1092 3785 placet

44 3783 172 3818 ascendere
182 3794 234 3810 cum
246 3785 341 3812 Cincio
355 3785 423 3820 aputl
433 3783 537 3810 Festum
553 3783 575 3808 h.
589 3791 615 3808 v.
648 3784 692 3817 qui
703 3785 756 3818 ait,
788 3796 833 3813 eos
846 3787 878 3813 fic
891 3787 1017 3822 appellari
1033 3785 1093 3812 soli.

44 3824 102 3848 tos,
121 3819 168 3852 qui
180 3828 248 3845 nunc
267 3821 305 3853 (i.
319 3821 401 3846 Cincii
414 3822 513 3850 aetate)
534 3818 644 3853 ingenui
658 3827 792 3847 vocentur.

38 3853 190 3889 fintentiam
206 3857 240 3881 A.
254 3856 405 3892 Augustinus
418 3864 442 3882 et
456 3856 569 3889 Scaliger
582 3863 613 3879 ex
632 3853 693 3881 Liu.
705 3862 743 3888 10,
756 3861 770 3885 8
790 3857 827 3884 En
839 3868 955 3892 vnquam
976 3862 985 3889 (
992 3862 1090 3892 praeta.

43 3889 115 3914 terim
129 3898 279 3924 nunquam,
305 3894 368 3926 quod
379 3892 469 3917 habent
481 3891 583 3926 quidam
597 3889 679 3921 libri)
714 3890 794 3917 fando
806 3893 927 3927 audistis,
964 3892 1089 3928 patricios

44 3924 132 3958 primo
146 3925 193 3951 effe
206 3925 299 3960 faetos,
316 3936 370 3954 non
382 3926 413 3954 de
427 3927 499 3954 caclo
512 3925 642 3955 demissos,
661 3924 705 3951 scd
719 3925 765 3960 qui
779 3933 878 3961 patrem
892 3931 962 3956 ciere
975 3925 1091 3963 ‘possent3

43 3960 71 3986 id
84 3961 136 3993 est,
160 3960 229 3987 nihil
243 3961 325 3995 vltra,
348 3972 427 3998 quam
439 3962 588 3997 ingenuosZ
667 3960 727 3987 Liu.
742 3971 760 3995 ι,
773 3967 787 3991 8
800 3971 864 3990 extr.
890 3965 1020 3991 Romulus
1032 3973 1091 3991 cen.

573 432 594 460 ⁸}
613 437 630 456 2.
664 427 760 455 Iulian.
774 426 792 453 Ι.
808 435 851 453 201
865 427 892 454 ff.
907 426 938 453 de
952 427 983 454 V.
1000 428 1024 454 S.
1045 426 1112 453 Iusta
1135 433 1149 456 5

575 605 709 632 Memoria
723 611 826 640 patrum
840 605 867 632 id
880 607 925 632 vsu
939 605 1012 632 venit
1037 604 1110 631 Idem
1121 617 1150 635 ¹0

923 781 1012 809 Sancti
1025 788 1110 816 patres
1130 792 1155 817 ις

574 964 642 989 Vnde
653 963 703 988 Dii
718 969 814 994 omnes,
840 960 928 986 Patres
948 961 1110 986 rvocabantur.
1119 970 1151 989 20

1128 1146 1156 1169 25
1173 1139 1260 1171 natu,
1280 1140 1361 1167 etiam
1376 1141 1514 1174 patriciam
1529 1141 1624 1169 diuino
1638 1143 1732 1170 fauore
1745 1143 1925 1174 reddidimus3

753 1675 774 1714 ἦ
794 1687 808 1709 4
846 1678 936 1708 Pater,
962 1678 1054 1703 Nomen
1067 1678 1149 1709 Δια-4ο

442 1853 563 1888 Inprimis
583 1856 627 1887 qui
642 1853 772 1888 praesenti
788 1854 876 1878 mortis
895 1855 1006 1888 pericula
1025 1854 1107 1888 erepti
1123 1860 1151 1885 45

218 2210 350 2236 Ausonius
368 2215 428 2234 item
447 2218 475 2234 m
494 2217 546 2234 eam
562 2207 712 2242 sententiam
730 2209 834 2234 videnu-
847 2209 975 2244 accepff’,
1009 2209 1053 2243 qui
1070 2210 1136 2242 ad55

901 2567 954 2594 siue
967 2568 1030 2602 quia
1050 2567 1100 2594 soli
1105 2568 1134 2598 65

613 2747 762 2782 Conscripti
777 2752 879 2782 patres,
899 2748 953 2774 vid.
962 2749 985 2774 h.
993 2757 1020 2775 υ.
1056 2749 1137 2779 Pa-70

607 2927 683 2954 Pater
695 2932 825 2962 patratus,
845 2927 898 2955 vid.
913 2934 983 2955 PAT
992 2935 1047 2961 Ro,
1061 2937 1132 2962 a5.75

828 3287 945 3314 Martial.
963 3297 981 3320 1,
996 3294 1029 3316 80
1050 3287 1130 3318 Pa-85
1159 3291 1235 3314 vunt.

395 3464 441 3488 Ad
452 3463 626 3498 ignorationem
637 3467 773 3493 literarum
787 3465 907 3500 refertar,
929 3467 965 3492 ita
982 3466 1050 3499 fere,
1064 3473 1094 3490 vt
1103 3477 1137 3501 90
1158 3466 1262 3502 dedisti.

929 3646 973 3672 Ne
988 3650 1093 3671 contro·
1109 3655 1139 3682 95
1153 3647 1256 3673 Domus
1276 3644 1357 3672 Ouid.
1367 3645 1430 3671 Met.
1440 3652 1528 3676 1¹‚437-

865 3825 1015 3858 Confirmant
1027 3823 1090 3847 hanc
1100 3827 1146 3845 ¹00
1154 3826 1221 3851 Hor.
1233 3824 1311 3858 Epist.
1325 3832 1346 3855 2,
1357 3831 1387 3861 ⁴2.
1398 3828 1438 3860 50·

43 4001 99 4023 tum
113 4001 183 4024 creat
198 3997 350 4032 Senatores,
375 3999 422 4034 qui
433 3999 520 4027 Patres
533 3998 565 4025 ab
577 3997 698 4030 honore,
727 3997 882 4034 patriciique
896 4001 1035 4036 progenies
1049 4008 1092 4028 eo·
1106 4011 1217 4037 105nus,
1239 4007 1424 4032 maternusque
1444 3998 1500 4025 Cic.
1514 4007 1564 4033 pro
1576 3998 1651 4026 Rosc.
1666 3999 1753 4026 Amer-
1768 4000 1809 4024 66»

1560 196 1836 239 PAT

1175 294 1235 312 rum
1247 286 1379 320 appellat-i.
1457 286 1609 314 Maioribus
1625 286 1744 322 patriciis
1761 292 1837 315 ortus
1858 288 1918 318 Stat.
1933 291 2095 328 Silu.1,.o‚71.
2188 301 2232 326 Pa.

1175 321 1247 348 tricii
1260 321 1483 361 ainiquiffimiquc
1497 324 1567 350 ciues
1588 323 1645 350 Cic.
1659 332 1709 358 pro
1717 323 1824 351 Cae-cin.
1839 333 1886 351 ιοι.
1925 326 1930 331 '
1962 328 2098 358 Minoi-uni
2112 334 2232 367 gentium

1175 357 1280 392 patricii
1299 357 1389 383 Tacit.
1403 361 1471 386 Λιιιι.
1486 368 1517 391 ιι,
1533 367 1571 393 25,
1585 367 1606 386 ε.
1713 361 1770 386 Non
1787 368 1866 386 omne-⁴·
1884 362 2012 388 SCMJOWS
2026 366 2098 391 iidem
2112 371 2214 402 patricii
2227 381 2233 397 ι

1176 400 1257 418 tamen
1271 392 1328 417 iura
1340 394 1502 426 patriciorum
1513 395 1631 430 consa-uti
1644 395 1745 430 quidam
1759 395 1871 431 beneficio
1885 397 2008 432 Cacsaris.
2043 400 2154 429 Tacitus
2163 407 2221 431 Ann

1176 437 1206 468 ιι,
1221 436 1246 457 25
1258 433 1298 462 pr.
1331 427 1427 454 Iisdem
1449 429 1541 469 dicbus
1561 431 1588 458 in
1604 440 1745 458 numerum
1759 431 1933 466 patriciorum
1949 433 2040 459 asciuit
2053 436 2144 464 Caesar
2159 426 2233 467 veui:

1175 462 1308 490 sttffitnum
1324 472 1455 498 quemque
1470 475 1500 492 cx
1513 466 1607 494 Senatu
1616 488 1625 501 ‚
1646 473 1690 493 aut
1704 467 1800 502 quibus
1813 467 1877 494 clari
1889 474 2010 503 parentes
2023 469 2137 498 fucrant.
2194 478 2234 502 De

1174 498 1215 537 bno
1225 507 1315 533 genero
1336 498 1441 525 Sueton.
1455 501 1527 528 Caes.
1541 512 1562 528 e.
1577 511 1611 535 41.
1649 504 1687 528 Ex
1703 504 1745 529 hoc
1752 503 1887 537 fortefuit
1896 510 1972 539 pater
1987 505 2110 538 Traiani,
2142 510 2170 534 de
2189 521 2234 543 quo

1174 533 1244 573 Ptin.
1257 534 1318 560 Pan.
1332 543 1358 575 9,
1370 543 1392 575 .²·
1429 537 1489 561 Item
1507 538 1681 573 Vespaltanus,
1708 540 1738 564 de
1757 548 1802 573 quo
1817 539 1886 566 Tac.
1901 540 1962 574 Agr.
1977 549 2002 574 9.
2073 542 2152 569 Exire
2166 553 2180 570 e
2193 554 2234 578 pa-

1175 574 1276 602 triciis,
1308 570 1373 595 Fun
1390 571 1518 605 plebeium.
1575 573 1631 599 Cic.
1655 583 1704 608 pro
1719 574 1809 601 Domo
1823 584 1848 608 37
1868 575 1898 602 Id
1916 582 2005 603 autem
2018 576 2084 604 scire
2097 585 2122 605 et
2142 579 2235 606 vidi-re

1174 613 1282 636 omnes,
1301 614 1355 631 non
1369 612 1397 632 vt
1411 605 1456 632 illc
1470 607 1539 633 tilius
1553 608 1720 642 instituatur,
1747 610 1788 636 sed
1803 616 1831 636 vt
1846 620 1859 637 e
1874 611 1994 647 patriciis
2010 619 2098 647 exeat,
2127 621 2154 641 vt
2167 615 2235 641 Tri-

1177 639 1261 667 bunus
1275 640 1359 674 plebis
1372 640 1430 667 fleri
1446 642 1532 676 poffit:
1568 643 1669 670 idcirco
1682 644 1822 679 adoptari?
2031 646 2053 687 fl
2074 658 2087 676 2
2126 651 2235 678 Patricii

1174 675 1332 711 Constantini
1344 677 1384 703 M.
1397 676 1508 712 instituto
1522 679 1583 703 dieii
1600 679 1672 712 quast
1686 687 1771 714 patres
1791 681 1935 718 principis,
1972 693 2036 718 quae
2053 685 2165 718 dignitas
2180 687 2235 722 solo

1176 711 1300 746 consulatu
1313 721 1411 744 minor,
1432 714 1512 738 maior
1522 714 1683 748 praefi-‘fura
1701 717 1834 743 Praetorii.
1909 721 1946 744 De
1960 728 2009 754 qua
2028 714 2111 747 omnia
2123 723 2173 750 Iac.
2187 723 2235 748 Ga.

1174 746 1251 779 thesin
1265 749 1300 772 ad
1312 747 1343 773 C.
1358 747 1469 774 Theod.
1485 750 1511 781 6,
1525 751 1542 774 6
1571 749 1602 774 de
1616 750 1792 784 Consulibus,
1820 753 1977 787 Praefectis,
1996 764 2040 782 etc.
2065 756 2094 783 in
2108 757 2233 785 Paratitlo

1175 783 1363 822 et'Commeut.
1429 786 1492 809 ‚Huc
1512 784 1590 818 refir.
1604 786 1682 812 Inscr.
1697 787 1774 814 Grut.
1795 796 1820 822 p.
1837 796 1900 821 ¹051,
1914 795 1938 820 8.
1956 797 1979 816 et
1992 794 2064 825 1076,
2078 802 2099 819 2.
2127 794 2170 819 vbi
2190 802 2235 829 pa-

1174 818 1388 857 tricuniia'emqne
1407 819 1521 846 militiae
1543 820 1683 856 Vtriusque
1704 822 1820 856 magistri
1839 833 1979 852 occurrunt.
2088 829 2129 854 Sic
2142 829 2236 857 Sidon.

1174 853 1291 894 Apolltn.
1306 854 1394 880 Carm.
1411 863 1436 888 2,
1451 864 1484 888 90
1505 856 1642 889 Patricius,
1654 865 1701 884 nec
1715 866 1769 884 non
1782 858 1902 892 equitum
1916 860 2088 897 peditumque
2101 865 2234 899 magister.

1172 889 1315 930 Patricium
1329 895 1409 916 autem
1428 891 1474 925 ‘ff'
1487 892 1560 925 quasi
1571 899 1674 927 patrem
1687 893 1833 928 principis,
1868 902 1919 920 tum
1932 897 1985 922 alia
1997 901 2076 924 malta
2090 901 2234 934 declarans,

1173 925 1246 964 (vul.
1260 934 1287 951 v.
1297 935 1326 960 g.
1347 925 1364 951 l.
1379 936 1393 957 4
1407 926 1467 954 Inst.
1485 926 1582 959 quibus
1595 928 1681 956 modis
1695 929 1780 963 patria
1793 933 1867 964 pot.)
1892 937 1943 956 tum
1954 941 1980 957 eo
1994 933 2093 968 respicit
2137 936 2232 964 Claud,

1172 969 1201 986 in
1215 961 1323 995 Eutrop.
1338 969 1350 987 2
1364 970 1403 996 pr.
1419 971 1450 993 50
1490 963 1613 998 Direptas
1625 964 1690 999 quid
1704 964 1805 1000 plangis
1818 974 1893 1000 opes.
1934 976 1998 1002 quas
2018 976 2092 996 uatus
2108 971 2235 1000 habebit}

1174 996 1239 1023 Non
1252 997 1330 1024 aliter
1346 1002 1450 1032 poteras
1469 998 1596 1034 principis
1609 1000 1658 1026 else
1673 1007 1760 1034 pater:
1804 1009 1827 1027 et
1842 1003 1869 1026 in
1881 1001 1930 1036 ipsis
1942 1004 2006 1029 libro
2018 1013 2044 1031 v.
2056 1011 2088 1039 78
2108 1008 2233 1035 Prae-lidi-

1173 1041 1218 1058 um
1234 1032 1338 1067 legum,
1357 1034 1518 1067 genitorque
1533 1041 1645 1062 vocatur
1659 1036 1806 1072 Principis,
1842 1044 1867 1064 et
1880 1037 2009 1065 famulum
2023 1040 2146 1075 dignatur
2158 1044 2233 1079 regia

1172 1074 1281 1103 patrem.
1392 1068 1516 1096 Sidonius
1532 1071 1619 1106 Apoll.
1634 1081 1657 1102 ς,
1671 1074 1697 1098 16
1724 1073 1834 1099 ordinem
1853 1073 1924 1099 huius
1942 1075 2038 1101 honoris
2047 1079 2149 1111 pulchre
2161 1082 2232 1105 duret

1173 1104 1253 1138 Epist.
1268 1112 1293 1138 ς,
1308 1105 1335 1130 16
1342 1105 1390 1140 fin.
1412 1106 1448 1131 Vt
1460 1105 1523 1132 sicut
1536 1116 1584 1133 nos
1597 1113 1737 1142 Vtramque
1752 1108 1883 1135 familiam
1896 1110 2012 1137 nostram
2026 1113 2233 1145 praefectoriam

1211 1176 1216 1181 .
1404 1176 1408 1181 .
1433 1176 1438 1181 .
1565 1178 1570 1182 .
1591 1179 1596 1182 Π
1963 1145 2000 1172 ita
2012 1147 2058 1182 ipsi
2079 1150 2174 1182 (liberi
2191 1160 2233 1176 no-

1164 1175 1232 1211 stri)
1253 1184 1332 1210 quam
1346 1176 1490 1216 suscipiunt
1503 1183 1659 1212 patriciam,
1679 1179 1777 1206 faciant
1790 1180 1964 1208 consularem.
2036 1184 2076 1209 Sic
2088 1194 2110 1217 2,
2127 1193 2148 1216 13
2176 1187 2233 1219 Qti

1172 1220 1331 1246 quamquam
1344 1220 1372 1237 ιιι
1387 1221 1473 1239 arcent
1487 1214 1708 1250 praefetfmriam,
1736 1215 1892 1249 patriciam,
1921 1217 2138 1253 consularemque
2152 1220 2233 1248 intre-

1171 1246 1248 1282 pidus
1260 1246 1418 1275 ascenderet.

1171 1284 1196 1317 6,
1209 1292 1230 1310 2.

2160 213 2234 261 726

1474 1249 1614 1276 Fui-mutam
1634 1250 1706 1276 huius
1722 1252 1858 1285 dignitatis·
1879 1253 1950 1278 habes
1963 1255 2032 1288 apud
2045 1255 2153 1282 Caffiod.
2168 1257 2234 1283 Var-

1301 1285 1333 1309 Jn
1347 1284 1489 1319 uniuersum
1508 1286 1540 1311 de
1552 1285 1721 1311 Patriciorum
1734 1288 1844 1322 origine,
1878 1289 2016 1322 varietate,
2039 1291 2194 1326 praestantia
2208 1299 2233 1318 et

839 1319 939 1345 Rerum
955 1324 1029 1353 pater
1042 1318 1108 1344 Oce·
1131 1317 1331 1353 301‘uribusfimt
1345 1319 1406 1345 libri
1415 1321 1459 1346 IV
1469 1320 1603 1346 ot‘rauiani
1617 1321 1727 1347 Gentilii
1740 1323 1827 1348 Romae
1841 1327 1906 1356 1736.
1919 1333 1944 1357 4.
1958 1325 2031 1352 editi.

1210 1360 1228 1381 Ρ
1239 1360 1290 1380 AT
1300 1361 1320 1381 R
1329 1361 1338 1380 1
1348 1362 1364 1382 C
1375 1362 1385 1381 1
1396 1362 1417 1380 V
1428 1363 1457 1387 s,
1483 1365 1513 1390 a,
1539 1365 1593 1383 um.
1629 1355 1689 1385 Adi.
1726 1358 1886 1394 [πατρίκιος]
1923 1360 1979 1386 Cic.
1993 1360 2024 1387 ad
2043 1361 2115 1389 Brut.
2128 1362 2207 1397 Epist.
2222 1372 2235 1394 ς

1160 1397 1240 1421 extr.
1267 1390 1338 1416 Dum
1354 1400 1422 1417 vnus
1442 1392 1494 1418 erit
1509 1392 1634 1426 patricius
1652 1392 1835 1427 magistratus,
1873 1396 1987 1430 auspicia
1999 1397 2031 1423 ad
2044 1404 2129 1432 patres
2145 1399 2234 1426 redire

1172 1435 1226 1452 non
1246 1426 1357 1460 poss'unt.
1455 1428 1564 1454 Calceos
1585 1428 1710 1463 patricios
1736 1430 1864 1457 Romulus
1889 1432 1989 1466 reperit
2008 1443 2022 1464 4
2043 1434 2234 1468 corrigiarum,

1172 1463 1303 1503 assutaque
1318 1462 1394 1492 luna,
1431 1462 1448 1489 i.
1470 1465 1540 1489 Nota
1553 1464 1650 1490 numeri
1663 1466 1803 1493 centenarii
1821 1466 1914 1494 Ifidor.
1930 1477 1966 1502 19,
1978 1477 2015 1500 54.
2120 1471 2234 1498 Familia

1172 1498 1228 1524 Cic.
1245 1498 1277 1524 de
1296 1498 1376 1532 Legg.
1391 1507 1414 1538 ξ,
1427 1500 1453 1525 6.
1502 1499 1600 1526 Patere.
1615 1509 1637 1530 2,
1650 1509 1690 1533 59,
1703 1509 1728 1527 2.
1837 1503 1919 1530 Fores
1959 1505 2020 1531 Stat.
2035 1504 2099 1531 Silu-
2114 1516 2137 1539 4,
2151 1513 2174 1538 8,
2187 1509 2233 1534 60.

1171 1535 1266 1560 Honos
1287 1533 1379 1561 Claud.
1393 1542 1422 1560 in
1439 1535 1550 1562 Praefat.
1565 1535 1632 1562 Belli
1646 1536 1705 1563 Get.
1720 1543 1743 1567 8.
1848 1539 1955 1566 Indoles
1976 1540 2038 1567 Stat.
2052 1540 2116 1567 Silu.
2126 1552 2149 1575 4,
2157 1550 2179 1575 5,
2194 1553 2233 1575 44.

1171 1570 1250 1596 Pueri
1269 1570 1351 1596 Plaut.
1368 1571 1443 1604 capt.
1458 1578 1480 1603 ς,
1493 1581 1517 1604 4,
1531 1581 1552 1602 ς.
1658 1572 1739 1599 Vicus
1761 1573 1836 1603 Fest..

1207 1613 1255 1632 ΡΑ
1265 1612 1287 1632 Τ
1298 1613 1317 1632 R
1328 1612 1338 1631 1
1350 1612 1366 1633 c
1377 1612 1386 1631 1
1396 1608 1419 1633 Ᾱ
1428 1613 1449 1633 Τ
1458 1613 1479 1633 v
1489 1613 1502 1632 s
1511 1629 1519 1642 ,
1546 1605 1586 1634 sis.
1615 1616 1651 1634 tn.
1691 1609 1800 1635 Patricii
1812 1610 1935 1645 dignitas.
1975 1612 2080 1640 Sueton.
2097 1613 2164 1648 Aug.
2183 1623 2205 1641 c.
2219 1623 2232 1641 2

1170 1642 1205 1669 Ea
1219 1651 1281 1676 gens
1295 1651 1308 1668 a
1321 1642 1478 1676 Tarquinio
1492 1642 1579 1670 Prisco
1592 1652 1654 1677 rege
1668 1643 1738 1670 inter
1753 1645 1885 1671 Romanas
1901 1652 1990 1680 gentes
2008 1648 2101 1675 allee'ta
2113 1650 2142 1675 in
2156 1650 2233 1676 Sena-

1171 1683 1244 1710 tum,
1269 1687 1332 1704 mox
1345 1686 1360 1703 a
1374 1678 1468 1704 Seruio
1484 1679 1584 1705 Tullio
1596 1679 1624 1704 in
1639 1679 1760 1712 patricias
1775 1680 1910 1713 traduto,
1936 1684 2096 1716 procedente
2111 1691 2233 1719 tempore

1170 1713 1201 1739 ad
1215 1713 1318 1747 plebem
1332 1714 1356 1738 se
1368 1713 1497 1746 contulit,
1527 1723 1555 1740 ac
1567 1714 1656 1740 rursus
1670 1723 1764 1748 inagna
1777 1716 1803 1741 vi
1819 1724 1866 1750 per
1880 1716 1981 1743 Diuum
1996 1719 2095 1745 Iulium
2109 1720 2138 1745 in
2153 1721 2235 1754 patri-

1171 1749 1268 1774 ciatum
1282 1748 1372 1774 rediit.
1572 1747 1594 1786 ff
1614 1758 1627 1775 2
1665 1749 1833 1777 Cantodorus
1846 1752 1909 1778 Var.
1925 1756 1949 1784 6,
1964 1762 1976 1779 2
2004 1754 2107 1781 Nostro
2120 1764 2233 1783 munere

1169 1783 1335 1816 subleuatus,
1354 1783 1507 1818 patriciatus
1520 1784 1625 1810 culmen
1640 1785 1756 1812 ascende.
1841 1786 1996 1814 Patriciatus
2010 1790 2144 1818 columina
2172 1793 2234 1818 Am-

1169 1819 1252 1845 mian.
1261 1819 1432 1853 29,13.÷Conf.
1442 1819 1550 1847 Cassiod.
1559 1820 1637 1854 Epist.
1647 1828 1701 1854 8,9.
1738 1821 1899 1848 Iustinianus
1907 1823 1966 1850 Inst.
1975 1824 1991 1850 l.
2000 1834 2018 1857 4
2026 1825 2131 1858 Quibus
2144 1827 2233 1854 modis

1168 1855 1209 1882 ius
1219 1857 1287 1882 Patr.
1296 1861 1350 1890 pot.
1366 1855 1519 1882 Patriciatus
1529 1856 1642 1890 dignitas
1651 1856 1725 1883 illico
1738 1857 1824 1883 filium
1832 1866 1844 1883 a
1853 1859 1978 1893 potestate
1986 1861 2066 1894 patris
2074 1861 2180 1895 liberat,
2187 1871 2234 1891 etc.

1206 1899 1222 1919 Ρ
1236 1898 1259 1918 Α
1268 1898 1290 1917 Τ
1299 1898 1318 1918 R
1329 1898 1339 1917 1
1350 1897 1367 1918 C
1381 1898 1400 1917 A
1410 1911 1418 1923 ,
1447 1899 1491 1926 pro
1506 1892 1620 1918 Patricia
1634 1893 1719 1927 legunt
1732 1893 1835 1928 quidam
1856 1894 1939 1922 Plaut.
1951 1896 2011 1923 Mil.
2025 1906 2047 1930 3,
2062 1907 2080 1930 1,
2094 1907 2133 1925 101
2154 1899 2233 1927 Tum

1167 1928 1295 1963 patricam
1307 1927 1450 1953 clementer
1463 1936 1516 1954 non
1532 1928 1616 1962 potest
1628 1927 1691 1954 hinc
1705 1928 1771 1962 quin
1784 1938 1932 1957 muncrem.
2004 1934 2035 1958 In
2051 1942 2095 1967 qun
2109 1935 2158 1959 loco
2169 1935 2232 1961 Tur-

1168 1964 1241 1989 nebus
1253 1972 1276 1994 2¹,
1294 1972 1321 1995 29
1343 1964 1445 1989 multum
1459 1963 1565 1991 laborat.
1640 1964 1701 1990 Fere
1712 1964 1919 2000 existimauerim,
1950 1967 2049 2001 inquit,
2088 1969 2231 1998 Patriciam

1168 2000 1353 2025 ememaamlum.
1444 1999 1558 2023 Plebeiae
1577 1999 1641 2024 enim
1662 1999 1776 2024 mulieres
1785 2001 1905 2034 patriciis
1916 2003 2059 2032 rnulieribtts
2072 2005 2137 2030 dana
2155 2007 2230 2032 certis

1167 2034 1250 2059 diebus
1262 2031 1427 2065 missitabant,
1451 2040 1480 2058 vt
1493 2033 1573 2066 plebei
1584 2034 1651 2059 virIs
1665 2034 1796 2068 patriciis.
1880 2045 2008 2071 numquam
2024 2045 2047 2063 et
2066 2039 2167 2066 Patrica
2182 2048 2230 2076 pa-

1167 2069 1245 2093 tricia
1259 2069 1324 2100 erit,
1351 2069 1417 2093 vnde
1430 2075 1454 2094 et
1469 2068 1569 2094 Patrice
1578 2088 1586 2101 ‚
1609 2075 1656 2103 pro
1671 2070 1808 2104 Magmfice
1819 2078 1844 2096 et
1850 2072 1982 2106 splendide
1994 2074 2022 2097 in
2035 2073 2127 2101 Casina
2147 2076 2227 2104 dixit.

1166 2102 1215 2129 Hic
1228 2103 1353 2130 Pan-itam
1367 2103 1433 2136 vidi,
1453 2104 1497 2137 qui
1510 2105 1611 2138 legeret,
1631 2106 1697 2139 quod
1707 2107 1808 2131 vav-[mm
1821 2106 1928 2132 concinit
1940 2107 2025 2143 ‘nessus
2036 2111 2140 2144 modulo,
2152 2121 2229 2146 quum

1166 2139 1268 2165 Patrica
1281 2139 1392 2175 diffimet.
1450 2141 1482 2164 Eo
1496 2147 1578 2165 autem
1591 2140 1687 2166 nomine
1699 2142 1785 2166 veniet
1797 2141 1887 2168 ancilla
1899 2152 1915 2168 a
1922 2150 1998 2178 patre
2009 2146 2085 2170 data:
2118 2155 2148 2173 vt
2160 2149 2227 2173 enim

1165 2178 1248 2200 Am'ta
1262 2175 1399 2209 dicuntur,
1422 2184 1484 2209 quae
1495 2175 1525 2200 ab
1541 2184 1586 2201 auo
1599 2176 1763 2206 obuenerunt,
1775 2176 1815 2209 fic
1829 2178 1940 2212 Patrita,
1961 2188 2022 2214 quae
2034 2190 2051 2207 a
2059 2188 2142 2216 patre.
2179 2184 2230 2210 Sed

1163 2211 1305 2237 Plan-icem
1316 2210 1459 2246 pollex-fere
1472 2217 1593 2246 receptam
1602 2210 1645 2246 est.

1200 2254 1215 2273 Ρ
1225 2253 1247 2272 Α
1259 2252 1281 2273 Τ
1292 2253 1311 2273 R
1321 2253 1330 2272 1
1340 2253 1356 2273 C
1367 2252 1388 2272 A
1402 2253 1418 2272 L
1430 2252 1476 2278 IS,
1497 2255 1519 2272 e.
1558 2246 1620 2273 Adi.
1645 2248 1746 2281 Herba,
1771 2257 1832 2282 quae
1844 2256 1867 2275 et
1882 2249 2016 2284 Sideritis,
2034 2252 2078 2277 vel
2096 2253 2227 2283 Heraclea.

1157 2283 1240 2317 'ApuL
1255 2282 1287 2308 de
1300 2280 1384 2308 Herb.
1400 2291 1421 2308 c.
1436 2289 1476 2314 72.

1200 2325 1215 2344 P
1228 2325 1250 2344 A
1261 2324 1282 2344 T
1291 2324 1311 2344 R
1320 2315 1358 2345 fc
1368 2323 1394 2343 Ε.
1435 2317 1502 2343 Adu.
1540 2317 1670 2353 [τκτρίως]
1706 2319 1779 2345 auore
1791 2320 1915 2354 putrido,
1935 2330 1965 2346 ac
1977 2322 2094 2348 nobiliter
2106 2323 2228 2360 interpre-

1163 2361 1234 2380 tatur
1251 2354 1375 2379 Turnebus
1389 2351 1451 2378 illud
1467 2350 1548 2379 Pl'aut.
1564 2353 1620 2379 Cas.
1634 2364 1656 2387 3,
1668 2356 1693 2387 6,
1706 2365 1720 2388 4
1741 2355 1801 2382 Atat
1819 2356 1885 2382 celso
1899 2357 2049 2392 magnifice,
2063 2359 2229 2396 patriceque,

1163 2390 1301 2423 amiceque
1316 2388 1382 2415 hero
1393 2397 1455 2415 meo
1469 2389 1509 2415 ire
1523 2388 1682 2416 aduorsum?

1201 2433 1216 2452 Ρ
1225 2432 1247 2452 Α
1256 2431 1277 2451 T
1286 2432 1305 2451 R
1316 2432 1325 2451 1
1336 2430 1353 2451 c
1364 2431 1385 2449 v
1397 2431 1411 2451 s
1423 2445 1430 2458 ‚
1447 2426 1501 2451 vid.
1514 2426 1565 2461 post
1578 2428 1606 2450 in
1614 2426 1661 2460 suo
1673 2426 1732 2458 loco,
1753 2434 1783 2452 vt
1795 2433 1819 2452 et
1836 2433 1940 2454 PATRI
1948 2435 1984 2462 A,
2006 2435 2163 2462 rzvrmvs,
2181 2439 2227 2460 etc.

1204 2469 1220 2488 P
1234 2468 1256 2488 A
1266 2468 1287 2488 Τ
1297 2467 1315 2487 R
1325 2462 1340 2487 s
1352 2467 1374 2487 T
1385 2468 1407 2487 V
1417 2468 1446 2494 S,
1465 2470 1478 2487 a
1487 2481 1495 2494 ,
1522 2470 1577 2488 um.
1614 2461 1673 2488 Adi.
1712 2461 1868 2498 [πατρώιος]
1905 2465 1982 2499 Qod
1990 2465 2022 2500 est
2032 2467 2131 2500 patris:
2160 2467 2228 2501 sicin

1162 2498 1263 2524 Auitus.
1320 2498 1396 2533 Qod
1407 2496 1440 2532 esl
1454 2496 1503 2522 auf.
1534 2496 1598 2532 sunt
1608 2500 1674 2523 enim
1687 2504 1807 2532 tanquam
1819 2498 1953 2534 pfflffiua-
1992 2501 2048 2527 Cic.
2065 2502 2147 2529 Tusc.
2164 2512 2183 2536 ι,
2198 2511 2228 2537 45

1163 2543 1185 2560 c.
1202 2542 1229 2567 19
1252 2533 1377 2559 Patritam
1392 2540 1418 2560 et
1431 2533 1545 2565 auitam,
1577 2538 1606 2560 vt
1619 2533 1657 2560 ait
1671 2533 1894 2568 Theophrastus,
1927 2535 2125 2572 philosophiam
2138 2539 2230 2574 cogni-

1162 2569 1245 2596 tionis
1258 2568 1400 2604 cupiditate
1418 2569 1545 2595 inclusam
1557 2568 1679 2596 excitant.
1752 2570 1794 2596 Sic
1808 2571 1872 2597 rec‘Ze
1880 2578 1926 2607 pro
1940 2572 2055 2599 Patriam
2073 2577 2228 2601 ezmndatum

1162 2616 1192 2632 ex
1205 2605 1278 2631 Non.
1291 2614 1313 2637 2,
1327 2614 1370 2637 703
1407 2604 1452 2640 qui
1464 2605 1538 2630 etiam
1552 2605 1641 2631 laudat
1654 2606 1784 2632 Varronis
1798 2605 1844 2642 ista
1850 2615 1861 2641 ,¹
1888 2608 1991 2635 Funere
2009 2608 2137 2636 familiari
2155 2619 2227 2637 corn-

1162 2647 1237 2668 moto
1255 2641 1329 2667 auito
1341 2649 1369 2667 ac
1382 2640 1478 2675 patrito
1493 2649 1568 2667 more
1587 2641 1767 2675 precabamur.
1808 2644 1849 2676 Et,
1869 2643 2017 2670 Secundum
2031 2645 2099 2678 leges
2112 2645 2227 2673 habitas-

1162 2677 1199 2713 set
1213 2677 1332 2712 partitas.
1405 2676 1501 2703 Patrita
1514 2676 1619 2710 ancilla,
1639 2678 1712 2714 Qat-
1724 2688 1741 2703 a
1751 2684 1827 2713 patre
1838 2680 1902 2704 data
1914 2679 1946 2714 est
1967 2681 2114 2708 Plaut.Mil.
2124 2690 2225 2717 3‚i‚100.

1201 2719 1375 2741 PATRITE.
1394 2712 1462 2740 Adu.
1491 2714 1533 2739 Ita
1549 2713 1750 2750 legitPareus-jn
1759 2714 1840 2741 Plaut.
1855 2714 1939 2742 Calin.
1954 2724 1976 2748 3,
1984 2717 2042 2748 6,4.
2061 2717 2227 2746 ‹zaran-ite.

1197 2750 1437 2781 PATRfMVS,
1457 2748 1476 2774 i.
1502 2757 1537 2783 tn.
1558 2749 1602 2774 vel
1621 2751 1844 2783 PATRiMA‚
1864 2759 1902 2777 ae.
1922 2750 1942 2777 f.
1981 2752 2164 2788 ,inelquae
2178 2755 2225 2780 ad-

1161 2786 1207 2813 buc
1222 2786 1345 2812 ‘uiuentem
1355 2791 1451 2820 patrem
1465 2785 1545 2812 habet.
1602 2785 1659 2810 Non
1670 2792 1751 2812 autem
1758 2786 1911 2820 fimpliciter
1923 2795 2002 2812 omnes
2016 2787 2168 2815 vocabantur
2180 2797 2225 2824 pa.

1161 2821 1237 2848 trimi
1251 2827 1277 2848 et
1290 2820 1408 2848 matrimi
1429 2820 1489 2854 (Gr.
1502 2821 1656 2854 ἀμφιθαλεῖς)
1676 2830 1777 2856 quorum
1787 2827 1902 2856 parentes
1915 2829 1987 2848 erant
1994 2821 2155 2857 supetstites:
2175 2825 2228 2860 sed

1154 2857 1186 2891 fi
1199 2859 1255 2883 nati
1268 2857 1343 2891 effint
1355 2866 1386 2882 ex
1404 2856 1498 2892 nuptiis
1507 2856 1692 2890 confarreatis,
1731 2858 1798 2891 quod
1806 2863 1887 2882 monet
1900 2857 1973 2883 Seru.
1989 2858 2024 2882 ad
2037 2859 2136 2894 Georg.
2153 2869 2171 2894 ι,
2189 2869 2223 2892 3¹·

1161 2894 1233 2927 Conf.
1252 2894 1321 2920 Tac.
1339 2893 1406 2919 Ann.
1427 2903 1451 2924 4,
1471 2894 1507 2924 16,
1527 2900 1548 2918 2.
1645 2891 1713 2918 Gell.
1730 2901 1748 2924 1,
1763 2900 1790 2918 21
1824 2893 1855 2918 de
1874 2892 1964 2928 Vestali
1976 2893 2077 2929 virgine
2091 2896 2223 2930 capienda,
2243 2894 2245 2897 ’

1160 2930 1225 2956 Item
1239 2938 1306 2963 quae
1320 2937 1375 2955 non
1393 2928 1422 2954 fit
1437 2928 1549 2961 patrima
1564 2933 1607 2954 aut
1627 2927 1759 2954 matrinia.
1842 2927 1903 2955 Liu.
1917 2938 1975 2962 37,3
1995 2929 2104 2956 Patrimi
2118 2939 2222 2964 omnes,

1160 2965 1332 2999 matrimique
1344 2963 1376 2990 ad
1390 2963 1418 2990 id
1432 2962 1587 2990 sacrificium
1600 2962 1724 2989 adhibiti.
1752 2964 1812 2989 add.
1829 2962 1945 2998 Obsequ.
1962 2974 1984 2991 c.
1999 2975 2025 2995 55
2040 2973 2063 2991 et
2078 2975 2131 2992 100.
2177 2966 2222 2992 Pa-

1159 3007 1199 3027 ter
1214 3001 1341 3035 patrimus
1355 2998 1491 3026 dicebatur
1504 2998 1574 3034 apud
1587 2999 1727 3032 antiquos,
1761 2999 1818 3032 Qu
1832 3008 1915 3034 quum
1930 3000 1983 3026 iam
1998 3001 2051 3035 ipse
2063 3008 2136 3034 pater
2150 3002 2221 3032 effet,

1159 3036 1271 3063 habebat
1286 3035 1366 3062 etiam
1379 3041 1434 3061 tum
1449 3041 1560 3069 patrem.
1604 3033 1700 3061 Festus.
1757 3035 1868 3062 Patrimi
1883 3044 1908 3062 et
1921 3037 2038 3062 matrimi
2053 3036 2129 3070 pueri
2145 3046 2220 3070 prae-

1159 3072 1250 3099 textati
1265 3078 1316 3098 tres
1330 3071 1475 3097 nubentem
1495 3069 1642 3103 deducunt,
1663 3079 1746 3101 vnus,
1778 3071 1824 3105 qui
1836 3071 1920 3098 facem
1933 3072 2048 3105 praefert
2061 3080 2092 3097 ex
2105 3072 2168 3106 pinu
2182 3073 2219 3099 al-

1102 3111 1136 3136 80
1159 3109 1208 3141 ba,
1229 3107 1292 3143 quia
1305 3106 1387 3133 ιιοᾶιι
1399 3105 1549 3139 nubebant,
1568 3106 1638 3139 duo,
1659 3107 1706 3140 qui
1719 3112 1810 3133 tenent
1824 3107 1976 3133 nubentem.
2013 3107 2117 3133 Paullus
2131 3114 2156 3134 et
2170 3108 2219 3134 Fe.

1158 3144 1219 3170 stus.
1326 3143 1440 3169 Patrima
1454 3142 1534 3176 virgo
1550 3143 1672 3168 Minerua
1683 3143 1779 3168 dii-itur
1800 3142 1894 3169 Catull.
1903 3151 1923 3174 1,
1935 3151 1960 3175 9.
2004 3143 2050 3167 Vbi
2064 3143 2117 3169 vid.
2126 3144 2218 3178 Sculig,

1154 3188 1181 3216 p.
1197 3190 1220 3213 7.
1287 3178 1349 3213 Voffi
1363 3179 1425 3212 legit
1438 3178 1530 3205 Pati-oa
1550 3187 1612 3206 v.v.
1684 3177 1776 3204 Tacit.
1786 3178 1852 3211 Hist,
1861 3186 1951 3211 4‚53,3
1969 3177 2093 3212 Virgines
2109 3178 2218 3206 vestales
2238 3180 2242 3181 ⁷

1158 3225 1218 3241 cum
1233 3214 1322 3250 pueris
1336 3213 1484 3249 puellisque
1499 3214 1620 3248 patrimis
1633 3214 1825 3246 matrimisque.

1196 3259 1211 3278 P
1220 3258 1241 3277 A
1252 3257 1275 3277 ‘r
1287 3257 1304 3277 R
1316 3257 1326 3276 ι
1335 3258 1361 3277 Μ
1372 3256 1388 3276 Ε
1400 3256 1413 3275 s
1437 3256 1461 3275 et
1487 3256 1684 3284 MATRJMES,
1723 3248 1817 3283 quibus
1833 3254 1917 3283 patres
1930 3253 1955 3274 et
1971 3254 2066 3276 matres
2080 3249 2165 3277 adhuc
2177 3251 2218 3278 vi·
2234 3283 2239 3286 ¹

1272 3286 1337 3313 Fest.
1350 3287 1378 3311 in
1392 3285 1539 3314 Matrimes.

1195 3329 1210 3349 P
1220 3329 1242 3349 A
1253 3329 1274 3349 T
1286 3330 1306 3350 R
1317 3329 1328 3349 1
1339 3329 1362 3349 Ν
1372 3328 1392 3346 V
1402 3328 1431 3352 S,
1451 3321 1468 3348 i.
1489 3331 1524 3348 ιιι.
1564 3322 1619 3358 Qi
1626 3321 1730 3355 spondet
1739 3327 1785 3355 pro
1796 3319 1896 3351 infante
1908 3320 1935 3345 in
1949 3320 2072 3356 baptismo.
2108 3321 2217 3350 Cathol.

1194 3366 1211 3386 P
1220 3365 1243 3385 A
1252 3366 1273 3386 T
1284 3365 1300 3385 E
1311 3365 1330 3385 R
1340 3366 1362 3385 N
1374 3364 1394 3384 V
1404 3364 1417 3384 S
1426 3378 1434 3390 ,
1454 3366 1467 3384 a
1476 3378 1484 3390 ,
1505 3367 1559 3384 tun.
1599 3356 1658 3383 Atli.
1698 3354 1831 3390 [πκτςῶσς]
1867 3357 1942 3391 Qud
1952 3356 1984 3391 ‹st
1993 3358 2077 3391 patris
2091 3360 2161 3384 vela
2172 3365 2217 3393 pa·
2233 3357 2237 3362 ⁸

1159 3403 1214 3428 tre,
1231 3395 1392 3430 patribusue,
1414 3401 1461 3428 aut
1471 3394 1558 3428 patria
1571 3394 1637 3419 adeo.
1676 3392 1800 3417 Paternus
1814 3391 1912 3417 amicus
1934 3391 2031 3418 Anton.
2044 3392 2075 3419 ad
2089 3393 2145 3420 Cic.
2160 3396 2215 3422 Att.

1314 3431 1384 3457 Ter.
1397 3429 1507 3464 Adelph.
1531 3439 1551 3463 3,
1573 3438 1595 3460 4,
1610 3437 1623 3459 4
1655 3428 1679 3454 O
1694 3426 1837 3459 Aeschine,
1856 3426 1900 3460 pol
1914 3426 1983 3454 haud
1997 3435 2136 3462 paternum
2149 3429 2215 3458 istuc

1160 3441 1183 3462 14
1209 3440 1239 3457 ι’.

1187 3452 1194 3464 ’
1220 3449 1229 3463 ³
1339 3466 1384 3493 Vbi
1405 3465 1541 3497 Donatus,
1561 3465 1718 3495 Paternum,
1739 3461 1807 3488 deest
1822 3462 1946 3489 Facinus:
1981 3470 2006 3490 et
2019 3464 2137 3499 Dedisti,
2164 3475 2215 3500 pro

1156 3502 1258 3529 Fecisti.
1360 3500 1478 3529 'Animus
1492 3507 1613 3535 paternus
1645 3500 1711 3526 Hor.
1726 3498 1813 3524 Carni.
1827 3508 1847 3530 ς,
1864 3508 1886 3531 2,
1900 3501 1923 3524 6.
2030 3501 2102 3526 Auus
2140 3501 2215 3530 Idem

1155 3539 1238 3565 Serm.
1253 3547 1273 3570 1,
1286 3539 1312 3571 6,
1326 3547 1346 3570 3.
1418 3537 1555 3563 Bonorum
1574 3541 1746 3570 paternorum
1766 3533 1874 3560 exheres
1893 3534 1964 3562 silius
1988 3535 2043 3562 Cic.
2057 3535 2089 3562 de
2103 3537 2178 3564 Orat.
2194 3547 2214 3571 r,

1157 3584 1195 3607 ¹75
1208 3584 1230 3601 c.
1244 3580 1280 3606 38.
1389 3573 1469 3599 Casus
1490 3571 1566 3598 Prisc.
1580 3580 1592 3604 ς
1605 3580 1630 3605 p.
1644 3573 1692 3603 670
1728 3570 1746 3594 i.
1774 3570 1913 3596 Gcnitiuus.
2000 3572 2099 3598 Census
2115 3581 2213 3607 augere

1154 3616 1278 3644 paternos
1306 3608 1387 3636 Ouid.
1405 3610 1496 3635 Amor.
1514 3618 1530 3641 1,
1546 3617 1582 3640 ιο,
1596 3614 1633 3639 41.
1739 3605 1897 3639 cognomen
1924 3606 1989 3633 Hor.
2003 3606 2082 3642 Epist.
2098 3618 2116 3641 1,
2135 3617 2168 3641 13,
2186 3618 2213 3642 9.

1608 3639 1737 3667 Fluminis
1751 3642 1854 3675 paterni
1869 3641 1941 3676 ripae
1961 3643 2026 3669 Hor.
2038 3643 2113 3678 epist.
2124 3653 2142 3677 1,
2150 3653 2213 3676 20‚5

1153 3682 1171 3708 i.
1191 3682 1287 3717 patrii,
1308 3680 1420 3715 Etrusci,
1441 3680 1506 3704 vnde
1518 3679 1657 3704 Maecenas.
1765 3676 1904 3703 Hereditas
1925 3678 1980 3705 Cic.
1995 3678 2027 3705 de
2042 3680 2116 3706 Orat.
2130 3688 2149 3714 1,
2163 3688 2210 3712 175.

1154 3718 1252 3744 Honor
1289 3716 1363 3744 Idem
1379 3717 1455 3740 Verr.
1469 3724 1488 3746 3.
1598 3711 1670 3738 Idem
1683 3711 1761 3738 Acad.
1775 3723 1798 3744 4,
1812 3722 1818 3738 ι
1858 3713 1893 3739 Vt
1905 3713 2048 3740 admodum
2062 3715 2211 3741 adolescens

1154 3763 1214 3780 cum
1228 3753 1308 3779 fratre
1322 3750 1378 3786 pari
1392 3751 1486 3784 pietate
1504 3748 1528 3774 et
1540 3746 1667 3774 industria
1681 3747 1817 3782 praedit0‚
1855 3755 1972 3783 paternas
1987 3751 2144 3776 Inimicitias
2158 3759 2210 3776 ma-

1153 3798 1203 3823 gna
1216 3798 1276 3815 cum
1291 3787 1375 3820 gloria
1388 3786 1424 3811 est
1438 3785 1585 3820 persecutus
1595 3801 1603 3814 ,
1627 3790 1672 3810 etc.
1774 3784 1854 3810 -Laris
1873 3791 1899 3811 et
1919 3785 1996 3812 fundi
2010 3786 2110 3820 paterni
2132 3786 2209 3818 inops

1530 3818 1697 3846 Necessitudo
1729 3819 1784 3846 Cic.
1799 3820 1849 3846 Att.
1865 3824 1900 3853 16,
1916 3824 1951 3848 16.
2045 3819 2208 3847 Necessitudo

1153 3868 1260 3895 paterna
1273 3867 1298 3885 et
1312 3863 1429 3884 amicitia
1450 3855 1523 3882 Idem
1531 3855 1602 3882 Fam.
1615 3864 1649 3889 ις,
1662 3864 1689 3887 4.
1763 3855 1888 3882 Nominis
1902 3858 2005 3891 paterni
2022 3857 2080 3883 satis
2091 3854 2208 3887 amplum

1152 3895 1343 3931 patrimonium
1362 3891 1453 3919 liberis
1473 3890 1525 3916 suis
1539 3890 1690 3925 relinquere
1729 3890 1801 3917 Idem
1815 3900 1865 3925 pro
1880 3892 1967 3919 Domo
1985 3902 2030 3924 ¹47-
2136 3890 2207 3921 Opes

1153 3932 1234 3958 Ouid.
1249 3939 1280 3957 ex
1294 3931 1370 3956 Pont.
1390 3938 1415 3959 4,
1436 3935 1468 3959 ις,
1484 3935 1513 3958 ¹3·
1622 3925 1709 3953 Rebus
1726 3927 1850 3953 maternis
1865 3934 1942 3962 atque
1956 3926 2069 3962 paternis
2083 3924 2206 3963 absumtis

1154 3967 1220 3993 Hor.
1235 3965 1312 4001 Epist.
1326 3974 1343 3993 i.
1358 3971 1391 3995 ις,
1407 3964 1446 3988 26.
1556 3963 1610 3989 Rus
1630 3961 1704 3989 Idem
1717 3961 1753 3988 ib.
1772 3972 1790 3995 ι,
1806 3968 1839 3995 13,
1853 3966 1896 3989 60.
2005 3963 2110 3993 Sanguis
2122 3965 2206 3992 pater-

1882 3998 1958 4024 Scdes
1976 3997 2049 4030 Virg.
2059 3997 2122 4020 Aen.
2134 4003 2160 4025 11,
2169 4004 2205 4025 44.

1310 4036 1330 4061 Y
1344 4043 1359 4067 y
1386 4043 1401 4066 y
1414 4043 1429 4065 y
1457 4041 1472 4061 2
2113 4029 2205 4055 Terra
