2517 4231
11 3587 13 3589 .
0 3359 16 3556 *anama-qa«
1 3314 12 3342 ρ,

60 183 137 226 4⁷⁷
472 168 698 210 Nox
1582 165 1803 207 Nvss
2147 176 2225 219 478

55 251 69 259 “
99 267 123 288 N
134 265 180 288 oc
190 265 214 288 ¹1·
227 265 259 287 is
269 265 289 286 v
298 265 318 287 lt
329 264 350 287 G
360 265 399 286 lv
408 264 435 286 M
445 279 454 294 ,
472 258 491 286 i.
510 269 539 287 n.
580 261 631 286 Vox
642 259 705 294 filla.
715 257 805 285 Lasine
816 254 1111 292 proNyetegrenaax-*e-
1171 262 1278 291 oportet
1290 258 1339 284 ess'e
1351 256 1447 285 noxiae
1459 256 1604 284 fideiussori
1613 277 1622 290 ,
1651 256 1669 284 fi
1682 256 1735 292 ipse
1748 255 1865 295 pepercit
1879 256 1973 290 pudori
1989 258 2042 285 Γιιο,
2126 258 2225 285 Noxiis

61 297 101 326 sto
111 298 138 322 in
151 296 268 331 Egretus.
1171 301 1282 320 vacuum
1297 294 1345 319 css'e
1369 293 1448 320 Plaut.
1462 294 1544 320 Μυῖα.
1561 300 1583 327 ς,
1601 303 1625 325 4,
1639 301 1672 324 23·
1745 291 1890 318 Remittcrc
1912 302 2018 320 noxiam
2046 294 2126 321 Plane.
2145 294 2224 320 Most.

96 338 147 360 No
159 329 370 364 c‘r1vi'nvs,
389 339 420 366 a,
440 339 496 358 um.
532 330 592 358 Adi.
613 329 692 357 Not‘lu
705 327 802 354 videns.
822 327 902 354 Mart.
918 327 1016 362 Capell.
1029 330 1055 355 6.
1069 335 1112 363 pr.
1173 338 1197 360 5,
1211 337 1234 358 2,
1247 336 1289 360 47.
1325 330 1392 356 Tu:
1408 330 1473 356 Ειιιι.
1489 339 1511 360 ς,
1527 338 1549 361 2,
1566 337 1578 361 3
1634 329 1721 355 Vnam
1734 327 1800 354 hanc
1816 327 1923 352 noxiam
1936 329 2025 354 mitte:
2055 330 2072 356 ss
2087 330 2164 356 aliam
2180 339 2225 355 vn-

63 367 211 397 Noffiiuida
225 367 292 400 ales,
313 366 419 394 ιιοξὶιιει,
1174 371 1253 398 quam
1273 363 1352 390 vllam
1373 365 1520 398 admisero,
1546 364 1671 391 occidito.
1744 363 1851 398 leian.
1876 362 1893 388 l.
1915 371 1921 387 ι
1942 360 2005 398 §.u
2032 365 2058 391 Si
2079 365 2226 399 quadrupes

99 411 121 430 N
133 410 154 431 o
165 409 214 431 C‘r
224 399 369 429 VV1G1⁹L
379 410 399 429 v
410 409 439 436 S,
457 411 487 436 a,
507 411 561 429 um.
596 399 656 428 Adi.
693 398 775 426 Plaut.
788 398 866 426 Cure.
881 408 899 432 ι,
913 408 934 433 3,
947 409 980 432 40
1009 398 1114 427 Νοέἲιι-
1134 399 1149 426 5
1174 397 1356 431 Quamobrem
1375 409 1435 426 eum
1450 400 1489 426 ibi
1505 407 1548 427 aut
1563 400 1671 427 noxiam
1685 398 1796 432 sarcire,
1815 404 1859 425 aut
1875 406 1974 424 noxam
1986 397 2082 425 dedere
2095 408 2226 434 oportere.

61 439 172 475 vigilam
185 440 316 465 Venerem
332 438 416 474 dixit,
435 440 494 473 qm'a
503 436 640 473 pet-uigilia
657 436 736 461 Venus
746 441 822 460 amat.
1213 439 1236 459 N
1247 439 1266 459 O
1277 441 1293 459 x
1306 436 1340 461 ιιῑ
1352 441 1368 460 L
1382 442 1412 461 is
1422 456 1430 468 ‚
1449 446 1472 462 c.
1489 436 1548 463 Adi.
1586 436 1708 462 Prudent.
1722 435 1844 462 Cathem.
1859 443 1884 468 9,
1899 438 1922 463 ¹8
1944 434 1996 460 Lex
2012 434 2133 460 noxialis.
2154 436 2226 462 ldem

90 481 123 508 ,N
135 481 156 502 ο
168 480 231 508 ΧΑ,
252 482 290 500 ae.
317 473 337 500 f.
357 474 471 508 [βλάβῃ
489 471 572 506 ποινή]
606 481 622 496 a
635 470 748 503 nocendo,
767 469 799 505 est
811 471 854 496 vel
867 471 929 496 allio
942 469 1114 505 nocenssllac-
1173 469 1273 501 hymno
1289 470 1413 496 Mamerti
1441 481 1466 497 v.
1481 480 1493 503 ς
1531 472 1647 504 Quando
1661 471 1734 506 pomi
1751 470 1865 498 noxialis
1878 475 1965 496 morte
1979 469 2068 495 morsu
2082 471 2192 497 corruit.

56 511 110 546 fio,
129 511 156 536 in
163 509 244 546 specie
255 516 397 545 peccatum,
417 518 462 545 quo
476 509 518 534 vel
528 506 591 539 alii,
611 506 654 532 vel
667 505 716 539 ipsi
721 506 836 540 peccanti
847 514 960 532 nocetur:
983 507 1026 531 vel
1036 512 1114 539 poena
1211 510 1235 530 N
1248 512 1266 530 ο
1276 511 1293 530 x
1304 511 1313 531 1
1325 511 1339 530 li
1350 510 1371 530 T
1382 512 1404 532 Α
1414 512 1427 531 s
1436 527 1443 538 ,
1465 507 1520 532 atis.
1544 507 1561 533 l'.
1598 508 1682 533 Noxia
1695 527 1704 540 ,
1722 507 1835 532 delirium
1848 505 1879 532 T
1881 504 1967 531 ertull.
1976 505 2053 539 Apol.
2067 513 2088 530 c.
2100 513 2123 530 2.

63 545 162 574 delini.-
197 555 270 580 quam
290 553 420 580 curamque
434 544 551 571 notionem
562 542 635 567 etiam
646 540 734 568 Festus
746 542 842 574 docuit,
861 543 929 576 apud
939 550 1008 576 quem
1020 539 1113 568 Accius
1211 546 1259 566 No
1270 547 1306 566 xx
1321 547 1340 566 v
1351 546 1381 573 s,
1399 549 1428 573 a,
1448 550 1502 567 um.
1524 542 1584 568 Adi.
1621 541 1766 576 [xnmffo'ffi
1793 539 1927 575 βλαβερὰ]
1963 541 2076 572 Nocens,
2105 547 2129 565 et
2147 541 2228 566 crimi.

64 581 230 616 Menalippa,
250 580 296 608 Te
309 581 357 608 ess'e
368 581 430 607 huic
442 586 526 606 noxae
539 576 695 604 obnoxium.
748 577 815 604 Item
828 586 912 612 quum
926 578 966 604 lex
979 575 1052 602 iubet
1066 582 1112 600 no·
1127 577 1156 595 ¹0
1172 578 1214 615 nis
1227 582 1368 615 coznpeftm.
1418 577 1526 615 ,5⁸¹h'st:
1542 579 1597 611 lug.
1610 586 1668 616 ‘13'
1685 585 1751 604 extr.
1808 578 1884 611 Qiae
1898 575 1945 616 nili
1960 575 2071 611 quaefita
2090 582 2166 615 erunt
2177 596 2184 607 ,
2204 584 2228 615 et

62 625 110 644 xae
122 617 237 650 dedere,
256 625 305 651 pro
318 622 422 651 peccato
437 613 497 641 dedi
510 613 592 640 iubet.
630 613 753 638 liallenus
768 612 833 640 rest.
877 614 954 649 Qod
965 618 1043 636 autem
1057 609 1113 636 No-
1174 610 1222 637 nisi
1238 611 1402 638 vindicatum
1417 620 1445 637 ιιι
1462 620 1574 647 noxios,
1593 613 1657 646 quid
1670 613 1722 639 erit
1739 613 1889 648 reliquum?
1911 612 1972 638 Lm.
1985 620 2007 644 5,
2022 620 2041 637 ιι
2085 612 2139 644 Qu
2156 620 2229 637 noxii

44 654 123 680 ‘utam
136 660 160 679 et
173 652 292 680 Noxiam
305 653 402 687 quidam
415 649 569 684 distinguunt
605 651 648 681 (v.
663 658 687 682 g.
710 648 811 675 Fronto
825 657 849 683 p.
865 649 923 680 2196
957 646 1036 673 Noxa
1051 653 1114 679 poe·
1172 645 1268 679 ambo,
1284 647 1349 673 alter
1364 647 1392 672 in
1405 647 1517 674 alterum
1531 648 1630 673 causant
1647 649 1793 674 conserant.
1866 648 1945 676 Plaut.
1963 648 2046 674 Merc.
2060 657 2084 679 4,
2098 656 2119 682 3,
2136 648 2166 672 26
2194 648 2229 673 lta

63 698 96 716 na
108 689 154 721 est,
173 689 252 716 noxia
265 688 358 722 culpa)
379 685 441 711 illud
452 684 520 710 nihil
530 684 584 719 ff,
595 678 734 719 dilig}neer
747 687 783 710 ad
794 684 905 718 exempla
917 682 1058 707 attendenti
1071 686 1114 714 ap·
1175 682 1268 713 instas,
1288 691 1363 716 vrttes
1379 682 1449 716 quali
1465 691 1514 716 pro
1526 682 1610 709 noxio
1623 683 1640 708 i.
1655 684 1728 716 quufi
1736 683 1897 719 noxiusgffim
1905 703 1914 716 ,
1934 685 2036 709 adulter
2048 682 2125 717 gffim.
2172 683 2232 709 Col.

60 725 169 760 parebit.
204 723 301 751 Sallust.
313 724 339 748 in
350 721 398 756 ipso
404 719 492 756 statim
504 720 578 746 initio
593 720 712 746 orationis
725 720 853 754 LPhilip.
883 716 1000 743 Maxime
1016 716 1113 742 vellem
1175 727 1196 750 3,
1213 726 1236 750 3,
1249 723 1262 748 8
1283 717 1322 744 De
1336 717 1421 751 lapide
1437 718 1532 744 noxius
1545 717 1670 754 istscrum
1684 727 1802 751 nequam,
1827 727 1909 745 noxas
1926 719 1969 744 vel
1988 718 2079 745 noxias
2094 717 2168 754 saepe
2187 720 2231 744 ad-

65 762 92 788 P.
105 760 136 788 C.
150 760 241 794 Remp.
255 753 368 794 quietam
381 757 446 789 effe,
471 762 515 783 aut
536 756 564 782 iu
578 755 702 791 periculis
722 764 737 782 a
754 752 928 790 promtissimo
949 760 1056 790 quoque
1071 750 1114 777 de·
1129 752 1156 780 ¹5
1174 754 1282 780 mittens.
1357 753 1449 788 Nepos
1465 763 1504 785 ιφ,
1518 762 1556 785 10,
1574 763 1579 779 ι
1603 753 1737 780 Nonnulli
1756 762 1806 787 pro
1824 754 1910 780 noxiis
1925 753 2109 780 conciduntur.
2146 753 2233 781 Noxii

64 796 151 824 feudi:
188 794 249 822 deni
269 802 300 820 ue
319 801 397 828 praua
411 792 513 827 incepta
528 791 724 818 consultoribus
740 798 825 818 noxae
841 788 897 814 ess'e.
953 787 1060 822 leian.
1080 786 1112 812 de
1170 791 1273 824 proprie
1286 789 1444 821 dicebantur,
1469 789 1598 814 Sententia
1620 789 1712 813 iudicis
1732 789 1902 821 atlssladium,
1927 789 2026 824 billius,
2051 789 2094 814 vel
2110 788 2233 815 metallum

65 830 196 859 aedilicio
208 829 250 856 edi
279 837 312 861 o,
332 828 427 862 l.Q1is
443 827 481 854 lit.
507 825 529 864 §.
549 827 629 862 Quod
644 827 735 861 aiunt,
756 826 846 852 Noxas
858 822 976 858 accipere
987 822 1114 849 debemus
1174 825 1295 851 damnari.
1322 825 1378 851 Vid.
1391 825 1498 851 Gronou.
1516 824 1617 860 Obseru.
1638 833 1656 856 1,
1670 828 1692 853 ε.
1737 823 1930 857 Suspenderunt
1943 834 2002 851 eum
2022 824 2173 861 (Christum)
2193 825 2233 851 in-

63 867 192 903 priuatas,
211 864 262 891 hoc
274 863 309 890 est
321 872 361 897 ea,
381 872 551 899 quaeeunque
566 863 770 891 committuntur
781 868 814 886 ex
826 859 942 888 delictis,
962 867 1015 885 non
1029 857 1115 893 publi·
1175 865 1216 887 ter
1229 859 1295 886 duos
1310 860 1416 887 Noxios
1435 860 1570 892 medium,
1596 859 1643 894 qui
1663 859 1699 885 ob
1722 858 1861 885 latrocinia
1882 858 1995 886 damnati
2016 867 2089 887 crant
2114 861 2231 887 Laetam.

63 903 100 930 eis
112 899 282 931 criminibus,
302 908 334 926 ex
348 900 445 935 quibus
465 899 553 934 agitur
571 898 676 926 iudiciis
695 895 844 923 noxalibus.
917 894 1012 934 Noxae
1027 893 1114 929 appel·
1175 906 1201 930 4,
1215 902 1248 925 ιε.
1321 897 1378 923 Cic.
1397 895 1429 922 dc
1443 896 1535 935 Legib.
1556 904 1578 929 3,
1597 900 1612 922 ό
1638 894 1804 935 Magistratus
1823 902 1870 920 nec
1891 894 2059 922 obedientem
2079 902 2104 922 et
2122 896 2234 923 noxium

64 938 160 965 latione
172 943 252 963 omne
265 935 392 963 delic‘sstum
405 936 574 968 continetur,
598 934 637 959 ait
649 931 728 959 Caius
743 931 775 957 de
787 930 861 958 verb.
874 930 1009 965 fignificat.
1030 931 1046 957 Ι.
1060 929 1114 956 Ple·
1129 934 1162 953 20
1176 932 1263 958 ciuem
1289 932 1387 965 multa,
1420 931 1549 964 vinculis,
1586 930 1778 958 verberibusue
1804 932 1954 956 coercente.
2027 931 2115 958 Corda
2151 931 2234 959 Ouid,

53 973 102 1001 -bis
115 980 163 1004 230
182 972 205 1005 §.
218 981 238 1004 3.
274 972 383 1008 Qidam
397 972 503 999 Noxiae
515 972 606 1005 legunt.
643 966 719 999 Etstt
726 967 832 1002 leian.
852 967 868 994 Ι.
883 976 904 993 c.
929 966 954 992 Si
968 965 1115 1001 quadrupes
1175 968 1239 994 Met.
1254 977 1291 1000 ιο,
1304 976 1353 1000 33¹·
1417 967 1541 1002 Corpora
1561 967 1637 1001 Virg.
1651 967 1715 993 Aen.
1730 968 1757 999 6,
1772 975 1817 999 731.
1878 965 1999 992 Crimina
2018 965 2056 993 Id.
2070 970 2165 999 Aen.7,
2181 969 2232 1000 326.

58 1015 166 1044 pauper.
179 1008 203 1041 §.
218 1016 225 1033 1
253 1007 346 1034 Noxia
358 1008 394 1035 est
409 1007 493 1042 ipsum
505 1004 639 1032 delictum.
676 1003 737 1030 Liu.
751 1011 774 1035 32
791 1011 820 1034 ⁴2
861 1002 919 1042 Alia
933 1003 1022 1042 ⁰¹¹.¹¹¹.³⁵
1034 1009 1114 1042 pen&
1174 1003 1270 1030 Facere
1284 1003 1364 1029 noxia
1390 1003 1434 1043 (ua
1449 1003 1550 1042 lumina
1584 1002 1670 1042 Ouid,
1686 1001 1772 1029 Trist.
1794 1010 1815 1034 ε,
1838 1010 1886 1033 ¹03.
1970 1002 2096 1042 ⁸Membra
2136 1003 2234 1030 Tibul.

57 1043 156 1071 milites
170 1051 240 1070 noxa
255 1049 320 1070 erat.
392 1044 446 1071 Cic.
465 1049 515 1076 pro
535 1040 609 1066 Rosc.
627 1039 716 1065 Amer.
731 1041 760 1066 62
796 1037 876 1071 Qtod
891 1047 919 1064 in
935 1046 1054 1064 inmunls
1067 1046 1115 1063 no·
1175 1047 1196 1071 ι,
1211 1048 1232 1071 3,
1244 1046 1290 1073 74..
1363 1038 1468 1073 Spicula
1487 1037 1568 1065 Ouid.
1582 1047 1610 1064 m
1626 1037 1687 1064 Ibin
1706 1046 1760 1071 544.
1831 1037 1903 1064 Tela
1924 1037 2004 1064 Ouid.
2017 1037 2102 1064 Trist.
2116 1046 2138 1070 ς,
2149 1049 2185 1071 ιο,
2199 1047 2234 1066 22.

58 1080 99 1108 xis
113 1085 139 1106 et
153 1079 181 1106 in
196 1079 238 1105 his
250 1077 398 1105 leuioribus
410 1076 531 1116 peccati-s,
551 1083 618 1109 quae
631 1074 714 1109 magis
728 1073 830 1107 crebra,
849 1080 876 1101 ct
889 1073 942 1100 iam
955 1083 1038 1113 prope
1047 1081 1113 1107 quo·
1175 1075 1285 1100 Venena
1305 1075 1399 1102 Claud.
1411 1074 1441 1100 in
1455 1073 1553 1100 Ruffin.
1568 1082 1587 1109 1,
1600 1076 1640 1106 67.
1712 1073 1764 1099 Via
1785 1072 1875 1099 Senec.
1886 1072 1978 1100 Theb.
1994 1074 2011 1099 s.
2029 1084 2046 1099 ι.
2120 1074 2234 1108 Noxius,

57 1114 160 1143 tidiana
173 1115 248 1147 sunt,
268 1114 295 1141 id
308 1113 421 1140 maxime
434 1119 459 1140 et
471 1120 588 1146 primum
603 1110 750 1145 quaeritur,
769 1118 815 1137 etc.
889 1109 999 1136 Deditio
1013 1116 1113 1137 noxae;
1127 1116 1157 1143 ες
1175 1119 1228 1135 cum
1243 1110 1372 1137 Genitiuo.
1408 1110 1498 1137 Tacit.
1509 1109 1577 1136 Hist.
1595 1116 1618 1143 ς,
1633 1119 1664 1143 ιι,
1677 1118 1689 1136 2
1710 1109 1746 1135 Vt
1759 1108 1871 1135 noxium
1884 1108 2078 1135 coniurationis
2090 1109 2121 1136 ad
2135 1110 2236 1145 disqui-

53 1144 178 1186 friquens
197 1151 303 1185 loquutIo
321 1150 348 1174 In
362 1148 442 1176 titulo
456 1148 489 1174 de
508 1146 604 1174 Noxal.
617 1146 716 1174 ae‘lion.
729 1146 762 1173 D.
852 1145 1000 1172 Admittere
1015 1153 1113 1172 noxam
1174 1145 1295 1172 {itionem
1311 1146 1440 1173 trahebat.
1514 1147 1626 1181 Compar.
1641 1145 1699 1172 Sen.
1713 1144 1745 1171 de
1758 1145 1888 1171 Clement.
1899 1152 1918 1177 1,
1935 1154 1955 1175 ¹3
1976 1145 2107 1172 Omnibus
2122 1146 2175 1172 reis
2189 1155 2236 1173 no.

59 1185 171 1220 Qun&
186 1195 209 1219 5,
223 1195 251 1217 ¹3.
271 1185 334 1219 Leg.
343 1193 367 1217 41
385 1183 431 1221 §.3
444 1184 476 1211 de
483 1183 578 1210 Furtis.
649 1183 778 1208 Auertere
792 1181 852 1208 Liu·
863 1191 881 1214 1,
895 1187 930 1214 58-
1004 1181 1113 1216 leian.
1174 1181 1237 1208 :tior
1249 1190 1277 1208 ac
1291 1182 1430 1209 solicitior.
1504 1181 1601 1216 Superl.
1616 1180 1689 1208 Idem
1701 1189 1721 1213 1,
1735 1182 1765 1206 26
1785 1180 1961 1207 Noxilllmum
1973 1180 2078 1207 animal.

59 1222 93 1249 D.
106 1221 139 1249 de
152 1220 290 1249 noxalibus
310 1221 327 1247 l.
342 1229 358 1248 2.
386 1220 413 1248 Si
427 1221 515 1247 seruus
527 1218 624 1246 sciente
638 1217 749 1245 domino
763 1218 865 1244 furtum
880 1217 959 1252 fecit,
978 1217 1021 1244 vel
1034 1217 1113 1243 aliam
1212 1224 1234 1244 N
1246 1223 1266 1244 ο
1277 1221 1338 1245 xxo
1348 1225 1429 1251 SVS,
1449 1226 1480 1249 a,
1500 1225 1555 1243 um.
1595 1216 1656 1243 Adi.
1693 1216 1783 1243 Senec.
1803 1215 1835 1242 de
1849 1215 1979 1243 Clement.
1992 1225 2011 1249 ι,
2037 1219 2066 1242 26
2103 1216 2129 1243 Si
2142 1217 2236 1244 noxio.

60 1255 317 1285 noxamc0mmifit:
338 1257 408 1283 serui
422 1255 533 1283 nomine
544 1254 615 1282 aestio
628 1254 664 1280 est
676 1253 788 1287 noxalis,
808 1262 856 1280 nec
871 1252 995 1280 dominus
1007 1254 1054 1280 suo
1067 1260 1114 1278 no-
1176 1253 1269 1280 fiffimo
1283 1254 1380 1288 cuique
1394 1252 1506 1280 animali
1519 1252 1547 1278 in
1561 1261 1610 1279 nos
1625 1251 1733 1278 daretur
1746 1251 1869 1287 potestas:
1897 1251 1913 1278 fi
1929 1252 2016 1278 leones
2031 1251 2133 1286 vrfique
2147 1261 2237 1287 regna.

59 1294 133 1320 mine
145 1299 258 1321 tenetur.
330 1292 436 1327 leian.
452 1291 485 1318 D.
499 1290 532 1318 de
544 1290 683 1317 noxalibus
696 1289 797 1317 aetion.
812 1289 829 1315 l.
848 1289 874 1316 Si
888 1289 964 1325 quis,
984 1289 1011 1316 Si
1024 1288 1083 1324 quis
1098 1296 1113 1314 a
1125 1299 1158 1324 30
1177 1296 1252 1322 rent,
1273 1298 1340 1324 quae
1355 1289 1406 1316 alia
1419 1289 1474 1316 vita
1488 1288 1576 1315 foret?
1598 1289 1632 1314 al.
1646 1287 1795 1314 noxiffimo.
1869 1288 1957 1314 Animi
1971 1287 2068 1322 perditi
2082 1288 2238 1324 noxiofiquc

59 1329 150 1356 multis
158 1329 341 1356 Conueniatur
353 1337 384 1355 ex
396 1336 465 1354 noxa
479 1326 596 1353 eiusdem
607 1326 686 1357 serui,
704 1326 747 1352 vel
762 1326 795 1352 ab
808 1334 863 1352 vno
872 1343 889 1358 ,-
901 1334 932 1352 ex
945 1324 1066 1360 pluribus
1079 1330 1116 1351 ta·
1176 1326 1236 1354 Scn.
1250 1325 1327 1360 Epist.
1342 1333 1379 1360 70
1395 1331 1462 1352 extr.
1537 1324 1642 1358 Corpus
1655 1321 1863 1350 noxiosissimum
1888 1324 1993 1350 Petron.
2007 1333 2029 1349 c.
2046 1333 2096 1355 130.

59 1374 122 1392 men
141 1364 262 1398 deliciis,
285 1373 339 1391 uon
356 1364 454 1390 necesse
473 1362 565 1396 habet,
590 1370 635 1389 etc.
707 1361 854 1388 Detrahere
872 1361 1003 1388 inuidiam
1020 1368 1116 1390 noxae,
1214 1368 1264 1388 No
1276 1368 1294 1388 x
1306 1368 1316 1388 ι
1329 1368 1352 1388 Τ
1363 1363 1456 1393 Vno,
1477 1359 1538 1386 i'nis.
1560 1359 1580 1386 f.
1616 1368 1667 1394 pro
1683 1359 1772 1386 Noxia
1786 1359 1854 1394 apud
1870 1365 1971 1386 veteres
1992 1358 2136 1385 dicebatur.
2193 1360 2239 1385 Ac-

59 1400 143 1428 Ouid.
155 1400 231 1435 Epist.
245 1408 271 1435 7,
287 1401 339 1427 106.
411 1399 522 1426 Eleuare
539 1406 635 1425 noxam
649 1397 761 1424 alicuius
775 1397 867 1424 Tacit.
882 1398 951 1423 Ann.
965 1405 987 1430 ς.
1060 1396 1115 1423 Effe
1176 1398 1247 1430 eius,
1268 1397 1354 1424 Ocule
1368 1395 1500 1424 noxitudo
1516 1395 1678 1422 obliteretur
1691 1395 1895 1430 Pelopidarum,
1920 1403 1947 1422 ac
1967 1404 2014 1430 per
2034 1404 2082 1422 nos
2101 1394 2238 1422 sane'rescat

58 1445 144 1463 noxae
155 1436 198 1463 cui
214 1436 273 1463 Liu.
287 1445 326 1469 ιο,
340 1445 375 1467 19.
388 1437 422 1462 al.
435 1435 539 1461 noxiae.
612 1434 666 1460 Esse
683 1434 796 1460 in=noxa
811 1433 880 1460 Ter.
895 1433 1003 1460 Phorm.
1017 1441 1042 1466 2,
1051 1443 1068 1464 1,
1077 1434 1116 1464 36.
1175 1442 1259 1468 genus
1305 1433 1414 1460 Nonius
1429 1440 1453 1463 2,
1465 1432 1518 1464 576.

41 1485 47 1488 -
57 1471 182 1499 Eximere
194 1480 293 1504 noxae,
313 1471 346 1507 est
360 1472 479 1497 Gratiam
491 1470 604 1495 criminis
612 1470 717 1502 facere,
737 1468 797 1496 Liu.
810 1475 834 1502 8,
850 1476 885 1501 ες,
958 1471 1055 1502 Caius,
1082 1468 1116 1494 D.
1131 1476 1166 1510 35,
1595 1470 1626 1502 N
1698 1470 1727 1501 V
1797 1471 1820 1502 B

59 1507 92 1534 de
104 1506 243 1534 noxalibus
257 1506 356 1533 aetion.
372 1507 388 1534 l.
427 1507 482 1540 Qti
498 1514 529 1532 ex
542 1505 664 1540 pluribus
677 1504 755 1531 noxis
767 1504 875 1531 diuerfis
889 1504 1055 1539 temporibus
1068 1504 1117 1530 Ex·
1133 1503 1136 1507 '

58 1543 178 1579 peritur,
203 1551 235 1570 ex
255 1552 307 1569 vna
327 1552 396 1570 noxa
416 1542 487 1570 serui
500 1541 651 1568 dominium
667 1541 757 1567 nactus
766 1561 774 1574 ,
794 1541 894 1567 nullam
907 1541 1020 1575 amplius
1034 1539 1117 1566 adtio-
1213 1548 1236 1569 Ν
1246 1548 1268 1568 V
1280 1547 1295 1568 B
1307 1548 1330 1569 Α
1340 1549 1375 1576 Ε,
1395 1550 1480 1569 arum.
1499 1549 1536 1568 m.
1553 1540 1594 1567 Pl.
1630 1539 1730 1575 [Νέβαι
1745 1540 1884 1576 Stephano]
1920 1541 2008 1576 Populi
2015 1540 2076 1576 funt
2090 1539 2191 1573 Libyae,
2204 1539 2241 1566 ad

58 1588 120 1606 nem
129 1573 211 1606 habet
223 1577 346 1606 aduersus
359 1587 429 1612 eum,
445 1577 492 1612 qui
506 1576 630 1603 dominus
644 1577 744 1603 fuerat:
781 1585 863 1611 quum
876 1577 947 1604 aeiio
962 1576 1066 1603 noxalis
1080 1583 1118 1601 ca·
1169 1577 1300 1612 fintstrum
1315 1578 1375 1604 Nili
1382 1580 1476 1614 flexum
1488 1578 1644 1610 habitantes,
1662 1577 1689 1602 in
1704 1578 1783 1603 multa
1794 1576 1875 1609 dinist
1885 1585 1980 1612 regna,
2006 1575 2062 1612 teste
2075 1576 2191 1602 Strabone
2205 1584 2237 1609 ¹7·

58 1621 108 1649 put
122 1615 252 1649 sequatur.
337 1614 463 1641 Liberare
475 1612 593 1647 aliquem
607 1621 675 1639 noxa
696 1612 806 1645 Qiine't.
819 1620 842 1645 ς,
858 1621 892 1639 ¹2.
984 1612 1046 1639 Sine
1062 1610 1117 1636 vlla
1181 1614 1236 1639 Vid.
1247 1613 1373 1641 Drakenb.
1387 1615 1423 1639 ml
1433 1613 1480 1639 Sil.
1493 1622 1515 1647 3,
1528 1615 1584 1647 269.
1599 1619 1623 1638 et
1635 1620 1662 1647 7,
1676 1615 1735 1643 664.

60 1651 104 1677 sua
119 1657 187 1677 noxa
200 1651 270 1677 Suet.
282 1650 356 1677 Caes.
370 1659 392 1676 c·
408 1656 442 1679 81-
480 1649 540 1676 Seu.
555 1647 632 1682 Epist-
647 1657 671 1680 9·
710 1647 776 1675 Cels.
792 1656 819 1683 7,
831 1651 870 1676 26.
960 1648 1022 1675 Sine
1035 1646 1114 1673 vllius
1125 1656 1162 1682 40
1214 1655 1235 1675 N
1247 1654 1268 1674 v
1278 1655 1294 1675 a
1303 1655 1320 1676 r:
1332 1655 1346 1676 s
1359 1670 1368 1683 ‚
1387 1649 1419 1675 is.
1439 1649 1458 1675 f.
1472 1650 1574 1680 [noum
1593 1649 1670 1682 νέφος]
1683 1649 1764 1682 Vapor
1775 1647 1888 1673 humidus
1900 1647 1927 1672 in
1933 1645 2040 1681 sublime
2053 1647 2131 1672 elatus
2142 1655 2156 1671 e
2167 1652 2239 1672 terra

60 1694 131 1713 '¹0²1a
143 1685 276 1713 theatrum
295 1686 437 1720 collapsum
456 1684 494 1711 est
512 1684 602 1710 Tacit.
621 1684 690 1709 ᾹΠΠ·
712 1692 744 1716 15,
763 1692 799 1715 34,
820 1693 837 1709 ¹·
910 1684 1007 1716 Noxa,
1033 1684 1115 1708 Poena
1175 1691 1220 1719 per
1233 1683 1339 1719 aestum,
1361 1685 1430 1710 cuius
1442 1684 1552 1715 densitas
1566 1682 1629 1717 solis
1640 1684 1721 1708 lumen
1734 1682 1882 1717 intercipit,
1899 1689 1924 1707 et
1943 1681 2016 1715 quast
2025 1681 2112 1713 nubit,
2125 1682 2143 1708 i.
2162 1681 2240 1715 velat,

55 1721 161 1757 μοι-«η’.
221 1723 289 1748 Vnde
341 1721 446 1756 leian.
460 1720 490 1745 in
503 1719 521 1745 l.
535 1718 692 1757 laecum-D.
707 1718 740 1756 de
755 1717 911 1751 vsufrue'tu,
938 1717 1052 1744 Debebit
1064 1717 1116 1757 pla·
1175 1719 1273 1754 obtegit.
1289 1720 1342 1746 A'e'r
1355 1719 1407 1746 fine
1424 1718 1541 1745 nubibus
1561 1716 1645 1744 Ouid.
1658 1717 1689 1744 de
1698 1718 1762 1744 Arte
1770 1719 1830 1757 Am..
1845 1725 1927 1756 3’.¹73:
1964 1716 2021 1742 Cic.
2030 1715 2062 1742 de
2072 1715 2164 1742 Diuin.
2172 1723 2198 1749 2,
2212 1726 2239 1748 44

58 1765 94 1783 ne
108 1756 232 1791 denegari
246 1755 407 1783 vfiisfruCtus
419 1754 583 1789 persecutio,
602 1752 620 1780 fi
635 1761 670 1786 ei,
684 1760 730 1786 qut
743 1761 829 1779 noxae
841 1753 956 1788 accepit,
977 1753 1031 1780 litis
1042 1752 1116 1779 aestt-
1177 1755 1205 1782 Si
1220 1754 1333 1781 nubium
1348 1754 1485 1782 Conflisstu
1499 1753 1580 1780 ardor
1593 1754 1722 1788 expressus
1736 1754 1760 1779 se
1773 1753 1900 1786 ermsem,
1919 1750 1946 1778 id
1959 1752 2007 1778 etse
2021 1751 2132 1778 fulmen,
2188 1751 2241 1777 Co.

57 1792 144 1818 matio
163 1800 219 1818 non
243 1791 370 1819 offeratur
391 1798 405 1816 a
429 1787 590 1815 fructuario.
682 1789 832 1815 Decernere
851 1797 961 1822 noxam,
981 1791 1037 1816 vid.
1051 1795 1070 1815 D
1083 1795 1115 1815 Ε·
1176 1791 1220 1818 rio
1236 1790 1349 1817 nubium
1364 1790 1485 1817 crassiore
1498 1789 1618 1824 spissatur
1629 1791 1675 1815 ae'r
1693 1789 1759 1815 Plin.
1773 1797 1797 1822 2,
1812 1797 1836 1822 5.
1942 1787 2061 1814 Pulueris
2074 1786 2155 1814 nubes
2175 1787 2241 1813 Cur·

58 1831 79 1853 c
89 1832 106 1852 Ε
116 1833 135 1853 R
144 1833 168 1852 Ν
177 1831 208 1853 ο.
281 1824 387 1851 Dedere
397 1832 482 1851 noxae
495 1831 518 1849 et
532 1822 575 1850 Ob
588 1832 700 1857 noxam,
720 1825 865 1858 permittere
875 1825 1035 1858 puniendum,
1070 1826 1115 1859 qui
1125 1834 1160 1861 45
1176 1827 1229 1853 tius
1243 1837 1267 1859 4,
1283 1836 1307 1857 ις
1319 1834 1388 1854 extr.
1461 1825 1590 1852 Aetherea
1616 1823 1698 1851 Ouid.
1713 1825 1778 1857 Met.
1792 1834 1824 1857 ις,
1837 1828 1901 1857 804.
1974 1822 2032 1849 Alta
2052 1823 2128 1858 Virg.
2142 1823 2239 1858 Θεοῖς.

56 1861 138 1888 nocuit
149 1861 190 1893 ei,
214 1860 256 1886 cui
272 1860 362 1888 nocuit.
403 1860 463 1887 Liu.
481 1860 521 1892 26,
540 1867 570 1892 29
597 1859 684 1886 obrui
704 1860 803 1886 Aetnae
821 1859 943 1895 ignibus,
965 1867 1009 1888 aut
1028 1860 1115 1895 mergi
1177 1872 1195 1895 ι,
1215 1864 1266 1895 364.
1363 1862 1468 1896 Aquosa
1503 1860 1586 1888 Ouid.
1608 1861 1673 1888 Met.
1693 1870 1717 1897 4,
1736 1862 1786 1887 621.
1886 1858 1996 1892 tudens,
2017 1861 2074 1885 vid.
2094 1863 2238 1885 ARD‘EO.

55 1896 144 1928 freto,
163 1896 241 1923 satius
254 1895 295 1922 illi
309 1895 410 1922 insulae
425 1895 489 1929 effe,
513 1903 592 1929 quam
606 1895 680 1922 velut
687 1895 757 1922 Dedi
774 1904 858 1922 noxae
874 1896 1115 1924 inimicoConsuli.
1177 1899 1283 1925 Arduae
1310 1898 1377 1926 Hor.
1391 1899 1481 1926 Carm.
1494 1907 1516 1930 3,
1531 1906 1571 1930 29,
1586 1905 1623 1923 10.
1719 1895 1831 1923 Aridior
1850 1893 1956 1922 Lucret.
1977 1897 2002 1928 6,
2024 1903 2079 1928 ¹49-
2176 1895 2240 1922 Atra

56 1931 160 1960 Dedere
172 1939 273 1965 noxae,
292 1932 329 1959 est
342 1931 448 1958 Animal
466 1931 569 1958 tradere
584 1931 695 1962 viuum,
721 1932 829 1966 leian.
849 1932 865 1959 l.
881 1941 888 1959 ι
910 1933 934 1966 §.
950 1941 978 1966 ¹4
1005 1933 1031 1960 Si
1052 1941 1114 1968 qua·
1177 1935 1216 1962 Id.
1230 1937 1255 1968 6,
1271 1943 1321 1967 ¹79·
1394 1934 1507 1962 Bibulae
1527 1932 1790 1965 Onid.Met.14‚368.
1862 1931 1984 1965 Caligans
2005 1930 2061 1957 Cic.
2069 1929 2176 1957 inArat.
2184 1939 2238 1960 205.

56 1967 152 2003 drupes
166 1976 274 2008 papper.
312 1968 345 1993 Et
357 1967 418 1994 ibid.
432 1968 456 2001 §.
471 1975 496 2000 ις
551 1966 658 2007 ᾟρὶειη.
681 1967 709 1994 Si
727 1968 785 2002 post
805 1967 880 1994 litem
899 1968 1068 1996 contestatam
1082 1969 1114 1995 ab
1177 1971 1316 1997 Deformis
1337 1971 1425 1997 Senec.
1440 1968 1554 2001 Thyest.
1568 1974 1591 1997 8.
1647 1968 1761 2001 Fugaces
1783 1965 1876 1993 Claud.
1891 1966 1923 1992 de
1937 1966 2001 1992 Bell.
2019 1966 2079 1992 Get.
2093 1971 2138 1998 48.
2181 1966 2238 1993 Ful-

53 2004 110 2031 alio
122 2003 153 2031 fit
165 2003 260 2030 animal
275 2003 404 2030 occisum:
425 2002 487 2039 quia
500 2001 613 2030 domino
626 2003 691 2037 legis
706 2004 828 2038 Aquiliae
841 2004 913 2030 aetio
926 2006 1063 2038 competit,
1077 2013 1115 2030 ra-
1128 2014 1160 2039 50
1179 2014 1211 2031 va
1232 2005 1314 2031 Ouid.
1330 2006 1395 2032 Met.
1409 2015 1431 2037 3,
1448 2012 1501 2037 273.
1578 2002 1710 2036 Liquidae
1728 2002 1804 2035 Virg.
1818 2003 1883 2040 Aen.
1896 2009 1918 2034 ς,
1932 2007 1983 2033 525.
2073 2001 2240 2028 Moestiffima

54 2040 98 2066 tio
115 2040 144 2066 in
159 2038 262 2066 iudicio
282 2038 442 2072 habebitur,
468 2038 542 2072 quod
555 2047 641 2064 noxae
655 2038 796 2064 Dedendae
814 2038 968 2064 facultatem
990 2039 1114 2064 dominus
1177 2039 1270 2065 Claud.
1285 2039 1317 2064 de
1330 2040 1406 2072 Rapt.
1422 2039 1541 2072 Proserp.
1554 2046 1573 2069 1,
1589 2044 1622 2066 81.
1702 2037 1790 2071 Nigra
1810 2037 1887 2071 Virg.
1902 2037 1968 2062 Aen.
1982 2045 2006 2069 5,
2018 2037 2068 2067 516.
2150 2038 2240 2064 Piceae

53 2075 182 2103 amiserit.
234 2076 284 2101 Hic
296 2075 401 2100 videtur
411 2074 492 2106 accipi
499 2079 547 2107 pro
560 2073 686 2104 Animali,
699 2074 764 2106 quod
776 2073 873 2104 nocuit,
891 2072 933 2106 seu
947 2075 1062 2098 damnum
1075 2075 1115 2097 de·
1177 2073 1259 2099 Ouid.
1275 2074 1341 2100 Met.
1356 2083 1384 2107 ιι,
1400 2082 1455 2107 5⁴9-
1530 2072 1628 2099 Roseae
1648 2072 1737 2099 Valer.
1752 2074 1851 2107 Argon.
1865 2080 1894 2105 4,
1909 2079 1951 2106 77.
2026 2070 2136 2098 Sordida
2152 2073 2240 2100 Senec.

55 2108 107 2137 dit.
142 2110 204 2143 Nt'sl
211 2111 339 2144 legendum
353 2117 438 2135 noxae
451 2106 572 2133 dedendi.
610 2107 696 2133 Paullo
708 2107 765 2133 bnte
776 2105 828 2144 §.11
856 2107 1038 2140 Qiamobrem
1053 2116 1114 2133 eum
1176 2109 1289 2143 Hippoi.
1302 2111 1328 2136 6.
1401 2110 1507 2135 Vacuae
1526 2108 1614 2134 Senec.
1631 2108 1712 2135 Herc.
1727 2108 1779 2134 fur.
1796 2116 1833 2134 10.
1907 2106 2055 2134 Vmbrosae
2075 2108 2163 2134 Valer.
2178 2109 2240 2144 Arg.

55 2145 106 2174 fibi
117 2152 162 2173 aut
175 2153 272 2171 noxam
283 2144 396 2178 sarcire,
414 2148 460 2169 aut
475 2151 571 2182 noxam
587 2141 684 2169 dedere
696 2150 832 2177 oportere.
869 2145 911 2168 Sic
923 2143 986 2177 legit
1002 2144 1113 2169 Haloan-
1175 2155 1199 2176 4,
1214 2152 1272 2177 729-
1347 2145 1474 2185 volantes
1493 2146 1597 2171 Luci-et.
1609 2153 1632 2177 5,
1645 2141 1697 2177 2523.
1894 2140 1919 2205 ἓ
1934 2153 1953 2183 '2
1964 2144 2048 2183 'Verba
2060 2150 2083 2183 ft
2097 2145 2240 2179 Pa›·t1'cip1‘a

56 2183 111 2209 der.
149 2179 290 2208 Panda-Hae
303 2186 384 2205 tamen
398 2179 555 2204 Florentmae
567 2179 657 2203 habent
700 2179 731 2205 In
752 2187 852 2205 noxam
866 2177 977 2210 dedere,
997 2180 1063 2212 quod
1073 2188 1114 2204 -υε-
1129 2189 1158 2216 53
1176 2180 1312 2214 Abruptae
1339 2182 1416 2216 Virg.
1435 2182 1500 2207 Aen.
1521 2189 1543 2213 3,
1563 2189 1615 2213 ¹99-
1725 2179 1874 2214 Adopertus
1914 2178 1984 2204 mdis
2004 2177 2119 2205 nubibus
2138 2180 2240 2207 aether.

58 2218 122 2244 rius.
193 2214 314 2249 Paullus,
334 2214 366 2240 D.
375 2212 406 2240 de
422 2212 561 2239 noxalibus
574 2213 672 2239 adlion.
687 2214 704 2240 1.
716 2222 743 2246 19
775 2213 800 2239 Si
815 2214 842 2239 in
856 2222 885 2239 re
905 2213 1041 2239 communi
1060 2215 1081 2247 §.
1102 2223 1114 2241 2
1176 2217 1272 2243 Lucan.
1285 2216 1316 2242 ad
1331 2217 1418 2243 Pison.
1433 2224 1479 2248 ¹35-
1553 2215 1638 2242 Affert
1651 2214 1700 2240 iris
1713 2215 1837 2241 alimenta
1852 2213 1968 2240 nubibus
1988 2214 2071 2240 Ouid.
2086 2215 2238 2249 Met.1,271.

58 2252 87 2280 Si
100 2253 189 2279 seruus
201 2257 261 2278 tuus
281 2249 560 2281 nomenexercuerit,
586 2247 696 2281 eiusque
714 2248 830 2275 vicarius
852 2254 878 2275 et
897 2248 967 2275 idem
988 2256 1065 2275 nauta
1084 2250 1115 2276 in
1176 2251 1277 2277 Amicii
1291 2260 1353 2277 caua
1368 2252 1439 2278 nube
1459 2251 1536 2286 Virg.
1550 2251 1615 2277 Aen.
1631 2260 1648 2285 1,
1661 2253 1710 2281 516.
1731 2250 1763 2276 de
1776 2251 1863 2276 Aenea
1884 2257 1909 2276 et
1926 2247 2031 2276 Achate.
2123 2251 2239 2278 Aura-hit

57 2288 149 2316 eadem
161 2295 230 2314 naue
241 2286 366 2312 damnum
378 2283 495 2310 dederit:
516 2283 643 2317 -·perinde
663 2283 693 2309 in
713 2289 738 2310 te
757 2284 830 2311 aetio
846 2284 929 2311 danda
942 2284 993 2318 est,
1014 2294 1043 2311 ac
1058 2285 1075 2311 fi
1091 2285 1114 2310 is
1174 2287 1257 2313 nubes
1271 2287 1308 2313 sol
1336 2287 1435 2314 Lucan.
1452 2296 1475 2319 7,
1489 2294 1512 2320 ς.
1569 2286 1683 2320 Cogitur
1696 2287 1742 2312 a'e'r
1755 2286 1782 2312 in
1796 2285 1894 2312 nubem
1915 2285 2067 2321 Virg.Aen.
2077 2295 2098 2317 5,
2106 2294 2148 2313 20.
2186 2287 2238 2313 Co-

57 2323 192 2351 exercitur
205 2321 289 2354 liber,
313 2326 341 2347 et
358 2320 403 2347 hic
417 2319 531 2345 vicarius
544 2320 633 2345 seruus
646 2319 703 2345 eius
718 2320 792 2353 esset,
819 2326 849 2347 vt
867 2320 898 2346 de
918 2320 1024 2359 peculio
1043 2319 1114 2346 serui
1175 2322 1247 2356 gitur
1262 2322 1290 2348 in
1305 2322 1402 2349 nubem
1416 2324 1462 2349 ae'r
1476 2328 1612 2349 concretus
1640 2322 1696 2348 Cic.
1711 2321 1743 2348 de
1758 2321 1821 2348 Nat.
1837 2322 1917 2348 Deor.
1932 2330 1954 2355 ε,
1970 2331 2017 2348 ιοι.
2097 2323 2239 2358 Coguntur

59 2360 101 2387 tssi
114 2359 146 2387 ad
160 2366 256 2385 noxam
269 2356 372 2383 Dedere
386 2355 517 2383 vicarium
534 2354 675 2382 damneris.
746 2355 851 2382 Solutus
864 2365 941 2383 noxis
955 2356 1045 2382 seruus
1084 2357 1114 2382 ln
1126 2359 1161 2386 60
1176 2358 1204 2384 in
1220 2358 1291 2384 caclo
1304 2358 1403 2392 nubes,
1429 2358 1544 2394 imbres,
1567 2357 1641 2384 venti
1652 2357 1710 2384 Cic.
1725 2357 1808 2384 Tusc.
1825 2367 1843 2390 ι,
1858 2366 1892 2389 43.
1985 2358 2131 2385 Contrusae
2154 2359 2237 2385 nubes

61 2395 80 2422 l.
92 2396 160 2422 Cum
173 2394 202 2419 in
214 2391 386 2425 venditione,
404 2391 443 2417 De
456 2390 646 2418 euiffionibus.
697 2390 729 2416 Et
741 2391 903 2426 Pomponius
917 2391 1012 2418 eodem
1023 2392 1115 2425 titulo,
1175 2393 1207 2420 ad
1224 2394 1290 2421 altos
1305 2401 1408 2421 montes
1423 2400 1571 2429 coguntur,
1589 2400 1800 2428 premunturque
1813 2393 1916 2420 Lucret.
1931 2395 1957 2424 6,
1969 2402 2024 2427 734.
2103 2394 2238 2421 collectae

61 2431 80 2457 l.
100 2430 128 2456 Si
147 2429 245 2456 emtori
264 2428 310 2464 qui
329 2427 464 2462 stipulatus
479 2426 523 2459 fit,
541 2426 637 2460 furtis,
656 2426 788 2462 noxisque
802 2427 918 2455 solutum
933 2428 997 2460 ess'e,
1022 2427 1114 2454 haeres
1176 2438 1209 2456 ex
1222 2430 1277 2457 alto
1291 2430 1390 2464 nubes,
1416 2429 1522 2456 foedam
1537 2430 1686 2464 glomerant
1705 2428 1883 2464 tempestatem
1904 2429 1968 2456 atris
1987 2429 2119 2456 imbribus
2160 2430 2238 2464 virg.

59 2464 188 2492 exstiterit
201 2465 238 2498 is,
258 2463 304 2499 qui
317 2468 361 2490 etc.
396 2463 512 2490 Iulianus
524 2462 542 2489 l.
556 2471 583 2490 22
599 2462 625 2489 ff.
638 2462 670 2490 de
678 2463 710 2489 V.
724 2463 749 2490 S.
787 2464 858 2491 Haec
871 2464 1017 2498 stipulatio,
1038 2464 1116 2491 noxis
1174 2466 1273 2501 Georg.
1288 2476 1307 2499 1,
1321 2474 1374 2498 324.
1406 2466 1413 2469 ⁴
1448 2466 1627 2492 Concrescunt
1640 2464 1722 2492 nubes
1736 2465 1765 2492 in
1781 2465 1836 2492 alto
1856 2466 1960 2492 Lucret.
1973 2475 1998 2498 4,
2010 2473 2058 2497 137.
2135 2466 2236 2493 Condi-

59 2500 174 2528 solutum
186 2499 324 2535 praestari,
350 2507 404 2525 non
424 2498 589 2525 existimatur
606 2498 639 2526 ad
653 2507 696 2525 eas
718 2507 801 2526 noxas
815 2499 966 2534 pertinere,
987 2509 1054 2535 quae
1068 2509 1114 2535 pu·
1174 2506 1215 2527 tus
1227 2502 1255 2528 in
1271 2502 1369 2529 nubem
1384 2501 1421 2528 sol
1442 2501 1517 2536 Virg.
1538 2502 1636 2536 Georg.
1658 2510 1675 2534 1,
1695 2509 1757 2534 442.
1851 2500 1986 2528 Consciffis
2005 2500 2122 2528 nubibus
2138 2501 2236 2529 orbem

59 2536 158 2563 blicam
169 2535 366 2568 executionem,
384 2541 409 2561 et
422 2535 613 2561 coercitionem
628 2534 766 2569 capitalem
780 2535 888 2563 habent.
925 2536 1059 2562 Columel.
1068 2539 1111 2569 1‚6
1126 2540 1158 2572 65
1174 2537 1286 2571 protulit
1302 2538 1363 2564 luna
1384 2538 1445 2564 Stat.
1459 2537 1553 2565 Theb.
1567 2546 1603 2569 12,
1616 2546 1672 2570 309.
1767 2537 1891 2563 Crescens
1911 2537 2006 2572 exigua
2024 2537 2106 2564 nubes
2126 2538 2236 2565 sordido

58 2572 94 2600 Ea
108 2581 149 2598 res
167 2580 182 2598 a
193 2579 261 2598 noxa
274 2571 472 2606 curculionum,
498 2576 523 2598 et
536 2570 662 2598 fimilium
676 2570 833 2598 animalium
847 2571 1056 2598 commodiffime
1070 2571 1113 2598 vi·
1173 2572 1256 2607 globo
1275 2573 1364 2600 Senec.
1373 2574 1462 2608 Agam.
1472 2575 1496 2600 6.
1568 2573 1682 2600 Discutit
1696 2571 1810 2608 trepidas
1818 2573 1955 2600 Tithonia
1968 2572 2052 2599 nubes
2071 2573 2133 2600 Stat.
2141 2573 2235 2601 Theb.

58 2607 135 2634 detur
146 2607 263 2634 conditas
276 2607 366 2641 fruges
380 2606 539 2633 Defendere.
612 2607 693 2634 Noxa
706 2606 827 2640 admissa,
847 2609 915 2641 apud
926 2608 1032 2643 leian.
1049 2607 1078 2633 in
1093 2607 1111 2634 l.
1174 2617 1209 2642 12,
1223 2618 1244 2641 3.
1362 2609 1477 2636 Discuffa
1490 2609 1560 2636 nube
1573 2615 1667 2636 tonant
1682 2609 1754 2636 venti
1772 2609 1855 2636 Ouid.
1869 2610 1934 2636 Met.
1950 2617 1983 2642 ις,
1996 2616 2041 2643 70.
2135 2610 2236 2637 Effusus

56 2643 156 2677 Siquis
169 2652 250 2678 quum
263 2643 291 2668 in
304 2641 419 2669 hostium
433 2642 567 2677 potestate.
594 2642 626 2669 D.
646 2642 678 2669 de
696 2642 796 2669 Furtis.
814 2643 833 2669 ι’.
853 2644 931 2679 Culpa
947 2643 998 2670 iam
1014 2643 1111 2669 euenit:
1171 2644 1277 2671 aestiuis
1290 2643 1406 2671 nubibus
1420 2644 1509 2673 imber
1529 2645 1604 2680 Virg.
1620 2646 1717 2679 Georg.
1732 2656 1755 2677 4,
1771 2653 1815 2678 3¹2·
1889 2644 1957 2672 Elisa
1970 2644 2041 2671 nube
2054 2644 2133 2672 micat
2146 2646 2236 2674 dirum

57 2679 100 2705 vel
111 2678 234 2705 Daninum
244 2679 294 2704 iam
307 2685 439 2713 acceptum.
511 2679 613 2714 Capere
627 2687 738 2711 noxam,
756 2679 811 2705 vid.
826 2684 844 2706 c
855 2685 902 2706 ΑΡ
913 2685 924 2705 1
936 2684 967 2706 o.
1039 2679 1112 2705 Con-
1170 2680 1274 2707 fulmen
1293 2681 1380 2708 Senec.
1394 2682 1484 2716 Agam.
1499 2683 1523 2708 6.
1612 2681 1738 2715 Eripiunt
1749 2680 1836 2708 subito
1849 2681 1932 2707 nubes
1946 2681 2100 2716 caelumque
2112 2680 2237 2717 diemque

56 2714 145 2749 cipere
158 2723 268 2747 noxam,
295 2721 342 2749 pro
354 2715 469 2740 Morbum
484 2714 629 2747 incutrere,
662 2715 731 2749 apud
741 2714 933 2742 Columellam:
969 2722 999 2740 vt
1015 2722 1040 2741 et
1052 2715 1110 2742 No-
1121 2725 1158 2753 70
1172 2717 1248 2752 Virg.
1263 2719 1328 2745 Aen.
1341 2726 1361 2753 1,
1376 2723 1415 2747 88.
1471 2718 1634 2744 Euanescunt
1645 2717 1770 2752 grauidae
1791 2716 1874 2744 Ouid.
1889 2716 1976 2744 Trist.
1993 2727 2011 2750 ι,
2026 2726 2048 2749 2,
2066 2726 2117 2750 107.
2174 2719 2236 2745 Eui-

56 2759 116 2778 xam
128 2759 229 2786 capere,
248 2750 301 2776 vid.
315 2755 332 2776 c
341 2755 361 2776 ο
373 2755 396 2776 N
408 2755 426 2777 c
441 2755 452 2776 1
464 2756 481 2777 P
492 2758 503 2777 1
513 2756 543 2777 ο.
599 2749 765 2777 Contrahere
778 2758 875 2777 noxam
887 2751 1022 2780 Columel.
1032 2753 1059 2784 6,
1071 2759 1110 2785 29.
1173 2752 1209 2779 cit
1223 2753 1353 2788 oppositas
1367 2753 1450 2780 nubes
1465 2753 1556 2788 imago
1572 2753 1634 2780 solis
1655 2752 1693 2779 Id.
1707 2752 1772 2780 Met.
1787 2761 1825 2786 14,
1841 2756 1900 2787 768.
1975 2752 2084 2780 Excuffis
2098 2752 2175 2781 elisus
2187 2764 2234 2781 nu·

53 2785 162 2815 Nocere
175 2794 269 2813 noxam
278 2806 286 2818 ‚
306 2786 358 2813 vid.
374 2793 396 2813 N
407 2791 428 2812 ο
439 2791 456 2812 c
465 2792 520 2813 ΕΟ.
591 2786 672 2813 Noxa
684 2786 812 2814 stomachi
825 2787 914 2813 Celsus
929 2797 952 2823 4,
966 2796 1002 2821 ¹9·
1053 2787 1110 2813 Pel·
1171 2788 1250 2815 bibus
1264 2789 1333 2823 ignis
1353 2788 1391 2816 Id.
1404 2790 1469 2816 Mer.
1485 2796 1508 2823 8,
1523 2798 1577 2822 339.
1648 2789 1744 2815 Facere
1756 2789 1878 2816 tenebras
1893 2788 2010 2816 nubibus
2032 2789 2110 2816 Lucr.
2123 2798 2149 2823 2,
2163 2799 2234 2823 ¹099·

55 2822 111 2849 lere
123 2822 206 2849 tristes
218 2830 299 2848 noxas
317 2830 332 2848 a
343 2820 448 2849 foribus
475 2819 558 2848 Ouid.
577 2821 643 2849 Fast.
657 2823 682 2854 6,
700 2831 751 2855 ¹30·
822 2823 933 2858 Repulsa
953 2831 1024 2850 noxa
1041 2823 1110 2850 meis
1171 2825 1254 2859 Fugat
1266 2825 1367 2859 Iupiter
1379 2825 1503 2852 conceias
1516 2824 1600 2851 nubes
1620 2824 1696 2859 VIrg.
1714 2826 1779 2851 Aen.
1793 2834 1812 2857 l,
1829 2833 1878 2856 ¹4³·
1953 2824 2126 2852 Glomeratur
2148 2826 2233 2853 subita

53 2857 163 2885 stabulis
187 2857 226 2885 Id.
242 2857 304 2884 Fast.
317 2866 346 2891 4,
358 2862 415 2893 748.
487 2857 597 2885 Soluere
616 2857 711 2885 orbem
729 2867 800 2886 noxa
816 2859 890 2885 Grat.
909 2860 1010 2893 cyneg.
1029 2868 1056 2886 v.
1076 2868 1110 2890 ις.
1169 2860 1254 2888 nubes
1268 2861 1347 2895 nigro
1363 2861 1473 2896 puluere
1492 2860 1531 2889 Id.
1545 2861 1641 2894 Aemo,
1649 2869 1682 2893 33.
1751 2859 1895 2887 Inardescit
1908 2860 1968 2886 solis
1983 2858 2065 2886 radiis
2076 2860 2171 2896 nubes,
2178 2863 2230 2888 vid.

54 2894 161 2922 Solutus
179 2893 256 2921 noxis
275 2895 342 2919 modo
360 2894 546 2929 explic-animus.
632 2895 732 2921 Vacare
751 2894 827 2921 omni
846 2903 915 2922 noxa
939 2895 1007 2922 Cels.
1026 2904 1050 2928 5,
1069 2902 1109 2930 27.
1125 2903 1158 2932 75
1172 2903 1182 2923 1
1193 2903 1216 2923 N
1227 2902 1251 2924 A
1261 2902 1282 2923 R
1293 2903 1337 2923 DE
1347 2904 1359 2923 s
1370 2902 1387 2923 C
1399 2902 1432 2924 ο.
1510 2896 1658 2923 Induerunt
1671 2896 1696 2921 se
1711 2894 1739 2921 in
1754 2895 1853 2921 nubem
1867 2895 2000 2922 anhelitus
2023 2895 2079 2924 Cic.
2092 2895 2124 2923 de
2138 2896 2230 2924 Diuin.

36 2936 39 2937 ’
54 2928 162 2958 Noxam
180 2936 227 2965 pro
244 2929 329 2964 largio
348 2937 396 2956 non
420 2929 473 2956 dici
497 2936 584 2956 contra
601 2929 694 2965 Scalig.
712 2930 823 2966 aliosque
840 2931 954 2966 defendit
971 2932 1056 2959 Burm.
1076 2932 1113 2958 ad
1170 2941 1194 2965 2,
1206 2943 1246 2965 44.
1318 2932 1436 2960 Ιηΐεέὶειε
1450 2931 1532 2958 nubes
1548 2931 1580 2958 ab
1593 2931 1647 2957 iGtu
1663 2931 1763 2958 aduersi
1777 2931 1840 2958 solis
1861 2931 1943 2958 Ouid.
1958 2932 2116 2964 Met.3,184.
2189 2933 2230 2958 ln-

53 2966 159 2995 Petron.
172 2974 195 2993 c.
209 2967 243 2999 69
255 2972 319 2991 extr.
1170 2968 1245 2995 torfit
1256 2969 1281 2994 se
1294 2967 1409 2995 nubibus
1422 2968 1538 3003 procella
1550 2967 1623 2993 venti
1643 2967 1747 2993 Lucret.
1761 2970 1786 2999 ἢ,
1799 2975 1847 2999 124.
1955 2968 2060 2994 inuadit
2072 2974 2166 2994 ventus
2184 2977 2230 2993 nu-

91 3002 284 3032 NoxftLIS,
310 3010 333 3027 e.
354 3000 415 3028 Adi.
453 2999 621 3035 [muas-ixit,
647 3002 767 3036 νοξάηος]
799 3001 879 3029 Caius
897 3002 927 3029 in
948 3002 966 3029 l.
985 3012 1002 3029 1.
1023 3002 1056 3030 D.
1076 3002 1109 3030 de
1170 3003 1233 3031 bem
1251 3004 1289 3031 Id.
1302 3007 1327 3039 6,
1342 3011 1396 3038 174.
1487 3001 1613 3030 Madescit
1628 3002 1705 3029 tellus
1721 3002 1822 3029 affiduis
1836 3002 1952 3030 nubibus
1973 3003 2055 3030 Ouid.
2069 3004 2132 3030 Met.
2149 3013 2166 3035 ι,
2187 3006 2230 3030 66.

54 3035 151 3066 Noxal.
161 3036 212 3064 a&
249 3036 366 3064 Noxales
379 3036 496 3063 actiones
511 3037 691 3071 appellantur,
711 3046 778 3072 quae
791 3047 846 3065 non
857 3047 889 3064 ex
902 3038 1051 3072 contrae'tu,
1065 3039 1109 3066 sed
1171 3039 1299 3067 Obiieere
1313 3039 1411 3066 nubem
1425 3039 1509 3066 oeulis
1529 3039 1568 3066 Id.
1582 3040 1647 3066 Met.
1663 3046 1697 3073 ιε,
1710 3048 1745 3070 32.
1838 3039 1915 3066 Pellit
1933 3047 2041 3074 opacam
2055 3038 2152 3064 nubem
2167 3047 2229 3065 ven-

52 3081 88 3101 ει
99 3081 168 3100 noxa
180 3080 258 3106 atque
271 3071 401 3099 maleficio
415 3073 571 3105 seruorum,
591 3072 713 3100 aduersus
734 3082 783 3101 nos
802 3072 983 3102 instituuntur.
1037 3075 1109 3108 Qia-
1120 3082 1154 3108 80
1170 3080 1211 3101 tus
1243 3076 1300 3102 Cic.
1315 3076 1343 3101 in
1359 3077 1430 3101 Arat.
1446 3084 1496 3101 201.
1607 3074 1753 3101 Perscindit
1772 3082 1867 3102 ventus
1887 3074 1984 3101 nubem
2020 3074 2124 3100 Lucret.
2138 3076 2163 3106 6,
2178 3084 2228 3107 ¹79·

52 3108 117 3135 tum
129 3108 266 3135 actionum
279 3108 320 3135 vis
332 3115 358 3135 et
370 3109 480 3143 potestas
493 3108 556 3135 haec
569 3108 619 3142 est,
642 3115 671 3135 vt
686 3109 704 3136 [ἰ
721 3109 838 3136 damnati
858 3110 1005 3142 fuerimus,
1030 3110 1107 3137 liceat
1168 3111 1268 3137 Preffus
1282 3110 1397 3137 nubibus
1412 3111 1450 3137 sol
1466 3112 1529 3138 latet
1549 3109 1631 3137 Ouid.
1645 3111 1730 3137 Triss.
1746 3119 1765 3141 1,
1778 3120 1804 3144 9,
1821 3120 1851 3137 12.
1932 3109 2005 3136 Pulsa
2018 3109 2088 3135 nube
2100 3110 2166 3136 solet
2179 3111 2227 3138 cla-

55 3142 134 3169 nobis
147 3143 281 3171 deditione
294 3144 372 3180 ipfius
384 3144 515 3179 corporis,
529 3144 601 3180 quod
617 3143 746 3179 deliquit,
765 3146 867 3172 euitare
880 3145 934 3173 litis
948 3145 1107 3173 aestimatio·
1167 3146 1229 3173 rior
1238 3147 1278 3173 ire
1293 3147 1349 3173 dies
1369 3146 1450 3173 Ouid.
1459 3146 1545 3174 Trist.
1554 3155 1634 3179 2,142.
1707 3147 1799 3179 Qatit
1813 3146 1894 3172 nubes
1903 3145 2022 3180 Iuppiter
2042 3144 2130 3172 Senec.
2146 3146 2226 3173 Herc.

58 3186 128 3204 nem.
195 3180 276 3206 Causa
288 3180 393 3207 noxalis
418 3180 498 3207 Pauli.
519 3181 536 3207 l.
556 3190 570 3214 4
589 3180 622 3207 D.
641 3180 672 3207 de
693 3182 781 3209 noxal.
800 3181 900 3209 aetion.
972 3181 1107 3209 Iudicium
1165 3182 1220 3208 fur.
1234 3184 1258 3208 6.
1354 3182 1454 3210 Scindit
1466 3183 1491 3209 se
1503 3182 1661 3209 circumfusa
1675 3182 1773 3214 nubes,
1792 3187 1816 3208 et
1833 3182 1860 3207 in
1875 3181 1980 3208 aethera
2000 3187 2094 3215 purgat
2107 3189 2227 3215 apertum

57 3212 154 3239 noxale
171 3214 275 3248 leian.
294 3216 327 3243 D.
342 3215 375 3243 de
388 3216 477 3244 noxal.
490 3216 590 3244 aelion.
609 3217 627 3244 l.
646 3226 659 3244 2
676 3223 702 3244 et
720 3217 738 3244 l.
758 3217 806 3244 vlt.
888 3217 990 3245 Malum
1009 3218 1105 3245 noxale
1167 3218 1244 3251 Virg.
1258 3219 1324 3245 Aen.
1344 3227 1363 3252 1,
1377 3223 1428 3251 587·
1464 3220 1494 3244 de
1506 3219 1581 3252 nube,
1613 3228 1663 3253 qua
1682 3219 1848 3243 circumdatus
1860 3224 1915 3242 erat
1932 3219 2031 3242 Aeneas
2049 3226 2102 3243 curn
2122 3219 2226 3245 Achate.

58 3247 178 3276 Tertull-
191 3249 281 3277 Gener.
295 3260 317 3278 2.
1121 3260 1151 3289 ες
1166 3253 1295 3288 Spill'escit
1316 3254 1421 3281 Lucret.
1434 3256 1460 3287 6,
1474 3261 1524 3288 ¹75·
1616 3254 1758 3280 Summotis
1777 3252 1892 3278 nubibus
1912 3251 2007 3278 cadunt
2021 3250 2120 3279 imbres
2150 3253 2225 3286 Virg.

94 3290 191 3325 Noxl
199 3290 237 3315 A,
253 3294 292 3313 ae.
311 3286 333 3313 f.
359 3288 495 3322 [orbicum
514 3289 594 3324 νοξία]
614 3288 699 3324 Culpa
712 3287 826 3322 dicitur,
844 3289 941 3316 nullon
953 3289 1037 3317 Festo.
1058 3289 1107 3316 Sed
1165 3289 1220 3316 Ecl.
1235 3292 1259 3323 6,
1276 3296 1312 3322 38.
1385 3290 1471 3318 Texit
1483 3289 1565 3316 densis
1580 3291 1622 3316 sua
1636 3288 1752 3316 nubibus
1766 3296 1812 3315 ora
1826 3288 1934 3314 Lucifer
1954 3287 2036 3313 Ouid.
2051 3288 2115 3314 Met.
2131 3298 2159 3322 u,
2173 3286 2224 3323 573.

54 3328 104 3346 non
123 3319 230 3355 dtfferre
248 3330 265 3360 ς
280 3321 358 3349 Noxa
375 3325 440 3349 modo
457 3324 576 3351 diximus.
623 3326 709 3360 Neque
726 3325 863 3350 audiendus
883 3324 916 3361 est
934 3325 1008 3353 Non.
1027 3334 1051 3359 ς,
1069 3327 1104 3359 67
1166 3325 1302 3352 Trahitur
1313 3325 1423 3353 obscura
1439 3326 1522 3353 nubes
1536 3332 1618 3352 vento
1640 3325 1713 3359 Virg.
1727 3324 1826 3359 Georg.
1840 3335 1864 3357 4,
1877 3326 1920 3349 60.
2003 3323 2140 3351 Tremunt
2154 3325 2225 3359 glau.

54 3356 136 3384 Nora
149 3360 175 3382 et
188 3355 279 3395 Noxia
289 3355 356 3383 hanc
367 3357 464 3386 habent
473 3359 665 3394 diuerfitatem‚
690 3360 762 3395 quod
781 3360 817 3387 est
836 3369 905 3387 noxa
919 3369 1055 3396 peccatum
1068 3361 1105 3387 le·
1166 3370 1196 3388 ca
1208 3361 1277 3388 nube
1291 3361 1392 3388 lumina
1425 3362 1513 3389 Valer.
1528 3363 1626 3396 Argon.
1640 3369 1663 3393 2,
1675 3369 1732 3393 499.
1898 3356 1920 3397 ἦ
1933 3366 1946 3391 3
1965 3357 2074 3390 Nubes,
2100 3363 2224 3388 translate

53 3401 89 3433 v?
124 3405 171 3412 -—·
206 3389 312 3431 Noxia,
332 3394 460 3432 nocentia.
505 3396 637 3428 Reftllitur
649 3398 713 3422 em'm
725 3397 769 3422 vel
773 3395 831 3432 suit
845 3398 972 3431 exemplis.
1015 3399 1105 3423 Serua-
1164 3404 1210 3432 pro
1227 3396 1356 3432 Tristitia,
1376 3406 1401 3424 et
1407 3398 1545 3433 seueritate
1559 3397 1738 3426 mmmmm,
1758 3404 1820 3429 quae
1831 3395 1956 3421 contrane
1968 3394 2105 3428 acsublato
2111 3396 2222 3431 fitperci.

53 3434 99 3468 ιη(
106 3435 188 3453 tamen
201 3427 234 3451 tbi
248 3427 324 3452 locum
338 3426 473 3468 Ciceronis
488 3438 520 3457 ex
533 3431 686 3465 Hortensio,
706 3433 737 3460 Et
750 3438 862 3459 caeteras
876 3432 985 3467 quidem
997 3441 1056 3465 res,
1075 3431 1104 3457 in
1117 3441 1154 3466 90
1165 3433 1385 3468 liostgm‘fimm,
1412 3435 1477 3468 quod
1488 3433 1578 3458 Graeci
1597 3431 1627 3458 τὸ
1645 3433 1692 3458 τῶν
1714 3431 1803 3464 dolium
1822 3434 1902 3461 νέφος,
1938 3430 1968 3455 id
1986 3430 2018 3471 est
2033 3432 2222 3466 superciliorum

54 3462 151 3497 quibus
166 3468 269 3497 peccata
283 3470 338 3503 non
350 3471 462 3491 maxime
473 3466 586 3494 afferunt
598 3468 707 3501 noxias,
725 3476 771 3495 etc.
820 3469 894 3502 Conf.
908 3470 928 3496 Ι.
944 3469 1002 3495 Nic.
1021 3466 1106 3502 Lotus.
1165 3469 1263 3498 nubem.
1289 3468 1411 3504 appellant
1443 3470 1511 3495 Hor.
1528 3467 1605 3502 Epist·
1621 3477 1638 3501 ¹,
1654 3473 1689 3500 18,
1704 3476 1733 3499 9⁴
1785 3464 1867 3491 Deme
1880 3464 2022 3500 supercilio
2035 3467 2150 3501 nubem,
2171 3469 2223 3502 ple-

53 3497 174 3538 ·Effisshyu·
187 3506 211 3538 ‚52
223 3506 254 3524 ¹¹·
282 3498 309 3538 ,Ί
319 3506 362 3538 ef·-
371 3497 475 3526 Photm·
490 3510 508 3535 ¹,
516 3511 540 3534 4,
551 3510 587 3537 47
623 3504 795 3531 Meministin'
807 3504 873 3531 olim
887 3509 916 3531 vt
928 3505 1011 3531 fuerit
1022 3503 1107 3529 vestra
1165 3513 1278 3539 rumque
1292 3504 1424 3531 modestus
1462 3505 1578 3538 Occupat
1590 3502 1695 3530 obscuri
1710 3501 1820 3536 speciem
1829 3520 1837 3533 ,
1858 3507 1903 3527 etc.
1941 3502 2023 3528 Ouid.
2039 3502 2126 3530 Trist.
2137 3514 2158 3536 5,
2166 3512 2188 3537 ς,
2196 3514 2223 3530 22

54 3539 160 3574 oratio,
185 3541 213 3560 1n
226 3542 262 3574 're
280 3532 435 3568 incipiunda
453 3534 486 3561 aa
503 3536 692 3566 defendendam
712 3540 837 3566 noxiam?
873 3541 927 3566 vid.
949 3540 985 3565 ihi
1006 3539 1104 3566 Donat.
1164 3541 1224 3567 Pars
1238 3540 1308 3567 vitae
1322 3540 1390 3567 tristi
1411 3546 1510 3567 caetera
1530 3539 1599 3566 nube
1617 3544 1696 3564 vacet.
1732 3538 1786 3562 vid.
1808 3539 1875 3563 Dan.
1889 3537 1975 3572 Heius.
1996 3545 2020 3563 et
2040 3538 2167 3566 Drakenb.
2189 3540 2224 3565 ml

25 3599 27 3607 .
54 3569 111 3596 cte.
124 3568 156 3596 de
169 3568 261 3605 Legib.
270 3577 293 3603 3,
307 3579 325 3596 11
339 3578 361 3596 c.
375 3577 394 3602 4
447 3570 528 3610 Qiod
546 3573 604 3607 quis
622 3583 713 3602 earum
733 3584 824 3602 rerum
838 3576 985 3610 uugi-asset,
1010 3574 1106 3602 noxiae
1165 3576 1212 3604 Sil.
1227 3582 1251 3607 8,
1265 3579 1315 3608 613.
1405 3577 1504 3603 Caecae
1516 3575 1614 3606 nubes,
1634 3572 1773 3602 tenebrae,
1799 3572 1929 3607 procellae
1943 3572 2018 3608 Reip.
2032 3574 2089 3601 Cic.
2105 3584 2153 3610 pro
2168 3575 2223 3601 DO-

57 3611 141 3644 poena
160 3613 207 3640 par
223 3605 286 3633 esto.
374 3604 524 3632 admittere
534 3610 649 3644 noxiam,
668 3611 727 3638 vid.
739 3618 820 3637 ΑΒΜ
830 3619 838 3638 1
850 3618 873 3639 Τ
885 3618 908 3639 Τ
918 3618 947 3639 ο.
1018 3611 1104 3637 Careo
1118 3617 1151 3644 93
1164 3621 1209 3638 mo
1230 3622 1266 3645 24.
1338 3613 1425 3646 Opaca
1441 3611 1510 3638 nube
1525 3610 1618 3637 mortis
1632 3608 1719 3642 grauis
1733 3608 1821 3634 vultus
1842 3609 1902 3635 Stat.
1920 3609 1985 3636 Silu.
2000 3620 2023 3642 4,
2038 3613 2062 3642 6,
2077 3619 2113 3643 73.
2167 3610 2220 3636 Ti-

56 3647 153 3679 npxia,
166 3647 212 3682 pro
225 3643 256 3666 ln
270 3642 342 3676 culpa
353 3641 463 3676 nonsum
487 3641 568 3668 Plaut.
589 3644 679 3672 Bacch.
691 3657 715 3679 4,
728 3656 754 3680 9,
767 3652 800 3677 81.
873 3648 1046 3674 Commerere
1057 3655 1104 3673 no-
1165 3656 1226 3674 mor
1241 3648 1278 3675 est
1290 3647 1372 3675 nubes
1387 3648 1482 3674 mentis
1502 3646 1593 3673 Claud.
1610 3644 1672 3670 Bell.
1688 3644 1746 3670 Get.
1759 3653 1799 3677 4¹·
1877 3645 1946 3671 Pelle
1961 3645 2106 3679 soporiferi
2119 3647 2221 3672 scnium

56 3682 136 3708 ziam,
154 3677 208 3703 md.
228 3682 247 3703 c
259 3683 279 3703 ο
289 3683 428 3717 MMI-{RE
440 3682 472 3703 ο.
534 3677 648 3717 ,Ἦρίᾶιῃ
666 3681 684 3707 Ι.
699 3692 706 3709 ι
726 3692 766 3718 pr.
787 3683 814 3709 ff.
834 3683 860 3709 Si
881 3683 1029 3718 quadrupes
1043 3691 1105 3716 pau·
1165 3683 1317 3717 nubemque
1331 3683 1433 3710 veterni
1456 3683 1550 3709 Auson.
1564 3681 1610 3713 Ep.
1626 3689 1661 3713 14,
1671 3688 1693 3706 2.
1772 3679 1865 3707 Nubes
1879 3681 1947 3707 meri
1970 3681 2029 3708 Val.
2044 3682 2126 3708 Flacc.
2140 3690 2162 3714 3,
2178 3683 2218 3707 ⁶6.

28 3727 29 3731 ¹
57 3717 121 3750 Ρθῑῗχ
147 3711 220 3744 Qae
240 3712 280 3753 ¹031
299 3713 401 3747 volmt,
425 3719 470 3752 aut
483 3712 541 3752 dart
560 3714 632 3746 quod
645 3718 749 3752 nocuit,
769 3718 797 3745 id
810 3719 861 3752 est,
878 3718 905 3745 id
918 3719 1015 3746 animal
1031 3718 1104 3753 quod
1165 3718 1295 3746 Percuss'us
1307 3718 1378 3745 nube
1392 3719 1494 3753 soporis
1521 3716 1559 3743 ld.
1580 3721 1602 3748 8,
1616 3720 1650 3746 8¹.
1849 3713 1871 3754 ff
1886 3727 1900 3749 4
1937 3717 2031 3743 Nubes
2047 3725 2092 3752 per
2110 3717 2218 3742 transla-

57 3753 166 3773 ¹¹⁰X¹³m
178 3747 318 3776 “Ommffitt
336 3755 381 3776 aut
395 3748 603 3776 aestlmatloflem
618 3751 711 3777 noxiae
724 3754 831 3781 offerre.
877 3754 966 3781 Noxia
982 3753 1054 3780 enim
1067 3753 1102 3780 est
1163 3755 1268 3791 tlonem,
1285 3762 1332 3790 pro
1345 3755 1513 3781 Multitudine
1525 3760 1548 3777 et
1559 3751 1685 3783 denſstnte.
1765 3750 1859 3778 Nubes
1871 3753 1901 3778 de
1912 3755 1994 3787 Apum
2008 3753 2121 3778 examine
2141 3752 2215 3783 Virg.

28 3791 30 3794 ⁴
57 3780 144 3814 ipsum
156 3782 296 3811 Deliftum.
369 3785 422 3812 Effe
436 3784 546 3817 noxiae,
567 3792 597 3809 vt
611 3785 704 3811 Fraudi
715 3789 776 3822 effi.-
815 3797 861 3826 pro
886 3791 954 3816 Vitio
972 3797 997 3816 et
1018 3790 1157 3823 culpat-100
1165 3791 1263 3825 Georg.
1277 3801 1300 3823 4,
1310 3792 1353 3818 60.
1422 3793 1451 3815 it.
1465 3790 1494 3814 de
1509 3787 1583 3821 densa
1597 3787 1706 3827 caligine
1719 3796 1749 3813 er
1759 3788 1862 3822 puluere
1882 3787 1919 3814 ld.
1935 3790 2000 3814 Aen.
2016 3797 2039 3822 9,
2055 3796 2087 3820 35.
2158 3785 2216 3811 Liu-

57 3817 125 3842 dari.
159 3817 270 3851 Liu.34‚
283 3828 310 3853 19
329 3820 355 3847 Si
367 3820 478 3848 domum
491 3820 565 3846 abire
578 3820 692 3852 vellent,
711 3823 813 3856 publica
825 3825 877 3852 fide
890 3832 1010 3861 accepta,
1033 3824 1102 3852 nihil
1163 3835 1199 3859 35,
1220 3835 1251 3859 49
1277 3827 1332 3852 Rex
1345 3822 1437 3853 contra
1455 3823 1590 3858 peditum,
1615 3830 1790 3857 equitumque
1810 3822 1892 3849 nubes
1906 3824 2000 3856 iafmt,
2033 3830 2058 3849 et
2076 3820 2216 3848 consternit

30 3859 31 3878 3
56 3860 114 3878 eam
131 3860 188 3879 rem
205 3854 299 3882 noxiae
313 3855 447 3892 futuram,
480 3856 552 3892 quod
571 3857 596 3882 se
616 3855 733 3883 hostibus
753 3858 901 3888 iunxissem.
974 3863 1006 3889 In
1023 3861 1102 3888 noxia
1163 3862 1246 3888 maria
1259 3862 1311 3888 suis
1324 3860 1448 3888 clastibus.
1504 3857 1594 3884 Tacit.
1608 3858 1675 3884 Hist.
1690 3868 1710 3891 3,
1725 3867 1749 3890 2,
1764 3863 1777 3888 8
1801 3859 1881 3886 Nunc
1901 3859 1976 3886 XVI
1995 3859 2094 3885 alarum
2107 3855 2215 3893 coniun-

32 3915 33 3919 =
54 3887 243 3928 ‘ffii’ss‘flpflm
253 3890 316 3926 i”fi
329 3893 476 3923 “dmfi‘m’e’
495 3893 565 3919 Ter·
580 3891 688 3918 Phorm-
703 3900 726 3924 2,
740 3900 759 3924 Ι,
773 3895 810 3924 3⁶-
879 3898 911 3924 ln
930 3897 1010 3925 noxia
1029 3902 1102 3923 tene·
1164 3896 1206 3923 &a
1219 3897 1286 3932 ligna
1296 3918 1304 3930 ,
1329 3897 1403 3931 pulsu
1423 3894 1563 3928 sonituque
1580 3899 1607 3920 et
1624 3893 1695 3920 nube
1709 3894 1761 3928 ipsa
1775 3895 1897 3929 operient
1910 3901 1935 3921 et
1949 3891 2135 3928 superfundent
2148 3889 2216 3915 obli„

32 3935 33 3955 ξ
53 3931 84 3963 ,te
97 3932 222 3964 1¹¹¹¹¹¹¹50⁸
247 3925 326 3953 th-
341 3927 396 3955 Cas-
412 3936 437 3961 2,
451 3934 473 3961 8,
486 3936 524 3962 7¹-
595 3927 701 3954 ΝΟΧῑᾶἓ
713 3928 777 3960 etse,
793 3931 889 3957 Damno
900 3933 954 3967 effla
1010 3932 1100 3959 Celsus
1163 3938 1204 3959 tos
1222 3932 1386 3967 praeliorum
1405 3929 1506 3963 equites
1525 3938 1669 3964 equosque.
1766 3930 1911 3957 Armorum
1931 3929 2012 3955 nubes
2049 3928 2108 3952 Stat.
2122 3925 2214 3951 Theb.

53 3967 83 3987 m
98 3959 117 3987 l.
133 3960 247 3993 Quntu:
260 3961 370 3992 Mutius.
407 3964 440 3992 D.
459 3963 578 3993 Mandati
597 3964 738 3993 Caeterum
758 3963 787 3990 in
804 3965 950 3999 posteriore
968 3969 1026 3997 casu
1045 3977 1100 3996 non
1115 3978 1189 4006 ¹054»
1204 3975 1258 4004 839.
1331 3966 1397 3996 Belli
1410 3964 1491 3991 nubes
1512 3965 1587 4000 Virg-
1601 3966 1665 3993 Acn.
1682 3974 1720 3995 ιο,
1732 3971 1791 3998 809·
1881 3965 2015 3992 Bellorum
2029 3961 2154 3995 puluerea
2166 3970 2214 3986 nu.

1361 4002 1468 4030 0002
2168 3995 2214 4022 bn
