2517 4231
250 244 326 287 747
644 221 910 268 PEC

248 322 305 351 auri
340 319 440 346 maiore
454 317 557 352 argenti
571 314 673 341 consto.
716 311 790 345 Confi
804 311 882 345 Apul.
896 310 963 350 Met.
976 318 1004 335 10
1018 317 1042 342 p.
1059 315 1113 339 247.
1219 306 1310 347 Alium

249 342 345 392 eumq’ue
364 354 487 390 obscenum
498 351 614 387 sensum,
649 350 703 376 vid.
725 348 754 373 in
766 348 855 373 Carm.
873 347 959 380 Priap.
982 353 1008 375 52
1034 343 1146 370 Pulchre
1165 342 1309 378 pensilibus

251 392 474 456 Pei>lil3mctiisiio‚
500 425 556 448 ire.
592 419 725 454 [ἀφιιςέω]
761 418 861 445 Peculio
881 424 978 451 augere.
1016 415 1100 447 Plaut.
1115 415 1182 442 Pers.
1197 425 1219 448 2,
1237 424 1260 449 2,
1280 423 1309 441 10

250 466 335 499 Atque
355 461 429 489 istanc
443 457 477 484 ob
491 465 548 483 rem
560 464 613 488 ego
624 452 710 488 aliqui
722 462 747 480 te
761 451 910 488 peculiabo.
983 451 1025 476 Sic
1041 453 1078 476 ad
1085 458 1191 486 puerum
1205 460 1311 476 vernam
1331 456 1345 480 ς

244 501 332 538 scmus
355 504 455 532 nequam
468 503 476 517 .·
512 492 552 517 cui
571 490 612 516 ille
639 491 677 516 ita
702 490 846 526 respondet,
877 495 908 514 vt
931 488 967 513 ad
984 487 1134 522 impudicum
1151 488 1214 522 quid
1231 486 1310 513 alludi

251 541 397 598 aplifisezt'xi
405 574 421 594 L
430 573 448 593 ο
458 571 492 598 R,
512 562 561 589 ari.
574 562 641 596 Dep.
655 562 764 596 [κλέπτω
775 559 806 586 «ὃ
821 559 903 594 κοινὸν]
925 557 1019 584 Furari
1031 566 1069 591 ea,
1076 567 1141 592 quae
1153 558 1308 594 adRempub.

246 606 292 645 sen
303 605 434 642 prlfflcipem
444 599 579 636 pertinent.
617 597 736 624 Peculari
752 594 884 630 Rempub.
903 593 978 622 Flor.
988 601 1100 633 3‚17‚3.·

287 650 302 670 p
314 649 327 668 F
337 646 379 667 cv
389 645 405 664 1.
414 638 436 663 Ᾰ
446 641 467 662 Τ
479 641 498 662 O
508 641 543 668 R,
565 633 630 660 faris.
667 642 704 661 m.
739 632 861 666 [κλέπτης
879 631 911 657 ri
924 630 1007 664 κοινιέ]
1045 630 1103 664 Qu
1121 629 1226 656 furtum
1244 628 1309 656 facit
1318 637 1347 655 ιο

271 676 372 705 ecuniae
386 671 519 707 publicae,
539 670 607 696 au&
617 668 813 696 AsconaACic.
823 666 879 694 A&
895 676 902 693 1
916 666 946 692 in
959 667 1037 692 Verr.
1051 674 1065 692 2
1086 665 1130 692 vbi
1148 666 1225 691 etiam
1241 666 1311 700 apud

251 716 404 742 Ciceronem
421 707 504 743 lfgffl’
516 707 618 732 videtur
631 704 812 732 Peculatorem
825 702 937 732 aerarii,
956 703 1022 736 quod
1033 702 1104 727 hodie
1117 701 1211 736 legitur
1224 701 1309 735 Depe-

250 750 397 777 culatorcm.
469 741 526 768 Cic.
541 742 596 769 Off.
610 750 634 774 3,
646 749 677 776 73
692 750 714 767 c.
728 747 753 770 18
782 740 880 773 Neque
894 739 967 764 enim
982 737 1014 767 de
1027 737 1141 770 ficariis,
1171 736 1307 770 veneficis,

249 779 459 813 ressatircntariis,
479 777 602 811 furibus,
625 776 822 813 peculatoribus
836 776 887 802 hoc
902 775 961 800 loco
974 773 1150 800 differendum
1164 773 1210 799 est.

283 825 300 845 r
310 822 350 843 ec
360 822 381 841 v
392 822 408 841 1.
419 822 441 841 Α
453 820 476 841 Τ
487 815 508 840 6
516 821 535 840 R
544 821 553 839 1
564 820 584 838 v
598 820 611 840 s
620 835 629 847 ‚
649 822 672 847 a,
692 822 747 840 um.
770 812 831 838 Adi.
870 812 942 837 Oues
955 809 1152 844 peculatoriae,
1171 817 1234 843 quac
1244 807 1304 844 scil.
1323 814 1348 839 ις

239 855 319 892 [ενιιιῖι
333 850 564 885 autfiliisfamilias
572 849 635 886 sunt
648 852 676 875 in
686 849 782 885 peculio
801 849 890 875 Varro
899 846 1080 880 chL04,19.
1118 844 1193 879 Conf.
1204 845 1306 871 Taubm.

244 891 270 917 in
282 889 362 916 Plaut.
377 886 447 913 Afin.
463 895 488 921 p.
502 895 547 917 135.

282 932 297 952 Ρ
311 931 325 950 E
335 930 351 951 C
361 930 382 949 V
392 929 408 949 L
419 923 441 950 A
454 928 476 949 Τ
487 928 509 948 V
518 928 547 954 S,
566 919 603 948 fis.
624 930 659 947 m.
696 920 806 954 [κλέμμα
817 919 851 945 n?
863 919 940 953 κυινέ]
976 916 1098 943 Pecuniae
1116 916 1231 951 publicae
1242 916 1306 949 ficr-

242 970 300 989 tum.
339 959 394 985 Cic.
409 960 486 985 Verr.
501 967 519 990 ι,
534 967 553 983 ιι
584 957 668 983 Erunt
681 956 761 982 etiam
775 955 880 982 fortasse
892 953 996 981 Iudices
1006 974 1015 986 ,
1039 953 1086 988 qui
1098 953 1175 979 illum
1190 952 1247 978 eius
1261 961 1306 987 pe-

242 997 352 1023 culatum
367 995 410 1021 vel
423 993 552 1021 acerrime
571 991 760 1018 vindicandum
776 996 879 1026 putent:
917 989 989 1024 quod
1002 989 1050 1016 iste
1064 989 1101 1016 Μ.
1117 988 1253 1021 Marcelli,
1279 993 1306 1015 et
1313 994 1345 1012 20

241 1034 267 1061 P.
283 1030 400 1058 Africani
414 1030 596 1061 monimenta,
623 1037 690 1062 quae
702 1028 814 1054 nomine
827 1027 955 1060 illorum,
992 1034 1022 1052 re
1033 1034 1098 1052 vera
1112 1026 1175 1059 Pop.
1189 1024 1305 1051 Romani

240 1076 266 1096 et
278 1073 366 1098 erant,
401 1072 427 1093 et
442 1064 623 1095 habebantur,
660 1073 692 1090 ex
705 1063 775 1090 fanis
789 1062 1005 1097 religiofiffimis‚
1046 1070 1078 1088 ex
1091 1060 1204 1088 vrbibus
1222 1061 1304 1087 socio-

240 1114 298 1133 rum
308 1125 315 1137 ,
336 1109 413 1136 atque
427 1101 574 1127 amicorum
583 1121 592 1133 ‚
619 1109 675 1126 non
689 1099 852 1126 dubitauerit
866 1099 981 1126 auferre.
1073 1098 1141 1125 Jbid.
1161 1096 1305 1132 Impuden-

239 1140 359 1168 tiffimum
378 1144 452 1165 tuum
472 1137 589 1168 furtum,
628 1136 852 1170 certissimumque
871 1135 1031 1170 peculatum.
1142 1133 1212 1160 Gell.
1227 1141 1257 1166 ιι,
1279 1138 1304 1164 ¹8

239 1178 275 1204 M.
288 1177 352 1203 Cato
389 1189 434 1194 —-
471 1172 676 1199 vehementibus
696 1179 722 1199 et
740 1171 888 1199 illustribus
907 1170 996 1198 verbis
1009 1169 1041 1197 de
1053 1170 1214 1205 impunitate
1226 1178 1303 1203 pecu-

239 1214 302 1240 latus
315 1219 390 1245 atque
403 1209 512 1236 licentia
524 1209 701 1244 conqueritur
737 1224 783 1228 —
818 1208 916 1240 Fures,
941 1206 1049 1244 inquit,
1065 1206 1235 1241 priuatorum
1247 1205 1304 1231 fur·

239 1255 324 1275 torum
340 1247 367 1273 in
380 1254 465 1271 neruo
479 1251 557 1279 atque
571 1245 599 1271 in
613 1243 787 1280 compedibus
802 1250 914 1271 aetatem
928 1249 1022 1278 agunt:
1058 1243 1131 1269 fures
1152 1241 1253 1278 publici
1272 1241 1303 1267 in

238 1293 302 1311 auro
315 1288 389 1317 atque
404 1281 432 1307 in
447 1290 573 1315 purpura.
647 1281 754 1308 Aerarii
767 1279 899 1316 peculatus
913 1279 998 1306 faetus
1019 1278 1119 1306 Sallust.
1132 1277 1303 1313 Iugurth.36.

239 1320 383 1350 l’eculatus,
420 1317 533 1343 Furtum
552 1316 690 1352 publicum
707 1316 762 1344 dici
782 1322 888 1351 coeptus
904 1315 940 1342 est
958 1325 973 1342 a
986 1324 1098 1350 pecore,
1136 1315 1200 1350 quia
1213 1313 1246 1341 ab
1259 1322 1301 1346 e0,

238 1356 343 1383 initium
357 1354 413 1380 eius
429 1353 530 1379 fraudis
544 1355 592 1380 esse
607 1353 704 1388 coepit.
794 1351 932 1386 Siquidem
946 1358 1005 1378 ante
1019 1360 1076 1384 aes,
1101 1357 1145 1377 aut
1161 1357 1301 1385 argentum

237 1393 359 1420 lignatum
368 1410 376 1423 ,
395 1389 432 1416 ob
446 1389 560 1423 delicia,
581 1398 666 1424 poena
677 1388 826 1424 grauissima
839 1394 895 1414 erat
908 1387 1021 1414 duarum
1036 1387 1146 1419 ouium,
1167 1393 1192 1413 et
1203 1386 1299 1420 trigin-

238 1422 269 1456 m.
281 1428 366 1454 boum.
441 1426 503 1454 Eam
517 1426 604 1461 legem
616 1426 758 1452 sanxerunt
769 1425 807 1451 T.
821 1423 964 1450 Menenius
979 1424 1094 1449 Lanatus
1107 1428 1133 1449 et
1147 1422 1242 1449 Sestius
1249 1422 1300 1447 Ca-

233 1464 358 1500 pitolinus
373 1461 501 1488 consules.
594 1463 671 1495 Qiae
690 1460 800 1496 pecudes
817 1459 957 1494 postquam
971 1467 1031 1485 aere
1043 1457 1144 1492 signato
1159 1458 1197 1484 vti
1211 1456 1299 1492 coepit

233 1499 344 1534 Populus
367 1498 505 1525 Romanus
519 1497 641 1532 Tarpeia
654 1498 712 1532 lege
723 1502 830 1523 cautum
845 1495 897 1529 est,
934 1501 963 1521 vt
975 1494 1024 1521 bos
1039 1493 1195 1521 centuffibus
1205 1515 1214 1527 ‚
1237 1493 1298 1519 ouis

232 1534 371 1563 decuffibus
386 1534 578 1560 aestimaretur.
614 1533 713 1560 Festus.
787 1535 864 1565 Item,
901 1531 1037 1557 Peculatus
1052 1530 1088 1557 est
1105 1539 1175 1556 nunc
1189 1529 1299 1564 quidem
1315 1538 1342 1561 35

233 1571 412 1607 qualecunque
427 1569 564 1604 publicum
578 1569 696 1596 furtum:
734 1568 778 1595 sed
794 1567 935 1594 inductum
946 1567 984 1594 est
1002 1576 1017 1593 a
1031 1575 1144 1601 pecore,
1175 1572 1204 1593 vt
1222 1574 1298 1601 pecu-

231 1608 272 1635 nia
286 1615 392 1642 quoqne
407 1605 468 1640 ipsa.
541 1607 597 1633 Iam
612 1605 693 1632 etiam
706 1604 783 1632 noxii
797 1613 892 1639 pecore
905 1603 1104 1636 multabantur,
1123 1602 1194 1637 quod
1210 1610 1298 1636 neque

231 1643 295 1671 acris
307 1642 409 1673 adhue,
441 1650 530 1677 neque
549 1641 652 1676 argenti
670 1648 726 1668 erat
740 1641 830 1676 copia:
868 1640 959 1674 itaque
977 1641 1097 1673 suprema
1115 1639 1198 1666 multa
1215 1638 1298 1664 etiam

231 1688 297 1707 nunc
312 1678 467 1714 appellatur.
506 1678 618 1705 Paullus.
732 1679 833 1704 Fundus
846 1676 882 1712 est
898 1677 984 1702 Varro
997 1675 1029 1701 de
1042 1676 1072 1702 L.
1087 1676 1117 1702 L.
1126 1682 1162 1708 14,
1179 1684 1204 1708 ¹9
1218 1684 1243 1709 p.
1259 1682 1296 1707 25,

231 1721 257 1747 18
277 1715 345 1742 Hinc
360 1715 511 1750 peculatum
527 1713 663 1748 publicum
689 1712 873 1749 (appellarunt)
894 1713 984 1746 primo
998 1717 1026 1738 vt
1041 1720 1101 1738 cum
1115 1720 1211 1746 pecore
1226 1710 1295 1737 dice·
1303 1720 1336 1744 40

231 1758 301 1779 retur
313 1752 413 1784 multa,
429 1756 456 1777 et
469 1749 497 1777 id
513 1751 574 1777 esset
587 1750 710 1777 coactum
725 1750 753 1776 in
768 1748 917 1784 publicum,
935 1747 953 1774 si
966 1753 1021 1775 erat
1036 1748 1169 1774 auersum.
1248 1746 1296 1772 Hi-

224 1787 325 1825 storiam
338 1787 474 1815 Peculatus
487 1789 563 1822 petet,
579 1787 623 1820 qm*
636 1788 711 1819 volet,
725 1796 740 1811 a
752 1785 870 1811 Memmio
882 1786 914 1810 de
927 1784 1048 1819 Legibus,
1068 1782 1179 1809 et¹ICtis
1193 1783 1228 1807 ad
1234 1782 1298 1808 Tit.

231 1823 305 1851 Pand.
326 1827 377 1856 (48,
391 1826 425 1857 13)
448 1822 480 1849 ad
494 1823 523 1854 L.
539 1823 634 1850 Iuliam
650 1822 800 1848 Pcculatus:
837 1821 897 1846 inde
907 1826 1022 1855 ponemus
1034 1820 1101 1844 modo
1115 1819 1132 1848 1,
1146 1827 1155 1845 1
1177 1818 1246 1851 Lege
1255 1819 1297 1844 Iu.

230 1860 263 1887 lia
277 1860 409 1894 peculatus
427 1864 550 1891 cauetur,
570 1868 604 1885 ne
618 1858 677 1893 quis
690 1867 722 1884 ex
736 1856 848 1892 pecunia
860 1857 948 1888 sacra,
982 1855 1123 1890 religiosa,
1153 1853 1296 1888 publicaue

230 1896 342 1929 auferat,
362 1904 431 1922 neue
444 1895 613 1929 intercipiat,
634 1903 702 1920 neue
717 1894 746 1920 in
761 1902 817 1920 rem
831 1893 904 1918 suam
918 1896 1020 1923 vertat3
1056 1899 1123 1917 neue
1137 1889 1224 1923 faciat,
1240 1898 1295 1924 quo
1311 1897 1340 1923 45

230 1932 286 1966 quis
299 1932 418 1965 auferat,
439 1931 611 1965 intercipiat,
631 1930 674 1957 vel
687 1931 715 1957 in
728 1939 787 1956 rem
799 1930 871 1955 suam
885 1934 986 1961 vertat,
1006 1926 1055 1953 nifi
1069 1927 1113 1953 cui
1126 1926 1219 1961 vtique
1235 1925 1293 1960 lege

228 1967 330 1995 licebit:
367 1976 437 1994 neue
452 1967 511 2003 quis
530 1968 560 1994 in
577 1976 689 1999 aurum,
722 1971 877 2001 argentum,
910 1973 952 1990 aes
973 1963 1110 1998 publicum
1130 1962 1196 1996 quid
1209 1961 1295 1996 indat,

227 2013 290 2031 nene
305 2004 467 2036 immisceat,
493 2012 564 2030 neue
578 2011 633 2037 quo
647 2002 712 2037 quid
728 2001 852 2033 indatur,
880 2001 1080 2034 immisceatur,
1107 1998 1186 2025 faciat
1200 1998 1294 2030 sciens,

228 2039 288 2067 dolo
303 2041 390 2073 malo,
411 2038 484 2075 quod
500 2039 528 2066 id
541 2039 617 2074 peius
632 2039 686 2065 fiat.
760 2038 882 2071 Reliqua,
901 2043 932 2062 vt
945 2036 1055 2062 diximus
1068 2035 1163 2061 dabunt
1178 2035 1234 2060 lCti
1253 2043 1295 2060 ve·

228 2084 288 2103 teres
299 2083 323 2102 et
337 2076 401 2103 noui.
474 2076 528 2102 Nos
533 2076 659 2110 formulas
674 2074 770 2109 aliquot
783 2073 929 2098 videbimus.
1020 2071 1104 2098 Plaut.
1120 2070 1184 2097 Cist.
1200 2080 1219 2105 i,
1232 2080 1251 2102 ι,
1264 2079 1294 2102 74
1309 2081 1341 2103 50

227 2112 382 2139 Perfidiosus
398 2111 435 2139 est
457 2120 543 2139 amor.
615 2118 652 2138 Si.
689 2111 760 2145 Ergo
780 2109 808 2135 in
828 2118 871 2136 me
885 2108 1035 2143 peculatum
1049 2107 1128 2141 facit,
1163 2107 1181 2132 i.
1200 2107 1294 2141 pf’fide

227 2157 262 2174 me
280 2149 381 2176 trat‘lat.
514 2149 586 2175 Reus
610 2147 743 2182 peculatus
777 2146 843 2172 Aur.
865 2144 963 2172 Vie‘kor
983 2144 1015 2171 de
1030 2143 1105 2170 Viris
1118 2142 1200 2169 illust.
1215 2151 1237 2168 c.
1252 2149 1294 2174 50.

227 2184 346 2211 Accusari
360 2184 494 2220 peculatus
513 2184 617 2211 Anam·
630 2183 662 2210 ad
676 2183 798 2209 Herenn.
813 2191 822 2208 ι
835 2190 856 2208 c.
872 2189 904 2207 12.
1014 2179 1145 2207 Damnari
1159 2178 1293 2213 peculatus

228 2220 282 2248 Cic.
297 2230 346 2255 pro
366 2221 449 2248 Flacc.
463 2229 490 2254 43
505 2226 574 2250 c.18.

262 2263 359 2284 PECV
372 2263 394 2284 N
407 2264 466 2291 ΙΑ,
495 2265 533 2284 ae.
571 2255 592 2282 f.
630 2255 777 2291 [lte-ybqu,
803 2253 944 2288 χρήματα]
989 2252 1094 2287 Proprie
1114 2251 1194 2277 Numi
1213 2250 1327 2286 aenei555

230 2293 354 2328 argentei,
373 2293 459 2320 aurei.-
496 2292 586 2318 deinde
599 2292 707 2317 diuitiae
719 2300 815 2323 omnes,
833 2299 896 2324 quae
906 2288 988 2323 pretio
1005 2286 1175 2323 aestimantur.
1213 2288 1294 2313 Pecu-

230 2328 287 2359 nia,
305 2328 376 2356 dicta
390 2328 427 2355 est
440 2338 455 2356 a
467 2336 580 2364 pecore,
604 2327 657 2354 siue
671 2336 685 2353 a
697 2335 778 2361 pecu:
817 2325 880 2360 quia
892 2324 982 2351 omnis
997 2323 1138 2358 pecuniae,
1159 2332 1237 2357 pecus
1251 2323 1292 2348 fu-

231 2364 251 2390 it
264 2364 464 2392 fundamentum
474 2386 482 2398 ,
502 2372 531 2390 vt
545 2365 584 2390 ait
597 2365 675 2390 Varr.
691 2364 722 2389 de
738 2363 769 2389 R.
782 2362 813 2388 R.
828 2371 851 2395 2,
865 2369 886 2388 1.
941 2360 1016 2394 Conf.
1029 2360 1084 2386 Cic.
1099 2358 1131 2385 de
1147 2359 1213 2394 Rep.
1227 2360 1297 2394 apud

232 2400 302 2428 Non.
312 2411 329 2436 1,
338 2409 390 2435 204
409 2411 478 2436 quem
494 2402 580 2426 damus
593 2400 620 2425 in
635 2404 857 2426 PECVNIOSVS.
901 2395 1152 2424 Columsrraefat.
1171 2396 1201 2422 In
1218 2394 1295 2421 rusti-

233 2437 330 2463 catione
344 2438 388 2464 vel
405 2436 584 2472 antiquissima
597 2435 634 2462 est
646 2436 716 2462 ratio
728 2434 868 2470 pascendi,
905 2432 1050 2467 eademque
1064 2431 1334 2466 quaestuosiffima,60

232 2479 335 2506 propter
348 2473 421 2509 quod
436 2473 547 2500 nomina
565 2480 672 2506 quoque
688 2478 713 2497 et
728 2470 872 2505 pecuniae,
897 2475 923 2496 et
936 2468 1050 2504 peculii,
1070 2467 1153 2494 traeta
1166 2467 1294 2494 videntur

231 2516 248 2534 a
261 2517 367 2542 pecore,
393 2509 523 2544 quoniam
538 2508 565 2534 id
579 2508 666 2534 solum
678 2514 780 2534 veteres
793 2506 976 2540 possederunt,
999 2511 1026 2531 et
1038 2503 1122 2531 adhuc
1136 2504 1206 2539 apud
1219 2512 1295 2538 quas.

234 2543 289 2570 dam
301 2552 385 2579 gentes
399 2554 483 2573 vnum
497 2545 548 2571 hoc
564 2544 706 2578 vsurpatur
719 2543 875 2570 diuitiarum
892 2550 983 2576 genus.
1076 2541 1144 2567 Plin.
1161 2550 1196 2572 33,
1210 2548 1222 2572 3
1237 2540 1254 2566 s.
1270 2548 1292 2572 13

234 2579 334 2607 Seruius
348 2591 395 2608 rex
409 2582 511 2617 primus
527 2580 639 2616 signauit
649 2588 701 2606 aes.
749 2580 832 2605 Antea
845 2577 906 2604 rudi
920 2578 978 2604 vsos
994 2577 1096 2603 Romae
1109 2577 1228 2604 Timeus
1242 2583 1293 2603 tra-

235 2614 281 2642 dit.
333 2617 468 2652 Signatum
481 2617 518 2644 est
531 2622 595 2643 nota
608 2614 749 2650 pecudum,
767 2614 837 2640 vnde
849 2621 874 2640 et
888 2613 1000 2648 pecunia
1015 2613 1151 2648 appellata.
1225 2612 1328 2644 Fest.65

232 2651 342 2680 Pecunia
355 2654 512 2682 sacrificium
527 2652 588 2680 ficri
601 2652 736 2684 dicebant,
749 2660 808 2677 cum
822 2650 930 2685 frugum
943 2649 1135 2683 fruetumnque
1151 2649 1224 2676 causa
1238 2658 1296 2675 mo-

235 2687 258 2714 la
275 2698 337 2723 pura
355 2688 520 2717 offerebatur
538 2689 567 2716 in
586 2687 735 2720 sacrificio,
775 2686 838 2721 quia
857 2686 943 2712 omnis
958 2694 999 2713 res
1016 2686 1173 2716 familiaris,
1213 2693 1294 2719 quam

234 2732 300 2751 nunc
313 2726 450 2753 Pecuniam
464 2726 596 2758 dicimus,
616 2733 648 2751 cx
662 2724 703 2750 his
718 2722 797 2750 rebus
810 2722 949 2749 constaret.
1023 2722 1153 2748 Pecuniae
1168 2720 1294 2752 verbum,

235 2768 288 2786 non
302 2761 382 2789 solum
395 2768 559 2789 numeratam
575 2761 711 2796 pecuniam
726 2758 932 2793 conipleelitur,
970 2766 1063 2783 verum
1085 2766 1193 2783 omnem
1206 2756 1295 2783 omni-

237 2803 273 2821 no
286 2798 432 2832 pecuniam,
452 2798 504 2826 hoc
517 2798 554 2825 est
568 2797 661 2825 omnia
673 2804 797 2830 corpora.
874 2795 944 2821 Nam
959 2801 1073 2827 corpora
1093 2802 1202 2827 quoque
1216 2799 1332 2826 pecu-70

238 2831 296 2857 niae
309 2834 480 2867 appellatione
493 2833 646 2867 contineri,
666 2841 746 2858 nemo
761 2831 813 2862 est,
831 2830 897 2865 quin
911 2829 1049 2864 approbet.
1103 2830 1171 2854 Haec
1187 2828 1294 2862 leian.

237 2865 265 2893 in
279 2867 295 2894 l.
310 2869 443 2898 Pecuniae.
473 2872 506 2898 D.
524 2870 556 2897 de
568 2869 645 2898 verb.
659 2875 686 2895 et
698 2877 750 2895 rer.
763 2866 872 2902 fignific.
927 2867 995 2891 Idem
1004 2864 1086 2899 sentit
1101 2863 1295 2897 Hermogenia-

238 2911 301 2937 nus,
327 2905 429 2939 ibidem,
448 2907 465 2933 l.
480 2907 616 2934 Pecuniae.
719 2904 776 2931 Cic.
791 2903 823 2930 de
837 2901 930 2937 Legib.
946 2910 969 2936 2,
982 2907 1015 2934 48
1037 2900 1077 2927 Ad
1092 2909 1159 2935 quos
1174 2899 1295 2926 eiusdem

237 2946 321 2966 morte
333 2943 439 2975 pecunia
454 2944 567 2969 venerit.
651 2941 720 2969 Ibid.
734 2950 766 2973 49
789 2939 816 2966 Si
831 2939 918 2965 maior
931 2946 991 2972 pars
1005 2936 1132 2971 pecuniae
1146 2936 1232 2970 iegata
1247 2934 1292 2961 est.

236 2974 291 3014 Cic.
301 2976 373 3011 Top.
389 2987 417 3011 29
430 2988 452 3005 c.
466 2981 481 3004 6
500 2978 641 3005 Hereditas
657 2978 693 3003 est
706 2976 835 3012 pecunia,
853 2983 922 3008 quae
935 2980 1023 3001 morte
1036 2972 1147 2999 alicuius
1161 2971 1193 2998 ad
1206 2979 1330 3006 quern-75

238 3018 305 3043 piam
319 3015 438 3048 peruenit
451 3014 526 3046 iure,
567 3023 613 3040 nec
628 3022 658 3040 ca
672 3019 717 3040 aut
732 3013 816 3047 legata
828 3011 1000 3042 testamento,
1037 3015 1081 3035 aut
1095 3008 1245 3042 pofseffione
1259 3016 1299 3033 re-

238 3052 315 3074 tenta.
416 3050 530 3077 Pecunia
544 3049 643 3083 absque
656 3049 762 3083 peculio
775 3057 816 3074 res
829 3047 950 3082 fragilis,
985 3046 1041 3072 vid.
1064 3051 1079 3071 P
1088 3050 1105 3070 E
1116 3049 1134 3071 C
1145 3050 1166 3071 v
1179 3051 1194 3070 1.
1207 3051 1216 3069 ι
1226 3050 1247 3069 v
1258 3050 1297 3070 Μ.

238 3081 345 3110 Pulchra
363 3085 454 3120 edepol
475 3087 529 3113 Dos
550 3086 662 3121 pecunia
675 3084 710 3110 est
753 3085 834 3110 Plaut.
855 3083 929 3118 Epid.
942 3092 964 3115 2,
988 3092 1006 3115 ι,
1023 3090 1060 3108 ιο.
1170 3079 1298 3107 Εὶῑεὲὶτίκ

239 3117 376 3147 multarum
397 3129 421 3148 et
441 3131 594 3157 magnarum
614 3121 783 3155 voluptatum
801 3120 912 3154 pecunia
949 3118 1005 3146 Cic.
1023 3117 1055 3144 de
1070 3117 1126 3144 Fin.
1148 3125 1169 3149 2,
1184 3124 1211 3149 53
1226 3126 1249 3142 c.
1264 3124 1297 3148 17.

237 3151 337 3188 Regina
349 3158 456 3190 pecunia
499 3159 567 3184 Hor.
583 3157 661 3193 Epist.
679 3167 697 3190 ι,
711 3159 736 3187 6,
752 3165 787 3189 37.
897 3155 1036 3182 Abstinens
1056 3153 1184 3188 pecuniae
1221 3152 1337 3180 Idem80

241 3188 364 3228 Car1u.4‚
379 3202 403 3225 9,
417 3199 450 3225 38.
522 3195 656 3228 Accipiter
669 3192 860 3228 pecuniarum,
896 3192 950 3218 via.
974 3196 1171 3218 ACCH’iTER.
1228 3188 1298 3216 Ner-

242 3231 270 3249 vi
281 3224 362 3264 belli,
383 3229 509 3262 pecunia,
546 3232 600 3257 vid.
624 3235 780 3256 NERVVS.
866 3227 993 3261 Optimus
1007 3227 1133 3262 pecuniae
1142 3224 1240 3252 Modus
1252 3223 1298 3256 est,

242 3266 288 3291 ‘³1¹1
307 3270 352 3288 uec
371 3263 398 3289 in
418 3271 595 3300 paupertatem
615 3265 701 3297 cedit,
743 3273 792 3291 nec
809 3272 824 3290 a
843 3268 997 3298 paupertate
1013 3262 1123 3289 discedit
1162 3262 1250 3289 Senec.
1266 3260 1298 3286 de

241 3292 365 3331 Tranqu.
378 3307 418 3326 an.
431 3310 452 3327 c.
466 3311 485 3331 3.
557 3302 619 3328 Vias
634 3301 760 3336 pecuniae
775 3305 876 3327 norunt
890 3298 985 3325 Graeci
1025 3305 1049 3324 et
1061 3298 1153 3324 omnia
1167 3297 1297 3332 pecuniae

243 3332 315 3370 causa
329 3333 427 3361 faciunt
460 3337 516 3363 Cic.
537 3338 574 3371 Q
589 3338 656 3364 Frat.
671 3347 690 3371 ι,
703 3347 727 3365 12
740 3347 761 3364 c.
776 3346 797 3369 5.
906 3321 1039 3369 Superbus
1053 3334 1166 3368 pecunia
1203 3334 1334 3365 Horat.85

245 3363 363 3406 Epoclss‘l’
377 3378 397 3398 5·
429 3405 435 3410 ,
615 3382 631 3401 2
669 3375 802 3409 Epithcta:
840 3370 938 3402 Adesa,
973 3371 1029 3397 vid.
1049 3375 1172 3396 ADEDO.
1247 3368 1300 3395 Ad-

245 3406 371 3434 venticia,
407 3407 459 3444 uid.
480 3413 641 3437 ADVRNIO.
714 3409 884 3436 Adulteratae
902 3405 1011 3434 Firmic.
1024 3415 1048 3437 4,
1064 3414 1096 3432 12.
1184 3405 1299 3439 Amplis-

246 3433 322 3461 s¹¹¹¹³⁰
335 3446 457 3479 pecuniae
475 3442 594 3470 dominus
613 3446 669 3473 Cic.
678 3455 728 3480 pro
735 3446 809 3472 Rosc.
822 3446 911 3471 Amer.
922 3452 956 3475 23.
1029 3442 1108 3468 Certa
1117 3461 1125 3475 ,
1162 3441 1180 3467 i.
1193 3442 1299 3476 definita

246 3478 341 3497 ”antero
361 3475 468 3507 Qun&-
481 3488 503 3509 4,
517 3487 538 3510 2,
551 3481 565 3504 6
579 3487 602 3507 et
616 3484 651 3508 (u.
761 3480 914 3512 Condufta,
943 3477 1115 3512 mutuosuwra
1141 3478 1232 3503 quen.
1246 3478 1297 3504 Sat.

247 3513 278 3540 ¹¹2
293 3508 337 3538 46-
390 3544 394 3549 .
444 3512 531 3546 l’apiu.
546 3513 572 3539 in
586 3515 602 3541 l.
617 3517 678 3543 Ideo
699 3518 730 3544 D.
750 3517 782 3544 de
801 3516 961 3549 compensat.
1018 3512 1082 3541 Ideo
1097 3512 1340 3549 condemnatus,90

246 3541 317 3574 quod
331 3543 471 3586 ardhorem
486 3556 615 3576 annonam
628 3553 769 3580 aedilitatis
784 3558 905 3586 tempore
919 3550 1058 3585 praebuit,
1096 3549 1299 3576 Frutncntariae

246 3585 372 3620 Pffflnjfffe
384 3581 487 3609 debitor
500 3593 553 3610 non
568 3585 707 3615 videbitur.
781 3587 891 3616 Funesta
918 3590 1009 3614 quen.
1022 3586 1074 3612 Sat.
1090 3594 1108 3619 ι,
1123 3593 1167 3617 ιι3.
1203 3586 1221 3611 ι’.
1231 3585 1297 3610 Mul.

246 3619 279 3637 ¹¹5
293 3616 410 3656 ‘'¹‘¹‘¹⁰s‘¹3
435 3625 458 3643 ct
471 3628 532 3652 quae
545 3622 632 3647 multos
648 3626 767 3657 perdidit.
807 3627 837 3651 L-‘t
852 3625 919 3659 apud
931 3623 986 3650 Cic.
996 3622 1139 3656 Philippa
1214 3621 1297 3647 Gran-

247 3647 304 3674 dem
316 3658 451 3682 pecuniam
465 3655 574 3682 debebat
599 3658 696 3685 Sallust.
708 3661 785 3687 Catil.
800 3671 840 3691 50.
928 3660 1059 3686 Immunes
1075 3656 1202 3692 pecuniae
1212 3677 1219 3689 ,
1258 3658 1298 3683 In-

245 3691 322 3722 88ης,
358 3688 500 3730 insperatae
514 3694 733 3729 repentinacque‚
767 3697 821 3722 vid.
840 3695 870 3730 ffl
882 3694 906 3721 ll.
1015 3695 1139 3727 Magnam
1158 3693 1299 3727 pecuniam
1315 3704 1344 3729 95

245 3720 363 3761 ³¹²¹¹sss¹⁵flt
383 3724 480 3765 bal-lust.
496 3728 613 3761 Iugurth.
630 3739 679 3757 102.
792 3727 904 3757 Maioris
917 3731 1043 3765 pecuniae
1060 3738 1114 3761 res,
1152 3730 1169 3755 i.
1187 3728 1297 3754 Maioris

242 3761 320 3787 prm'
334 3764 357 3797 ‘f
369 3759 550 3803 “fst‘matiqmr
580 3765 808 3801 Hermogenianus
823 3767 850 3792 in
866 3767 883 3792 l.
898 3767 947 3793 Rei
961 3767 1081 3792 maioris.
1102 3766 1134 3793 D.
1150 3764 1182 3792 de
1197 3769 1298 3797 except.

244 3791 381 3830 ‘'faes‘fll‘·
395 3803 420 3821 *tt
434 3799 612 3830 praeiudiciis.
701 3802 812 3833 Marna,
848 3803 902 3827 vid.
925 3808 1094 3829 MARITVS.
1182 3799 1299 3834 Modica,

244 3828 297 3851 'md-
318 3834 440 3857 Monvs.
545 3835 717 3863 Numeratam
734 3837 852 3870 accipere
880 3837 947 3871 Nep.
965 3847 995 3870 ις,
1012 3848 1030 3869 ι,
1046 3847 1065 3869 3.
1177 3836 1299 3863 Obscena

244 3858 333 3890 quen.
348 3864 397 3891 Sat.
416 3868 441 3900 6,
460 3876 519 3902 297.
554 3871 573 3899 i,
592 3873 663 3908 Qu
676 3873 758 3897 multis
772 3871 844 3905 causa
858 3871 889 3905 est
903 3873 1014 3908 obsi-enar
1026 3874 1104 3899 vitae.

247 3900 316 3928 ΡΜ,
352 3909 378 3926 ¹⁰·
392 3910 418 3928 v.
495 3905 592 3938 Parua,
629 3907 682 3932 vid.
700 3911 842 3933 ranvvs.
950 3908 1029 3935 Plena
1041 3916 1065 3934 ct
1080 3907 1213 3942 praeclara
1238 3907 1295 3934 Cic.

244 3938 292 3968 ΡῩΟ
305 3931 376 3961 Rosr.
391 3938 476 3978 Amess'·
492 3940 515 3963 6·
594 3941 700 3967 Priuata
728 3940 837 3974 Qun&
853 3949 875 3971 3.
885 3943 910 3967 6-
989 3944 1205 3978 Repetundarum
1221 3952 1296 3977 pecu-

245 3972 347 3993 '¹¹‘'³¹¹¹¹¹¹
361 3979 419 3996 ‘⁰¹¹⁵'
449 3973 548 3999 *³¹1⁸st
563 3975 640 4002 Catil.
655 3981 687 4006 ιε.
776 3977 880 4009 signata
905 3978 1015 4009 Qano.
1031 3989 1042 4006 ς
1068 3989 1096 4005 ιι.
1205 3980 1297 4005 Vacua

287 4036 291 4040 .
391 4006 496 4047 ylpian.
512 4007 539 4032 in
554 4008 568 4034 ¹·
586 4011 678 4047 *Qum
692 4012 767 4037 alter.
788 4011 820 4037 D.
836 4010 868 4036 de
879 3999 1053 4045 compcntat.'
1074 4016 1166 4047 Quun
1179 4016 1247 4042 alter
1259 4015 1295 4041 al-

244 4040 292 4061 “¹¹
308 4045 443 4071 Fctunmm
457 4045 508 4069 line
522 4043 620 4078 νῶι-ις,
653 4045 719 4073 alter
733 4047 886 4074 Vsurariam
900 4047 985 4075 debet.

252 689 267 714 P

1321 1180 1348 1203 25

246 4008 269 4025 Ί).
282 4010 306 4027 U.

1324 1359 1354 1383 30
1362 1360 1455 1379 contra
1470 1351 1541 1378 Rull.
1557 1360 1578 1387 r,
1594 1359 1627 1385 ις.

1215 3870 1432 3899 occu-rooldem
1449 3871 1480 3898 ad
1494 3872 1566 3898 Brut.
1582 3875 1606 3900 ¹8
1627 3871 1722 3897 Nodus
1735 3872 1771 3898 est
1784 3872 1878 3907 inopia
1891 3872 1930 3898 rei
1945 3869 2122 3905 pecuniariae.

1766 213 2038 257 PEC

1369 306 1399 332 Si
1413 306 1529 335 inuicem
1544 309 1574 336 fit
1586 307 1715 335 Vsuraria
1729 306 1850 342 pecunia.
2051 302 2074 341 ff
2095 314 2107 337 3
2144 305 2272 331 Formulae
2290 305 2438 331 Verborum.-

1372 342 1454 368 Abire
1466 345 1560 370 tz'icitmz
1573 353 1597 371 u
1613 344 1762 375 Proficisti,
1798 343 1817 369 i.
1836 341 1995 377 dilapidari:
2033 342 2088 368 vid.
2102 342 2138 367 ad
2150 341 2324 369 Plaut‚Trin.
2336 348 2436 376 2,4,17.

1372 377 1512 405 Abstinere
1528 381 1655 414 pecunia,
1687 387 1713 407 et
1727 378 1862 415 pecuniiS,
1898 377 2043 404 Abundans
2056 377 2184 412 pecunia,
2220 378 2346 413 Accipere
2360 385 2439 412 pecu-

1373 414 1445 440 niam
1455 434 1463 447 ,
1517 416 1660 443 Aestimare
1675 417 1786 452 pecunia
1796 436 1804 448 ,
1839 414 1893 440 vid.
1908 415 1948 440 hh.
1961 422 2006 440 vv.
2100 414 2283 439 Annumerare
2297 413 2438 448 pecuniam

1371 449 1451 476 alicui
1472 449 1530 476 Cic.
1544 451 1661 479 Diuinat.
1678 454 1707 480 iu
1720 454 1797 479 verr.
1811 453 1853 478 66.
1949 449 2100 484 Anquirere
2114 449 2240 484 pecunia.
2275 448 2439 482 Attributae,
2484 467 2485 471 =

1369 487 1498 513 Auertere
1510 488 1665 521 pecuniam,
1699 489 1754 514 vid.
1760 488 1797 524 ff
1805 487 1829 514 ll.
1901 485 2000 513 Auersa
2011 485 2123 520 pecunia
2139 484 2245 519 publica
2263 484 2407 513 Tac.Hist.
2418 493 2438 517 ι,
2474 492 2476 494 ’

1370 530 1406 556 53,
1421 531 1442 548 2.
1459 557 1463 562 ι
1553 522 1667 549 Auferre
1686 524 1826 558 pecuniam
1846 523 1878 549 de
1897 521 2021 554 aerario,
2058 521 2157 548 Auc'tus
2170 521 2296 556 pecunia,
2330 520 2438 554 -Capere

1371 566 1528 593 pecuniam,
1564 558 1620 584 vid.
1633 559 1672 584 hh.
1688 569 1732 586 vv.
1824 558 2001 587 Circumdare
2014 557 2128 591 gratiam
2141 563 2166 584 et
2182 557 2323 592 pecuniam
2342 556 2437 583 Tacit.
2463 568 2467 576 v

1371 597 1439 621 Ann.
1455 602 1492 627 14,
1504 604 1538 627 53.
1632 593 1838 622 circumuentus
1860 595 1988 621 innocens
2006 593 2137 628 pecunia,
2173 594 2230 620 vid.
2249 598 2436 619 CiRCVMVE-

1370 637 1439 657 Nlo.
1547 630 1731 662 Coaceruare,
1763 633 1805 658 vel
1824 639 1967 666 congerere
1983 629 2123 665 pecuniam
2168 629 2225 656 Cic.
2238 628 2354 663 Philipp.
2365 638 2388 662 ς,
2403 636 2438 655 12.

1370 667 1475 701 Cogere
1488 666 1643 701 pecuniam,
1680 664 1798 702 Coacta,
1833 668 1888 694 vid.
1912 672 2016 694 coGo.
2127 664 2247 692 collecta
2272 666 2342 692 Hor.
2356 664 2437 700 Epist.

1369 712 1389 733 1,
1405 712 1442 734 ιο,
1457 712 1494 735 47.
1569 701 1711 729 Collocare
1729 702 1867 735 pecuniam
1888 704 1944 730 Cic.
1956 711 2008 738 pro
2021 702 2049 729 L.
2064 701 2160 728 Manil.
2175 711 2196 728 c.
2207 710 2231 734 7.
2302 700 2437 728 Concilia-

1367 748 1397 765 τε
1412 739 1550 774 pecuniam
1569 739 1636 764 item.
1721 737 1874 764 Conciliare
1886 739 2003 774 aliquem
2017 738 2094 765 alteri
2109 737 2238 773 pecunia,
2274 737 2437 765 Condonare
2478 760 2480 763 ,

1367 775 1487 809 aliquem
1501 773 1628 809 pecunia,
1666 773 1799 800 Conferre
1812 775 1967 809 pecuniam,
2003 775 2056 803 vid.
2063 774 2102 811 ff
2115 774 2138 801 ll.
2211 773 2347 801 Conferre
2359 781 2437 808 pecu-

1369 811 1442 837 niam
1455 811 1487 837 ad
1501 811 1610 838 statuam
1622 830 1629 842 ,
1666 811 1719 837 vid.
1735 815 1779 836 AD
1793 810 2008 844 Praepofitionem.
2087 810 2246 843 conficere,
2283 810 2337 838 vid.
2357 814 2438 836 CON-
2479 838 2481 840 ,

1371 854 1472 875 flcio.
1564 845 1705 872 Conficerc
1720 845 1860 880 pecuniam
1876 845 1908 871 de
1920 846 2096 882 vectigalibus
2133 847 2192 874 Cic.
2206 845 2237 872 de
2253 846 2325 880 Lege
2337 847 2401 880 Agr.
2410 854 2438 879 2,

1368 893 1402 917 33.
1474 882 1587 916 Qun&
1603 892 1626 914 5,
1639 892 1652 915 7
1677 882 1739 908 Siue
1751 881 1819 908 odio
1833 880 1969 908 Conflatos
1982 883 2057 909 testes
2066 903 2073 915 ,
2096 883 2150 910 fine
2162 882 2285 915 inuidia,
2312 881 2364 908 flue
2377 889 2436 916 gra·
2480 911 2482 917 y

1365 920 1420 953 tia,
1459 919 1511 945 siue
1530 918 1641 953 pecunia
1663 918 1751 945 videri
1770 918 1908 944 volumus.
2017 919 2188 953 Conquirere
2202 918 2295 946 acerbe
2309 916 2437 953 pecunias

1365 956 1434 983 Tac.
1450 956 1486 982 H.
1505 965 1525 987 3,
1539 957 1583 989 76,
1598 965 1620 987 ⁴-
1696 954 1839 981 Coniicere
1859 953 1998 988 pecuniam
2012 953 2041 980 in
2055 954 2224 988 aedificium,
2262 954 2436 987 Consti-uere,
2464 954 2469 969 ’-

1366 992 1533 1018 Conuertcrc
1547 990 1689 1026 pecuniam
1703 989 1734 1017 ad
1747 989 1922 1016 commodum
1934 990 2019 1023 suum,
2057 990 2206 1025 Corrogata
2219 990 2331 1026 pecunia
2343 988 2377 1016 ad
2390 998 2437 1016 ne-

1365 1028 1485 1054 cessarios
1502 1028 1578 1059 vsus,
1622 1027 1804 1061 Corrumpere
1819 1026 1947 1060 pecunia,
1985 1026 2039 1051 vid.
2051 1027 2094 1053 hh.
2107 1035 2151 1054 vv.
2229 1026 2377 1061 Corrumpi
2392 1034 2436 1060 pe—

1366 1064 1444 1091 cunia
1464 1063 1575 1097 Qun&-
1591 1071 1620 1097 4,
1634 1072 1657 1090 2.
1767 1061 1884 1089 Credere
1899 1062 2056 1097 pecuniam,
2092 1062 2148 1088 vid.
2169 1067 2300 1088 CREDO.
2371 1062 2437 1088 Cre·
2481 1072 2484 1076 ⁴

1365 1100 1412 1127 scit
1426 1109 1503 1126 amor
1515 1099 1606 1131 numi,
1627 1105 1756 1134 quantum
1772 1099 1827 1134 ipsa
1841 1098 1952 1133 pecunia
1965 1098 2069 1125 Crescit
2091 1099 2184 1125 quen.
2195 1104 2285 1131 14,i38.
2379 1097 2436 1124 Cu-
2485 1107 2489 1114 ¹

1363 1145 1423 1162 rare
1436 1136 1516 1163 alicui
1531 1136 1687 1169 pecuniam,
1723 1137 1778 1164 vid.
1805 1141 1902 1162 CVRO.
1994 1135 2098 1161 Curare
2111 1134 2223 1161 nomine
2235 1133 2344 1160 alterius
2356 1133 2436 1161 nobis

1366 1173 1505 1208 pecuniam
1528 1172 1586 1198 Cic.
1599 1172 1673 1199 Fam.
1687 1181 1708 1205 ς,
1722 1181 1764 1199 20.
1873 1170 1979 1197 Debere
1992 1170 2072 1196 alicui
2094 1170 2249 1204 pecuniam,
2285 1170 2436 1197 Decernere
2469 1185 2472 1191 ·

1365 1208 1522 1244 pecuniam,
1558 1208 1615 1234 vid.
1630 1209 1669 1235 hh.
1683 1217 1728 1234 vv.
1804 1206 1958 1241 Dilapidare
1978 1206 2148 1233 Pseudo-Cic.
2162 1206 2193 1232 ad
2208 1205 2304 1233 OGtau.
2376 1206 2436 1233 Cic.

1363 1245 1396 1271 ad
1412 1246 1450 1278 Q
1461 1244 1502 1270 Fr.
1518 1253 1536 1274 i,
1548 1253 1560 1276 3
1598 1244 1654 1278 Ego
1675 1250 1807 1279 acceptam
1828 1253 1860 1270 ex
1876 1242 1983 1269 aerario
1994 1242 2138 1277 pecuniam
2154 1249 2201 1269 tuo
2213 1242 2324 1268 nomine
2337 1242 2438 1269 frustra

1363 1280 1524 1315 Diffiparim.
1622 1280 1691 1307 Dare
1707 1281 1846 1314 pecuniam
1878 1279 1935 1306 Cic.
1951 1280 2029 1306 Verr.
2045 1288 2068 1311 ς,
2084 1284 2130 1308 ιι8.
2239 1278 2345 1304 Ducens
2357 1277 2391 1305 ad
2410 1278 2438 1304 se
2462 1280 2476 1314 ,ῥ’

1364 1317 1459 1343 ειιιιξὶῑι
1472 1315 1585 1350 pecunia
1622 1316 1692 1343 Hor.
1709 1317 1798 1343 Carm.
1813 1327 1838 1350 4,
1852 1325 1877 1349 9,
1891 1321 1929 1348 38.
2039 1314 2182 1341 Effundere
2197 1315 2336 1349 pecuniam
2377 1312 2447 1341 Cic:
2464 1323 2474 1335 ·-

1699 1353 1817 1387 Erogare
1830 1352 1971 1387 pecuniam
1991 1351 2030 1378 ld.
2044 1352 2081 1385 Q
2096 1351 2164 1378 Frat.
2182 1359 2201 1384 1,
2217 1361 2235 1383 1,
2249 1360 2281 1377 21.
2353 1351 2457 1377 Exae-·
2484 1368 2488 1378 t

1363 1396 1425 1423 quat
1440 1387 1564 1414 omnium
1577 1387 1734 1423 dignitatem
1750 1390 1863 1422 pecunia
1884 1387 1957 1415 Idem
1975 1390 2027 1414 Att.
2043 1398 2067 1420 4,
2082 1397 2115 1421 ¹4·
2208 1387 2338 1422 Exigere,
2359 1395 2435 1422 cape-

1362 1433 1407 1457 re,
1428 1431 1454 1451 et
1467 1424 1601 1458 imperare
1613 1425 1755 1459 pecuniam
1787 1424 1861 1451 Idem
1880 1424 1909 1450 in
1924 1425 2011 1451 Pison.
2028 1429 2063 1457 38.
2172 1423 2268 1450 Facere
2282 1423 2435 1457 pecuniam,
2464 1423 2465 1428 ¹

1360 1461 1416 1487 vid.
1442 1466 1564 1488 FAClo.
1635 1461 1755 1487 Fundata
1769 1461 1883 1495 pecunia
1895 1460 1970 1487 villis
1991 1460 2060 1487 Hor.
2076 1459 2155 1495 Epist.
2171 1468 2192 1494 ι,
2202 1461 2239 1492 ι6,
2251 1461 2297 1492 46.
2369 1458 2434 1486 Illu-

1361 1496 1423 1523 dere
1437 1495 1566 1531 pecuniae
1595 1496 1689 1523 Tacit.
1703 1496 1770 1522 Hist.
1785 1505 1811 1530 2,
1825 1506 1865 1530 94.
1957 1495 2116 1531 Impendere
2131 1496 2274 1531 pecuniam
2288 1495 2316 1521 in
2331 1503 2373 1521 res
2387 1503 2434 1522 va-

2361 222 2438 268 748
2459 238 2463 242 *

1360 1541 1423 1565 nas,
1468 1534 1605 1567 Imperare
1619 1534 1775 1567 pecuniam,
1828 1531 1957 1560 Incubare
1969 1533 2112 1567 pecuniae,
2148 1531 2277 1558 Inducere
2291 1531 2435 1566 pecuniam
2467 1556 2470 1558 ,

1359 1574 1386 1594 et
1399 1568 1548 1604 rationem,
1584 1568 1728 1595 Iuduftum
1743 1569 1855 1603 pecunia
1869 1569 1972 1603 aliquid
1985 1569 2088 1601 facere,
2125 1568 2225 1603 vid.ffi
2241 1567 2265 1594 ll.
2356 1568 2434 1596 inua-
2458 1566 2478 1587 ’Δ

1358 1604 1422 1631 dere
1437 1605 1465 1631 in
1479 1605 1752 1645 alienamsspecuniarn
1771 1605 1846 1632 nullo
1861 1605 1922 1631 iure
1939 1605 1995 1632 Cic.
2008 1614 2059 1640 pro
2078 1605 2153 1631 Rosc.
2168 1606 2257 1630 Amer.
2271 1605 2296 1630 6.
2389 1603 2435 1631 In-

1358 1641 1457 1667 vadere
1470 1641 1497 1667 in
1510 1650 1634 1675 pecunias
1651 1641 1761 1668 alterius
1771 1663 1781 1675 ,
1823 1640 1953 1669 Inuenire
1973 1641 2113 1676 pecuniam
2126 1641 2201 1668 bono
2215 1639 2316 1672 modo,
2360 1639 2434 1668 Iudi·
2460 1647 2472 1660 ,r

1358 1683 1429 1704 catus
1441 1677 1587 1712 pecuniae,
1625 1677 1741 1704 Mercari
1757 1676 1889 1711 praesenti
1903 1677 2034 1712 pecunia,
2076 1676 2193 1703 Multare
2208 1676 2338 1711 pecunia,
2375 1676 2432 1702 vid.

1356 1713 1397 1741 bh,
1412 1723 1456 1741 υυ,
1551 1714 1695 1739 Pecuniam
1709 1713 1739 1738 in
1752 1713 1814 1739 loco
1827 1713 1991 1747 Ncgligere,
2022 1713 2172 1740 maximum
2189 1711 2325 1740 interdum
2341 1711 2377 1738 est
2391 1711 2434 1738 lu-

1357 1757 1433 1774 crum
1473 1748 1543 1775 Ter.
1563 1748 1676 1782 Adelph.
1695 1756 1722 1781 2,
1743 1757 1765 1780 2,
1779 1755 1802 1778 8.
1912 1749 2066 1775 Numerare
2082 1749 2239 1785 pecuniam,
2277 1747 2431 1782 Obfignare,

1359 1785 1495 1818 occupare
1507 1784 1589 1811 alicui
1603 1783 1746 1818 pecuniam
1759 1784 1888 1817 foenore,
1927 1785 2090 1818 Oppugnare
2103 1786 2220 1818 aliquem
2234 1783 2356 1820 pecunia,
2376 1784 2434 1812 vid-

1357 1820 1397 1846 hh.
1410 1829 1456 1847 vv.
1565 1820 1640 1846 Parta
1654 1820 1757 1854 legibus
1771 1826 1797 1846 et
1810 1827 1904 1847 contra
1917 1820 1987 1854 leges
2003 1821 2114 1853 pecunia
2136 1821 2193 1846 Cic.
2209 1821 2241 1847 de
2255 1820 2345 1847 Finib.
2358 1830 2381 1850 2,
2393 1828 2433 1852 ςς.

1356 1855 1441 1882 Periit
1454 1855 1583 1890 pecunia,
1619 1857 1674 1882 vid.
1695 1861 1812 1883 PEREO.
1901 1855 2066 1882 Perscribere
2079 1856 2238 1889 pecuniam,
2273 1857 2328 1882 vid.
2349 1862 2432 1884 Psa-

1357 1897 1483 1920 SCRIBO.
1568 1892 1633 1918 Peto
1646 1898 1745 1919 certam
1760 1891 1889 1918 creditam
1902 1891 2044 1926 pecuniam
2057 1900 2088 1917 ex
2103 1890 2275 1925 stipulatione
2294 1891 2431 1925 Qtinelil.

1356 1938 1380 1960 4,
1394 1937 1418 1960 2,
1434 1930 1449 1954 6
1463 1935 1488 1954 et
1502 1929 1541 1956 61.
1614 1927 1742 1955 Polliceri
1756 1928 1898 1963 pecuniam
1913 1927 2030 1961 aliquam
2045 1927 2178 1953 militibus
2192 1926 2221 1952 in
2233 1927 2349 1959 {iugulos
2370 1927 2432 1955 Cic.

1355 1964 1472 1999 Philipp.
1486 1974 1509 1997 ς,
1523 1974 1560 1997 54.
1669 1964 1816 1999 Properate
1836 1964 1978 1998 pecuniam
1998 1963 2078 1991 alicui
2117 1963 2187 1988 Hor.
2201 1962 2291 1988 carm.
2305 1972 2324 1995 ς,
2337 1971 2375 1995 24,
2391 1966 2429 1991 61.

1355 2000 1515 2033 Quaerenda
1525 2000 1569 2027 vel
1582 2009 1643 2027 curn
1657 2000 1779 2035 periculo
1793 2000 1906 2035 pecunia
1933 2000 1991 2026 Cic.
2006 2000 2038 2025 de
2054 1998 2112 2024 Fin-
2127 2005 2152 2030 2,
2166 2004 2205 2030 55·
2296 1997 2426 2032 Redigere

1354 2036 1494 2072 pecuniam
1515 2045 1547 2062 ex
1560 2036 1641 2062 bonis
1653 2037 1763 2064 alterius
1779 2035 1872 2064 ‘Idem
1885 2035 1949 2061 Diu.
1964 2036 2043 2062 Verr.
2058 2036 2099 2064 56.
2191 2031 2266 2060 Idem
2279 2033 2330 2060 Att.
2345 2043 2378 2069 ιι,
2393 2040 2424 2065 Ως
2442 2053 2445 2059 .

1356 2072 1484 2106 Reliquae
1495 2071 1624 2106 pecuniae
1639 2071 1682 2098 vel
1694 2073 1800 2099 vsuram
1820 2070 1881 2097 filio
1895 2070 2040 2105 pendemus
2050 2090 2058 2102 ,
2096 2067 2161 2095 dum
2178 2077 2195 2096 a
2212 2068 2342 2100 Faberio,
2378 2068 2422 2095 vel

1353 2108 1386 2134 ab
1399 2108 1492 2143 aliquo
1501 2128 1509 2140 ‚
1539 2107 1587 2142 qui
1602 2107 1718 2134 Faberio
1732 2106 1828 2139 debet,
1843 2105 2123 2140 Repraesentabimus.
2231 2105 2356 2140 Sequitur
2369 2113 2424 2131 crc-

1354 2145 1469 2171 scentcm
1483 2152 1546 2170 cura
1562 2143 1703 2178 pecuniam
1731 2143 1826 2169 Horat.
1841 2142 1931 2169 Carm.
1944 2151 1965 2175 3,
1979 2144 2016 2176 ¹6,
2030 2151 2065 2174 ¹7·
2173 2141 2324 2176 strangulat
2336 2139 2425 2175 plures

1358 2180 1480 2215 congesta
1495 2179 1609 2214 pecunia
1633 2181 1726 2206 quen.
1742 2179 1794 2206 Sat.
1809 2187 1849 2212 10,
1864 2187 1898 2205 12.
1971 2179 2083 2205 Sumere
2095 2183 2201 2205 mutuas
2214 2178 2355 2212 pecunias,
2373 2177 2437 2202 vid.-

1355 2223 1508 2243 Mv'rva
1548 2216 1605 2242 Cic.
1620 2217 1699 2242 Verr.
1714 2225 1722 2242 1
1738 2224 1759 2241 c.
1775 2225 1812 2243 ιο.
1911 2214 1983 2241 Male
1997 2216 2022 2240 se
2037 2223 2078 2240 res
2093 2214 2188 2245 habet,
2208 2223 2270 2241 cum
2284 2213 2312 2240 id
2322 2233 2331 2246 ,
2352 2210 2428 2246 quod

1354 2252 1457 2280 virtute
1469 2251 1540 2280 effici
1555 2251 1651 2288 debet,
1671 2252 1809 2279 Tentatur
1822 2250 1934 2286 pecunia
1959 2250 2016 2276 Cic.
2030 2249 2084 2277 Off.
2097 2259 2110 2276 2
2125 2259 2146 2277 c.
2161 2251 2187 2276 6.
2281 2249 2382 2275 Venire
2394 2247 2428 2275 ad
2439 2271 2444 2276 .
2457 2255 2459 2258 ·

1353 2290 1481 2316 maximas
1496 2286 1621 2324 pecunias
1637 2289 1725 2324 paucis
1739 2287 1816 2314 aunis
1834 2287 1910 2315 Idem
1925 2285 1957 2312 de
1971 2287 2047 2313 Orat.
2061 2294 2084 2318 2,
2098 2289 2155 2318 269.
2228 2286 2352 2318 versare,
2364 2293 2440 2311 vav.v

1352 2322 1374 2362 fl
1396 2336 1409 2357 4
1432 2330 1433 2334 ¹
1448 2326 1556 2360 Elegans
1569 2324 1603 2360 est
1618 2327 1650 2351 a'e
1667 2324 1767 2351 Viribus
1777 2324 1894 2359 pecuniae
1907 2323 2058 2350 Pob'matium
2085 2320 2205 2348 Petronii
2219 2330 2241 2348 c.
2256 2329 2306 2356 137.
2380 2322 2430 2347 Pe-

1355 2360 1433 2387 cunia
1445 2362 1518 2394 Dea,
1543 2361 1682 2395 Augustin.
1697 2360 1729 2386 de
1742 2359 1804 2387 Ciu.
1818 2359 1869 2386 Dei
1882 2367 1912 2393 4,
1925 2367 1949 2385 21
1969 2359 2010 2384 cui
2018 2357 2046 2394 se
2059 2358 2278 2386 commendabam,
2303 2362 2332 2383 vt
2347 2365 2430 2391 pecu-

1354 2396 1420 2423 niofi
1436 2398 1522 2423 essent.
1616 2398 1669 2423 Hoc
1683 2405 1713 2422 ne
1724 2396 1859 2431 ignorabat
1875 2394 2027 2428 quenalis,
2052 2393 2096 2427 qui
2110 2403 2128 2424 ι,
2142 2400 2176 2424 ¹¹3
2198 2392 2250 2419 Etsi
2264 2392 2368 2420 funesta
2381 2394 2431 2421 Pes,

1354 2433 1449 2464 cunia,
1469 2433 1570 2468 templo
1584 2432 1716 2460 Nondum
1729 2431 1833 2459 habitas
1870 2446 1917 2452 —
1952 2432 1990 2457 Vt
2002 2429 2101 2456 colitur
2114 2429 2166 2454 Pax
2179 2434 2258 2463 atque
2271 2427 2358 2461 Fides,
2378 2437 2426 2457 etc.

1355 2470 1405 2495 Sed
1418 2469 1578 2504 Augustinus
1593 2471 1685 2504 repetit
1699 2479 1723 2501 4,
1736 2477 1777 2502 24.
1789 2475 1814 2493 et
1826 2478 1850 2500 7,
1864 2477 1888 2500 4.
1962 2465 2065 2494 Arnob.
2079 2475 2092 2498 q
2106 2474 2132 2499 p.
2149 2473 2184 2496 ¹32
2205 2463 2273 2497 Qiis
2286 2464 2369 2491 Deam
2377 2465 2426 2491 Pe-

1357 2505 1463 2532 cuniam
1478 2506 1527 2532 ess‘e
1543 2505 1648 2538 credat,
1678 2513 1759 2539 quam
1778 2504 1853 2530 velut
1871 2503 2018 2530 maximum
2033 2510 2133 2527 numen
2146 2501 2246 2527 vestrae
2259 2499 2374 2535 indicant
2393 2500 2428 2526 li-
2464 2498 2467 2508 ''
2498 2499 2499 2502 ’

1355 2547 1444 2575 teme,
1468 2541 1569 2568 donare
1581 2541 1694 2568 annulos
1707 2549 1803 2567 aureos
1812 2559 1820 2571 .
1845 2539 1908 2567 loda
1921 2539 1951 2565 in
1966 2538 2035 2565 ludis
2049 2543 2128 2571 atque
2143 2536 2171 2562 in
2184 2536 2336 2573 speclaculis
2349 2534 2425 2570 prio-

1357 2586 1385 2604 ra
1394 2598 1402 2610 ,
1423 2578 1560 2605 honorum
1573 2577 1706 2612 suggestus
1720 2578 1853 2609 summos,
1880 2574 2087 2610 amplitudinem
2101 2572 2269 2606 magistratus
2281 2594 2289 2607 ‚
2303 2576 2340 2602 ¹et
2350 2569 2423 2606 quod

1355 2614 1473 2642 maxime
1484 2614 1556 2650 pigri
1570 2619 1675 2646 ament,
1696 2614 1816 2640 securum
1838 2619 1886 2646 per
1899 2609 2049 2645 opulentias
2061 2609 2158 2636 otium.
2233 2607 2389 2642 Menander,

1558 2651 1614 2683 Ego
1628 2650 1707 2675 vtiles
1721 2657 1788 2675 vcro
1808 2647 1872 2673 deos
1889 2647 1940 2673 ess'e
1954 2645 2072 2672 arbitror
2430 2656 2433 2657 ⁷

1556 2685 1672 2713 Nostros
1681 2705 1690 2716 ‚
1707 2691 1733 2710 et
1746 2685 1895 2717 Argentum
1907 2688 1933 2709 et
1947 2684 2050 2709 Aurum
2065 2680 2192 2709 maxime.

1556 2721 1623 2749 Istos
1638 2719 1764 2754 quidem,
1790 2719 1809 2745 si
1824 2718 1928 2746 dedices
1942 2725 1987 2744 tua
1999 2718 2027 2744 in
2043 2717 2137 2750 domo,

1556 2755 1698 2790 Qudquid
1712 2755 1802 2789 voles,
1818 2764 1913 2790 roges,
1931 2754 1983 2781 tibi
1996 2754 2089 2781 omnia
2103 2753 2226 2787 aderunt,

1556 2793 1645 2826 Ager,
1671 2790 1781 2823 domus,
1801 2791 1926 2826 seruique
1938 2796 1965 2817 et
1979 2796 2160 2825 argyromata,

1557 2827 1669 2860 Testes,
1688 2827 1784 2860 amici,
1804 2827 1921 2858 iudices,
1940 2833 2044 2854 tantum
2058 2827 2130 2853 dato.

1391 2870 1409 2890 P
1419 2869 1435 2890 E
1447 2868 1466 2890 C
1476 2869 1499 2890 v
1507 2867 1532 2888 N
1543 2869 1553 2889 1
1563 2865 1584 2890 ὁ
1593 2870 1605 2890 S
1614 2870 1635 2889 V
1647 2869 1661 2890 S
1671 2885 1680 2897 ,
1705 2873 1719 2889 a
1728 2884 1737 2897 ,
1771 2873 1828 2890 um.
1865 2863 1927 2892 Adi.
1963 2863 2177 2898 [πολυχρῆμκτος]
2213 2860 2298 2897 Qus?
2307 2859 2428 2887 Pecuniae

1353 2899 1441 2935 plenus
1455 2906 1478 2925 ee
1491 2899 1570 2926 diues.
1615 2899 1773 2926 Pecuniosus
1783 2920 1792 2932 ‚
1812 2909 1827 2926 a
1844 2899 1957 2934 pecunia
1970 2907 2080 2934 magna,
2112 2898 2197 2932 inquit
2210 2900 2289 2924 Varr.
2303 2897 2335 2923 de
2349 2896 2429 2931 Ling-

1358 2936 1416 2962 Lat.
1430 2943 1459 2968 4,
1475 2944 1499 2968 17
1529 2935 1738 2962 pecuniosorum
1751 2942 1777 2962 et
1791 2936 1954 2971 locupletum
1970 2935 2163 2971 proprietatem
2173 2955 2182 2968 ,
2221 2935 2305 2968 inquit
2317 2933 2392 2959 Nou.
2408 2941 2428 2965 ι,
2468 2939 2469 2946 ’

1357 2980 1405 3005 204
1426 2970 1531 3005 aperuit
1543 2972 1581 2998 M.
1595 2972 1674 2998 Tull.
1687 2971 1719 2998 de
1735 2973 1799 3006 ch.
1814 2982 1826 2999 2
1851 2981 1866 2999 a
1878 2981 1976 3008 pecore
1990 2971 2164 3006 pecuniosos,
2200 2975 2226 2996 et
2237 2979 2253 2996 a
2269 2967 2428 3003 poss'effioni-
2457 2964 2470 2994 '1

1357 3006 1407 3034 bus
1425 3007 1549 3034 locorum
1561 3008 1721 3042 locupletes,
1741 3008 1900 3043 appellatos,
1917 3009 2047 3040 afferens,
2067 3006 2219 3040 multaeque
2233 3005 2355 3032 dictione
2369 3003 2430 3031 oui-
2456 3005 2478 3039 ᾖ

1357 3052 1404 3070 um
1417 3050 1442 3069 et
1456 3042 1555 3074 boum,
1575 3044 1647 3076 quod
1661 3050 1722 3070 tuuc
1738 3050 1794 3071 crat
1806 3053 1848 3071 res
1865 3045 1894 3071 in
1908 3053 2020 3080 pecore,
2039 3049 2067 3070 et
2080 3043 2205 3070 locorum
2218 3039 2430 3076 poffeffionibus‚
2465 3039 2477 3076 J

1358 3088 1391 3106 ex
1405 3088 1459 3113 quo
1470 3079 1603 3113 pecuniosi
1612 3100 1618 3109 ,
1637 3086 1663 3106 et
1676 3081 1819 3115 locupletes
1833 3081 2006 3108 vocabantur.
2095 3079 2151 3105 Cic.
2166 3079 2245 3105 Verr.
2264 3087 2286 3109 ς,
2300 3079 2326 3103 ι6
2345 3077 2430 3104 Mira-
2465 3083 2468 3098 ἱ

1358 3116 1399 3148 ri,
1425 3114 1498 3149 quod
1513 3115 1672 3150 Apollonius
1692 3116 1777 3143 homo
1790 3117 1948 3151 pecuniosus
1963 3124 2017 3143 tam
2031 3115 2077 3141 diu
2091 3114 2124 3141 ab
2141 3113 2191 3140 isto
2205 3119 2293 3139 manet
2312 3112 2429 3147 integer.
2466 3116 2469 3145 j

1358 3152 1423 3180 laid.
1437 3161 1464 3183 24
1491 3151 1713 3178 Pecunioliffimus
1728 3152 1961 3184 Syracusanorum.
2062 3151 2092 3177 Et
2106 3151 2135 3177 in
2149 3148 2241 3177 Parad.
2257 3151 2272 3174 6
2298 3148 2429 3175 Pecunio—
2446 3172 2451 3178 .

1359 3188 1400 3215 sos
1415 3196 1484 3214 reos.
1558 3189 1589 3213 Et
1603 3197 1651 3221 pro
1667 3189 1773 3215 Cluent.
1793 3189 1938 3216 Pecuniosa
1950 3188 2057 3214 mulier.
2142 3186 2212 3213 Cum
2226 3185 2285 3211 effer
2300 3184 2428 3220 pecunie·
2456 3187 2460 3191 ’

1360 3225 1417 3259 sus,
1436 3232 1516 3250 nemo
1531 3223 1579 3249 illo
1595 3224 1646 3250 fuit
1661 3225 1749 3251 minus
1763 3234 1839 3252 emax
1860 3225 1930 3260 Nep.
1943 3232 1980 3257 ις,
1994 3232 2033 3256 ¹3,
2047 3231 2066 3249 r.
2167 3221 2232 3249 Non
2247 3227 2299 3247 tam
2313 3229 2429 3256 genero-

1360 3260 1418 3294 sus,
1442 3269 1520 3294 quam
1534 3260 1689 3294 pecuniosus
1714 3260 1788 3288 Idem
1800 3271 1822 3294 5,
1837 3271 1855 3295 i,
1869 3270 1892 3293 3.
1983 3257 2156 3290 Pecuniosus,
2177 3266 2191 3284 a
2206 3264 2333 3292 pecorum
2347 3257 2428 3292 copia».

1361 3296 1472 3329 Quin&-
1488 3305 1556 3329 5‚10,
1564 3304 1599 3326 55·
1695 3297 1752 3324 Cic.
1766 3297 1798 3323 de
1805 3299 1910 3324 Inuent.
1920 3302 1973 3329 ¹‚35
1994 3296 2024 3322 In
2037 3294 2146 3321 fortuna
2160 3293 2316 3329 quaeritur,
2335 3293 2428 3319 seruus

1362 3332 1391 3359 {it
1406 3341 1438 3358 an
1454 3331 1538 3364 liber,
1577 3331 1734 3366 pecuniosus
1749 3342 1782 3359 an
1800 3333 1904 3365 tenuis,
1927 3339 1974 3358 etc.
2070 3330 2165 3366 Copiis
2180 3330 2220 3357 rei
2234 3329 2374 3355 familiaris
2389 3327 2439 3354 low
2468 3356 2469 3360 Ἰ

1361 3368 1448 3403 cupies
1461 3374 1486 3394 et
1499 3367 1656 3403 pecuniosus
1675 3368 1748 3395 Idem
1762 3377 1812 3403 pro
1830 3368 1905 3395 Rosc.
1920 3368 1997 3394 Com.
2012 3377 2041 3400 44
2053 3375 2076 3393 c.
2091 3375 2124 3400 ις.
2234 3365 2351 3392 Martial.
2367 3374 2388 3395 ἢ
2401 3371 2430 3396 5?
2455 3367 2473 3387 ἕ

1361 3405 1437 3430 Artes
1458 3403 1557 3430 discere
1577 3404 1633 3430 vult
1648 3405 1812 3438 pccuniosas.
1921 3404 1977 3431 Cic.
1992 3404 2019 3429 in
2033 3404 2110 3430 Verr.
2125 3401 2183 3430 Aet.
2200 3411 2217 3435 ι,
2232 3410 2254 3427 2¹
2276 3402 2329 3434 ait,
2367 3401 2431 3426 Hoc

1361 3440 1484 3466 omnium
1499 3441 1620 3466 sermone
1639 3440 1831 3473 percrebuifl'e,
1867 3449 1922 3466 non
1942 3440 2011 3475 apud
2025 3440 2162 3466 Romanos
2175 3443 2295 3470 tantum,
2332 3444 2429 3463 verurn

1360 3476 1441 3503 etiam
1454 3475 1523 3511 apud
1538 3482 1639 3502 exteras
1652 3476 1789 3509 nationes,
1822 3476 1850 3502 in
1864 3475 1971 3502 iudiciis
1984 3476 2094 3503 illorum
2110 3482 2280 3509 temporum,
2302 3472 2430 3507 pecunio-

1361 3512 1432 3546 sum,
1463 3511 1583 3547 quamuis
1596 3511 1624 3537 fit
1639 3520 1737 3537 nocens
1747 3533 1754 3545 ‚
1773 3512 1910 3538 neminem
1929 3513 1998 3547 poss'e
2013 3510 2142 3539 damnari.
2216 3510 2284 3535 Huic
2298 3508 2370 3540 affine
2384 3506 2429 3543 cst„
2459 3526 2477 3540 ,Α

1361 3550 1426 3583 quod
1436 3548 1561 3584 reperitur
1573 3549 1641 3582 apud
1654 3547 1754 3574 Sallust.
1769 3549 1825 3582 lug.
1837 3553 1851 3579 8
1871 3548 1972 3575 Romae
1985 3548 2035 3574 csse
2048 3547 2152 3575 venalia
2165 3544 2267 3572 omnia.
2358 3545 2428 3570 Com-

1356 3591 1442 3620 parat.
1481 3585 1602 3611 Mamert.
1618 3584 1710 3618 l’ancg.
1723 3584 1773 3610 Iul.
1790 3594 1810 3610 c.
1825 3593 1859 3610 20
1888 3585 1984 3612 Tanto
1998 3583 2043 3610 vir
2056 3583 2169 3618 quisque
2180 3581 2294 3614 melior,
2315 3589 2370 3614 quo
2383 3587 2428 3614 pe·
2449 3585 2458 3590 ·“

1361 3619 1496 3646 cuniofior
1509 3619 1629 3646 habetur.
1739 3621 1808 3646 Suet.
1823 3621 1890 3656 Aug.
1905 3630 1926 3647 c.
1940 3629 1968 3654 ες
1993 3620 2067 3646 Viris
2081 3617 2245 3652 feminisque
2260 3615 2428 3651 pecuniosio-

1359 3655 1434 3682 ribus
1457 3655 1597 3682 indictum.
1700 3656 1826 3691 Superlat.
1870 3655 2096 3684 Pecuniofiffinms
2127 3652 2215 3680 Cicer.
2230 3653 2260 3678 in
2276 3653 2354 3679 Verr.
2366 3650 2426 3678 Aet.

1360 3700 1367 3717 ι
1389 3701 1410 3717 c.
1432 3701 1467 3725 ¹4-
1487 3699 1511 3718 et
1529 3701 1542 3722 ς
1559 3700 1581 3718 c.
1605 3699 1630 3723 9.
2454 3714 2456 3718 ,

1393 3734 1463 3755 ri-:c
1477 3732 1702 3757 νΝιΑιῑινς,
1727 3736 1756 3759 a,
1783 3736 1838 3755 um.
1874 3728 1959 3754 Aliud
1977 3727 2038 3753 Adi.
2074 3724 2259 3758 [χρηματικὸς]
2296 3723 2373 3757 Qd
2390 3720 2427 3747 ad

1353 3767 1483 3798 pecuniam
1494 3765 1611 3799 pertinet.
1669 3763 1725 3789 Cic.
1739 3772 1789 3797 pro
1803 3764 1908 3791 Clucut.
1925 3772 1966 3790 {20
1991 3761 2137 3790 Neminem
2150 3760 2295 3786 voluerunt
2307 3759 2423 3784 maiores

1356 3799 1440 3826 nostri
1454 3809 1507 3826 ιιοιι
1521 3799 1602 3825 modo
1616 3798 1646 3825 de
1661 3799 1857 3827 existimatione
1870 3801 2044 3833 cuiusquam,
2079 3796 2121 3823 scd
2141 3804 2174 3821 ne
2190 3795 2344 3830 pecuniaria
2363 3793 2423 3828 qui-

1357 3834 1418 3861 dem
1433 3835 1465 3861 dc
1478 3845 1507 3861 re
1520 3834 1631 3861 minima
1645 3836 1693 3860 effe
1707 3835 1822 3863 iudicem
1831 3857 1839 3870 ,
1865 3835 1913 3862 nifi
1927 3835 1975 3870 qui
1988 3835 2058 3860 inter
2071 3829 2423 3893 aduersariosccorImenisset.

2256 3875 2289 3892 au
2302 3875 2331 3892 ae
2363 3872 2422 3892 ecu-

1360 3907 1460 3933 niariae
1492 3905 1551 3941 le.
1564 3906 1591 3932 in
1608 3905 1623 3932 l.
1640 3915 1646 3932 ι
1662 3907 1684 3939 §.
1699 3917 1706 3933 ι
1740 3907 1773 3934 D.
1787 3908 1819 3934 de
1832 3908 1986 3936 calumniat.
2041 3904 2112 3930 Add.
2125 3902 2142 3929 l.
2159 3912 2175 3935 9
2188 3911 2228 3936 pr.
2257 3874 2420 3940 D.·deli)ffic-

1356 3943 1477 3977 procons.
1574 3942 1771 3970 Condemnatio
1788 3943 1942 3978 pecuniaria
1967 3939 2049 3968 Paull-
2063 3939 2091 3965 in
2104 3937 2121 3964 l.
2135 3938 2225 3965 Miles.
2246 3937 2280 3964 D.
2294 3937 2326 3964 de
2341 3946 2369 3963 re
2382 3944 2420 3962 ιιι-

1356 3978 1448 4005 dicata.
1548 3977 1610 4004 lure
1624 3979 1778 4012 pecuniario
1790 3978 1918 4014 poffidere
1937 3975 2075 4011 Augustin.
2089 3973 2167 4008 Epist·
2181 3980 2222 4005 81).
2319 3973 2365 3999 Lis
2379 3979 2421 4006 pe-

1951 4012 2119 4042 cuniarium,
2155 4009 2172 4034 i.
2194 4009 2311 4036 Debitum
2321 4008 2420 4043 pecuni-

1355 4014 1474 4042 cuniaria
1498 4013 1609 4054 Qiiirfi.
1626 4017 1651 4047 6,
1669 4025 1685 4041 1.
1796 4016 1905 4042 Nomen
1917 4022 1949 4076 Ee
2042 4047 2047 4052 ι

1041 4051 1073 4077 Et
1086 4051 1143 4085 lege
1159 4051 1296 4086 sequente,
1308 4051 1434 4086 105arium
1470 4050 1553 4079 Pauli.
1573 4058 1603 4077 ιιι
1624 4050 1641 4077 l.
1669 4051 1696 4078 Si
1715 4051 1883 4081 conuenerit.
1946 4071 1953 4078 .
1971 4048 2004 4076 de
2020 4051 2154 4084 pignorat-
2169 4044 2229 4072 ΑΘ.
2335 4044 2420 4104 Ρφᾶἳιὲἔ

2266 4087 2361 4115 petum
