<?xml version="1.0" encoding="UTF-8"?>
<!DOCTYPE html PUBLIC "-//W3C//DTD XHTML 1.0 Transitional//EN"
    "http://www.w3.org/TR/xhtml1/DTD/xhtml1-transitional.dtd">
<html xmlns="http://www.w3.org/1999/xhtml" xml:lang="en" lang="en">
 <head>
  <title>
</title>
<meta http-equiv="Content-Type" content="text/html;charset=utf-8" />
  <meta name='ocr-system' content='tesseract 3.04.00' />
  <meta name='ocr-capabilities' content='ocr_page ocr_carea ocr_par ocr_line ocrx_word'/>
</head>
<body>
  <div class='ocr_page' id='page_1' title='image "./novuslinguaeeter03gesn/novuslinguaeeter03gesn_0111.png"; bbox 0 0 2517 4231; ppageno 0'>
   <div class='ocr_carea' id='block_1_1' title="bbox 69 196 2244 258">
    <p class='ocr_par' dir='ltr' id='par_1_1' title="bbox 69 196 2244 258">
     <span class='ocr_line' id='line_1_1' title="bbox 69 196 2244 258; baseline 0.003 -17"><span class='ocrx_word' id='word_1_1' title='bbox 69 216 139 258; x_wconf 77' lang='lat'>²05</span> <span class='ocrx_word' id='word_1_2' title='bbox 478 196 722 242; x_wconf 86' lang='lat' dir='ltr'>MAN</span> <span class='ocrx_word' id='word_1_3' title='bbox 1575 197 1819 247; x_wconf 80' lang='lat' dir='ltr'>MAN</span> <span class='ocrx_word' id='word_1_4' title='bbox 2163 215 2244 255; x_wconf 82' lang='lat'>206</span> 
     </span>
    </p>
   </div>
   <div class='ocr_carea' id='block_1_2' title="bbox 69 278 2243 580">
    <p class='ocr_par' dir='ltr' id='par_1_2' title="bbox 70 278 1901 330">
     <span class='ocr_line' id='line_1_2' title="bbox 70 278 1901 330; baseline -0.003 -8"><span class='ocrx_word' id='word_1_5' title='bbox 70 301 148 324; x_wconf 79' lang='lat' dir='ltr'>tatem</span> <span class='ocrx_word' id='word_1_6' title='bbox 165 293 195 321; x_wconf 86' lang='lat' dir='ltr'>in</span> <span class='ocrx_word' id='word_1_7' title='bbox 206 293 302 321; x_wconf 74' lang='lat' dir='ltr'>vrbem</span> <span class='ocrx_word' id='word_1_8' title='bbox 321 278 514 328; x_wconf 63' lang='lat' dir='ltr'>pertraherent,</span> <span class='ocrx_word' id='word_1_9' title='bbox 528 290 688 326; x_wconf 82' lang='lat' dir='ltr'>sequebatur</span> <span class='ocrx_word' id='word_1_10' title='bbox 697 288 782 317; x_wconf 80' lang='lat' dir='ltr'>statim</span> <span class='ocrx_word' id='word_1_11' title='bbox 796 287 897 323; x_wconf 78' lang='lat' dir='ltr'>pluuia,</span> <span class='ocrx_word' id='word_1_12' title='bbox 910 295 1034 324; x_wconf 74' lang='lat' dir='ltr'>eumque,</span> <span class='ocrx_word' id='word_1_13' title='bbox 1049 288 1120 324; x_wconf 83' lang='lat' dir='ltr'>quod</span> <span class='ocrx_word' id='word_1_14' title='bbox 1383 288 1461 320; x_wconf 70' lang='lat' dir='ltr'>Peras</span> <span class='ocrx_word' id='word_1_15' title='bbox 1477 287 1605 329; x_wconf 70' lang='lat' dir='ltr'>imposuit</span> <span class='ocrx_word' id='word_1_16' title='bbox 1622 292 1702 321; x_wconf 72' lang='lat' dir='ltr'>nobis</span> <span class='ocrx_word' id='word_1_17' title='bbox 1722 294 1824 330; x_wconf 66' lang='lat' dir='ltr'>{upster</span> <span class='ocrx_word' id='word_1_18' title='bbox 1838 295 1901 323; x_wconf 62' lang='lat' dir='ltr'>du„</span> 
     </span>
    </p>

    <p class='ocr_par' dir='ltr' id='par_1_3' title="bbox 70 324 2024 368">
     <span class='ocr_line' id='line_1_3' title="bbox 70 324 2024 368; baseline 0.002 -11"><span class='ocrx_word' id='word_1_19' title='bbox 70 339 149 365; x_wconf 83' lang='lat' dir='ltr'>aquas</span> <span class='ocrx_word' id='word_1_20' title='bbox 164 336 291 364; x_wconf 83' lang='lat' dir='ltr'>manaret,</span> <span class='ocrx_word' id='word_1_21' title='bbox 309 328 440 356; x_wconf 85' lang='lat' dir='ltr'>Manalem</span> <span class='ocrx_word' id='word_1_22' title='bbox 455 327 567 362; x_wconf 80' lang='lat' dir='ltr'>lapidem</span> <span class='ocrx_word' id='word_1_23' title='bbox 581 327 681 354; x_wconf 78' lang='lat' dir='ltr'><strong>dixere.</strong></span> <span class='ocrx_word' id='word_1_24' title='bbox 716 324 813 352; x_wconf 84' lang='lat' dir='ltr'>Festus.</span> <span class='ocrx_word' id='word_1_25' title='bbox 893 326 966 360; x_wconf 85' lang='lat' dir='ltr'>Conf.</span> <span class='ocrx_word' id='word_1_26' title='bbox 987 326 1123 361; x_wconf 55' lang='lat' dir='ltr'>Scaligmd</span> <span class='ocrx_word' id='word_1_27' title='bbox 1382 326 1501 363; x_wconf 82' lang='lat' dir='ltr'>Propriis</span> <span class='ocrx_word' id='word_1_28' title='bbox 1517 330 1641 365; x_wconf 78' lang='lat' dir='ltr'>repletam</span> <span class='ocrx_word' id='word_1_29' title='bbox 1657 330 1731 357; x_wconf 82' lang='lat' dir='ltr'>vitiis</span> <span class='ocrx_word' id='word_1_30' title='bbox 1753 331 1810 365; x_wconf 88' lang='lat' dir='ltr'>post</span> <span class='ocrx_word' id='word_1_31' title='bbox 1823 337 1926 366; x_wconf 78' lang='lat' dir='ltr'>tergum</span> <span class='ocrx_word' id='word_1_32' title='bbox 1941 332 2024 368; x_wconf 84' lang='lat' dir='ltr'>dedit,</span> 
     </span>
    </p>

    <p class='ocr_par' dir='ltr' id='par_1_4' title="bbox 69 360 1952 402">
     <span class='ocr_line' id='line_1_4' title="bbox 69 360 1952 402; baseline 0.001 -8"><span class='ocrx_word' id='word_1_33' title='bbox 69 365 135 395; x_wconf 74' lang='lat' dir='ltr'>Fen.</span> <span class='ocrx_word' id='word_1_34' title='bbox 155 367 185 393; x_wconf 83' lang='lat' dir='ltr'>it.</span> <span class='ocrx_word' id='word_1_35' title='bbox 199 367 273 394; x_wconf 87' lang='lat' dir='ltr'>Non.</span> <span class='ocrx_word' id='word_1_36' title='bbox 287 373 324 400; x_wconf 80' lang='grc' dir='ltr'>ις,</span> <span class='ocrx_word' id='word_1_37' title='bbox 338 373 372 397; x_wconf 86' lang='lat'>32.</span> <span class='ocrx_word' id='word_1_38' title='bbox 391 367 419 390; x_wconf 75' lang='lat' dir='ltr'>in</span> <span class='ocrx_word' id='word_1_39' title='bbox 434 364 589 391; x_wconf 89' lang='lat' dir='ltr'>Trulleum.</span> <span class='ocrx_word' id='word_1_40' title='bbox 609 362 729 397; x_wconf 80' lang='lat' dir='ltr'>Fulgent.</span> <span class='ocrx_word' id='word_1_41' title='bbox 750 360 835 387; x_wconf 79' lang='lat' dir='ltr'>Plane.</span> <span class='ocrx_word' id='word_1_42' title='bbox 855 369 882 389; x_wconf 87' lang='lat' dir='ltr'>n.</span> <span class='ocrx_word' id='word_1_43' title='bbox 895 370 917 393; x_wconf 73' lang='lat'>⁴·</span> <span class='ocrx_word' id='word_1_44' title='bbox 1382 364 1486 391; x_wconf 77' lang='lat' dir='ltr'>Alienis</span> <span class='ocrx_word' id='word_1_45' title='bbox 1499 371 1559 392; x_wconf 82' lang='lat' dir='ltr'>ante</span> <span class='ocrx_word' id='word_1_46' title='bbox 1574 366 1664 401; x_wconf 61' lang='lat' dir='ltr'>peditis</span> <span class='ocrx_word' id='word_1_47' title='bbox 1684 365 1815 401; x_wconf 80' lang='lat' dir='ltr'>suspendit</span> <span class='ocrx_word' id='word_1_48' title='bbox 1835 376 1952 402; x_wconf 81' lang='lat' dir='ltr'>grauem.</span> 
     </span>
    </p>

    <p class='ocr_par' dir='ltr' id='par_1_5' title="bbox 106 398 2021 438">
     <span class='ocr_line' id='line_1_5' title="bbox 106 398 2021 438; baseline 0.003 -13"><span class='ocrx_word' id='word_1_49' title='bbox 106 408 135 431; x_wconf 67' lang='lat' dir='ltr'>M</span> <span class='ocrx_word' id='word_1_50' title='bbox 147 408 171 430; x_wconf 83' lang='lat' dir='ltr'>A</span> <span class='ocrx_word' id='word_1_51' title='bbox 185 407 208 429; x_wconf 79' lang='lat' dir='ltr'>N</span> <span class='ocrx_word' id='word_1_52' title='bbox 220 409 243 429; x_wconf 84' lang='lat' dir='ltr'>A</span> <span class='ocrx_word' id='word_1_53' title='bbox 254 408 270 428; x_wconf 88' lang='lat' dir='ltr'>B</span> <span class='ocrx_word' id='word_1_54' title='bbox 280 399 294 427; x_wconf 78' lang='grc' dir='ltr'><em>ἰ</em></span> <span class='ocrx_word' id='word_1_55' title='bbox 306 407 323 426; x_wconf 82' lang='lat'>1.</span> <span class='ocrx_word' id='word_1_56' title='bbox 336 407 346 426; x_wconf 87' lang='lat'>1</span> <span class='ocrx_word' id='word_1_57' title='bbox 361 407 374 426; x_wconf 89' lang='lat' dir='ltr'>s</span> <span class='ocrx_word' id='word_1_58' title='bbox 385 421 395 433; x_wconf 87' lang='lat'>,</span> <span class='ocrx_word' id='word_1_59' title='bbox 414 409 436 426; x_wconf 87' lang='lat' dir='ltr'>e.</span> <span class='ocrx_word' id='word_1_60' title='bbox 458 399 516 427; x_wconf 86' lang='lat' dir='ltr'>Adi.</span> <span class='ocrx_word' id='word_1_61' title='bbox 554 399 658 425; x_wconf 60' lang='lat' dir='ltr'>lucret.</span> <span class='ocrx_word' id='word_1_62' title='bbox 673 407 691 427; x_wconf 86' lang='grc'>1,</span> <span class='ocrx_word' id='word_1_63' title='bbox 705 405 749 438; x_wconf 42' lang='lat'>535,</span> <span class='ocrx_word' id='word_1_64' title='bbox 1383 398 1439 425; x_wconf 85' lang='lat' dir='ltr'>Hac</span> <span class='ocrx_word' id='word_1_65' title='bbox 1455 410 1483 426; x_wconf 83' lang='lat' dir='ltr'>rc</span> <span class='ocrx_word' id='word_1_66' title='bbox 1497 400 1587 428; x_wconf 83' lang='lat' dir='ltr'>videre</span> <span class='ocrx_word' id='word_1_67' title='bbox 1608 402 1694 429; x_wconf 82' lang='lat' dir='ltr'>nostra</span> <span class='ocrx_word' id='word_1_68' title='bbox 1714 403 1782 430; x_wconf 86' lang='lat' dir='ltr'>mala</span> <span class='ocrx_word' id='word_1_69' title='bbox 1796 412 1851 430; x_wconf 91' lang='lat' dir='ltr'>non</span> <span class='ocrx_word' id='word_1_70' title='bbox 1874 404 2021 437; x_wconf 82' lang='lat' dir='ltr'>poffinnus:</span> 
     </span>
    </p>

    <p class='ocr_par' dir='ltr' id='par_1_6' title="bbox 226 431 2243 545">
     <span class='ocr_line' id='line_1_6' title="bbox 226 431 1962 472; baseline 0.001 -8"><span class='ocrx_word' id='word_1_71' title='bbox 226 437 298 464; x_wconf 86' lang='lat' dir='ltr'>Nam</span> <span class='ocrx_word' id='word_1_72' title='bbox 314 444 400 471; x_wconf 86' lang='lat' dir='ltr'>neque</span> <span class='ocrx_word' id='word_1_73' title='bbox 413 435 514 463; x_wconf 85' lang='lat' dir='ltr'>conlidi</span> <span class='ocrx_word' id='word_1_74' title='bbox 527 434 580 461; x_wconf 86' lang='lat' dir='ltr'>sine</span> <span class='ocrx_word' id='word_1_75' title='bbox 598 433 674 460; x_wconf 80' lang='lat' dir='ltr'>inani</span> <span class='ocrx_word' id='word_1_76' title='bbox 689 433 758 468; x_wconf 82' lang='lat' dir='ltr'>polle</span> <span class='ocrx_word' id='word_1_77' title='bbox 779 431 888 459; x_wconf 77' lang='lat' dir='ltr'>videtur</span> <span class='ocrx_word' id='word_1_78' title='bbox 1150 432 1165 456; x_wconf 86' lang='lat'><em>5</em></span> <span class='ocrx_word' id='word_1_79' title='bbox 1386 434 1440 460; x_wconf 78' lang='lat' dir='ltr'>Alii</span> <span class='ocrx_word' id='word_1_80' title='bbox 1457 435 1532 463; x_wconf 82' lang='lat' dir='ltr'>fimnl</span> <span class='ocrx_word' id='word_1_81' title='bbox 1545 437 1713 472; x_wconf 83' lang='lat' dir='ltr'>delinquunt,</span> <span class='ocrx_word' id='word_1_82' title='bbox 1727 439 1847 466; x_wconf 80' lang='lat' dir='ltr'>censores</span> <span class='ocrx_word' id='word_1_83' title='bbox 1865 440 1962 466; x_wconf 87' lang='lat' dir='ltr'>sumus.</span> 
     </span>
     <span class='ocr_line' id='line_1_7' title="bbox 229 460 2243 512; baseline 0.007 -21"><span class='ocrx_word' id='word_1_84' title='bbox 229 471 398 506; x_wconf 58' lang='lat' dir='ltr'>Qfidquam,</span> <span class='ocrx_word' id='word_1_85' title='bbox 504 481 551 492; x_wconf 74' lang='lat'>...-</span> <span class='ocrx_word' id='word_1_86' title='bbox 668 483 714 489; x_wconf 82' lang='lat'>—</span> <span class='ocrx_word' id='word_1_87' title='bbox 820 503 825 508; x_wconf 37' lang='grc'><em>.</em></span> <span class='ocrx_word' id='word_1_88' title='bbox 895 503 900 509; x_wconf 94' lang='lat'>.</span> <span class='ocrx_word' id='word_1_89' title='bbox 1188 460 1257 490; x_wconf 81' lang='lat' dir='ltr'>Pers.</span> <span class='ocrx_word' id='word_1_90' title='bbox 1271 473 1295 497; x_wconf 81' lang='grc'>4,</span> <span class='ocrx_word' id='word_1_91' title='bbox 1309 472 1341 498; x_wconf 82' lang='lat'>²4</span> <span class='ocrx_word' id='word_1_92' title='bbox 1361 466 1397 493; x_wconf 84' lang='lat' dir='ltr'>Vt</span> <span class='ocrx_word' id='word_1_93' title='bbox 1409 477 1492 507; x_wconf 31' lang='lat' dir='ltr'>„nemo</span> <span class='ocrx_word' id='word_1_94' title='bbox 1507 472 1536 497; x_wconf 91' lang='lat' dir='ltr'>in</span> <span class='ocrx_word' id='word_1_95' title='bbox 1552 474 1602 500; x_wconf 81' lang='lat' dir='ltr'>sese</span> <span class='ocrx_word' id='word_1_96' title='bbox 1617 480 1699 501; x_wconf 76' lang='lat' dir='ltr'>tentat</span> <span class='ocrx_word' id='word_1_97' title='bbox 1712 474 1877 512; x_wconf 61' lang='lat' dir='ltr'>descendere,</span> <span class='ocrx_word' id='word_1_98' title='bbox 1893 483 1982 509; x_wconf 89' lang='lat' dir='ltr'>nemo,</span> <span class='ocrx_word' id='word_1_99' title='bbox 2019 475 2067 503; x_wconf 86' lang='lat' dir='ltr'>Sed</span> <span class='ocrx_word' id='word_1_100' title='bbox 2075 473 2243 511; x_wconf 67' lang='lat' dir='ltr'>praecedenti</span> 
     </span>
     <span class='ocr_line' id='line_1_8' title="bbox 228 499 1866 545; baseline -0.002 -10"><span class='ocrx_word' id='word_1_101' title='bbox 228 508 286 535; x_wconf 89' lang='lat' dir='ltr'>Nec</span> <span class='ocrx_word' id='word_1_102' title='bbox 302 516 394 543; x_wconf 79' lang='lat' dir='ltr'>capere</span> <span class='ocrx_word' id='word_1_103' title='bbox 407 507 559 537; x_wconf 88' lang='lat' dir='ltr'>humorem,</span> <span class='ocrx_word' id='word_1_104' title='bbox 577 513 625 531; x_wconf 86' lang='lat' dir='ltr'>nec</span> <span class='ocrx_word' id='word_1_105' title='bbox 639 504 703 531; x_wconf 86' lang='lat' dir='ltr'>item</span> <span class='ocrx_word' id='word_1_106' title='bbox 721 502 854 530; x_wconf 80' lang='lat' dir='ltr'>manabile</span> <span class='ocrx_word' id='word_1_107' title='bbox 866 503 957 538; x_wconf 66' lang='lat' dir='ltr'>frigus.</span> <span class='ocrx_word' id='word_1_108' title='bbox 1187 499 1319 533; x_wconf 57' lang='lat' dir='ltr'>speffiatur</span> <span class='ocrx_word' id='word_1_109' title='bbox 1333 509 1445 530; x_wconf 71' lang='lat' dir='ltr'>mantica</span> <span class='ocrx_word' id='word_1_110' title='bbox 1459 511 1543 540; x_wconf 80' lang='lat' dir='ltr'>tergo.</span> <span class='ocrx_word' id='word_1_111' title='bbox 1585 509 1639 535; x_wconf 59' lang='lat' dir='ltr'>Via,</span> <span class='ocrx_word' id='word_1_112' title='bbox 1654 509 1756 545; x_wconf 56' lang='lat' dir='ltr'>easque·</span> <span class='ocrx_word' id='word_1_113' title='bbox 1775 513 1812 536; x_wconf 69' lang='lat' dir='ltr'>ad</span> <span class='ocrx_word' id='word_1_114' title='bbox 1823 512 1866 537; x_wconf 55' lang='grc' dir='ltr'>(ορ,</span> 
     </span>
    </p>

    <p class='ocr_par' dir='ltr' id='par_1_7' title="bbox 72 540 2242 580">
     <span class='ocr_line' id='line_1_9' title="bbox 72 540 2242 580; baseline 0.003 -13"><span class='ocrx_word' id='word_1_115' title='bbox 72 543 215 580; x_wconf 58' lang='grc' dir='ltr'>Μᾶῃώῐις,</span> <span class='ocrx_word' id='word_1_116' title='bbox 234 544 317 578; x_wconf 80' lang='lat' dir='ltr'>inquit</span> <span class='ocrx_word' id='word_1_117' title='bbox 332 544 472 575; x_wconf 75' lang='lat' dir='ltr'><em>Lambinus,</em></span> <span class='ocrx_word' id='word_1_118' title='bbox 490 542 509 569; x_wconf 82' lang='lat' dir='ltr'>i.</span> <span class='ocrx_word' id='word_1_119' title='bbox 522 540 685 576; x_wconf 71' lang='lat' dir='ltr'>Qedfacile</span> <span class='ocrx_word' id='word_1_120' title='bbox 697 540 725 565; x_wconf 82' lang='lat' dir='ltr'>in</span> <span class='ocrx_word' id='word_1_121' title='bbox 737 546 822 574; x_wconf 75' lang='lat' dir='ltr'>partes</span> <span class='ocrx_word' id='word_1_122' title='bbox 837 540 939 565; x_wconf 80' lang='lat' dir='ltr'>intimas</span> <span class='ocrx_word' id='word_1_123' title='bbox 956 543 1078 575; x_wconf 74' lang='lat' dir='ltr'>penetrat.</span> <span class='ocrx_word' id='word_1_124' title='bbox 1224 541 1249 561; x_wconf 83' lang='lat' dir='ltr'>M</span> <span class='ocrx_word' id='word_1_125' title='bbox 1261 542 1283 562; x_wconf 86' lang='lat' dir='ltr'>A</span> <span class='ocrx_word' id='word_1_126' title='bbox 1294 543 1317 562; x_wconf 98' lang='lat' dir='ltr'>N</span> <span class='ocrx_word' id='word_1_127' title='bbox 1329 543 1351 563; x_wconf 87' lang='grc' dir='ltr'>Τ</span> <span class='ocrx_word' id='word_1_128' title='bbox 1364 545 1371 563; x_wconf 93' lang='grc'>1</span> <span class='ocrx_word' id='word_1_129' title='bbox 1383 544 1401 565; x_wconf 88' lang='lat' dir='ltr'>c</span> <span class='ocrx_word' id='word_1_130' title='bbox 1413 546 1433 565; x_wconf 94' lang='lat' dir='ltr'>V</span> <span class='ocrx_word' id='word_1_131' title='bbox 1444 546 1460 566; x_wconf 79' lang='lat' dir='ltr'>L</span> <span class='ocrx_word' id='word_1_132' title='bbox 1471 547 1491 566; x_wconf 81' lang='grc' dir='ltr'>Λ</span> <span class='ocrx_word' id='word_1_133' title='bbox 1500 564 1509 576; x_wconf 86' lang='lat'>‚</span> <span class='ocrx_word' id='word_1_134' title='bbox 1535 550 1572 568; x_wconf 88' lang='lat' dir='ltr'>ac.</span> <span class='ocrx_word' id='word_1_135' title='bbox 1592 544 1612 569; x_wconf 81' lang='lat' dir='ltr'>f.</span> <span class='ocrx_word' id='word_1_136' title='bbox 1642 545 1704 571; x_wconf 89' lang='lat' dir='ltr'>Dim</span> <span class='ocrx_word' id='word_1_137' title='bbox 1712 545 1751 572; x_wconf 92' lang='lat' dir='ltr'>in.</span> <span class='ocrx_word' id='word_1_138' title='bbox 1777 547 1895 580; x_wconf 69' lang='grc' dir='ltr'>[πηρίδιον</span> <span class='ocrx_word' id='word_1_139' title='bbox 1939 545 2006 573; x_wconf 74' lang='lat' dir='ltr'>Fen.</span> <span class='ocrx_word' id='word_1_140' title='bbox 2033 547 2242 575; x_wconf 81' lang='lat' dir='ltr'>Manticularum</span> 
     </span>
    </p>
   </div>
   <div class='ocr_carea' id='block_1_3' title="bbox 109 570 2244 610">
    <p class='ocr_par' dir='ltr' id='par_1_8' title="bbox 109 570 2244 610">
     <span class='ocr_line' id='line_1_10' title="bbox 109 570 2244 610; baseline 0.002 -3"><span class='ocrx_word' id='word_1_141' title='bbox 109 588 135 608; x_wconf 97' lang='lat' dir='ltr'>M</span> <span class='ocrx_word' id='word_1_142' title='bbox 148 587 170 608; x_wconf 88' lang='lat' dir='ltr'>A</span> <span class='ocrx_word' id='word_1_143' title='bbox 181 587 204 607; x_wconf 93' lang='lat' dir='ltr'>N</span> <span class='ocrx_word' id='word_1_144' title='bbox 218 585 238 607; x_wconf 92' lang='lat'>0</span> <span class='ocrx_word' id='word_1_145' title='bbox 251 584 267 606; x_wconf 82' lang='grc' dir='ltr'><em>Β</em></span> <span class='ocrx_word' id='word_1_146' title='bbox 279 586 302 606; x_wconf 87' lang='grc' dir='ltr'>Α</span> <span class='ocrx_word' id='word_1_147' title='bbox 311 587 328 606; x_wconf 81' lang='lat' dir='ltr'>R</span> <span class='ocrx_word' id='word_1_148' title='bbox 342 585 359 608; x_wconf 80' lang='grc' dir='ltr'>Β</span> <span class='ocrx_word' id='word_1_149' title='bbox 370 585 390 606; x_wconf 90' lang='lat' dir='ltr'>V</span> <span class='ocrx_word' id='word_1_150' title='bbox 399 583 414 604; x_wconf 87' lang='lat'>1.</span> <span class='ocrx_word' id='word_1_151' title='bbox 426 583 448 605; x_wconf 85' lang='lat' dir='ltr'><strong>v</strong></span> <span class='ocrx_word' id='word_1_152' title='bbox 461 584 475 604; x_wconf 82' lang='lat' dir='ltr'>s</span> <span class='ocrx_word' id='word_1_153' title='bbox 484 598 493 610; x_wconf 93' lang='lat'>‚</span> <span class='ocrx_word' id='word_1_154' title='bbox 519 578 573 602; x_wconf 74' lang='lat' dir='ltr'>vid.</span> <span class='ocrx_word' id='word_1_155' title='bbox 602 581 628 602; x_wconf 87' lang='grc' dir='ltr'><strong>Μ</strong></span> <span class='ocrx_word' id='word_1_156' title='bbox 641 581 664 602; x_wconf 82' lang='lat' dir='ltr'>A</span> <span class='ocrx_word' id='word_1_157' title='bbox 677 580 726 603; x_wconf 68' lang='grc' dir='ltr'>ΚΤ</span> <span class='ocrx_word' id='word_1_158' title='bbox 739 582 748 602; x_wconf 89' lang='grc'>1</span> <span class='ocrx_word' id='word_1_159' title='bbox 761 581 781 602; x_wconf 93' lang='lat' dir='ltr'>O</span> <span class='ocrx_word' id='word_1_160' title='bbox 792 581 809 602; x_wconf 81' lang='grc' dir='ltr'>Β</span> <span class='ocrx_word' id='word_1_161' title='bbox 823 582 844 602; x_wconf 96' lang='lat' dir='ltr'>A</span> <span class='ocrx_word' id='word_1_162' title='bbox 854 582 873 602; x_wconf 84' lang='lat' dir='ltr'>R</span> <span class='ocrx_word' id='word_1_163' title='bbox 885 581 901 601; x_wconf 81' lang='grc' dir='ltr'><strong><em>Β</em></strong></span> <span class='ocrx_word' id='word_1_164' title='bbox 912 581 931 601; x_wconf 92' lang='lat' dir='ltr'>V</span> <span class='ocrx_word' id='word_1_165' title='bbox 944 581 960 601; x_wconf 82' lang='lat'>1.</span> <span class='ocrx_word' id='word_1_166' title='bbox 970 581 989 600; x_wconf 86' lang='lat'>1.</span> <span class='ocrx_word' id='word_1_167' title='bbox 1188 570 1246 596; x_wconf 83' lang='lat' dir='ltr'>vsus</span> <span class='ocrx_word' id='word_1_168' title='bbox 1262 573 1421 606; x_wconf 81' lang='lat' dir='ltr'>pauperibus</span> <span class='ocrx_word' id='word_1_169' title='bbox 1435 574 1464 601; x_wconf 90' lang='lat' dir='ltr'>in</span> <span class='ocrx_word' id='word_1_170' title='bbox 1479 577 1567 603; x_wconf 87' lang='lat' dir='ltr'>numis</span> <span class='ocrx_word' id='word_1_171' title='bbox 1576 579 1750 607; x_wconf 77' lang='lat' dir='ltr'>recondendis</span> <span class='ocrx_word' id='word_1_172' title='bbox 1759 581 1840 609; x_wconf 78' lang='lat' dir='ltr'>etiam</span> <span class='ocrx_word' id='word_1_173' title='bbox 1855 591 1890 609; x_wconf 88' lang='lat' dir='ltr'>no</span> <span class='ocrx_word' id='word_1_174' title='bbox 1914 591 1946 609; x_wconf 84' lang='lat' dir='ltr'>ro</span> <span class='ocrx_word' id='word_1_175' title='bbox 1956 582 2058 609; x_wconf 87' lang='lat' dir='ltr'>saeculo</span> <span class='ocrx_word' id='word_1_176' title='bbox 2079 583 2144 610; x_wconf 85' lang='lat' dir='ltr'>fuit:</span> <span class='ocrx_word' id='word_1_177' title='bbox 2173 584 2244 610; x_wconf 84' lang='lat' dir='ltr'>vnde</span> 
     </span>
    </p>
   </div>
   <div class='ocr_carea' id='block_1_4' title="bbox 71 606 2244 688">
    <p class='ocr_par' dir='ltr' id='par_1_9' title="bbox 71 606 2244 688">
     <span class='ocr_line' id='line_1_11' title="bbox 109 606 2244 653; baseline -0.002 -9"><span class='ocrx_word' id='word_1_178' title='bbox 109 623 136 644; x_wconf 83' lang='lat' dir='ltr'>M</span> <span class='ocrx_word' id='word_1_179' title='bbox 147 623 170 644; x_wconf 83' lang='lat' dir='ltr'>A</span> <span class='ocrx_word' id='word_1_180' title='bbox 181 624 202 645; x_wconf 83' lang='lat' dir='ltr'>N</span> <span class='ocrx_word' id='word_1_181' title='bbox 215 623 234 643; x_wconf 91' lang='lat' dir='ltr'>O</span> <span class='ocrx_word' id='word_1_182' title='bbox 245 623 269 643; x_wconf 85' lang='lat' dir='ltr'>N</span> <span class='ocrx_word' id='word_1_183' title='bbox 279 634 287 647; x_wconf 71' lang='lat'><em>2</em></span> <span class='ocrx_word' id='word_1_184' title='bbox 314 616 434 641; x_wconf 70' lang='lat' dir='ltr'>Graecum</span> <span class='ocrx_word' id='word_1_185' title='bbox 455 613 488 649; x_wconf 81' lang='lat' dir='ltr'>est</span> <span class='ocrx_word' id='word_1_186' title='bbox 507 615 585 644; x_wconf 66' lang='grc' dir='ltr'><strong><em>μανὸν,</em></strong></span> <span class='ocrx_word' id='word_1_187' title='bbox 600 617 625 637; x_wconf 82' lang='lat' dir='ltr'>et</span> <span class='ocrx_word' id='word_1_188' title='bbox 644 620 729 638; x_wconf 82' lang='lat' dir='ltr'>rarum</span> <span class='ocrx_word' id='word_1_189' title='bbox 737 611 881 651; x_wconf 59' lang='lat' dir='ltr'>fignificat,</span> <span class='ocrx_word' id='word_1_190' title='bbox 893 609 964 645; x_wconf 78' lang='lat' dir='ltr'>denso</span> <span class='ocrx_word' id='word_1_191' title='bbox 984 606 1123 642; x_wconf 79' lang='lat' dir='ltr'>oppofitum.</span> <span class='ocrx_word' id='word_1_192' title='bbox 1141 613 1170 634; x_wconf 85' lang='lat'>10</span> <span class='ocrx_word' id='word_1_193' title='bbox 1189 612 1268 632; x_wconf 78' lang='lat' dir='ltr'>MAN</span> <span class='ocrx_word' id='word_1_194' title='bbox 1278 613 1299 633; x_wconf 87' lang='lat' dir='ltr'>T</span> <span class='ocrx_word' id='word_1_195' title='bbox 1309 614 1454 649; x_wconf 67' lang='lat' dir='ltr'>iCVLARl</span> <span class='ocrx_word' id='word_1_196' title='bbox 1477 611 1644 647; x_wconf 76' lang='lat' dir='ltr'>dicebantur,</span> <span class='ocrx_word' id='word_1_197' title='bbox 1663 615 1710 647; x_wconf 81' lang='lat' dir='ltr'>qui</span> <span class='ocrx_word' id='word_1_198' title='bbox 1726 616 1834 645; x_wconf 83' lang='lat' dir='ltr'>furandi</span> <span class='ocrx_word' id='word_1_199' title='bbox 1850 618 1934 653; x_wconf 76' lang='lat' dir='ltr'>gratia</span> <span class='ocrx_word' id='word_1_200' title='bbox 1948 618 2102 646; x_wconf 72' lang='lat' dir='ltr'>manticulas</span> <span class='ocrx_word' id='word_1_201' title='bbox 2122 619 2244 646; x_wconf 51' lang='lat' dir='ltr'>attrefih„</span> 
     </span>
     <span class='ocr_line' id='line_1_12' title="bbox 71 641 1630 688; baseline -0.01 -8"><span class='ocrx_word' id='word_1_202' title='bbox 71 652 173 688; x_wconf 81' lang='lat' dir='ltr'>Plin.9‚</span> <span class='ocrx_word' id='word_1_203' title='bbox 185 662 213 686; x_wconf 79' lang='lat'>45</span> <span class='ocrx_word' id='word_1_204' title='bbox 232 652 249 678; x_wconf 91' lang='lat' dir='ltr'>s.</span> <span class='ocrx_word' id='word_1_205' title='bbox 264 654 296 684; x_wconf 85' lang='lat'>69</span> <span class='ocrx_word' id='word_1_206' title='bbox 317 651 385 685; x_wconf 86' lang='lat' dir='ltr'>Spon</span> <span class='ocrx_word' id='word_1_207' title='bbox 405 649 490 675; x_wconf 84' lang='lat' dir='ltr'>iarum</span> <span class='ocrx_word' id='word_1_208' title='bbox 498 647 819 686; x_wconf 82' lang='lat' dir='ltr'>triageneraaccepimus:</span> <span class='ocrx_word' id='word_1_209' title='bbox 832 646 945 682; x_wconf 78' lang='lat' dir='ltr'>spissum,</span> <span class='ocrx_word' id='word_1_210' title='bbox 955 642 1124 676; x_wconf 84' lang='lat' dir='ltr'>praedurum,</span> <span class='ocrx_word' id='word_1_211' title='bbox 1188 641 1262 677; x_wconf 88' lang='lat' dir='ltr'>bant,</span> <span class='ocrx_word' id='word_1_212' title='bbox 1289 646 1344 670; x_wconf 70' lang='lat' dir='ltr'>vid.</span> <span class='ocrx_word' id='word_1_213' title='bbox 1368 652 1393 672; x_wconf 88' lang='lat' dir='ltr'>M</span> <span class='ocrx_word' id='word_1_214' title='bbox 1400 652 1630 675; x_wconf 74' lang='lat' dir='ltr'>ANTICVLOR.</span> 
     </span>
    </p>
   </div>
   <div class='ocr_carea' id='block_1_5' title="bbox 65 681 2251 1116">
    <p class='ocr_par' dir='ltr' id='par_1_10' title="bbox 72 681 2251 726">
     <span class='ocr_line' id='line_1_13' title="bbox 72 681 2251 726; baseline -0 -11"><span class='ocrx_word' id='word_1_215' title='bbox 72 695 99 715; x_wconf 86' lang='lat' dir='ltr'>et</span> <span class='ocrx_word' id='word_1_216' title='bbox 112 689 241 723; x_wconf 85' lang='lat' dir='ltr'>asperum.</span> <span class='ocrx_word' id='word_1_217' title='bbox 254 687 360 720; x_wconf 84' lang='lat' dir='ltr'>Tragos</span> <span class='ocrx_word' id='word_1_218' title='bbox 374 685 381 710; x_wconf 91' lang='lat' dir='ltr'>i</span> <span class='ocrx_word' id='word_1_219' title='bbox 423 689 531 710; x_wconf 82' lang='lat' dir='ltr'>vocant:</span> <span class='ocrx_word' id='word_1_220' title='bbox 550 691 638 708; x_wconf 84' lang='lat' dir='ltr'>minus</span> <span class='ocrx_word' id='word_1_221' title='bbox 653 683 757 717; x_wconf 84' lang='lat' dir='ltr'>spissinn</span> <span class='ocrx_word' id='word_1_222' title='bbox 771 689 798 710; x_wconf 87' lang='lat' dir='ltr'>et</span> <span class='ocrx_word' id='word_1_223' title='bbox 811 681 928 714; x_wconf 79' lang='lat' dir='ltr'>mollius,</span> <span class='ocrx_word' id='word_1_224' title='bbox 949 686 1061 705; x_wconf 59' lang='lat' dir='ltr'>menon:</span> <span class='ocrx_word' id='word_1_225' title='bbox 1087 683 1124 704; x_wconf 77' lang='lat' dir='ltr'>te·</span> <span class='ocrx_word' id='word_1_226' title='bbox 1221 685 1246 704; x_wconf 88' lang='grc' dir='ltr'><strong>Μ</strong></span> <span class='ocrx_word' id='word_1_227' title='bbox 1259 685 1283 705; x_wconf 93' lang='lat' dir='ltr'>A</span> <span class='ocrx_word' id='word_1_228' title='bbox 1296 685 1318 704; x_wconf 88' lang='lat' dir='ltr'>N</span> <span class='ocrx_word' id='word_1_229' title='bbox 1334 685 1356 707; x_wconf 86' lang='grc' dir='ltr'>Τ</span> <span class='ocrx_word' id='word_1_230' title='bbox 1371 687 1380 707; x_wconf 87' lang='grc'>1</span> <span class='ocrx_word' id='word_1_231' title='bbox 1393 687 1411 708; x_wconf 83' lang='lat' dir='ltr'>c</span> <span class='ocrx_word' id='word_1_232' title='bbox 1425 688 1446 707; x_wconf 89' lang='lat' dir='ltr'><strong>v</strong></span> <span class='ocrx_word' id='word_1_233' title='bbox 1457 688 1474 708; x_wconf 80' lang='lat' dir='ltr'>L</span> <span class='ocrx_word' id='word_1_234' title='bbox 1485 689 1507 709; x_wconf 83' lang='lat' dir='ltr'>A</span> <span class='ocrx_word' id='word_1_235' title='bbox 1517 689 1537 709; x_wconf 75' lang='lat' dir='ltr'>R</span> <span class='ocrx_word' id='word_1_236' title='bbox 1550 690 1558 709; x_wconf 86' lang='lat'>1</span> <span class='ocrx_word' id='word_1_237' title='bbox 1570 691 1590 709; x_wconf 97' lang='lat' dir='ltr'>A</span> <span class='ocrx_word' id='word_1_238' title='bbox 1640 683 1765 712; x_wconf 86' lang='lat' dir='ltr'>dicuntur</span> <span class='ocrx_word' id='word_1_239' title='bbox 1779 686 1823 722; x_wconf 73' lang='lat' dir='ltr'>Ea,</span> <span class='ocrx_word' id='word_1_240' title='bbox 1840 699 1906 723; x_wconf 66' lang='lat' dir='ltr'>quae</span> <span class='ocrx_word' id='word_1_241' title='bbox 1922 689 1952 717; x_wconf 79' lang='grc' dir='ltr'>ίη</span> <span class='ocrx_word' id='word_1_242' title='bbox 1971 689 2107 726; x_wconf 69' lang='lat' dir='ltr'>frequenti</span> <span class='ocrx_word' id='word_1_243' title='bbox 2130 691 2177 717; x_wconf 79' lang='lat' dir='ltr'>vsu</span> <span class='ocrx_word' id='word_1_244' title='bbox 2199 690 2251 717; x_wconf 69' lang='lat' dir='ltr'>ha.</span> 
     </span>
    </p>

    <p class='ocr_par' dir='ltr' id='par_1_11' title="bbox 72 706 2245 790">
     <span class='ocr_line' id='line_1_14' title="bbox 72 706 2245 761; baseline 0.002 -10"><span class='ocrx_word' id='word_1_245' title='bbox 72 733 126 751; x_wconf 79' lang='lat' dir='ltr'>nuc</span> <span class='ocrx_word' id='word_1_246' title='bbox 138 724 312 756; x_wconf 85' lang='lat' dir='ltr'>densumque,</span> <span class='ocrx_word' id='word_1_247' title='bbox 330 729 361 747; x_wconf 88' lang='lat' dir='ltr'>ex</span> <span class='ocrx_word' id='word_1_248' title='bbox 374 728 429 754; x_wconf 89' lang='lat' dir='ltr'>quo</span> <span class='ocrx_word' id='word_1_249' title='bbox 443 718 573 754; x_wconf 83' lang='lat' dir='ltr'>penicilli,</span> <span class='ocrx_word' id='word_1_250' title='bbox 594 718 752 746; x_wconf 72' lang='lat' dir='ltr'>Achilleum.</span> <span class='ocrx_word' id='word_1_251' title='bbox 819 723 839 733; x_wconf 61' lang='lat'>⁶</span> <span class='ocrx_word' id='word_1_252' title='bbox 1187 713 1302 754; x_wconf 48' lang='lat' dir='ltr'>benturq</span> <span class='ocrx_word' id='word_1_253' title='bbox 1320 721 1346 742; x_wconf 86' lang='lat' dir='ltr'>et</span> <span class='ocrx_word' id='word_1_254' title='bbox 1359 717 1430 750; x_wconf 83' lang='lat' dir='ltr'>quasi</span> <span class='ocrx_word' id='word_1_255' title='bbox 1444 726 1524 745; x_wconf 86' lang='lat' dir='ltr'>mann</span> <span class='ocrx_word' id='word_1_256' title='bbox 1544 706 1704 746; x_wconf 64' lang='lat' dir='ltr'>tradantur:</span> <span class='ocrx_word' id='word_1_257' title='bbox 1725 721 1849 755; x_wconf 79' lang='lat' dir='ltr'>frequens</span> <span class='ocrx_word' id='word_1_258' title='bbox 1863 726 1935 751; x_wconf 88' lang='lat' dir='ltr'>enim</span> <span class='ocrx_word' id='word_1_259' title='bbox 1949 726 1980 753; x_wconf 82' lang='lat' dir='ltr'>ad</span> <span class='ocrx_word' id='word_1_260' title='bbox 1994 735 2087 753; x_wconf 85' lang='lat' dir='ltr'>manus</span> <span class='ocrx_word' id='word_1_261' title='bbox 2105 726 2245 761; x_wconf 74' lang='lat' dir='ltr'>tergendas</span> 
     </span>
     <span class='ocr_line' id='line_1_15' title="bbox 107 748 2116 790; baseline 0.005 -14"><span class='ocrx_word' id='word_1_262' title='bbox 107 767 134 787; x_wconf 76' lang='grc' dir='ltr'><strong>Μ</strong></span> <span class='ocrx_word' id='word_1_263' title='bbox 145 767 167 786; x_wconf 87' lang='lat' dir='ltr'>A</span> <span class='ocrx_word' id='word_1_264' title='bbox 178 766 199 785; x_wconf 75' lang='lat' dir='ltr'>N</span> <span class='ocrx_word' id='word_1_265' title='bbox 210 765 242 784; x_wconf 76' lang='lat'>81</span> <span class='ocrx_word' id='word_1_266' title='bbox 253 762 298 783; x_wconf 82' lang='lat' dir='ltr'>ST</span> <span class='ocrx_word' id='word_1_267' title='bbox 308 762 325 782; x_wconf 83' lang='lat' dir='ltr'>E</span> <span class='ocrx_word' id='word_1_268' title='bbox 337 763 354 782; x_wconf 76' lang='lat' dir='ltr'>R</span> <span class='ocrx_word' id='word_1_269' title='bbox 366 762 388 782; x_wconf 76' lang='lat' dir='ltr'>N</span> <span class='ocrx_word' id='word_1_270' title='bbox 400 761 434 782; x_wconf 67' lang='grc' dir='ltr'>Α,</span> <span class='ocrx_word' id='word_1_271' title='bbox 458 757 547 789; x_wconf 66' lang='lat' dir='ltr'>Aquae</span> <span class='ocrx_word' id='word_1_272' title='bbox 559 764 641 788; x_wconf 62' lang='lat' dir='ltr'>Urna,</span> <span class='ocrx_word' id='word_1_273' title='bbox 668 756 697 780; x_wconf 79' lang='lat' dir='ltr'>id</span> <span class='ocrx_word' id='word_1_274' title='bbox 708 753 740 790; x_wconf 73' lang='lat' dir='ltr'>est</span> <span class='ocrx_word' id='word_1_275' title='bbox 758 760 850 780; x_wconf 77' lang='lat' dir='ltr'>vrcm.</span> <span class='ocrx_word' id='word_1_276' title='bbox 888 748 972 776; x_wconf 82' lang='lat' dir='ltr'>Plaut.</span> <span class='ocrx_word' id='word_1_277' title='bbox 980 748 1073 775; x_wconf 86' lang='lat' dir='ltr'>Bacch.</span> <span class='ocrx_word' id='word_1_278' title='bbox 1092 769 1099 776; x_wconf 91' lang='lat'>.</span> <span class='ocrx_word' id='word_1_279' title='bbox 1115 768 1122 775; x_wconf 92' lang='lat'>.</span> <span class='ocrx_word' id='word_1_280' title='bbox 1185 750 1246 776; x_wconf 78' lang='lat' dir='ltr'>vsus</span> <span class='ocrx_word' id='word_1_281' title='bbox 1264 750 1316 777; x_wconf 81' lang='lat' dir='ltr'>fuit</span> <span class='ocrx_word' id='word_1_282' title='bbox 1331 752 1521 785; x_wconf 83' lang='lat' dir='ltr'>mantelorum,</span> <span class='ocrx_word' id='word_1_283' title='bbox 1541 754 1612 781; x_wconf 88' lang='lat' dir='ltr'>vnde</span> <span class='ocrx_word' id='word_1_284' title='bbox 1627 754 1689 781; x_wconf 86' lang='lat' dir='ltr'>haec</span> <span class='ocrx_word' id='word_1_285' title='bbox 1704 756 1820 783; x_wconf 77' lang='lat' dir='ltr'>trahitur</span> <span class='ocrx_word' id='word_1_286' title='bbox 1832 758 1983 788; x_wconf 74' lang='lat' dir='ltr'>similitudo.</span> <span class='ocrx_word' id='word_1_287' title='bbox 2020 762 2116 788; x_wconf 81' lang='lat' dir='ltr'>Festus.</span> 
     </span>
    </p>

    <p class='ocr_par' dir='ltr' id='par_1_12' title="bbox 71 784 2247 833">
     <span class='ocr_line' id='line_1_16' title="bbox 71 784 2247 833; baseline -0.003 -10"><span class='ocrx_word' id='word_1_288' title='bbox 71 795 141 823; x_wconf 81' lang='lat' dir='ltr'>Effer</span> <span class='ocrx_word' id='word_1_289' title='bbox 154 792 348 820; x_wconf 84' lang='lat' dir='ltr'>mansisternam</span> <span class='ocrx_word' id='word_1_290' title='bbox 361 799 420 818; x_wconf 78' lang='lat' dir='ltr'>euni</span> <span class='ocrx_word' id='word_1_291' title='bbox 434 798 501 825; x_wconf 86' lang='lat' dir='ltr'>aqua</span> <span class='ocrx_word' id='word_1_292' title='bbox 514 790 595 819; x_wconf 84' lang='lat' dir='ltr'>foras.</span> <span class='ocrx_word' id='word_1_293' title='bbox 634 791 767 826; x_wconf 78' lang='lat' dir='ltr'><em>Corruptus</em></span> <span class='ocrx_word' id='word_1_294' title='bbox 777 789 856 814; x_wconf 80' lang='lat' dir='ltr'>lms:</span> <span class='ocrx_word' id='word_1_295' title='bbox 891 784 1030 813; x_wconf 85' lang='lat' dir='ltr'>Nasiterna</span> <span class='ocrx_word' id='word_1_296' title='bbox 1042 786 1123 821; x_wconf 80' lang='lat' dir='ltr'>legen·</span> <span class='ocrx_word' id='word_1_297' title='bbox 1144 793 1168 816; x_wconf 89' lang='lat'>¹5</span> <span class='ocrx_word' id='word_1_298' title='bbox 1223 792 1248 812; x_wconf 86' lang='lat' dir='ltr'>M</span> <span class='ocrx_word' id='word_1_299' title='bbox 1258 793 1282 813; x_wconf 82' lang='lat' dir='ltr'>A</span> <span class='ocrx_word' id='word_1_300' title='bbox 1292 793 1314 813; x_wconf 88' lang='grc' dir='ltr'>Ν</span> <span class='ocrx_word' id='word_1_301' title='bbox 1327 793 1350 814; x_wconf 84' lang='grc' dir='ltr'>Τ</span> <span class='ocrx_word' id='word_1_302' title='bbox 1363 793 1400 814; x_wconf 77' lang='lat' dir='ltr'>xc</span> <span class='ocrx_word' id='word_1_303' title='bbox 1410 795 1430 814; x_wconf 90' lang='lat' dir='ltr'>v</span> <span class='ocrx_word' id='word_1_304' title='bbox 1441 796 1456 815; x_wconf 83' lang='lat'>1.</span> <span class='ocrx_word' id='word_1_305' title='bbox 1465 797 1487 817; x_wconf 83' lang='lat' dir='ltr'>A</span> <span class='ocrx_word' id='word_1_306' title='bbox 1498 796 1516 816; x_wconf 77' lang='lat' dir='ltr'>R</span> <span class='ocrx_word' id='word_1_307' title='bbox 1528 797 1538 816; x_wconf 87' lang='lat'>1</span> <span class='ocrx_word' id='word_1_308' title='bbox 1549 797 1569 816; x_wconf 91' lang='lat' dir='ltr'>v</span> <span class='ocrx_word' id='word_1_309' title='bbox 1578 797 1607 823; x_wconf 88' lang='lat' dir='ltr'>s,</span> <span class='ocrx_word' id='word_1_310' title='bbox 1628 791 1646 817; x_wconf 88' lang='lat' dir='ltr'>i.</span> <span class='ocrx_word' id='word_1_311' title='bbox 1666 800 1700 817; x_wconf 85' lang='grc'>111.</span> <span class='ocrx_word' id='word_1_312' title='bbox 1718 790 1935 830; x_wconf 47' lang='lat' dir='ltr'>[saian-mnan]</span> <span class='ocrx_word' id='word_1_313' title='bbox 1958 798 2059 823; x_wconf 74' lang='lat' dir='ltr'>Dicitur</span> <span class='ocrx_word' id='word_1_314' title='bbox 2071 799 2130 833; x_wconf 85' lang='lat' dir='ltr'>Fur,</span> <span class='ocrx_word' id='word_1_315' title='bbox 2150 799 2194 833; x_wconf 67' lang='lat' dir='ltr'>qm·</span> <span class='ocrx_word' id='word_1_316' title='bbox 2206 799 2247 824; x_wconf 63' lang='lat' dir='ltr'>in,</span> 
     </span>
    </p>

    <p class='ocr_par' dir='ltr' id='par_1_13' title="bbox 70 820 2246 1008">
     <span class='ocr_line' id='line_1_17' title="bbox 70 820 2245 869; baseline 0.008 -25"><span class='ocrx_word' id='word_1_317' title='bbox 70 833 143 857; x_wconf 54' lang='lat' dir='ltr'>hm:</span> <span class='ocrx_word' id='word_1_318' title='bbox 162 829 206 854; x_wconf 66' lang='lat' dir='ltr'>vg„-</span> <span class='ocrx_word' id='word_1_319' title='bbox 224 829 279 854; x_wconf 54' lang='lat' dir='ltr'>vid·</span> <span class='ocrx_word' id='word_1_320' title='bbox 1179 820 1270 855; x_wconf 76' lang='lat' dir='ltr'>ferens</span> <span class='ocrx_word' id='word_1_321' title='bbox 1278 821 1307 857; x_wconf 84' lang='lat' dir='ltr'>se</span> <span class='ocrx_word' id='word_1_322' title='bbox 1320 823 1447 857; x_wconf 76' lang='lat' dir='ltr'>confertae</span> <span class='ocrx_word' id='word_1_323' title='bbox 1458 826 1629 861; x_wconf 74' lang='lat' dir='ltr'>multitudini,</span> <span class='ocrx_word' id='word_1_324' title='bbox 1645 827 1810 861; x_wconf 89' lang='lat' dir='ltr'>manticulas,</span> <span class='ocrx_word' id='word_1_325' title='bbox 1822 828 1839 854; x_wconf 86' lang='lat' dir='ltr'>i.</span> <span class='ocrx_word' id='word_1_326' title='bbox 1852 830 1937 864; x_wconf 68' lang='lat' dir='ltr'>bulgas</span> <span class='ocrx_word' id='word_1_327' title='bbox 1956 840 1998 857; x_wconf 85' lang='lat' dir='ltr'>aut</span> <span class='ocrx_word' id='word_1_328' title='bbox 2011 832 2198 868; x_wconf 74' lang='lat' dir='ltr'>rnassupia‚aut</span> <span class='ocrx_word' id='word_1_329' title='bbox 2204 834 2245 869; x_wconf 82' lang='lat' dir='ltr'>se-</span> 
     </span>
     <span class='ocr_line' id='line_1_18' title="bbox 103 859 2246 898; baseline 0.006 -17"><span class='ocrx_word' id='word_1_330' title='bbox 103 871 131 892; x_wconf 84' lang='lat' dir='ltr'>M</span> <span class='ocrx_word' id='word_1_331' title='bbox 142 870 197 892; x_wconf 81' lang='lat' dir='ltr'>AN</span> <span class='ocrx_word' id='word_1_332' title='bbox 209 869 222 890; x_wconf 68' lang='grc' dir='ltr'>ς</span> <span class='ocrx_word' id='word_1_333' title='bbox 237 870 247 890; x_wconf 72' lang='lat'>1</span> <span class='ocrx_word' id='word_1_334' title='bbox 258 868 296 895; x_wconf 67' lang='grc' dir='ltr'>ο,</span> <span class='ocrx_word' id='word_1_335' title='bbox 323 862 377 889; x_wconf 64' lang='lat' dir='ltr'>vid,</span> <span class='ocrx_word' id='word_1_336' title='bbox 399 867 426 889; x_wconf 86' lang='lat' dir='ltr'>M</span> <span class='ocrx_word' id='word_1_337' title='bbox 438 868 461 889; x_wconf 82' lang='lat' dir='ltr'>A</span> <span class='ocrx_word' id='word_1_338' title='bbox 474 868 497 888; x_wconf 84' lang='lat' dir='ltr'>N</span> <span class='ocrx_word' id='word_1_339' title='bbox 510 868 529 890; x_wconf 83' lang='lat' dir='ltr'>E</span> <span class='ocrx_word' id='word_1_340' title='bbox 540 868 569 889; x_wconf 71' lang='lat'>0,</span> <span class='ocrx_word' id='word_1_341' title='bbox 1188 864 1236 890; x_wconf 83' lang='lat' dir='ltr'>cat,</span> <span class='ocrx_word' id='word_1_342' title='bbox 1255 865 1300 884; x_wconf 82' lang='lat' dir='ltr'>aut</span> <span class='ocrx_word' id='word_1_343' title='bbox 1311 859 1418 895; x_wconf 80' lang='lat' dir='ltr'>artificio</span> <span class='ocrx_word' id='word_1_344' title='bbox 1433 861 1513 897; x_wconf 76' lang='lat' dir='ltr'>doloso</span> <span class='ocrx_word' id='word_1_345' title='bbox 1525 863 1607 897; x_wconf 77' lang='lat' dir='ltr'>aperit</span> <span class='ocrx_word' id='word_1_346' title='bbox 1626 869 1650 888; x_wconf 83' lang='lat' dir='ltr'>et</span> <span class='ocrx_word' id='word_1_347' title='bbox 1662 869 1780 893; x_wconf 75' lang='lat' dir='ltr'>euacuat,</span> <span class='ocrx_word' id='word_1_348' title='bbox 1800 864 1886 889; x_wconf 81' lang='lat' dir='ltr'>ablata</span> <span class='ocrx_word' id='word_1_349' title='bbox 1902 867 2014 898; x_wconf 76' lang='lat' dir='ltr'>pecunia.</span> <span class='ocrx_word' id='word_1_350' title='bbox 2068 869 2154 895; x_wconf 77' lang='lat' dir='ltr'>Vtitur</span> <span class='ocrx_word' id='word_1_351' title='bbox 2171 869 2246 897; x_wconf 86' lang='lat' dir='ltr'>Ter.</span> 
     </span>
     <span class='ocr_line' id='line_1_19' title="bbox 102 893 1421 932; baseline 0.002 -12"><span class='ocrx_word' id='word_1_352' title='bbox 102 905 195 927; x_wconf 82' lang='lat' dir='ltr'>:MAN</span> <span class='ocrx_word' id='word_1_353' title='bbox 207 904 220 926; x_wconf 79' lang='lat' dir='ltr'>s</span> <span class='ocrx_word' id='word_1_354' title='bbox 233 905 242 925; x_wconf 89' lang='lat'>1</span> <span class='ocrx_word' id='word_1_355' title='bbox 256 904 279 925; x_wconf 92' lang='lat' dir='ltr'>T</span> <span class='ocrx_word' id='word_1_356' title='bbox 291 903 329 931; x_wconf 71' lang='grc' dir='ltr'>ο,</span> <span class='ocrx_word' id='word_1_357' title='bbox 349 899 402 925; x_wconf 52' lang='lat' dir='ltr'>vill.</span> <span class='ocrx_word' id='word_1_358' title='bbox 425 904 451 924; x_wconf 80' lang='lat' dir='ltr'>M</span> <span class='ocrx_word' id='word_1_359' title='bbox 464 903 600 932; x_wconf 84' lang='lat' dir='ltr'>ANDo,</span> <span class='ocrx_word' id='word_1_360' title='bbox 618 897 673 922; x_wconf 58' lang='lat' dir='ltr'>Ere.</span> <span class='ocrx_word' id='word_1_361' title='bbox 692 899 717 919; x_wconf 81' lang='lat' dir='ltr'>ee</span> <span class='ocrx_word' id='word_1_362' title='bbox 735 898 856 920; x_wconf 76' lang='lat' dir='ltr'>MANE</span> <span class='ocrx_word' id='word_1_363' title='bbox 869 898 902 921; x_wconf 88' lang='grc' dir='ltr'>Ο.</span> <span class='ocrx_word' id='word_1_364' title='bbox 1187 893 1234 920; x_wconf 75' lang='lat' dir='ltr'>tul.</span> <span class='ocrx_word' id='word_1_365' title='bbox 1253 895 1329 928; x_wconf 81' lang='lat' dir='ltr'>Apol.</span> <span class='ocrx_word' id='word_1_366' title='bbox 1342 905 1364 922; x_wconf 88' lang='lat' dir='ltr'>c.</span> <span class='ocrx_word' id='word_1_367' title='bbox 1383 905 1421 928; x_wconf 81' lang='grc'>44.</span> 
     </span>
     <span class='ocr_line' id='line_1_20' title="bbox 102 930 2245 970; baseline 0.002 -7"><span class='ocrx_word' id='word_1_368' title='bbox 102 941 131 963; x_wconf 80' lang='grc' dir='ltr'><strong>Μ</strong></span> <span class='ocrx_word' id='word_1_369' title='bbox 141 941 164 962; x_wconf 79' lang='lat' dir='ltr'>A</span> <span class='ocrx_word' id='word_1_370' title='bbox 175 940 197 961; x_wconf 76' lang='grc' dir='ltr'><strong>Ν</strong></span> <span class='ocrx_word' id='word_1_371' title='bbox 208 941 222 961; x_wconf 91' lang='lat' dir='ltr'>s</span> <span class='ocrx_word' id='word_1_372' title='bbox 234 941 257 962; x_wconf 74' lang='lat' dir='ltr'>‘r</span> <span class='ocrx_word' id='word_1_373' title='bbox 266 940 287 960; x_wconf 86' lang='lat' dir='ltr'>v</span> <span class='ocrx_word' id='word_1_374' title='bbox 299 941 320 961; x_wconf 92' lang='lat' dir='ltr'>T</span> <span class='ocrx_word' id='word_1_375' title='bbox 333 939 353 960; x_wconf 93' lang='lat' dir='ltr'>o</span> <span class='ocrx_word' id='word_1_376' title='bbox 363 940 382 960; x_wconf 81' lang='lat' dir='ltr'>R</span> <span class='ocrx_word' id='word_1_377' title='bbox 391 954 400 967; x_wconf 92' lang='lat'>,</span> <span class='ocrx_word' id='word_1_378' title='bbox 424 934 479 961; x_wconf 74' lang='lat' dir='ltr'>vid.</span> <span class='ocrx_word' id='word_1_379' title='bbox 507 940 534 961; x_wconf 87' lang='lat' dir='ltr'>M</span> <span class='ocrx_word' id='word_1_380' title='bbox 549 938 570 959; x_wconf 80' lang='lat' dir='ltr'>A</span> <span class='ocrx_word' id='word_1_381' title='bbox 582 938 605 958; x_wconf 84' lang='lat' dir='ltr'>N</span> <span class='ocrx_word' id='word_1_382' title='bbox 615 936 636 956; x_wconf 86' lang='lat' dir='ltr'>v</span> <span class='ocrx_word' id='word_1_383' title='bbox 647 936 670 956; x_wconf 80' lang='lat' dir='ltr'>s.</span> <span class='ocrx_word' id='word_1_384' title='bbox 1222 936 1277 956; x_wconf 83' lang='grc' dir='ltr'>ΜΛ</span> <span class='ocrx_word' id='word_1_385' title='bbox 1287 935 1311 970; x_wconf 68' lang='grc' dir='ltr'><strong>Ν</strong></span> <span class='ocrx_word' id='word_1_386' title='bbox 1323 937 1365 958; x_wconf 77' lang='lat' dir='ltr'>&#39;ri</span> <span class='ocrx_word' id='word_1_387' title='bbox 1382 937 1400 958; x_wconf 95' lang='lat' dir='ltr'>c</span> <span class='ocrx_word' id='word_1_388' title='bbox 1411 930 1433 958; x_wconf 67' lang='grc' dir='ltr'><strong><em>ὕ</em></strong></span> <span class='ocrx_word' id='word_1_389' title='bbox 1442 939 1460 959; x_wconf 79' lang='lat' dir='ltr'>L</span> <span class='ocrx_word' id='word_1_390' title='bbox 1469 939 1488 959; x_wconf 92' lang='lat'>0</span> <span class='ocrx_word' id='word_1_391' title='bbox 1497 937 1517 959; x_wconf 78' lang='lat' dir='ltr'>R</span> <span class='ocrx_word' id='word_1_392' title='bbox 1527 953 1536 966; x_wconf 89' lang='lat'>,</span> <span class='ocrx_word' id='word_1_393' title='bbox 1555 933 1604 962; x_wconf 75' lang='lat' dir='ltr'>ari.</span> <span class='ocrx_word' id='word_1_394' title='bbox 1626 934 1762 969; x_wconf 66' lang='grc' dir='ltr'>[κλεψιιω]</span> <span class='ocrx_word' id='word_1_395' title='bbox 1783 931 1825 962; x_wconf 81' lang='lat' dir='ltr'>Est</span> <span class='ocrx_word' id='word_1_396' title='bbox 1845 935 1959 967; x_wconf 64' lang='lat' dir='ltr'>(auam-e</span> <span class='ocrx_word' id='word_1_397' title='bbox 1975 935 2068 969; x_wconf 81' lang='lat' dir='ltr'>Festo)</span> <span class='ocrx_word' id='word_1_398' title='bbox 2086 940 2245 968; x_wconf 66' lang='lat' dir='ltr'>Mauriculas</span> 
     </span>
     <span class='ocr_line' id='line_1_21' title="bbox 100 964 2246 1008; baseline 0.003 -12"><span class='ocrx_word' id='word_1_399' title='bbox 100 976 127 997; x_wconf 81' lang='lat' dir='ltr'>M</span> <span class='ocrx_word' id='word_1_400' title='bbox 137 977 160 999; x_wconf 85' lang='lat' dir='ltr'>A</span> <span class='ocrx_word' id='word_1_401' title='bbox 172 977 195 997; x_wconf 85' lang='lat' dir='ltr'>N</span> <span class='ocrx_word' id='word_1_402' title='bbox 208 976 223 997; x_wconf 87' lang='lat' dir='ltr'>s</span> <span class='ocrx_word' id='word_1_403' title='bbox 238 977 260 997; x_wconf 90' lang='lat' dir='ltr'>v</span> <span class='ocrx_word' id='word_1_404' title='bbox 272 975 291 998; x_wconf 90' lang='lat' dir='ltr'><strong>c</strong></span> <span class='ocrx_word' id='word_1_405' title='bbox 302 976 380 1003; x_wconf 84' lang='lat' dir='ltr'>1VS,</span> <span class='ocrx_word' id='word_1_406' title='bbox 400 969 479 997; x_wconf 83' lang='lat' dir='ltr'>Edax.</span> <span class='ocrx_word' id='word_1_407' title='bbox 513 966 579 994; x_wconf 83' lang='lat' dir='ltr'>Fest.</span> <span class='ocrx_word' id='word_1_408' title='bbox 621 965 680 991; x_wconf 86' lang='lat' dir='ltr'>Alii</span> <span class='ocrx_word' id='word_1_409' title='bbox 707 965 863 996; x_wconf 85' lang='lat' dir='ltr'>Mansucus,</span> <span class='ocrx_word' id='word_1_410' title='bbox 878 964 954 1000; x_wconf 77' lang='lat' dir='ltr'>forte</span> <span class='ocrx_word' id='word_1_411' title='bbox 974 971 1021 1001; x_wconf 82' lang='lat' dir='ltr'>pro</span> <span class='ocrx_word' id='word_1_412' title='bbox 1046 965 1122 993; x_wconf 86' lang='lat' dir='ltr'>Man·</span> <span class='ocrx_word' id='word_1_413' title='bbox 1135 975 1168 994; x_wconf 87' lang='lat'>20</span> <span class='ocrx_word' id='word_1_414' title='bbox 1186 965 1294 992; x_wconf 78' lang='lat' dir='ltr'>furandi</span> <span class='ocrx_word' id='word_1_415' title='bbox 1301 967 1384 1001; x_wconf 83' lang='lat' dir='ltr'>gratia</span> <span class='ocrx_word' id='word_1_416' title='bbox 1392 969 1538 995; x_wconf 71' lang='lat' dir='ltr'>attre&amp;are.</span> <span class='ocrx_word' id='word_1_417' title='bbox 1556 971 1653 1004; x_wconf 81' lang='lat' dir='ltr'>Pergit,</span> <span class='ocrx_word' id='word_1_418' title='bbox 1675 970 1751 997; x_wconf 85' lang='lat' dir='ltr'>Vnde</span> <span class='ocrx_word' id='word_1_419' title='bbox 1759 971 1854 997; x_wconf 70' lang='lat' dir='ltr'>Poetae</span> <span class='ocrx_word' id='word_1_420' title='bbox 1861 970 2007 1005; x_wconf 84' lang='lat' dir='ltr'>prodolose</span> <span class='ocrx_word' id='word_1_421' title='bbox 2021 974 2084 1007; x_wconf 86' lang='lat' dir='ltr'>quid</span> <span class='ocrx_word' id='word_1_422' title='bbox 2099 977 2198 1008; x_wconf 74' lang='lat' dir='ltr'>agendo</span> <span class='ocrx_word' id='word_1_423' title='bbox 2206 977 2246 1004; x_wconf 71' lang='lat' dir='ltr'>vsi</span> 
     </span>
    </p>

    <p class='ocr_par' dir='ltr' id='par_1_14' title="bbox 68 1002 2245 1077">
     <span class='ocr_line' id='line_1_22' title="bbox 68 1002 2242 1043; baseline 0.006 -20"><span class='ocrx_word' id='word_1_424' title='bbox 68 1004 165 1040; x_wconf 77' lang='lat' dir='ltr'>dutus,</span> <span class='ocrx_word' id='word_1_425' title='bbox 185 1015 211 1033; x_wconf 54' lang='lat' dir='ltr'>v·</span> <span class='ocrx_word' id='word_1_426' title='bbox 230 1015 256 1033; x_wconf 47' lang='grc' dir='ltr'>,μ’</span> <span class='ocrx_word' id='word_1_427' title='bbox 712 1005 713 1009; x_wconf 77' lang='grc'>’</span> <span class='ocrx_word' id='word_1_428' title='bbox 1185 1002 1244 1028; x_wconf 83' lang='lat' dir='ltr'>sunt</span> <span class='ocrx_word' id='word_1_429' title='bbox 1255 1011 1288 1028; x_wconf 82' lang='lat' dir='ltr'>eo</span> <span class='ocrx_word' id='word_1_430' title='bbox 1302 1002 1394 1029; x_wconf 86' lang='lat' dir='ltr'>verbo.</span> <span class='ocrx_word' id='word_1_431' title='bbox 1467 1005 1606 1035; x_wconf 78' lang='lat' dir='ltr'>Pacuuius,</span> <span class='ocrx_word' id='word_1_432' title='bbox 1620 1003 1659 1031; x_wconf 82' lang='lat' dir='ltr'>Ad</span> <span class='ocrx_word' id='word_1_433' title='bbox 1672 1005 1900 1032; x_wconf 77' lang='lat' dir='ltr'>manticulandum</span> <span class='ocrx_word' id='word_1_434' title='bbox 1918 1007 1971 1033; x_wconf 82' lang='lat' dir='ltr'>astu</span> <span class='ocrx_word' id='word_1_435' title='bbox 1985 1009 2143 1043; x_wconf 78' lang='lat' dir='ltr'>aggreditur.</span> <span class='ocrx_word' id='word_1_436' title='bbox 2181 1014 2242 1038; x_wconf 72' lang='lat' dir='ltr'>Sunt</span> 
     </span>
     <span class='ocr_line' id='line_1_23' title="bbox 103 1034 2245 1077; baseline 0.002 -8"><span class='ocrx_word' id='word_1_437' title='bbox 103 1049 127 1069; x_wconf 82' lang='lat' dir='ltr'>M</span> <span class='ocrx_word' id='word_1_438' title='bbox 138 1049 158 1069; x_wconf 94' lang='lat' dir='ltr'>A</span> <span class='ocrx_word' id='word_1_439' title='bbox 171 1049 194 1069; x_wconf 85' lang='lat' dir='ltr'>N</span> <span class='ocrx_word' id='word_1_440' title='bbox 209 1046 222 1070; x_wconf 80' lang='lat'>8</span> <span class='ocrx_word' id='word_1_441' title='bbox 235 1049 255 1069; x_wconf 88' lang='lat' dir='ltr'>V</span> <span class='ocrx_word' id='word_1_442' title='bbox 265 1041 284 1069; x_wconf 70' lang='grc' dir='ltr'><em>ἓ</em></span> <span class='ocrx_word' id='word_1_443' title='bbox 295 1047 318 1068; x_wconf 87' lang='grc' dir='ltr'><strong>Τ</strong></span> <span class='ocrx_word' id='word_1_444' title='bbox 329 1047 351 1068; x_wconf 89' lang='lat' dir='ltr'>V</span> <span class='ocrx_word' id='word_1_445' title='bbox 361 1047 385 1075; x_wconf 85' lang='lat' dir='ltr'>s,</span> <span class='ocrx_word' id='word_1_446' title='bbox 399 1048 423 1072; x_wconf 77' lang='lat' dir='ltr'>a,</span> <span class='ocrx_word' id='word_1_447' title='bbox 435 1036 552 1065; x_wconf 80' lang='lat' dir='ltr'>um.Adi.</span> <span class='ocrx_word' id='word_1_448' title='bbox 573 1036 676 1071; x_wconf 51' lang='lat' dir='ltr'>[oi-egoe,</span> <span class='ocrx_word' id='word_1_449' title='bbox 691 1034 784 1071; x_wconf 63' lang='grc' dir='ltr'>ἥμερος,</span> <span class='ocrx_word' id='word_1_450' title='bbox 797 1035 908 1068; x_wconf 67' lang='grc' dir='ltr'>ἐπιεικιὶς,</span> <span class='ocrx_word' id='word_1_451' title='bbox 922 1038 1047 1071; x_wconf 61' lang='grc' dir='ltr'>τιθασὸς]</span> <span class='ocrx_word' id='word_1_452' title='bbox 1065 1037 1120 1062; x_wconf 86' lang='lat' dir='ltr'>Mi·</span> <span class='ocrx_word' id='word_1_453' title='bbox 1185 1037 1222 1062; x_wconf 85' lang='lat' dir='ltr'>ibi</span> <span class='ocrx_word' id='word_1_454' title='bbox 1238 1038 1323 1072; x_wconf 83' lang='lat' dir='ltr'>plura,</span> <span class='ocrx_word' id='word_1_455' title='bbox 1329 1037 1378 1072; x_wconf 75' lang='lat' dir='ltr'>secl</span> <span class='ocrx_word' id='word_1_456' title='bbox 1388 1047 1435 1065; x_wconf 87' lang='lat' dir='ltr'>non</span> <span class='ocrx_word' id='word_1_457' title='bbox 1446 1040 1514 1075; x_wconf 80' lang='lat' dir='ltr'>satis</span> <span class='ocrx_word' id='word_1_458' title='bbox 1538 1043 1674 1067; x_wconf 75' lang='lat' dir='ltr'>ernendnta.</span> <span class='ocrx_word' id='word_1_459' title='bbox 1747 1042 1830 1069; x_wconf 89' lang='lat' dir='ltr'>Plaut.</span> <span class='ocrx_word' id='word_1_460' title='bbox 1852 1043 1925 1077; x_wconf 75' lang='lat' dir='ltr'>capt.</span> <span class='ocrx_word' id='word_1_461' title='bbox 1940 1054 1964 1076; x_wconf 78' lang='lat'>4,</span> <span class='ocrx_word' id='word_1_462' title='bbox 1983 1053 2005 1077; x_wconf 83' lang='lat'>2,</span> <span class='ocrx_word' id='word_1_463' title='bbox 2022 1053 2042 1070; x_wconf 88' lang='grc' dir='ltr'>ιι</span> <span class='ocrx_word' id='word_1_464' title='bbox 2063 1045 2133 1071; x_wconf 86' lang='lat' dir='ltr'>Nam</span> <span class='ocrx_word' id='word_1_465' title='bbox 2154 1046 2245 1074; x_wconf 74' lang='lat' dir='ltr'>hercle</span> 
     </span>
    </p>

    <p class='ocr_par' dir='ltr' id='par_1_15' title="bbox 65 1072 2240 1116">
     <span class='ocr_line' id='line_1_24' title="bbox 65 1072 2240 1116; baseline 0.002 -11"><span class='ocrx_word' id='word_1_466' title='bbox 65 1076 406 1114; x_wconf 67' lang='lat' dir='ltr'>815,quafiManuadfi1etus;</span> <span class='ocrx_word' id='word_1_467' title='bbox 425 1073 813 1109; x_wconf 79' lang='lat' dir='ltr'>quodomniu,qaaes1mtnatura</span> <span class='ocrx_word' id='word_1_468' title='bbox 815 1073 886 1106; x_wconf 81' lang='lat' dir='ltr'>fera,</span> <span class='ocrx_word' id='word_1_469' title='bbox 894 1081 1007 1098; x_wconf 76' lang='lat' dir='ltr'>manuum</span> <span class='ocrx_word' id='word_1_470' title='bbox 1011 1073 1121 1108; x_wconf 85' lang='lat' dir='ltr'>permul-</span> <span class='ocrx_word' id='word_1_471' title='bbox 1185 1072 1234 1100; x_wconf 89' lang='lat' dir='ltr'>nisi</span> <span class='ocrx_word' id='word_1_472' title='bbox 1256 1074 1442 1101; x_wconf 88' lang='lat' dir='ltr'>manticulatus</span> <span class='ocrx_word' id='word_1_473' title='bbox 1463 1075 1548 1111; x_wconf 84' lang='lat' dir='ltr'>probe</span> <span class='ocrx_word' id='word_1_474' title='bbox 1569 1075 1634 1103; x_wconf 89' lang='lat' dir='ltr'>haec</span> <span class='ocrx_word' id='word_1_475' title='bbox 1654 1075 1737 1104; x_wconf 80' lang='lat' dir='ltr'>fuisti.</span> <span class='ocrx_word' id='word_1_476' title='bbox 1763 1079 1798 1105; x_wconf 83' lang='lat' dir='ltr'>al.</span> <span class='ocrx_word' id='word_1_477' title='bbox 1817 1078 1903 1104; x_wconf 79' lang='lat' dir='ltr'>aliter.</span> <span class='ocrx_word' id='word_1_478' title='bbox 1976 1081 2048 1106; x_wconf 80' lang='lat' dir='ltr'>Adde</span> <span class='ocrx_word' id='word_1_479' title='bbox 2071 1081 2148 1115; x_wconf 86' lang='lat' dir='ltr'>Apul.</span> <span class='ocrx_word' id='word_1_480' title='bbox 2166 1084 2240 1116; x_wconf 78' lang='lat' dir='ltr'>Apol.</span> 
     </span>
    </p>
   </div>
   <div class='ocr_carea' id='block_1_6' title="bbox 59 1107 2248 1368">
    <p class='ocr_par' dir='ltr' id='par_1_16' title="bbox 59 1107 1443 1150">
     <span class='ocr_line' id='line_1_25' title="bbox 59 1107 1443 1150; baseline -0.003 -9"><span class='ocrx_word' id='word_1_481' title='bbox 59 1112 130 1147; x_wconf 80' lang='lat' dir='ltr'>stone</span> <span class='ocrx_word' id='word_1_482' title='bbox 142 1114 277 1150; x_wconf 78' lang='lat' dir='ltr'>mitescant.</span> <span class='ocrx_word' id='word_1_483' title='bbox 309 1111 364 1138; x_wconf 81' lang='lat' dir='ltr'>Vid.</span> <span class='ocrx_word' id='word_1_484' title='bbox 379 1108 452 1137; x_wconf 89' lang='lat' dir='ltr'>Non.</span> <span class='ocrx_word' id='word_1_485' title='bbox 471 1119 490 1143; x_wconf 84' lang='lat'>1,</span> <span class='ocrx_word' id='word_1_486' title='bbox 504 1118 558 1141; x_wconf 77' lang='lat'>294.</span> <span class='ocrx_word' id='word_1_487' title='bbox 618 1108 720 1135; x_wconf 75' lang='lat' dir='ltr'>Festus:</span> <span class='ocrx_word' id='word_1_488' title='bbox 740 1108 902 1141; x_wconf 79' lang='lat' dir='ltr'>Mansuetus,</span> <span class='ocrx_word' id='word_1_489' title='bbox 920 1117 1007 1142; x_wconf 91' lang='lat' dir='ltr'>neque</span> <span class='ocrx_word' id='word_1_490' title='bbox 1019 1107 1122 1134; x_wconf 85' lang='lat' dir='ltr'>miseri·</span> <span class='ocrx_word' id='word_1_491' title='bbox 1184 1117 1209 1143; x_wconf 84' lang='lat' dir='ltr'>p.</span> <span class='ocrx_word' id='word_1_492' title='bbox 1226 1119 1261 1136; x_wconf 86' lang='lat' dir='ltr'>m.</span> <span class='ocrx_word' id='word_1_493' title='bbox 1275 1118 1319 1143; x_wconf 85' lang='lat'>297</span> <span class='ocrx_word' id='word_1_494' title='bbox 1342 1117 1365 1136; x_wconf 82' lang='lat' dir='ltr'>et</span> <span class='ocrx_word' id='word_1_495' title='bbox 1387 1120 1443 1145; x_wconf 84' lang='lat'>309.</span> 
     </span>
    </p>

    <p class='ocr_par' dir='ltr' id='par_1_17' title="bbox 64 1143 2248 1368">
     <span class='ocr_line' id='line_1_26' title="bbox 65 1143 2246 1188; baseline 0.002 -14"><span class='ocrx_word' id='word_1_496' title='bbox 65 1149 157 1177; x_wconf 77' lang='lat' dir='ltr'>cordia</span> <span class='ocrx_word' id='word_1_497' title='bbox 175 1149 304 1180; x_wconf 81' lang='lat' dir='ltr'>moestus,</span> <span class='ocrx_word' id='word_1_498' title='bbox 331 1153 417 1179; x_wconf 87' lang='lat' dir='ltr'>neque</span> <span class='ocrx_word' id='word_1_499' title='bbox 438 1144 593 1172; x_wconf 81' lang='lat' dir='ltr'>crudelitate</span> <span class='ocrx_word' id='word_1_500' title='bbox 614 1145 721 1175; x_wconf 89' lang='lat' dir='ltr'>saeuus,</span> <span class='ocrx_word' id='word_1_501' title='bbox 741 1143 783 1184; x_wconf 81' lang='lat' dir='ltr'>sed</span> <span class='ocrx_word' id='word_1_502' title='bbox 806 1143 936 1184; x_wconf 68' lang='lat' dir='ltr'>modestia</span> <span class='ocrx_word' id='word_1_503' title='bbox 952 1149 1121 1184; x_wconf 79' lang='lat' dir='ltr'>temperatus.</span> <span class='ocrx_word' id='word_1_504' title='bbox 1137 1153 1166 1176; x_wconf 82' lang='lat'>25</span> <span class='ocrx_word' id='word_1_505' title='bbox 1221 1150 1344 1172; x_wconf 79' lang='lat' dir='ltr'>MANT</span> <span class='ocrx_word' id='word_1_506' title='bbox 1355 1153 1364 1172; x_wconf 90' lang='lat'><em>1</em></span> <span class='ocrx_word' id='word_1_507' title='bbox 1377 1151 1394 1173; x_wconf 89' lang='lat' dir='ltr'>C</span> <span class='ocrx_word' id='word_1_508' title='bbox 1408 1153 1429 1173; x_wconf 84' lang='lat' dir='ltr'><strong>H</strong></span> <span class='ocrx_word' id='word_1_509' title='bbox 1443 1154 1462 1175; x_wconf 95' lang='lat' dir='ltr'>o</span> <span class='ocrx_word' id='word_1_510' title='bbox 1475 1154 1546 1182; x_wconf 68' lang='grc' dir='ltr'>ΚΑ,</span> <span class='ocrx_word' id='word_1_511' title='bbox 1570 1157 1608 1175; x_wconf 89' lang='lat' dir='ltr'>ae.</span> <span class='ocrx_word' id='word_1_512' title='bbox 1634 1149 1654 1175; x_wconf 86' lang='lat' dir='ltr'>f.</span> <span class='ocrx_word' id='word_1_513' title='bbox 1691 1150 1860 1184; x_wconf 68' lang='grc' dir='ltr'>[μαντικόςα]</span> <span class='ocrx_word' id='word_1_514' title='bbox 1887 1150 1938 1183; x_wconf 81' lang='lat' dir='ltr'>vel,</span> <span class='ocrx_word' id='word_1_515' title='bbox 1951 1158 1981 1176; x_wconf 79' lang='lat' dir='ltr'>ve</span> <span class='ocrx_word' id='word_1_516' title='bbox 1991 1152 2104 1186; x_wconf 85' lang='lat' dir='ltr'>plerique</span> <span class='ocrx_word' id='word_1_517' title='bbox 2118 1152 2246 1188; x_wconf 79' lang='lat' dir='ltr'>scribunt,</span> 
     </span>
     <span class='ocr_line' id='line_1_27' title="bbox 64 1179 2247 1221; baseline 0.004 -14"><span class='ocrx_word' id='word_1_518' title='bbox 64 1185 134 1212; x_wconf 72' lang='lat' dir='ltr'>Ter,</span> <span class='ocrx_word' id='word_1_519' title='bbox 150 1185 230 1212; x_wconf 74' lang='lat' dir='ltr'>Andr.</span> <span class='ocrx_word' id='word_1_520' title='bbox 244 1192 262 1216; x_wconf 80' lang='grc'>1,</span> <span class='ocrx_word' id='word_1_521' title='bbox 278 1192 296 1216; x_wconf 81' lang='lat' dir='ltr'>i,</span> <span class='ocrx_word' id='word_1_522' title='bbox 309 1187 339 1211; x_wconf 74' lang='lat'>87</span> <span class='ocrx_word' id='word_1_523' title='bbox 359 1181 433 1208; x_wconf 82' lang='lat' dir='ltr'>Haec</span> <span class='ocrx_word' id='word_1_524' title='bbox 447 1189 498 1216; x_wconf 82' lang='lat' dir='ltr'>ego</span> <span class='ocrx_word' id='word_1_525' title='bbox 512 1179 636 1216; x_wconf 90' lang='lat' dir='ltr'>putabam</span> <span class='ocrx_word' id='word_1_526' title='bbox 645 1180 693 1207; x_wconf 80' lang='lat' dir='ltr'>effe</span> <span class='ocrx_word' id='word_1_527' title='bbox 702 1186 795 1206; x_wconf 79' lang='lat' dir='ltr'>omnia</span> <span class='ocrx_word' id='word_1_528' title='bbox 809 1179 1122 1215; x_wconf 57' lang='lat' dir='ltr'>humanungemnman-</span> <span class='ocrx_word' id='word_1_529' title='bbox 1187 1188 1213 1208; x_wconf 87' lang='grc' dir='ltr'><strong><em>Μ</em></strong></span> <span class='ocrx_word' id='word_1_530' title='bbox 1227 1188 1249 1207; x_wconf 83' lang='grc' dir='ltr'>Α</span> <span class='ocrx_word' id='word_1_531' title='bbox 1263 1188 1286 1208; x_wconf 87' lang='grc' dir='ltr'><strong>Ν</strong></span> <span class='ocrx_word' id='word_1_532' title='bbox 1297 1188 1319 1208; x_wconf 91' lang='grc' dir='ltr'>Τ</span> <span class='ocrx_word' id='word_1_533' title='bbox 1330 1189 1339 1208; x_wconf 84' lang='grc'>1</span> <span class='ocrx_word' id='word_1_534' title='bbox 1352 1188 1368 1208; x_wconf 87' lang='lat' dir='ltr'><em>C</em></span> <span class='ocrx_word' id='word_1_535' title='bbox 1380 1188 1400 1209; x_wconf 95' lang='lat' dir='ltr'>o</span> <span class='ocrx_word' id='word_1_536' title='bbox 1411 1189 1430 1209; x_wconf 81' lang='lat' dir='ltr'>R</span> <span class='ocrx_word' id='word_1_537' title='bbox 1440 1190 1478 1217; x_wconf 88' lang='lat' dir='ltr'>A,</span> <span class='ocrx_word' id='word_1_538' title='bbox 1502 1185 1599 1211; x_wconf 83' lang='lat' dir='ltr'>animal</span> <span class='ocrx_word' id='word_1_539' title='bbox 1611 1185 1713 1218; x_wconf 51' lang='lat' dir='ltr'>ferum,</span> <span class='ocrx_word' id='word_1_540' title='bbox 1731 1188 1797 1219; x_wconf 76' lang='lat' dir='ltr'>quod</span> <span class='ocrx_word' id='word_1_541' title='bbox 1814 1186 1854 1210; x_wconf 80' lang='lat' dir='ltr'>ita</span> <span class='ocrx_word' id='word_1_542' title='bbox 1873 1185 1993 1220; x_wconf 79' lang='lat' dir='ltr'>describit</span> <span class='ocrx_word' id='word_1_543' title='bbox 2020 1187 2086 1214; x_wconf 90' lang='lat' dir='ltr'>Plin.</span> <span class='ocrx_word' id='word_1_544' title='bbox 2099 1194 2122 1221; x_wconf 76' lang='grc'>3,</span> <span class='ocrx_word' id='word_1_545' title='bbox 2137 1197 2159 1214; x_wconf 80' lang='lat'>21</span> <span class='ocrx_word' id='word_1_546' title='bbox 2181 1190 2199 1215; x_wconf 91' lang='lat' dir='ltr'>s.</span> <span class='ocrx_word' id='word_1_547' title='bbox 2214 1199 2247 1221; x_wconf 79' lang='lat'>30</span> 
     </span>
     <span class='ocr_line' id='line_1_28' title="bbox 65 1215 2247 1259; baseline 0.004 -18"><span class='ocrx_word' id='word_1_548' title='bbox 65 1221 185 1255; x_wconf 58' lang='lat' dir='ltr'>suetique</span> <span class='ocrx_word' id='word_1_549' title='bbox 202 1218 287 1246; x_wconf 78' lang='lat' dir='ltr'>animi</span> <span class='ocrx_word' id='word_1_550' title='bbox 305 1216 402 1244; x_wconf 87' lang='lat' dir='ltr'>officia.</span> <span class='ocrx_word' id='word_1_551' title='bbox 473 1217 624 1246; x_wconf 77' lang='lat' dir='ltr'>Mansuetus</span> <span class='ocrx_word' id='word_1_552' title='bbox 644 1223 667 1242; x_wconf 82' lang='lat' dir='ltr'>ct</span> <span class='ocrx_word' id='word_1_553' title='bbox 679 1216 777 1250; x_wconf 82' lang='lat' dir='ltr'>Ferus,</span> <span class='ocrx_word' id='word_1_554' title='bbox 804 1216 940 1242; x_wconf 78' lang='lat' dir='ltr'>contraria.</span> <span class='ocrx_word' id='word_1_555' title='bbox 1014 1216 1069 1242; x_wconf 87' lang='lat' dir='ltr'>Cic.</span> <span class='ocrx_word' id='word_1_556' title='bbox 1089 1215 1122 1242; x_wconf 85' lang='lat' dir='ltr'>dc</span> <span class='ocrx_word' id='word_1_557' title='bbox 1186 1217 1262 1252; x_wconf 88' lang='lat' dir='ltr'>Apud</span> <span class='ocrx_word' id='word_1_558' title='bbox 1280 1217 1387 1244; x_wconf 89' lang='lat' dir='ltr'>eosdem</span> <span class='ocrx_word' id='word_1_559' title='bbox 1408 1221 1516 1253; x_wconf 82' lang='lat' dir='ltr'>(Indos)</span> <span class='ocrx_word' id='word_1_560' title='bbox 1538 1220 1608 1246; x_wconf 87' lang='lat' dir='ltr'>nasci</span> <span class='ocrx_word' id='word_1_561' title='bbox 1633 1220 1731 1247; x_wconf 84' lang='lat' dir='ltr'>Ctesias</span> <span class='ocrx_word' id='word_1_562' title='bbox 1744 1220 1846 1253; x_wconf 80' lang='lat' dir='ltr'>scribit,</span> <span class='ocrx_word' id='word_1_563' title='bbox 1867 1229 1944 1255; x_wconf 85' lang='lat' dir='ltr'>quam</span> <span class='ocrx_word' id='word_1_564' title='bbox 1952 1222 2146 1250; x_wconf 75' lang='lat' dir='ltr'>mantichomm</span> <span class='ocrx_word' id='word_1_565' title='bbox 2159 1225 2247 1259; x_wconf 64' lang='lat' dir='ltr'>appel.</span> 
     </span>
     <span class='ocr_line' id='line_1_29' title="bbox 65 1248 2248 1290; baseline 0 -6"><span class='ocrx_word' id='word_1_566' title='bbox 65 1257 170 1284; x_wconf 85' lang='lat' dir='ltr'>Inuent.</span> <span class='ocrx_word' id='word_1_567' title='bbox 190 1264 256 1287; x_wconf 81' lang='lat' dir='ltr'>¹,2c.</span> <span class='ocrx_word' id='word_1_568' title='bbox 270 1263 282 1280; x_wconf 88' lang='lat'>2</span> <span class='ocrx_word' id='word_1_569' title='bbox 302 1252 406 1280; x_wconf 86' lang='lat' dir='ltr'>Deinde</span> <span class='ocrx_word' id='word_1_570' title='bbox 413 1259 521 1288; x_wconf 88' lang='lat' dir='ltr'>propter</span> <span class='ocrx_word' id='word_1_571' title='bbox 534 1252 666 1280; x_wconf 89' lang='lat' dir='ltr'>rationem</span> <span class='ocrx_word' id='word_1_572' title='bbox 675 1251 912 1287; x_wconf 82' lang='lat' dir='ltr'>atquem-ationem</span> <span class='ocrx_word' id='word_1_573' title='bbox 925 1248 1062 1279; x_wconf 77' lang='lat' dir='ltr'>studiosius</span> <span class='ocrx_word' id='word_1_574' title='bbox 1077 1260 1122 1278; x_wconf 89' lang='lat' dir='ltr'>au·</span> <span class='ocrx_word' id='word_1_575' title='bbox 1185 1253 1236 1286; x_wconf 85' lang='lat' dir='ltr'>lat,</span> <span class='ocrx_word' id='word_1_576' title='bbox 1257 1253 1358 1288; x_wconf 87' lang='lat' dir='ltr'>triplici</span> <span class='ocrx_word' id='word_1_577' title='bbox 1377 1254 1499 1282; x_wconf 89' lang='lat' dir='ltr'>dentium</span> <span class='ocrx_word' id='word_1_578' title='bbox 1521 1255 1618 1282; x_wconf 89' lang='lat' dir='ltr'>ordine</span> <span class='ocrx_word' id='word_1_579' title='bbox 1633 1255 1787 1290; x_wconf 64' lang='lat' dir='ltr'>peetinatim</span> <span class='ocrx_word' id='word_1_580' title='bbox 1801 1257 1971 1289; x_wconf 73' lang='lat' dir='ltr'>coeuntium,</span> <span class='ocrx_word' id='word_1_581' title='bbox 1991 1258 2058 1285; x_wconf 89' lang='lat' dir='ltr'>facie</span> <span class='ocrx_word' id='word_1_582' title='bbox 2079 1265 2105 1285; x_wconf 89' lang='lat' dir='ltr'>et</span> <span class='ocrx_word' id='word_1_583' title='bbox 2117 1260 2248 1287; x_wconf 76' lang='lat' dir='ltr'>auriculis.</span> 
     </span>
     <span class='ocr_line' id='line_1_30' title="bbox 64 1287 2248 1328; baseline 0.001 -9"><span class='ocrx_word' id='word_1_584' title='bbox 64 1292 176 1327; x_wconf 78' lang='lat' dir='ltr'>dientes,</span> <span class='ocrx_word' id='word_1_585' title='bbox 194 1300 226 1318; x_wconf 90' lang='lat' dir='ltr'>ex</span> <span class='ocrx_word' id='word_1_586' title='bbox 238 1289 303 1317; x_wconf 77' lang='lat' dir='ltr'>feris</span> <span class='ocrx_word' id='word_1_587' title='bbox 317 1295 343 1316; x_wconf 87' lang='lat' dir='ltr'>et</span> <span class='ocrx_word' id='word_1_588' title='bbox 355 1288 528 1323; x_wconf 86' lang='lat' dir='ltr'>immanibus,</span> <span class='ocrx_word' id='word_1_589' title='bbox 548 1288 626 1315; x_wconf 86' lang='lat' dir='ltr'>mites</span> <span class='ocrx_word' id='word_1_590' title='bbox 640 1287 757 1315; x_wconf 87' lang='lat' dir='ltr'>reddidit</span> <span class='ocrx_word' id='word_1_591' title='bbox 768 1293 794 1315; x_wconf 84' lang='lat' dir='ltr'>et</span> <span class='ocrx_word' id='word_1_592' title='bbox 808 1288 967 1315; x_wconf 68' lang='lat' dir='ltr'>mansuetm.</span> <span class='ocrx_word' id='word_1_593' title='bbox 1037 1289 1122 1315; x_wconf 84' lang='lat' dir='ltr'>Amor</span> <span class='ocrx_word' id='word_1_594' title='bbox 1184 1288 1315 1323; x_wconf 84' lang='lat' dir='ltr'>hominis,</span> <span class='ocrx_word' id='word_1_595' title='bbox 1331 1290 1416 1317; x_wconf 86' lang='lat' dir='ltr'>oculis</span> <span class='ocrx_word' id='word_1_596' title='bbox 1429 1291 1536 1325; x_wconf 83' lang='lat' dir='ltr'>glaucis,</span> <span class='ocrx_word' id='word_1_597' title='bbox 1555 1291 1648 1318; x_wconf 86' lang='lat' dir='ltr'>colore</span> <span class='ocrx_word' id='word_1_598' title='bbox 1662 1292 1815 1327; x_wconf 86' lang='lat' dir='ltr'>sanguineo,</span> <span class='ocrx_word' id='word_1_599' title='bbox 1837 1301 1951 1327; x_wconf 87' lang='lat' dir='ltr'>corpore</span> <span class='ocrx_word' id='word_1_600' title='bbox 1965 1294 2049 1321; x_wconf 85' lang='lat' dir='ltr'>leonis</span> <span class='ocrx_word' id='word_1_601' title='bbox 2058 1316 2064 1328; x_wconf 90' lang='lat'><strong><em>‚</em></strong></span> <span class='ocrx_word' id='word_1_602' title='bbox 2080 1295 2161 1321; x_wconf 87' lang='lat' dir='ltr'>cauda</span> <span class='ocrx_word' id='word_1_603' title='bbox 2174 1297 2248 1323; x_wconf 52' lang='lat' dir='ltr'>scora-</span> 
     </span>
     <span class='ocr_line' id='line_1_31' title="bbox 64 1324 2246 1368; baseline 0.001 -12"><span class='ocrx_word' id='word_1_604' title='bbox 64 1328 213 1356; x_wconf 83' lang='lat' dir='ltr'>mansuetus</span> <span class='ocrx_word' id='word_1_605' title='bbox 232 1327 349 1361; x_wconf 75' lang='lat' dir='ltr'>Fropert-</span> <span class='ocrx_word' id='word_1_606' title='bbox 363 1334 381 1355; x_wconf 81' lang='lat'>¹,</span> <span class='ocrx_word' id='word_1_607' title='bbox 395 1334 419 1359; x_wconf 80' lang='lat'>9,</span> <span class='ocrx_word' id='word_1_608' title='bbox 440 1334 473 1352; x_wconf 85' lang='lat'>¹2-</span> <span class='ocrx_word' id='word_1_609' title='bbox 546 1324 645 1352; x_wconf 62' lang='lat' dir='ltr'>Bestiae</span> <span class='ocrx_word' id='word_1_610' title='bbox 666 1325 832 1356; x_wconf 64' lang='lat' dir='ltr'>mssnsssetae,</span> <span class='ocrx_word' id='word_1_611' title='bbox 858 1324 978 1350; x_wconf 80' lang='lat' dir='ltr'>Placidae</span> <span class='ocrx_word' id='word_1_612' title='bbox 992 1330 1016 1350; x_wconf 84' lang='lat' dir='ltr'>et</span> <span class='ocrx_word' id='word_1_613' title='bbox 1028 1327 1121 1350; x_wconf 81' lang='lat' dir='ltr'>cicures</span> <span class='ocrx_word' id='word_1_614' title='bbox 1136 1335 1168 1359; x_wconf 82' lang='lat'>30</span> <span class='ocrx_word' id='word_1_615' title='bbox 1186 1325 1276 1361; x_wconf 81' lang='lat' dir='ltr'>pionis</span> <span class='ocrx_word' id='word_1_616' title='bbox 1290 1325 1371 1352; x_wconf 88' lang='lat' dir='ltr'>modo</span> <span class='ocrx_word' id='word_1_617' title='bbox 1385 1327 1483 1361; x_wconf 83' lang='lat' dir='ltr'>spicula</span> <span class='ocrx_word' id='word_1_618' title='bbox 1498 1327 1669 1368; x_wconf 71' lang='lat' dir='ltr'>infigentem:</span> <span class='ocrx_word' id='word_1_619' title='bbox 1696 1328 1786 1361; x_wconf 88' lang='lat' dir='ltr'>vocis,</span> <span class='ocrx_word' id='word_1_620' title='bbox 1807 1334 1837 1355; x_wconf 91' lang='lat' dir='ltr'>vt</span> <span class='ocrx_word' id='word_1_621' title='bbox 1851 1328 1869 1354; x_wconf 82' lang='lat' dir='ltr'>si</span> <span class='ocrx_word' id='word_1_622' title='bbox 1883 1329 2023 1356; x_wconf 84' lang='lat' dir='ltr'>misceatur</span> <span class='ocrx_word' id='word_1_623' title='bbox 2044 1330 2143 1357; x_wconf 83' lang='lat' dir='ltr'>fistulae</span> <span class='ocrx_word' id='word_1_624' title='bbox 2164 1338 2190 1358; x_wconf 87' lang='lat' dir='ltr'>et</span> <span class='ocrx_word' id='word_1_625' title='bbox 2204 1340 2246 1359; x_wconf 86' lang='lat' dir='ltr'>tu-</span> 
     </span>
    </p>
   </div>
   <div class='ocr_carea' id='block_1_7' title="bbox 64 1359 2245 1470">
    <p class='ocr_par' dir='ltr' id='par_1_18' title="bbox 64 1359 2245 1470">
     <span class='ocr_line' id='line_1_32' title="bbox 67 1359 2245 1403; baseline 0.002 -14"><span class='ocrx_word' id='word_1_626' title='bbox 67 1365 195 1397; x_wconf 70' lang='lat' dir='ltr'>dicuntur,</span> <span class='ocrx_word' id='word_1_627' title='bbox 211 1363 267 1389; x_wconf 67' lang='lat' dir='ltr'>vis.</span> <span class='ocrx_word' id='word_1_628' title='bbox 288 1368 313 1388; x_wconf 86' lang='lat' dir='ltr'>M</span> <span class='ocrx_word' id='word_1_629' title='bbox 325 1368 347 1388; x_wconf 89' lang='lat' dir='ltr'>A</span> <span class='ocrx_word' id='word_1_630' title='bbox 360 1367 382 1387; x_wconf 85' lang='lat' dir='ltr'>N</span> <span class='ocrx_word' id='word_1_631' title='bbox 395 1367 408 1388; x_wconf 88' lang='lat' dir='ltr'>s</span> <span class='ocrx_word' id='word_1_632' title='bbox 418 1367 464 1388; x_wconf 83' lang='lat' dir='ltr'>VE</span> <span class='ocrx_word' id='word_1_633' title='bbox 476 1367 503 1388; x_wconf 79' lang='lat' dir='ltr'>s.</span> <span class='ocrx_word' id='word_1_634' title='bbox 575 1360 652 1387; x_wconf 86' lang='lat' dir='ltr'>Ciuis</span> <span class='ocrx_word' id='word_1_635' title='bbox 660 1359 804 1400; x_wconf 78' lang='lat' dir='ltr'>beneficus,</span> <span class='ocrx_word' id='word_1_636' title='bbox 818 1359 947 1392; x_wconf 78' lang='lat' dir='ltr'>salutaris,</span> <span class='ocrx_word' id='word_1_637' title='bbox 962 1365 988 1386; x_wconf 87' lang='lat' dir='ltr'>ct</span> <span class='ocrx_word' id='word_1_638' title='bbox 1003 1360 1121 1386; x_wconf 85' lang='lat' dir='ltr'>mansue·</span> <span class='ocrx_word' id='word_1_639' title='bbox 1183 1360 1231 1388; x_wconf 87' lang='lat' dir='ltr'>bae</span> <span class='ocrx_word' id='word_1_640' title='bbox 1245 1368 1397 1395; x_wconf 83' lang='lat' dir='ltr'>concentus,</span> <span class='ocrx_word' id='word_1_641' title='bbox 1411 1363 1561 1390; x_wconf 83' lang='lat' dir='ltr'>velocitatis</span> <span class='ocrx_word' id='word_1_642' title='bbox 1575 1372 1693 1398; x_wconf 87' lang='lat' dir='ltr'>magnae,</span> <span class='ocrx_word' id='word_1_643' title='bbox 1715 1363 1827 1391; x_wconf 88' lang='lat' dir='ltr'>humani</span> <span class='ocrx_word' id='word_1_644' title='bbox 1842 1365 1964 1399; x_wconf 86' lang='lat' dir='ltr'>corporis</span> <span class='ocrx_word' id='word_1_645' title='bbox 1980 1366 2023 1392; x_wconf 91' lang='lat' dir='ltr'>vel</span> <span class='ocrx_word' id='word_1_646' title='bbox 2046 1367 2187 1401; x_wconf 78' lang='lat' dir='ltr'>praecipue</span> <span class='ocrx_word' id='word_1_647' title='bbox 2201 1377 2245 1403; x_wconf 75' lang='lat' dir='ltr'>ap-</span> 
     </span>
     <span class='ocr_line' id='line_1_33' title="bbox 65 1395 2244 1438; baseline 0.002 -12"><span class='ocrx_word' id='word_1_648' title='bbox 65 1405 106 1426; x_wconf 78' lang='lat' dir='ltr'>tus</span> <span class='ocrx_word' id='word_1_649' title='bbox 119 1400 175 1426; x_wconf 87' lang='lat' dir='ltr'>Cic.</span> <span class='ocrx_word' id='word_1_650' title='bbox 188 1407 238 1434; x_wconf 87' lang='lat' dir='ltr'>pro</span> <span class='ocrx_word' id='word_1_651' title='bbox 250 1397 347 1426; x_wconf 92' lang='lat' dir='ltr'>Milon.</span> <span class='ocrx_word' id='word_1_652' title='bbox 366 1406 407 1424; x_wconf 87' lang='lat'>20.</span> <span class='ocrx_word' id='word_1_653' title='bbox 478 1396 621 1433; x_wconf 78' lang='lat' dir='ltr'>Ingenium</span> <span class='ocrx_word' id='word_1_654' title='bbox 642 1395 876 1436; x_wconf 71' lang='lat' dir='ltr'>inansuctiffitiiuin</span> <span class='ocrx_word' id='word_1_655' title='bbox 900 1395 959 1422; x_wconf 91' lang='lat' dir='ltr'>Val.</span> <span class='ocrx_word' id='word_1_656' title='bbox 976 1397 1047 1422; x_wconf 85' lang='lat' dir='ltr'>Max.</span> <span class='ocrx_word' id='word_1_657' title='bbox 1062 1404 1086 1428; x_wconf 87' lang='lat'>2,</span> <span class='ocrx_word' id='word_1_658' title='bbox 1099 1405 1123 1428; x_wconf 84' lang='lat'>7,</span> <span class='ocrx_word' id='word_1_659' title='bbox 1183 1404 1325 1432; x_wconf 86' lang='lat' dir='ltr'>petentem.</span> <span class='ocrx_word' id='word_1_660' title='bbox 1399 1398 1470 1425; x_wconf 71' lang='lat' dir='ltr'>Libri</span> <span class='ocrx_word' id='word_1_661' title='bbox 1481 1400 1580 1434; x_wconf 81' lang='lat' dir='ltr'>quidam</span> <span class='ocrx_word' id='word_1_662' title='bbox 1595 1400 1689 1425; x_wconf 82' lang='lat' dir='ltr'>Graeci</span> <span class='ocrx_word' id='word_1_663' title='bbox 1700 1399 1862 1435; x_wconf 64' lang='grc' dir='ltr'>Μαρτιχώςκν</span> <span class='ocrx_word' id='word_1_664' title='bbox 1876 1400 2008 1435; x_wconf 79' lang='lat' dir='ltr'>appellant.</span> <span class='ocrx_word' id='word_1_665' title='bbox 2046 1403 2098 1428; x_wconf 78' lang='lat' dir='ltr'>Sed</span> <span class='ocrx_word' id='word_1_666' title='bbox 2113 1403 2244 1438; x_wconf 85' lang='lat' dir='ltr'>Calpurn.</span> 
     </span>
     <span class='ocr_line' id='line_1_34' title="bbox 64 1431 2245 1470; baseline 0.002 -8"><span class='ocrx_word' id='word_1_667' title='bbox 64 1444 94 1462; x_wconf 87' lang='grc'>11.</span> <span class='ocrx_word' id='word_1_668' title='bbox 129 1437 172 1462; x_wconf 90' lang='lat' dir='ltr'>Ira</span> <span class='ocrx_word' id='word_1_669' title='bbox 186 1434 347 1461; x_wconf 85' lang='lat' dir='ltr'>mansuetior</span> <span class='ocrx_word' id='word_1_670' title='bbox 366 1432 448 1460; x_wconf 88' lang='lat' dir='ltr'>Ouid.</span> <span class='ocrx_word' id='word_1_671' title='bbox 460 1433 546 1460; x_wconf 88' lang='lat' dir='ltr'>Trist.</span> <span class='ocrx_word' id='word_1_672' title='bbox 560 1442 589 1467; x_wconf 84' lang='lat'>3,</span> <span class='ocrx_word' id='word_1_673' title='bbox 604 1434 668 1465; x_wconf 78' lang='lat'>6‚23.</span> <span class='ocrx_word' id='word_1_674' title='bbox 748 1432 841 1458; x_wconf 80' lang='lat' dir='ltr'>Litora</span> <span class='ocrx_word' id='word_1_675' title='bbox 856 1431 973 1465; x_wconf 79' lang='lat' dir='ltr'>Propert.</span> <span class='ocrx_word' id='word_1_676' title='bbox 994 1441 1013 1462; x_wconf 85' lang='lat'>1,</span> <span class='ocrx_word' id='word_1_677' title='bbox 1034 1441 1066 1465; x_wconf 85' lang='grc'>17,</span> <span class='ocrx_word' id='word_1_678' title='bbox 1081 1437 1119 1461; x_wconf 84' lang='lat'>28·</span> <span class='ocrx_word' id='word_1_679' title='bbox 1182 1433 1235 1460; x_wconf 86' lang='lat' dir='ltr'>Ecl.</span> <span class='ocrx_word' id='word_1_680' title='bbox 1250 1443 1272 1469; x_wconf 89' lang='lat'>7,</span> <span class='ocrx_word' id='word_1_681' title='bbox 1287 1443 1316 1467; x_wconf 87' lang='lat'>59</span> <span class='ocrx_word' id='word_1_682' title='bbox 1336 1434 1516 1462; x_wconf 88' lang='lat' dir='ltr'>Manticoram</span> <span class='ocrx_word' id='word_1_683' title='bbox 1529 1434 1601 1462; x_wconf 84' lang='lat' dir='ltr'>siluis</span> <span class='ocrx_word' id='word_1_684' title='bbox 1623 1435 1704 1463; x_wconf 80' lang='lat' dir='ltr'>ctiam</span> <span class='ocrx_word' id='word_1_685' title='bbox 1718 1435 1815 1470; x_wconf 85' lang='lat' dir='ltr'>quibus</span> <span class='ocrx_word' id='word_1_686' title='bbox 1834 1435 1938 1470; x_wconf 82' lang='lat' dir='ltr'>editur,</span> <span class='ocrx_word' id='word_1_687' title='bbox 1959 1437 2041 1464; x_wconf 82' lang='lat' dir='ltr'>Alcen</span> <span class='ocrx_word' id='word_1_688' title='bbox 2061 1437 2185 1465; x_wconf 81' lang='lat' dir='ltr'>Vidimus</span> <span class='ocrx_word' id='word_1_689' title='bbox 2197 1447 2245 1467; x_wconf 60' lang='lat' dir='ltr'>eccs</span> 
     </span>
    </p>
   </div>
   <div class='ocr_carea' id='block_1_8' title="bbox 62 1467 2246 1582">
    <p class='ocr_par' dir='ltr' id='par_1_19' title="bbox 62 1467 2246 1582">
     <span class='ocr_line' id='line_1_35' title="bbox 63 1467 1414 1502; baseline -0.001 -5"><span class='ocrx_word' id='word_1_690' title='bbox 63 1471 158 1498; x_wconf 80' lang='lat' dir='ltr'>Manus</span> <span class='ocrx_word' id='word_1_691' title='bbox 172 1469 254 1498; x_wconf 89' lang='lat' dir='ltr'>Ouid.</span> <span class='ocrx_word' id='word_1_692' title='bbox 269 1478 300 1496; x_wconf 85' lang='lat' dir='ltr'>ex</span> <span class='ocrx_word' id='word_1_693' title='bbox 317 1470 391 1496; x_wconf 86' lang='lat' dir='ltr'>Pont.</span> <span class='ocrx_word' id='word_1_694' title='bbox 404 1479 427 1502; x_wconf 81' lang='lat'>4,</span> <span class='ocrx_word' id='word_1_695' title='bbox 442 1477 464 1500; x_wconf 88' lang='lat'>5,</span> <span class='ocrx_word' id='word_1_696' title='bbox 479 1475 516 1498; x_wconf 82' lang='lat'>28.</span> <span class='ocrx_word' id='word_1_697' title='bbox 590 1468 680 1495; x_wconf 86' lang='lat' dir='ltr'>Musae</span> <span class='ocrx_word' id='word_1_698' title='bbox 692 1467 885 1494; x_wconf 81' lang='lat' dir='ltr'>&#39;mansuetiores</span> <span class='ocrx_word' id='word_1_699' title='bbox 908 1467 965 1494; x_wconf 86' lang='lat' dir='ltr'>Cic.</span> <span class='ocrx_word' id='word_1_700' title='bbox 977 1468 1050 1494; x_wconf 90' lang='lat' dir='ltr'>Fam.</span> <span class='ocrx_word' id='word_1_701' title='bbox 1064 1477 1083 1498; x_wconf 91' lang='grc'>1,</span> <span class='ocrx_word' id='word_1_702' title='bbox 1095 1476 1120 1500; x_wconf 85' lang='grc'>9.</span> <span class='ocrx_word' id='word_1_703' title='bbox 1181 1470 1251 1495; x_wconf 81' lang='lat' dir='ltr'>Add.</span> <span class='ocrx_word' id='word_1_704' title='bbox 1272 1469 1355 1496; x_wconf 88' lang='lat' dir='ltr'>Solin.</span> <span class='ocrx_word' id='word_1_705' title='bbox 1381 1479 1414 1500; x_wconf 88' lang='lat'>52.</span> 
     </span>
     <span class='ocr_line' id='line_1_36' title="bbox 62 1502 2246 1545; baseline 0.002 -12"><span class='ocrx_word' id='word_1_706' title='bbox 62 1506 155 1534; x_wconf 71' lang='lat' dir='ltr'>Pectus</span> <span class='ocrx_word' id='word_1_707' title='bbox 170 1505 250 1533; x_wconf 90' lang='lat' dir='ltr'>Ouid.</span> <span class='ocrx_word' id='word_1_708' title='bbox 265 1506 294 1532; x_wconf 89' lang='lat' dir='ltr'>in</span> <span class='ocrx_word' id='word_1_709' title='bbox 306 1505 366 1532; x_wconf 87' lang='lat' dir='ltr'>Ibin</span> <span class='ocrx_word' id='word_1_710' title='bbox 381 1507 419 1533; x_wconf 79' lang='lat'>26.</span> <span class='ocrx_word' id='word_1_711' title='bbox 490 1506 521 1531; x_wconf 86' lang='lat' dir='ltr'>In</span> <span class='ocrx_word' id='word_1_712' title='bbox 536 1503 658 1531; x_wconf 87' lang='lat' dir='ltr'>moribus</span> <span class='ocrx_word' id='word_1_713' title='bbox 675 1503 727 1530; x_wconf 90' lang='lat' dir='ltr'>suis</span> <span class='ocrx_word' id='word_1_714' title='bbox 739 1512 801 1538; x_wconf 82' lang='lat' dir='ltr'>erga</span> <span class='ocrx_word' id='word_1_715' title='bbox 814 1503 969 1531; x_wconf 80' lang='lat' dir='ltr'>neceffarios</span> <span class='ocrx_word' id='word_1_716' title='bbox 988 1502 1121 1529; x_wconf 77' lang='lat' dir='ltr'>declarari·</span> <span class='ocrx_word' id='word_1_717' title='bbox 1137 1513 1164 1537; x_wconf 84' lang='lat'>35</span> <span class='ocrx_word' id='word_1_718' title='bbox 1219 1511 1245 1531; x_wconf 88' lang='grc' dir='ltr'><strong>Μ</strong></span> <span class='ocrx_word' id='word_1_719' title='bbox 1257 1511 1280 1531; x_wconf 91' lang='grc' dir='ltr'>Α</span> <span class='ocrx_word' id='word_1_720' title='bbox 1292 1511 1314 1531; x_wconf 85' lang='grc' dir='ltr'><strong>Ν</strong></span> <span class='ocrx_word' id='word_1_721' title='bbox 1328 1512 1350 1532; x_wconf 98' lang='grc' dir='ltr'>Τ</span> <span class='ocrx_word' id='word_1_722' title='bbox 1362 1506 1376 1532; x_wconf 88' lang='grc'>1“</span> <span class='ocrx_word' id='word_1_723' title='bbox 1385 1513 1401 1532; x_wconf 88' lang='lat' dir='ltr'>L</span> <span class='ocrx_word' id='word_1_724' title='bbox 1416 1512 1433 1534; x_wconf 77' lang='grc' dir='ltr'>ε</span> <span class='ocrx_word' id='word_1_725' title='bbox 1443 1529 1452 1541; x_wconf 90' lang='grc'>,</span> <span class='ocrx_word' id='word_1_726' title='bbox 1474 1507 1516 1533; x_wconf 84' lang='lat' dir='ltr'>vel</span> <span class='ocrx_word' id='word_1_727' title='bbox 1547 1514 1572 1534; x_wconf 88' lang='lat' dir='ltr'>M</span> <span class='ocrx_word' id='word_1_728' title='bbox 1582 1514 1636 1534; x_wconf 87' lang='lat' dir='ltr'>AN</span> <span class='ocrx_word' id='word_1_729' title='bbox 1647 1513 1670 1534; x_wconf 88' lang='lat' dir='ltr'>T</span> <span class='ocrx_word' id='word_1_730' title='bbox 1680 1508 1726 1534; x_wconf 61' lang='lat'>131.</span> <span class='ocrx_word' id='word_1_731' title='bbox 1740 1512 1757 1534; x_wconf 77' lang='lat' dir='ltr'>E</span> <span class='ocrx_word' id='word_1_732' title='bbox 1767 1528 1776 1540; x_wconf 91' lang='lat'>‚</span> <span class='ocrx_word' id='word_1_733' title='bbox 1797 1508 1828 1535; x_wconf 87' lang='lat' dir='ltr'>is.</span> <span class='ocrx_word' id='word_1_734' title='bbox 1854 1516 1880 1534; x_wconf 90' lang='lat' dir='ltr'>n.</span> <span class='ocrx_word' id='word_1_735' title='bbox 1903 1507 1933 1535; x_wconf 82' lang='lat' dir='ltr'>it.</span> <span class='ocrx_word' id='word_1_736' title='bbox 1958 1512 1984 1535; x_wconf 85' lang='lat' dir='ltr'>M</span> <span class='ocrx_word' id='word_1_737' title='bbox 1994 1515 2049 1536; x_wconf 83' lang='lat' dir='ltr'>AN</span> <span class='ocrx_word' id='word_1_738' title='bbox 2059 1513 2081 1536; x_wconf 85' lang='lat' dir='ltr'>T</span> <span class='ocrx_word' id='word_1_739' title='bbox 2094 1517 2104 1536; x_wconf 93' lang='lat'>1</span> <span class='ocrx_word' id='word_1_740' title='bbox 2116 1514 2133 1537; x_wconf 77' lang='lat'>1.</span> <span class='ocrx_word' id='word_1_741' title='bbox 2143 1518 2153 1537; x_wconf 87' lang='lat'>1</span> <span class='ocrx_word' id='word_1_742' title='bbox 2168 1514 2223 1538; x_wconf 87' lang='lat' dir='ltr'>VM</span> <span class='ocrx_word' id='word_1_743' title='bbox 2234 1528 2246 1545; x_wconf 79' lang='grc'><em>,</em></span> 
     </span>
     <span class='ocr_line' id='line_1_37' title="bbox 65 1539 2243 1582; baseline 0.001 -13"><span class='ocrx_word' id='word_1_744' title='bbox 65 1542 105 1569; x_wconf 79' lang='lat' dir='ltr'>dis</span> <span class='ocrx_word' id='word_1_745' title='bbox 120 1539 335 1569; x_wconf 70' lang='lat' dir='ltr'>mansuetissimus</span> <span class='ocrx_word' id='word_1_746' title='bbox 357 1541 413 1568; x_wconf 87' lang='lat' dir='ltr'>Cic.</span> <span class='ocrx_word' id='word_1_747' title='bbox 436 1540 469 1568; x_wconf 89' lang='lat' dir='ltr'>de</span> <span class='ocrx_word' id='word_1_748' title='bbox 489 1541 563 1567; x_wconf 87' lang='lat' dir='ltr'>Orat.</span> <span class='ocrx_word' id='word_1_749' title='bbox 579 1548 602 1575; x_wconf 69' lang='grc' dir='ltr'>ι,</span> <span class='ocrx_word' id='word_1_750' title='bbox 614 1548 657 1566; x_wconf 78' lang='lat'>201</span> <span class='ocrx_word' id='word_1_751' title='bbox 679 1548 700 1566; x_wconf 86' lang='lat' dir='ltr'>c.</span> <span class='ocrx_word' id='word_1_752' title='bbox 719 1548 760 1574; x_wconf 78' lang='lat'>49.</span> <span class='ocrx_word' id='word_1_753' title='bbox 832 1539 928 1566; x_wconf 84' lang='lat' dir='ltr'>Facere</span> <span class='ocrx_word' id='word_1_754' title='bbox 946 1539 1120 1573; x_wconf 82' lang='lat' dir='ltr'>mansuetum,</span> <span class='ocrx_word' id='word_1_755' title='bbox 1182 1546 1239 1567; x_wconf 86' lang='lat' dir='ltr'>MA</span> <span class='ocrx_word' id='word_1_756' title='bbox 1251 1547 1274 1566; x_wconf 85' lang='lat' dir='ltr'>N</span> <span class='ocrx_word' id='word_1_757' title='bbox 1289 1547 1310 1567; x_wconf 87' lang='lat' dir='ltr'>T</span> <span class='ocrx_word' id='word_1_758' title='bbox 1322 1548 1339 1568; x_wconf 83' lang='lat' dir='ltr'>E</span> <span class='ocrx_word' id='word_1_759' title='bbox 1349 1548 1366 1567; x_wconf 87' lang='lat' dir='ltr'>L</span> <span class='ocrx_word' id='word_1_760' title='bbox 1378 1548 1418 1569; x_wconf 92' lang='lat' dir='ltr'>1v</span> <span class='ocrx_word' id='word_1_761' title='bbox 1428 1548 1469 1575; x_wconf 88' lang='lat' dir='ltr'>M,</span> <span class='ocrx_word' id='word_1_762' title='bbox 1488 1549 1545 1569; x_wconf 81' lang='lat' dir='ltr'>MA</span> <span class='ocrx_word' id='word_1_763' title='bbox 1556 1550 1580 1570; x_wconf 87' lang='lat' dir='ltr'>N</span> <span class='ocrx_word' id='word_1_764' title='bbox 1594 1550 1615 1570; x_wconf 91' lang='lat' dir='ltr'>T</span> <span class='ocrx_word' id='word_1_765' title='bbox 1627 1549 1644 1570; x_wconf 80' lang='grc' dir='ltr'><strong><em>Ε</em></strong></span> <span class='ocrx_word' id='word_1_766' title='bbox 1655 1550 1670 1570; x_wconf 87' lang='lat' dir='ltr'>L</span> <span class='ocrx_word' id='word_1_767' title='bbox 1683 1550 1700 1570; x_wconf 86' lang='lat'>1.</span> <span class='ocrx_word' id='word_1_768' title='bbox 1714 1550 1736 1570; x_wconf 92' lang='lat' dir='ltr'>v</span> <span class='ocrx_word' id='word_1_769' title='bbox 1747 1550 1789 1577; x_wconf 85' lang='lat' dir='ltr'>M,</span> <span class='ocrx_word' id='word_1_770' title='bbox 1809 1543 1830 1570; x_wconf 75' lang='lat' dir='ltr'>i.</span> <span class='ocrx_word' id='word_1_771' title='bbox 1849 1552 1875 1570; x_wconf 93' lang='lat' dir='ltr'>n.</span> <span class='ocrx_word' id='word_1_772' title='bbox 1900 1545 2107 1580; x_wconf 62' lang='grc' dir='ltr'>[χειρόμακτρον]</span> <span class='ocrx_word' id='word_1_773' title='bbox 2127 1547 2169 1582; x_wconf 75' lang='lat' dir='ltr'>Est</span> <span class='ocrx_word' id='word_1_774' title='bbox 2182 1549 2243 1574; x_wconf 67' lang='lat' dir='ltr'>Lim</span> 
     </span>
    </p>
   </div>
   <div class='ocr_carea' id='block_1_9' title="bbox 65 1577 2247 1686">
    <p class='ocr_par' dir='ltr' id='par_1_20' title="bbox 65 1577 2247 1686">
     <span class='ocr_line' id='line_1_38' title="bbox 65 1577 2243 1614; baseline 0.006 -17"><span class='ocrx_word' id='word_1_775' title='bbox 65 1580 108 1605; x_wconf 55' lang='lat' dir='ltr'>vel</span> <span class='ocrx_word' id='word_1_776' title='bbox 119 1577 230 1606; x_wconf 65' lang='lat' dir='ltr'>reddere</span> <span class='ocrx_word' id='word_1_777' title='bbox 250 1578 332 1604; x_wconf 66' lang='lat' dir='ltr'>Plaut,</span> <span class='ocrx_word' id='word_1_778' title='bbox 351 1577 420 1603; x_wconf 78' lang='lat' dir='ltr'>Afin.</span> <span class='ocrx_word' id='word_1_779' title='bbox 435 1586 455 1610; x_wconf 77' lang='lat'>3,</span> <span class='ocrx_word' id='word_1_780' title='bbox 469 1586 488 1610; x_wconf 55' lang='grc' dir='ltr'>ῃ,</span> <span class='ocrx_word' id='word_1_781' title='bbox 506 1586 524 1603; x_wconf 79' lang='lat'>1,</span> <span class='ocrx_word' id='word_1_782' title='bbox 1184 1578 1274 1602; x_wconf 73' lang='lat' dir='ltr'>reolum</span> <span class='ocrx_word' id='word_1_783' title='bbox 1280 1599 1290 1612; x_wconf 75' lang='lat'>‚</span> <span class='ocrx_word' id='word_1_784' title='bbox 1325 1587 1370 1612; x_wconf 89' lang='lat' dir='ltr'>quo</span> <span class='ocrx_word' id='word_1_785' title='bbox 1390 1587 1476 1604; x_wconf 79' lang='lat' dir='ltr'>manus</span> <span class='ocrx_word' id='word_1_786' title='bbox 1496 1585 1593 1614; x_wconf 83' lang='lat' dir='ltr'>tergere</span> <span class='ocrx_word' id='word_1_787' title='bbox 1604 1579 1717 1614; x_wconf 79' lang='lat' dir='ltr'>solemus.</span> <span class='ocrx_word' id='word_1_788' title='bbox 1779 1578 1856 1613; x_wconf 86' lang='lat' dir='ltr'>Virg.</span> <span class='ocrx_word' id='word_1_789' title='bbox 1876 1580 1940 1606; x_wconf 81' lang='lat' dir='ltr'>Aen.</span> <span class='ocrx_word' id='word_1_790' title='bbox 1955 1589 1974 1613; x_wconf 86' lang='lat'>1,</span> <span class='ocrx_word' id='word_1_791' title='bbox 1986 1590 2033 1614; x_wconf 86' lang='lat'>705</span> <span class='ocrx_word' id='word_1_792' title='bbox 2059 1582 2128 1609; x_wconf 84' lang='lat' dir='ltr'>Dant</span> <span class='ocrx_word' id='word_1_793' title='bbox 2145 1583 2243 1609; x_wconf 79' lang='lat' dir='ltr'>famuli</span> 
     </span>
     <span class='ocr_line' id='line_1_39' title="bbox 104 1611 2245 1652; baseline 0.002 -11"><span class='ocrx_word' id='word_1_794' title='bbox 104 1620 130 1640; x_wconf 84' lang='lat' dir='ltr'>M</span> <span class='ocrx_word' id='word_1_795' title='bbox 143 1621 165 1641; x_wconf 87' lang='lat' dir='ltr'>A</span> <span class='ocrx_word' id='word_1_796' title='bbox 177 1621 200 1641; x_wconf 89' lang='grc' dir='ltr'><strong>Ν</strong></span> <span class='ocrx_word' id='word_1_797' title='bbox 215 1620 228 1640; x_wconf 84' lang='lat' dir='ltr'>s</span> <span class='ocrx_word' id='word_1_798' title='bbox 243 1620 264 1639; x_wconf 91' lang='lat' dir='ltr'>V</span> <span class='ocrx_word' id='word_1_799' title='bbox 277 1615 370 1643; x_wconf 75' lang='lat' dir='ltr'>E&#39;T.E.</span> <span class='ocrx_word' id='word_1_800' title='bbox 397 1612 464 1639; x_wconf 84' lang='lat' dir='ltr'>Adu.</span> <span class='ocrx_word' id='word_1_801' title='bbox 482 1612 600 1648; x_wconf 65' lang='grc' dir='ltr'>[πρᾴως]</span> <span class='ocrx_word' id='word_1_802' title='bbox 616 1612 672 1639; x_wconf 87' lang='lat' dir='ltr'>Cic.</span> <span class='ocrx_word' id='word_1_803' title='bbox 684 1620 734 1647; x_wconf 87' lang='lat' dir='ltr'>pro</span> <span class='ocrx_word' id='word_1_804' title='bbox 752 1611 871 1638; x_wconf 75' lang='lat' dir='ltr'>Marcell.</span> <span class='ocrx_word' id='word_1_805' title='bbox 893 1620 908 1645; x_wconf 89' lang='lat'><strong>9</strong></span> <span class='ocrx_word' id='word_1_806' title='bbox 931 1621 953 1645; x_wconf 79' lang='lat' dir='ltr'>e.</span> <span class='ocrx_word' id='word_1_807' title='bbox 969 1621 980 1644; x_wconf 82' lang='lat'>3</span> <span class='ocrx_word' id='word_1_808' title='bbox 1005 1612 1040 1638; x_wconf 87' lang='lat' dir='ltr'>At</span> <span class='ocrx_word' id='word_1_809' title='bbox 1052 1619 1120 1637; x_wconf 87' lang='lat' dir='ltr'>vero</span> <span class='ocrx_word' id='word_1_810' title='bbox 1182 1612 1306 1639; x_wconf 85' lang='lat' dir='ltr'>manibus</span> <span class='ocrx_word' id='word_1_811' title='bbox 1320 1612 1449 1648; x_wconf 73' lang='lat' dir='ltr'>lymphaS,</span> <span class='ocrx_word' id='word_1_812' title='bbox 1468 1614 1646 1650; x_wconf 80' lang='lat' dir='ltr'>Cereremque</span> <span class='ocrx_word' id='word_1_813' title='bbox 1659 1615 1777 1642; x_wconf 81' lang='lat' dir='ltr'>canistris</span> <span class='ocrx_word' id='word_1_814' title='bbox 1813 1615 1978 1649; x_wconf 59' lang='lat' dir='ltr'>Expeditum,</span> <span class='ocrx_word' id='word_1_815' title='bbox 1999 1617 2133 1652; x_wconf 82' lang='lat' dir='ltr'>tonsisque</span> <span class='ocrx_word' id='word_1_816' title='bbox 2150 1618 2245 1646; x_wconf 85' lang='lat' dir='ltr'>ferunt</span> 
     </span>
     <span class='ocr_line' id='line_1_40' title="bbox 66 1645 2247 1686; baseline 0.002 -10"><span class='ocrx_word' id='word_1_817' title='bbox 66 1657 148 1684; x_wconf 90' lang='lat' dir='ltr'>quum</span> <span class='ocrx_word' id='word_1_818' title='bbox 161 1648 261 1683; x_wconf 87' lang='lat' dir='ltr'>aliquid</span> <span class='ocrx_word' id='word_1_819' title='bbox 275 1649 430 1683; x_wconf 84' lang='lat' dir='ltr'>clementer,</span> <span class='ocrx_word' id='word_1_820' title='bbox 451 1649 595 1681; x_wconf 85' lang='lat' dir='ltr'>mansuete,</span> <span class='ocrx_word' id='word_1_821' title='bbox 609 1647 684 1679; x_wconf 86' lang='lat' dir='ltr'>iuste,</span> <span class='ocrx_word' id='word_1_822' title='bbox 699 1645 844 1678; x_wconf 85' lang='lat' dir='ltr'>moderate,</span> <span class='ocrx_word' id='word_1_823' title='bbox 865 1647 996 1681; x_wconf 83' lang='lat' dir='ltr'>sapienter</span> <span class='ocrx_word' id='word_1_824' title='bbox 1008 1646 1119 1679; x_wconf 60' lang='lat' dir='ltr'>saelum,</span> <span class='ocrx_word' id='word_1_825' title='bbox 1183 1649 1304 1674; x_wconf 85' lang='lat' dir='ltr'>mantilia</span> <span class='ocrx_word' id='word_1_826' title='bbox 1321 1649 1404 1677; x_wconf 87' lang='lat' dir='ltr'>villis.</span> <span class='ocrx_word' id='word_1_827' title='bbox 1478 1650 1516 1678; x_wconf 89' lang='lat' dir='ltr'>Id.</span> <span class='ocrx_word' id='word_1_828' title='bbox 1531 1651 1628 1686; x_wconf 85' lang='lat' dir='ltr'>Georg.</span> <span class='ocrx_word' id='word_1_829' title='bbox 1643 1661 1667 1684; x_wconf 83' lang='lat'>4,</span> <span class='ocrx_word' id='word_1_830' title='bbox 1682 1657 1726 1683; x_wconf 79' lang='lat'>378</span> <span class='ocrx_word' id='word_1_831' title='bbox 1746 1649 1870 1677; x_wconf 84' lang='lat' dir='ltr'>Manibus</span> <span class='ocrx_word' id='word_1_832' title='bbox 1884 1650 2002 1684; x_wconf 85' lang='lat' dir='ltr'>liquidos</span> <span class='ocrx_word' id='word_1_833' title='bbox 2010 1651 2174 1679; x_wconf 84' lang='lat' dir='ltr'>da&#39;ntordine</span> <span class='ocrx_word' id='word_1_834' title='bbox 2182 1654 2247 1680; x_wconf 89' lang='lat' dir='ltr'>fon-</span> 
     </span>
    </p>
   </div>
   <div class='ocr_carea' id='block_1_10' title="bbox 62 1682 2246 1792">
    <p class='ocr_par' dir='ltr' id='par_1_21' title="bbox 62 1682 2246 1792">
     <span class='ocr_line' id='line_1_41' title="bbox 63 1682 2246 1722; baseline 0.002 -12"><span class='ocrx_word' id='word_1_835' title='bbox 63 1692 109 1711; x_wconf 81' lang='lat' dir='ltr'>etc.</span> <span class='ocrx_word' id='word_1_836' title='bbox 145 1685 264 1712; x_wconf 84' lang='lat' dir='ltr'>Perferre</span> <span class='ocrx_word' id='word_1_837' title='bbox 272 1684 407 1714; x_wconf 82' lang='lat' dir='ltr'>fortunam</span> <span class='ocrx_word' id='word_1_838' title='bbox 420 1683 497 1710; x_wconf 58' lang='lat' dir='ltr'>Auci.</span> <span class='ocrx_word' id='word_1_839' title='bbox 510 1685 546 1709; x_wconf 82' lang='lat' dir='ltr'>ad</span> <span class='ocrx_word' id='word_1_840' title='bbox 557 1684 622 1711; x_wconf 83' lang='lat' dir='ltr'>Her.</span> <span class='ocrx_word' id='word_1_841' title='bbox 636 1693 650 1716; x_wconf 83' lang='lat'><strong>4</strong></span> <span class='ocrx_word' id='word_1_842' title='bbox 671 1692 692 1709; x_wconf 85' lang='lat' dir='ltr'>c.</span> <span class='ocrx_word' id='word_1_843' title='bbox 706 1691 740 1712; x_wconf 87' lang='lat'>52.</span> <span class='ocrx_word' id='word_1_844' title='bbox 778 1684 889 1717; x_wconf 80' lang='lat' dir='ltr'>Compar.</span> <span class='ocrx_word' id='word_1_845' title='bbox 911 1682 988 1717; x_wconf 83' lang='lat' dir='ltr'>Apul.</span> <span class='ocrx_word' id='word_1_846' title='bbox 1014 1683 1079 1708; x_wconf 89' lang='lat' dir='ltr'>Met.</span> <span class='ocrx_word' id='word_1_847' title='bbox 1096 1692 1118 1714; x_wconf 84' lang='grc'>4.</span> <span class='ocrx_word' id='word_1_848' title='bbox 1132 1690 1166 1715; x_wconf 83' lang='grc' dir='ltr'>4ο</span> <span class='ocrx_word' id='word_1_849' title='bbox 1184 1690 1220 1710; x_wconf 81' lang='lat' dir='ltr'>tes</span> <span class='ocrx_word' id='word_1_850' title='bbox 1234 1684 1391 1718; x_wconf 85' lang='lat' dir='ltr'>Germanae,</span> <span class='ocrx_word' id='word_1_851' title='bbox 1410 1685 1542 1719; x_wconf 86' lang='lat' dir='ltr'>tonsisque</span> <span class='ocrx_word' id='word_1_852' title='bbox 1556 1687 1646 1712; x_wconf 90' lang='lat' dir='ltr'>ferunt</span> <span class='ocrx_word' id='word_1_853' title='bbox 1659 1686 1784 1712; x_wconf 89' lang='lat' dir='ltr'>mantelia</span> <span class='ocrx_word' id='word_1_854' title='bbox 1800 1686 1882 1712; x_wconf 77' lang='lat' dir='ltr'>villis.</span> <span class='ocrx_word' id='word_1_855' title='bbox 1955 1687 2072 1721; x_wconf 84' lang='lat' dir='ltr'>Seruius,</span> <span class='ocrx_word' id='word_1_856' title='bbox 2085 1688 2182 1722; x_wconf 85' lang='lat' dir='ltr'>quibus</span> <span class='ocrx_word' id='word_1_857' title='bbox 2191 1697 2246 1716; x_wconf 65' lang='lat' dir='ltr'>maa</span> 
     </span>
     <span class='ocr_line' id='line_1_42' title="bbox 100 1716 2245 1757; baseline 0.003 -14"><span class='ocrx_word' id='word_1_858' title='bbox 100 1727 128 1747; x_wconf 77' lang='grc' dir='ltr'><strong>Μ</strong></span> <span class='ocrx_word' id='word_1_859' title='bbox 139 1728 162 1748; x_wconf 72' lang='grc' dir='ltr'>Α</span> <span class='ocrx_word' id='word_1_860' title='bbox 173 1727 195 1747; x_wconf 79' lang='grc' dir='ltr'><strong>Ν</strong></span> <span class='ocrx_word' id='word_1_861' title='bbox 207 1727 221 1748; x_wconf 81' lang='lat' dir='ltr'>s</span> <span class='ocrx_word' id='word_1_862' title='bbox 234 1726 256 1747; x_wconf 88' lang='lat' dir='ltr'>v</span> <span class='ocrx_word' id='word_1_863' title='bbox 267 1726 286 1747; x_wconf 77' lang='grc' dir='ltr'><strong>Ε</strong></span> <span class='ocrx_word' id='word_1_864' title='bbox 297 1726 318 1745; x_wconf 86' lang='grc' dir='ltr'>Τ</span> <span class='ocrx_word' id='word_1_865' title='bbox 327 1720 375 1746; x_wconf 51' lang='lat' dir='ltr'>§D</span> <span class='ocrx_word' id='word_1_866' title='bbox 384 1725 404 1745; x_wconf 92' lang='grc' dir='ltr'>ο</span> <span class='ocrx_word' id='word_1_867' title='bbox 413 1739 422 1751; x_wconf 90' lang='grc'>,</span> <span class='ocrx_word' id='word_1_868' title='bbox 449 1719 510 1744; x_wconf 73' lang='lat' dir='ltr'>inis.</span> <span class='ocrx_word' id='word_1_869' title='bbox 545 1718 565 1744; x_wconf 90' lang='lat' dir='ltr'>f.</span> <span class='ocrx_word' id='word_1_870' title='bbox 597 1718 734 1752; x_wconf 69' lang='grc' dir='ltr'>[πρᾳότης,</span> <span class='ocrx_word' id='word_1_871' title='bbox 752 1718 879 1750; x_wconf 69' lang='grc' dir='ltr'>ὶπιείκειι,</span> <span class='ocrx_word' id='word_1_872' title='bbox 905 1716 1035 1752; x_wconf 50' lang='lat' dir='ltr'>dungh-rus]</span> <span class='ocrx_word' id='word_1_873' title='bbox 1062 1717 1120 1744; x_wconf 88' lang='lat' dir='ltr'>Cic.</span> <span class='ocrx_word' id='word_1_874' title='bbox 1184 1728 1234 1745; x_wconf 86' lang='lat' dir='ltr'>nus</span> <span class='ocrx_word' id='word_1_875' title='bbox 1249 1726 1396 1755; x_wconf 68' lang='lat' dir='ltr'>tergantur.</span> <span class='ocrx_word' id='word_1_876' title='bbox 1469 1722 1676 1757; x_wconf 82' lang='lat' dir='ltr'>Varroappellat</span> <span class='ocrx_word' id='word_1_877' title='bbox 1695 1722 1815 1747; x_wconf 75' lang='lat' dir='ltr'>mantelia</span> <span class='ocrx_word' id='word_1_878' title='bbox 1826 1721 1897 1755; x_wconf 87' lang='lat' dir='ltr'>quasi</span> <span class='ocrx_word' id='word_1_879' title='bbox 1917 1723 2081 1749; x_wconf 78' lang='lat' dir='ltr'>manutenias.</span> <span class='ocrx_word' id='word_1_880' title='bbox 2138 1725 2245 1757; x_wconf 77' lang='lat' dir='ltr'>(Varro</span> 
     </span>
     <span class='ocr_line' id='line_1_43' title="bbox 62 1751 2244 1792; baseline 0.002 -10"><span class='ocrx_word' id='word_1_881' title='bbox 62 1756 141 1782; x_wconf 88' lang='lat' dir='ltr'>Vcrr.</span> <span class='ocrx_word' id='word_1_882' title='bbox 155 1765 179 1790; x_wconf 69' lang='grc' dir='ltr'>ς,</span> <span class='ocrx_word' id='word_1_883' title='bbox 191 1764 228 1786; x_wconf 87' lang='lat'>1¹5</span> <span class='ocrx_word' id='word_1_884' title='bbox 247 1764 268 1781; x_wconf 90' lang='lat' dir='ltr'>c.</span> <span class='ocrx_word' id='word_1_885' title='bbox 280 1764 312 1788; x_wconf 76' lang='lat'>44</span> <span class='ocrx_word' id='word_1_886' title='bbox 326 1754 402 1780; x_wconf 85' lang='lat' dir='ltr'>Illam</span> <span class='ocrx_word' id='word_1_887' title='bbox 416 1752 595 1785; x_wconf 82' lang='lat' dir='ltr'>clementiam,</span> <span class='ocrx_word' id='word_1_888' title='bbox 616 1751 896 1787; x_wconf 80' lang='lat' dir='ltr'>mansuetudinemque</span> <span class='ocrx_word' id='word_1_889' title='bbox 909 1753 1120 1788; x_wconf 81' lang='lat' dir='ltr'>&#39;nostriimperii‚</span> <span class='ocrx_word' id='word_1_890' title='bbox 1183 1755 1215 1781; x_wconf 89' lang='lat' dir='ltr'>de</span> <span class='ocrx_word' id='word_1_891' title='bbox 1228 1755 1258 1782; x_wconf 81' lang='lat' dir='ltr'>l..</span> <span class='ocrx_word' id='word_1_892' title='bbox 1272 1756 1301 1783; x_wconf 88' lang='lat' dir='ltr'>L.</span> <span class='ocrx_word' id='word_1_893' title='bbox 1313 1766 1336 1790; x_wconf 88' lang='lat'>5,</span> <span class='ocrx_word' id='word_1_894' title='bbox 1350 1763 1363 1787; x_wconf 80' lang='lat'><strong>8</strong></span> <span class='ocrx_word' id='word_1_895' title='bbox 1383 1762 1450 1783; x_wconf 82' lang='lat' dir='ltr'>extr.</span> <span class='ocrx_word' id='word_1_896' title='bbox 1469 1765 1493 1792; x_wconf 85' lang='lat' dir='ltr'>p.</span> <span class='ocrx_word' id='word_1_897' title='bbox 1513 1759 1549 1791; x_wconf 88' lang='grc'>61,</span> <span class='ocrx_word' id='word_1_898' title='bbox 1562 1767 1588 1790; x_wconf 82' lang='lat'>35</span> <span class='ocrx_word' id='word_1_899' title='bbox 1609 1757 1767 1785; x_wconf 85' lang='lat' dir='ltr'>Mantelium</span> <span class='ocrx_word' id='word_1_900' title='bbox 1780 1756 1852 1791; x_wconf 79' lang='lat' dir='ltr'>quasi</span> <span class='ocrx_word' id='word_1_901' title='bbox 1866 1757 2045 1784; x_wconf 87' lang='lat' dir='ltr'>manuterium</span> <span class='ocrx_word' id='word_1_902' title='bbox 2053 1779 2062 1791; x_wconf 89' lang='lat'>,</span> <span class='ocrx_word' id='word_1_903' title='bbox 2082 1758 2129 1786; x_wconf 90' lang='lat' dir='ltr'>vbi</span> <span class='ocrx_word' id='word_1_904' title='bbox 2150 1768 2244 1787; x_wconf 64' lang='lat' dir='ltr'>manue</span> 
     </span>
    </p>
   </div>
   <div class='ocr_carea' id='block_1_11' title="bbox 58 1787 2247 1973">
    <p class='ocr_par' dir='ltr' id='par_1_22' title="bbox 58 1787 2247 1973">
     <span class='ocr_line' id='line_1_44' title="bbox 61 1787 2246 1828; baseline 0.003 -12"><span class='ocrx_word' id='word_1_905' title='bbox 61 1790 91 1816; x_wconf 86' lang='lat' dir='ltr'>in</span> <span class='ocrx_word' id='word_1_906' title='bbox 104 1796 202 1817; x_wconf 81' lang='lat' dir='ltr'>tantam</span> <span class='ocrx_word' id='word_1_907' title='bbox 214 1789 396 1816; x_wconf 83' lang='lat' dir='ltr'>crudelitatem</span> <span class='ocrx_word' id='word_1_908' title='bbox 409 1787 684 1822; x_wconf 83' lang='lat' dir='ltr'>inhumanitatemque</span> <span class='ocrx_word' id='word_1_909' title='bbox 699 1788 749 1814; x_wconf 79' lang='lat' dir='ltr'>esl&#39;e</span> <span class='ocrx_word' id='word_1_910' title='bbox 763 1789 937 1815; x_wconf 80' lang='lat' dir='ltr'>conuersam3</span> <span class='ocrx_word' id='word_1_911' title='bbox 1009 1790 1120 1816; x_wconf 87' lang='lat' dir='ltr'>Morum</span> <span class='ocrx_word' id='word_1_912' title='bbox 1183 1797 1337 1825; x_wconf 84' lang='lat' dir='ltr'>terguntur:</span> <span class='ocrx_word' id='word_1_913' title='bbox 1363 1793 1421 1818; x_wconf 76' lang='lat' dir='ltr'>binc</span> <span class='ocrx_word' id='word_1_914' title='bbox 1433 1795 1598 1819; x_wconf 81' lang='lat' dir='ltr'>emendandus</span> <span class='ocrx_word' id='word_1_915' title='bbox 1609 1794 1718 1819; x_wconf 46' lang='lat' dir='ltr'>*videtur</span> <span class='ocrx_word' id='word_1_916' title='bbox 1732 1793 1840 1820; x_wconf 81' lang='lat' dir='ltr'>Seruius.</span> <span class='ocrx_word' id='word_1_917' title='bbox 1913 1794 1944 1819; x_wconf 83' lang='lat' dir='ltr'>Et</span> <span class='ocrx_word' id='word_1_918' title='bbox 1957 1793 2045 1827; x_wconf 85' lang='lat' dir='ltr'>fuerit</span> <span class='ocrx_word' id='word_1_919' title='bbox 2052 1794 2125 1828; x_wconf 84' lang='lat' dir='ltr'>forte</span> <span class='ocrx_word' id='word_1_920' title='bbox 2138 1797 2178 1822; x_wconf 85' lang='lat' dir='ltr'>cui</span> <span class='ocrx_word' id='word_1_921' title='bbox 2191 1805 2246 1822; x_wconf 62' lang='lat' dir='ltr'>maa</span> 
     </span>
     <span class='ocr_line' id='line_1_45' title="bbox 61 1823 2247 1864; baseline 0.002 -11"><span class='ocrx_word' id='word_1_922' title='bbox 61 1831 88 1853; x_wconf 88' lang='lat' dir='ltr'>et</span> <span class='ocrx_word' id='word_1_923' title='bbox 101 1825 214 1852; x_wconf 81' lang='lat' dir='ltr'>facilitas</span> <span class='ocrx_word' id='word_1_924' title='bbox 233 1825 290 1851; x_wconf 87' lang='lat' dir='ltr'>Cic.</span> <span class='ocrx_word' id='word_1_925' title='bbox 305 1823 358 1850; x_wconf 86' lang='lat' dir='ltr'>Off.</span> <span class='ocrx_word' id='word_1_926' title='bbox 373 1833 380 1849; x_wconf 93' lang='grc'>1</span> <span class='ocrx_word' id='word_1_927' title='bbox 403 1833 426 1851; x_wconf 89' lang='lat' dir='ltr'>c.</span> <span class='ocrx_word' id='word_1_928' title='bbox 445 1832 469 1858; x_wconf 88' lang='lat'>9.</span> <span class='ocrx_word' id='word_1_929' title='bbox 540 1824 646 1851; x_wconf 85' lang='lat' dir='ltr'>Lenitas</span> <span class='ocrx_word' id='word_1_930' title='bbox 660 1829 686 1850; x_wconf 91' lang='lat' dir='ltr'>et</span> <span class='ocrx_word' id='word_1_931' title='bbox 698 1824 906 1851; x_wconf 81' lang='lat' dir='ltr'>mansuetudinis</span> <span class='ocrx_word' id='word_1_932' title='bbox 926 1833 1008 1860; x_wconf 85' lang='lat' dir='ltr'>genus</span> <span class='ocrx_word' id='word_1_933' title='bbox 1021 1825 1121 1853; x_wconf 85' lang='lat' dir='ltr'>oratio-</span> <span class='ocrx_word' id='word_1_934' title='bbox 1178 1827 1221 1862; x_wconf 82' lang='lat' dir='ltr'>gis</span> <span class='ocrx_word' id='word_1_935' title='bbox 1231 1826 1331 1862; x_wconf 82' lang='lat' dir='ltr'>placeat</span> <span class='ocrx_word' id='word_1_936' title='bbox 1343 1836 1437 1862; x_wconf 80' lang='lat' dir='ltr'>etymon</span> <span class='ocrx_word' id='word_1_937' title='bbox 1451 1838 1467 1854; x_wconf 84' lang='lat' dir='ltr'>a</span> <span class='ocrx_word' id='word_1_938' title='bbox 1479 1830 1539 1862; x_wconf 81' lang='lat' dir='ltr'>tela,</span> <span class='ocrx_word' id='word_1_939' title='bbox 1559 1836 1588 1855; x_wconf 74' lang='lat' dir='ltr'>vt</span> <span class='ocrx_word' id='word_1_940' title='bbox 1594 1829 1631 1862; x_wconf 83' lang='lat' dir='ltr'>stt</span> <span class='ocrx_word' id='word_1_941' title='bbox 1643 1829 1695 1855; x_wconf 86' lang='lat' dir='ltr'>tela</span> <span class='ocrx_word' id='word_1_942' title='bbox 1708 1828 1740 1855; x_wconf 88' lang='lat' dir='ltr'>ad</span> <span class='ocrx_word' id='word_1_943' title='bbox 1752 1837 1858 1855; x_wconf 85' lang='lat' dir='ltr'>manus:</span> <span class='ocrx_word' id='word_1_944' title='bbox 1895 1829 1945 1854; x_wconf 81' lang='lat' dir='ltr'>Sed</span> <span class='ocrx_word' id='word_1_945' title='bbox 1953 1836 2029 1864; x_wconf 79' lang='lat' dir='ltr'>porro</span> <span class='ocrx_word' id='word_1_946' title='bbox 2049 1831 2178 1857; x_wconf 71' lang='lat' dir='ltr'>audiamur</span> <span class='ocrx_word' id='word_1_947' title='bbox 2185 1833 2247 1858; x_wconf 71' lang='lat' dir='ltr'>Ser-</span> 
     </span>
     <span class='ocr_line' id='line_1_46' title="bbox 61 1857 2245 1901; baseline 0.002 -13"><span class='ocrx_word' id='word_1_948' title='bbox 61 1861 113 1894; x_wconf 87' lang='lat' dir='ltr'>nis,</span> <span class='ocrx_word' id='word_1_949' title='bbox 134 1861 174 1887; x_wconf 84' lang='lat' dir='ltr'>cui</span> <span class='ocrx_word' id='word_1_950' title='bbox 186 1861 316 1897; x_wconf 79' lang='lat' dir='ltr'>opponitur</span> <span class='ocrx_word' id='word_1_951' title='bbox 331 1857 480 1886; x_wconf 86' lang='lat' dir='ltr'>Vehemens</span> <span class='ocrx_word' id='word_1_952' title='bbox 494 1865 521 1886; x_wconf 83' lang='lat' dir='ltr'>ct</span> <span class='ocrx_word' id='word_1_953' title='bbox 533 1866 609 1887; x_wconf 85' lang='lat' dir='ltr'>atrox</span> <span class='ocrx_word' id='word_1_954' title='bbox 631 1860 687 1887; x_wconf 88' lang='lat' dir='ltr'>Cic.</span> <span class='ocrx_word' id='word_1_955' title='bbox 703 1859 735 1887; x_wconf 90' lang='lat' dir='ltr'>de</span> <span class='ocrx_word' id='word_1_956' title='bbox 750 1860 825 1886; x_wconf 87' lang='lat' dir='ltr'>Orat.</span> <span class='ocrx_word' id='word_1_957' title='bbox 845 1869 873 1892; x_wconf 86' lang='lat'>2,</span> <span class='ocrx_word' id='word_1_958' title='bbox 894 1870 954 1888; x_wconf 83' lang='lat'>200.</span> <span class='ocrx_word' id='word_1_959' title='bbox 1064 1859 1085 1899; x_wconf 53' lang='grc' dir='ltr'><strong><em>ἢ</em></strong></span> <span class='ocrx_word' id='word_1_960' title='bbox 1106 1871 1119 1889; x_wconf 88' lang='lat'>2</span> <span class='ocrx_word' id='word_1_961' title='bbox 1136 1867 1166 1893; x_wconf 82' lang='lat'>45</span> <span class='ocrx_word' id='word_1_962' title='bbox 1184 1863 1269 1895; x_wconf 81' lang='lat' dir='ltr'>vium)</span> <span class='ocrx_word' id='word_1_963' title='bbox 1288 1862 1431 1890; x_wconf 86' lang='lat' dir='ltr'>Caeterum</span> <span class='ocrx_word' id='word_1_964' title='bbox 1449 1864 1554 1890; x_wconf 85' lang='lat' dir='ltr'>Plautus</span> <span class='ocrx_word' id='word_1_965' title='bbox 1567 1864 1646 1891; x_wconf 83' lang='lat' dir='ltr'>huius</span> <span class='ocrx_word' id='word_1_966' title='bbox 1665 1864 1794 1899; x_wconf 83' lang='lat' dir='ltr'>singulare</span> <span class='ocrx_word' id='word_1_967' title='bbox 1813 1863 1952 1890; x_wconf 81' lang='lat' dir='ltr'>mantellum</span> <span class='ocrx_word' id='word_1_968' title='bbox 1965 1864 2053 1899; x_wconf 84' lang='lat' dir='ltr'>posuit</span> <span class='ocrx_word' id='word_1_969' title='bbox 2065 1865 2094 1892; x_wconf 90' lang='lat' dir='ltr'>in</span> <span class='ocrx_word' id='word_1_970' title='bbox 2107 1867 2245 1901; x_wconf 78' lang='lat' dir='ltr'>Captiuis:</span> 
     </span>
     <span class='ocr_line' id='line_1_47' title="bbox 59 1895 2247 1938; baseline 0.002 -14"><span class='ocrx_word' id='word_1_971' title='bbox 59 1896 233 1924; x_wconf 88' lang='lat' dir='ltr'>Mansuetudo</span> <span class='ocrx_word' id='word_1_972' title='bbox 252 1897 280 1921; x_wconf 76' lang='lat' dir='ltr'>In</span> <span class='ocrx_word' id='word_1_973' title='bbox 296 1895 381 1921; x_wconf 73' lang='lat' dir='ltr'>titulis</span> <span class='ocrx_word' id='word_1_974' title='bbox 395 1896 548 1931; x_wconf 82' lang='lat' dir='ltr'>Principum.</span> <span class='ocrx_word' id='word_1_975' title='bbox 582 1914 587 1928; x_wconf 82' lang='grc'><em>,</em></span> <span class='ocrx_word' id='word_1_976' title='bbox 621 1897 730 1931; x_wconf 86' lang='lat' dir='ltr'>Eutrop.</span> <span class='ocrx_word' id='word_1_977' title='bbox 745 1896 829 1923; x_wconf 82' lang='lat' dir='ltr'>Praef.</span> <span class='ocrx_word' id='word_1_978' title='bbox 841 1896 873 1923; x_wconf 88' lang='lat' dir='ltr'>ad</span> <span class='ocrx_word' id='word_1_979' title='bbox 893 1897 1032 1925; x_wconf 85' lang='lat' dir='ltr'>Valentem</span> <span class='ocrx_word' id='word_1_980' title='bbox 1051 1899 1119 1933; x_wconf 81' lang='lat' dir='ltr'>Imp.</span> <span class='ocrx_word' id='word_1_981' title='bbox 1182 1898 1241 1926; x_wconf 87' lang='lat' dir='ltr'>Nec</span> <span class='ocrx_word' id='word_1_982' title='bbox 1254 1899 1295 1925; x_wconf 84' lang='lat' dir='ltr'>his</span> <span class='ocrx_word' id='word_1_983' title='bbox 1310 1899 1506 1935; x_wconf 76' lang='lat' dir='ltr'>sycophantiis,</span> <span class='ocrx_word' id='word_1_984' title='bbox 1528 1910 1576 1927; x_wconf 88' lang='lat' dir='ltr'>nec</span> <span class='ocrx_word' id='word_1_985' title='bbox 1588 1900 1657 1927; x_wconf 86' lang='lat' dir='ltr'>fucis</span> <span class='ocrx_word' id='word_1_986' title='bbox 1671 1898 1755 1927; x_wconf 88' lang='lat' dir='ltr'>vllum</span> <span class='ocrx_word' id='word_1_987' title='bbox 1775 1900 1931 1927; x_wconf 76' lang='lat' dir='ltr'>mantellum</span> <span class='ocrx_word' id='word_1_988' title='bbox 1951 1900 2087 1932; x_wconf 85' lang='lat' dir='ltr'>obiiciam.</span> <span class='ocrx_word' id='word_1_989' title='bbox 2108 1904 2199 1935; x_wconf 76' lang='lat' dir='ltr'>(Locus</span> <span class='ocrx_word' id='word_1_990' title='bbox 2210 1898 2247 1938; x_wconf 64' lang='lat' dir='ltr'>cst</span> 
     </span>
     <span class='ocr_line' id='line_1_48' title="bbox 58 1930 2245 1973; baseline 0.002 -13"><span class='ocrx_word' id='word_1_991' title='bbox 58 1933 111 1961; x_wconf 85' lang='lat' dir='ltr'>Res</span> <span class='ocrx_word' id='word_1_992' title='bbox 126 1933 256 1960; x_wconf 85' lang='lat' dir='ltr'>Romanas</span> <span class='ocrx_word' id='word_1_993' title='bbox 271 1940 303 1958; x_wconf 87' lang='lat' dir='ltr'>ex</span> <span class='ocrx_word' id='word_1_994' title='bbox 317 1930 454 1958; x_wconf 82' lang='lat' dir='ltr'>voluntate</span> <span class='ocrx_word' id='word_1_995' title='bbox 468 1931 677 1959; x_wconf 81' lang='lat' dir='ltr'>mansuetudinis</span> <span class='ocrx_word' id='word_1_996' title='bbox 698 1938 758 1959; x_wconf 81' lang='lat' dir='ltr'>tuae</span> <span class='ocrx_word' id='word_1_997' title='bbox 771 1940 815 1959; x_wconf 80' lang='lat' dir='ltr'>etc.</span> <span class='ocrx_word' id='word_1_998' title='bbox 835 1933 941 1968; x_wconf 83' lang='lat' dir='ltr'>collegi.</span> <span class='ocrx_word' id='word_1_999' title='bbox 1182 1943 1204 1967; x_wconf 77' lang='lat'>3,</span> <span class='ocrx_word' id='word_1_1000' title='bbox 1218 1944 1238 1968; x_wconf 81' lang='lat'>3,</span> <span class='ocrx_word' id='word_1_1001' title='bbox 1254 1944 1267 1969; x_wconf 78' lang='lat'>5</span> <span class='ocrx_word' id='word_1_1002' title='bbox 1287 1944 1356 1970; x_wconf 72' lang='lat' dir='ltr'>‘tuem</span> <span class='ocrx_word' id='word_1_1003' title='bbox 1369 1938 1406 1962; x_wconf 84' lang='lat' dir='ltr'>ita</span> <span class='ocrx_word' id='word_1_1004' title='bbox 1420 1938 1491 1962; x_wconf 83' lang='lat' dir='ltr'>dedit</span> <span class='ocrx_word' id='word_1_1005' title='bbox 1505 1937 1611 1964; x_wconf 72' lang='lat' dir='ltr'>Granou.</span> <span class='ocrx_word' id='word_1_1006' title='bbox 1632 1936 1728 1970; x_wconf 85' lang='lat' dir='ltr'>Neque</span> <span class='ocrx_word' id='word_1_1007' title='bbox 1749 1936 1893 1964; x_wconf 86' lang='lat' dir='ltr'>mendaciis</span> <span class='ocrx_word' id='word_1_1008' title='bbox 1907 1936 2024 1963; x_wconf 85' lang='lat' dir='ltr'>subdolis</span> <span class='ocrx_word' id='word_1_1009' title='bbox 2042 1937 2112 1964; x_wconf 88' lang='lat' dir='ltr'>mihi</span> <span class='ocrx_word' id='word_1_1010' title='bbox 2131 1939 2245 1973; x_wconf 82' lang='lat' dir='ltr'>vsquam</span> 
     </span>
    </p>
   </div>
   <div class='ocr_carea' id='block_1_12' title="bbox 51 1965 2244 2573">
    <p class='ocr_par' dir='ltr' id='par_1_23' title="bbox 51 1965 2244 2363">
     <span class='ocr_line' id='line_1_49' title="bbox 96 1965 2243 2006; baseline 0.003 -12"><span class='ocrx_word' id='word_1_1011' title='bbox 96 1976 121 1995; x_wconf 77' lang='lat' dir='ltr'>M</span> <span class='ocrx_word' id='word_1_1012' title='bbox 130 1976 153 1996; x_wconf 85' lang='lat' dir='ltr'>A</span> <span class='ocrx_word' id='word_1_1013' title='bbox 163 1971 186 1996; x_wconf 82' lang='lat' dir='ltr'>N</span> <span class='ocrx_word' id='word_1_1014' title='bbox 199 1975 213 1995; x_wconf 86' lang='lat' dir='ltr'>s</span> <span class='ocrx_word' id='word_1_1015' title='bbox 223 1975 245 1994; x_wconf 89' lang='lat' dir='ltr'>v</span> <span class='ocrx_word' id='word_1_1016' title='bbox 255 1974 274 1995; x_wconf 80' lang='lat' dir='ltr'>E</span> <span class='ocrx_word' id='word_1_1017' title='bbox 286 1973 304 1994; x_wconf 81' lang='lat' dir='ltr'>F</span> <span class='ocrx_word' id='word_1_1018' title='bbox 315 1965 339 1995; x_wconf 74' lang='lat' dir='ltr'>A‘</span> <span class='ocrx_word' id='word_1_1019' title='bbox 348 1972 366 1994; x_wconf 84' lang='lat' dir='ltr'>c</span> <span class='ocrx_word' id='word_1_1020' title='bbox 380 1975 388 1994; x_wconf 87' lang='lat'>1</span> <span class='ocrx_word' id='word_1_1021' title='bbox 399 1974 418 1994; x_wconf 91' lang='lat' dir='ltr'>o</span> <span class='ocrx_word' id='word_1_1022' title='bbox 427 1988 436 2001; x_wconf 89' lang='lat'>,</span> <span class='ocrx_word' id='word_1_1023' title='bbox 455 1968 521 2002; x_wconf 70' lang='lat' dir='ltr'>feci,</span> <span class='ocrx_word' id='word_1_1024' title='bbox 546 1969 600 1995; x_wconf 64' lang='lat' dir='ltr'>ere.</span> <span class='ocrx_word' id='word_1_1025' title='bbox 621 1965 742 2002; x_wconf 71' lang='grc' dir='ltr'>[πςᾳῦνω.</span> <span class='ocrx_word' id='word_1_1026' title='bbox 763 1968 861 2003; x_wconf 52' lang='lat' dir='ltr'>fumea,</span> <span class='ocrx_word' id='word_1_1027' title='bbox 872 1967 1024 2005; x_wconf 67' lang='grc' dir='ltr'>τιθασσεῦω]</span> <span class='ocrx_word' id='word_1_1028' title='bbox 1042 1971 1119 1997; x_wconf 84' lang='lat' dir='ltr'>Man·</span> <span class='ocrx_word' id='word_1_1029' title='bbox 1181 1971 1338 1998; x_wconf 79' lang='lat' dir='ltr'>mantellum</span> <span class='ocrx_word' id='word_1_1030' title='bbox 1353 1972 1389 1998; x_wconf 82' lang='lat' dir='ltr'>est</span> <span class='ocrx_word' id='word_1_1031' title='bbox 1406 1972 1483 2004; x_wconf 90' lang='lat' dir='ltr'>meis,</span> <span class='ocrx_word' id='word_1_1032' title='bbox 1503 1973 1560 1999; x_wconf 85' lang='lat' dir='ltr'>Nec</span> <span class='ocrx_word' id='word_1_1033' title='bbox 1574 1972 1763 2006; x_wconf 85' lang='lat' dir='ltr'>sycophantiis,</span> <span class='ocrx_word' id='word_1_1034' title='bbox 1785 1981 1832 1998; x_wconf 86' lang='lat' dir='ltr'>nec</span> <span class='ocrx_word' id='word_1_1035' title='bbox 1845 1972 1912 1997; x_wconf 88' lang='lat' dir='ltr'>fucis</span> <span class='ocrx_word' id='word_1_1036' title='bbox 1926 1973 2011 1998; x_wconf 88' lang='lat' dir='ltr'>vllum</span> <span class='ocrx_word' id='word_1_1037' title='bbox 2023 1973 2180 2000; x_wconf 86' lang='lat' dir='ltr'>mantellum</span> <span class='ocrx_word' id='word_1_1038' title='bbox 2193 1975 2243 2000; x_wconf 91' lang='lat' dir='ltr'>ob-</span> 
     </span>
     <span class='ocr_line' id='line_1_50' title="bbox 51 2003 2241 2041; baseline 0.001 -10"><span class='ocrx_word' id='word_1_1039' title='bbox 51 2003 148 2040; x_wconf 78' lang='lat' dir='ltr'>suetum</span> <span class='ocrx_word' id='word_1_1040' title='bbox 162 2006 274 2037; x_wconf 81' lang='lat' dir='ltr'>reddere,</span> <span class='ocrx_word' id='word_1_1041' title='bbox 347 2003 414 2030; x_wconf 87' lang='lat' dir='ltr'>Plin.</span> <span class='ocrx_word' id='word_1_1042' title='bbox 428 2013 466 2036; x_wconf 84' lang='grc'>11,</span> <span class='ocrx_word' id='word_1_1043' title='bbox 486 2013 511 2037; x_wconf 82' lang='lat'>37</span> <span class='ocrx_word' id='word_1_1044' title='bbox 532 2005 608 2038; x_wconf 85' lang='lat' dir='ltr'>Qiae</span> <span class='ocrx_word' id='word_1_1045' title='bbox 621 2004 694 2031; x_wconf 87' lang='lat' dir='ltr'>causa</span> <span class='ocrx_word' id='word_1_1046' title='bbox 706 2004 786 2031; x_wconf 84' lang='lat' dir='ltr'>etiam</span> <span class='ocrx_word' id='word_1_1047' title='bbox 806 2005 1000 2041; x_wconf 66' lang='lat' dir='ltr'>mansuefaffli,</span> <span class='ocrx_word' id='word_1_1048' title='bbox 1020 2006 1067 2032; x_wconf 86' lang='lat' dir='ltr'>vbi</span> <span class='ocrx_word' id='word_1_1049' title='bbox 1087 2006 1119 2032; x_wconf 87' lang='lat' dir='ltr'>ad</span> <span class='ocrx_word' id='word_1_1050' title='bbox 1181 2007 1253 2033; x_wconf 89' lang='lat' dir='ltr'>viam</span> <span class='ocrx_word' id='word_1_1051' title='bbox 1268 2007 1313 2033; x_wconf 77' lang='lat' dir='ltr'>est.</span> <span class='ocrx_word' id='word_1_1052' title='bbox 1394 2007 1473 2041; x_wconf 57' lang='lat' dir='ltr'>Potest</span> <span class='ocrx_word' id='word_1_1053' title='bbox 1496 2009 1537 2032; x_wconf 80' lang='lat' dir='ltr'>hic</span> <span class='ocrx_word' id='word_1_1054' title='bbox 1561 2016 1652 2040; x_wconf 74' lang='lat' dir='ltr'>quaque</span> <span class='ocrx_word' id='word_1_1055' title='bbox 1670 2007 1773 2040; x_wconf 73' lang='lat' dir='ltr'>serum-i</span> <span class='ocrx_word' id='word_1_1056' title='bbox 1787 2007 1893 2040; x_wconf 80' lang='lat' dir='ltr'>propria</span> <span class='ocrx_word' id='word_1_1057' title='bbox 1908 2006 2077 2040; x_wconf 64' lang='lat' dir='ltr'>fignificatio,</span> <span class='ocrx_word' id='word_1_1058' title='bbox 2108 2009 2241 2041; x_wconf 78' lang='lat' dir='ltr'>Tyndarus</span> 
     </span>
     <span class='ocr_line' id='line_1_51' title="bbox 58 2039 2243 2077; baseline 0 -10"><span class='ocrx_word' id='word_1_1059' title='bbox 58 2040 181 2067; x_wconf 87' lang='lat' dir='ltr'>vicinum</span> <span class='ocrx_word' id='word_1_1060' title='bbox 194 2039 348 2074; x_wconf 82' lang='lat' dir='ltr'>sanguinem</span> <span class='ocrx_word' id='word_1_1061' title='bbox 363 2040 487 2074; x_wconf 89' lang='lat' dir='ltr'>peruenit</span> <span class='ocrx_word' id='word_1_1062' title='bbox 501 2039 599 2074; x_wconf 88' lang='lat' dir='ltr'>saliua,</span> <span class='ocrx_word' id='word_1_1063' title='bbox 617 2040 715 2067; x_wconf 88' lang='lat' dir='ltr'>inuitat</span> <span class='ocrx_word' id='word_1_1064' title='bbox 734 2040 768 2066; x_wconf 88' lang='lat' dir='ltr'>ad</span> <span class='ocrx_word' id='word_1_1065' title='bbox 787 2039 899 2067; x_wconf 85' lang='lat' dir='ltr'>rabiem.</span> <span class='ocrx_word' id='word_1_1066' title='bbox 972 2042 1120 2066; x_wconf 87' lang='lat' dir='ltr'>Mansuefe-</span> <span class='ocrx_word' id='word_1_1067' title='bbox 1134 2048 1166 2069; x_wconf 84' lang='lat'>50</span> <span class='ocrx_word' id='word_1_1068' title='bbox 1178 2041 1297 2073; x_wconf 72' lang='lat' dir='ltr'>polluerat</span> <span class='ocrx_word' id='word_1_1069' title='bbox 1304 2041 1333 2073; x_wconf 77' lang='lat' dir='ltr'>se</span> <span class='ocrx_word' id='word_1_1070' title='bbox 1339 2041 1397 2073; x_wconf 78' lang='lat' dir='ltr'>suis</span> <span class='ocrx_word' id='word_1_1071' title='bbox 1409 2041 1551 2071; x_wconf 77' lang='lat' dir='ltr'>mendaciis,</span> <span class='ocrx_word' id='word_1_1072' title='bbox 1573 2040 1613 2065; x_wconf 79' lang='lat' dir='ltr'>his</span> <span class='ocrx_word' id='word_1_1073' title='bbox 1625 2040 1698 2073; x_wconf 82' lang='lat' dir='ltr'>quast</span> <span class='ocrx_word' id='word_1_1074' title='bbox 1707 2040 1871 2074; x_wconf 77' lang='lat' dir='ltr'>abstergendis</span> <span class='ocrx_word' id='word_1_1075' title='bbox 1883 2043 1990 2076; x_wconf 75' lang='lat' dir='ltr'>quaerit,</span> <span class='ocrx_word' id='word_1_1076' title='bbox 2008 2049 2127 2077; x_wconf 78' lang='lat' dir='ltr'>tanquam</span> <span class='ocrx_word' id='word_1_1077' title='bbox 2141 2050 2243 2071; x_wconf 54' lang='lat' dir='ltr'>mantes</span> 
     </span>
     <span class='ocr_line' id='line_1_52' title="bbox 58 2073 2241 2111; baseline -0.002 -9"><span class='ocrx_word' id='word_1_1078' title='bbox 58 2076 115 2102; x_wconf 77' lang='lat' dir='ltr'>cisti</span> <span class='ocrx_word' id='word_1_1079' title='bbox 129 2077 192 2111; x_wconf 82' lang='lat' dir='ltr'>iugo</span> <span class='ocrx_word' id='word_1_1080' title='bbox 206 2084 267 2102; x_wconf 88' lang='lat' dir='ltr'>meo</span> <span class='ocrx_word' id='word_1_1081' title='bbox 282 2075 424 2101; x_wconf 78' lang='lat' dir='ltr'>Cei-uicem</span> <span class='ocrx_word' id='word_1_1082' title='bbox 437 2080 509 2101; x_wconf 86' lang='lat' dir='ltr'>tuam</span> <span class='ocrx_word' id='word_1_1083' title='bbox 524 2075 659 2108; x_wconf 78' lang='lat' dir='ltr'>Augustin.</span> <span class='ocrx_word' id='word_1_1084' title='bbox 680 2075 761 2100; x_wconf 76' lang='lat' dir='ltr'>Conf.</span> <span class='ocrx_word' id='word_1_1085' title='bbox 776 2083 815 2106; x_wconf 82' lang='grc' dir='ltr'>ιο,</span> <span class='ocrx_word' id='word_1_1086' title='bbox 835 2077 871 2106; x_wconf 83' lang='lat'>36.</span> <span class='ocrx_word' id='word_1_1087' title='bbox 941 2075 1120 2099; x_wconf 86' lang='lat' dir='ltr'>Mansueface-</span> <span class='ocrx_word' id='word_1_1088' title='bbox 1181 2074 1214 2104; x_wconf 84' lang='lat' dir='ltr'>le,</span> <span class='ocrx_word' id='word_1_1089' title='bbox 1233 2075 1287 2099; x_wconf 74' lang='lat' dir='ltr'>alia</span> <span class='ocrx_word' id='word_1_1090' title='bbox 1301 2073 1436 2100; x_wconf 75' lang='lat' dir='ltr'>mendacia.</span> <span class='ocrx_word' id='word_1_1091' title='bbox 1493 2074 1566 2107; x_wconf 70' lang='lat' dir='ltr'>Confi</span> <span class='ocrx_word' id='word_1_1092' title='bbox 1579 2084 1640 2109; x_wconf 73' lang='lat' dir='ltr'>quae</span> <span class='ocrx_word' id='word_1_1093' title='bbox 1655 2075 1769 2108; x_wconf 63' lang='lat' dir='ltr'>fin-mula</span> <span class='ocrx_word' id='word_1_1094' title='bbox 1789 2076 1860 2101; x_wconf 69' lang='lat' dir='ltr'>Lana</span> <span class='ocrx_word' id='word_1_1095' title='bbox 1880 2076 1976 2102; x_wconf 59' lang='lat' dir='ltr'>Manus</span> <span class='ocrx_word' id='word_1_1096' title='bbox 1995 2078 2110 2104; x_wconf 83' lang='lat' dir='ltr'>dicentur</span> <span class='ocrx_word' id='word_1_1097' title='bbox 2125 2079 2151 2103; x_wconf 54' lang='grc' dir='ltr'>ἡ,</span> <span class='ocrx_word' id='word_1_1098' title='bbox 2169 2086 2195 2105; x_wconf 88' lang='lat' dir='ltr'>M</span> <span class='ocrx_word' id='word_1_1099' title='bbox 2205 2087 2241 2106; x_wconf 87' lang='lat' dir='ltr'>A-</span> 
     </span>
     <span class='ocr_line' id='line_1_53' title="bbox 58 2107 2241 2148; baseline 0.001 -10"><span class='ocrx_word' id='word_1_1100' title='bbox 58 2120 88 2138; x_wconf 81' lang='lat' dir='ltr'>re</span> <span class='ocrx_word' id='word_1_1101' title='bbox 109 2111 213 2146; x_wconf 85' lang='lat' dir='ltr'>plebem</span> <span class='ocrx_word' id='word_1_1102' title='bbox 235 2110 296 2136; x_wconf 86' lang='lat' dir='ltr'>Liu.</span> <span class='ocrx_word' id='word_1_1103' title='bbox 318 2119 345 2142; x_wconf 84' lang='lat'>3,</span> <span class='ocrx_word' id='word_1_1104' title='bbox 367 2119 402 2142; x_wconf 83' lang='grc'>14.</span> <span class='ocrx_word' id='word_1_1105' title='bbox 474 2109 531 2135; x_wconf 89' lang='lat' dir='ltr'>Cic.</span> <span class='ocrx_word' id='word_1_1106' title='bbox 543 2110 625 2135; x_wconf 82' lang='lat' dir='ltr'>Tusc.</span> <span class='ocrx_word' id='word_1_1107' title='bbox 639 2118 657 2141; x_wconf 84' lang='grc'>1,</span> <span class='ocrx_word' id='word_1_1108' title='bbox 671 2111 701 2135; x_wconf 85' lang='lat'>62</span> <span class='ocrx_word' id='word_1_1109' title='bbox 716 2117 738 2133; x_wconf 86' lang='lat' dir='ltr'>c.</span> <span class='ocrx_word' id='word_1_1110' title='bbox 751 2116 780 2137; x_wconf 79' lang='lat'>25</span> <span class='ocrx_word' id='word_1_1111' title='bbox 795 2109 818 2133; x_wconf 82' lang='lat' dir='ltr'>A</span> <span class='ocrx_word' id='word_1_1112' title='bbox 833 2107 928 2141; x_wconf 84' lang='lat' dir='ltr'>quibus</span> <span class='ocrx_word' id='word_1_1113' title='bbox 942 2107 1119 2134; x_wconf 71' lang='lat' dir='ltr'>mansuefaffl</span> <span class='ocrx_word' id='word_1_1114' title='bbox 1184 2114 1206 2134; x_wconf 86' lang='lat' dir='ltr'>N</span> <span class='ocrx_word' id='word_1_1115' title='bbox 1218 2114 1239 2133; x_wconf 92' lang='lat' dir='ltr'>V</span> <span class='ocrx_word' id='word_1_1116' title='bbox 1249 2114 1262 2134; x_wconf 86' lang='lat' dir='ltr'>S</span> <span class='ocrx_word' id='word_1_1117' title='bbox 1291 2117 1317 2136; x_wconf 91' lang='lat' dir='ltr'>n.</span> <span class='ocrx_word' id='word_1_1118' title='bbox 1331 2117 1351 2140; x_wconf 80' lang='lat'>3.</span> <span class='ocrx_word' id='word_1_1119' title='bbox 1424 2110 1471 2134; x_wconf 86' lang='lat' dir='ltr'>Ad</span> <span class='ocrx_word' id='word_1_1120' title='bbox 1483 2110 1589 2144; x_wconf 74' lang='lat' dir='ltr'>nzensam</span> <span class='ocrx_word' id='word_1_1121' title='bbox 1603 2116 1690 2145; x_wconf 82' lang='lat' dir='ltr'>aperte</span> <span class='ocrx_word' id='word_1_1122' title='bbox 1701 2111 1821 2145; x_wconf 72' lang='lat' dir='ltr'>pertinet,</span> <span class='ocrx_word' id='word_1_1123' title='bbox 1836 2113 1902 2145; x_wconf 79' lang='lat' dir='ltr'>quod</span> <span class='ocrx_word' id='word_1_1124' title='bbox 1902 2111 2019 2146; x_wconf 80' lang='lat' dir='ltr'>sequitur</span> <span class='ocrx_word' id='word_1_1125' title='bbox 2032 2116 2100 2148; x_wconf 84' lang='lat' dir='ltr'>apud</span> <span class='ocrx_word' id='word_1_1126' title='bbox 2113 2115 2241 2147; x_wconf 64' lang='lat' dir='ltr'>Seruium)</span> 
     </span>
     <span class='ocr_line' id='line_1_54' title="bbox 60 2142 2242 2182; baseline 0 -8"><span class='ocrx_word' id='word_1_1127' title='bbox 60 2154 87 2173; x_wconf 89' lang='lat' dir='ltr'>et</span> <span class='ocrx_word' id='word_1_1128' title='bbox 100 2145 208 2179; x_wconf 86' lang='lat' dir='ltr'>exculti,</span> <span class='ocrx_word' id='word_1_1129' title='bbox 219 2154 234 2171; x_wconf 86' lang='lat' dir='ltr'>a</span> <span class='ocrx_word' id='word_1_1130' title='bbox 248 2144 396 2171; x_wconf 78' lang='lat' dir='ltr'>necessariis</span> <span class='ocrx_word' id='word_1_1131' title='bbox 414 2143 536 2170; x_wconf 85' lang='lat' dir='ltr'>artificiis</span> <span class='ocrx_word' id='word_1_1132' title='bbox 549 2144 580 2170; x_wconf 90' lang='lat' dir='ltr'>ad</span> <span class='ocrx_word' id='word_1_1133' title='bbox 588 2142 752 2178; x_wconf 85' lang='lat' dir='ltr'>elegantiora</span> <span class='ocrx_word' id='word_1_1134' title='bbox 764 2142 933 2169; x_wconf 79' lang='lat' dir='ltr'>defluximus.</span> <span class='ocrx_word' id='word_1_1135' title='bbox 1006 2143 1119 2169; x_wconf 83' lang='lat' dir='ltr'>Fulmen</span> <span class='ocrx_word' id='word_1_1136' title='bbox 1181 2143 1301 2171; x_wconf 78' lang='lat' dir='ltr'>Lucilius</span> <span class='ocrx_word' id='word_1_1137' title='bbox 1329 2144 1444 2170; x_wconf 79' lang='lat' dir='ltr'>mantella</span> <span class='ocrx_word' id='word_1_1138' title='bbox 1463 2144 1543 2172; x_wconf 73' lang='lat' dir='ltr'>dicitz</span> <span class='ocrx_word' id='word_1_1139' title='bbox 1586 2146 1710 2181; x_wconf 86' lang='lat' dir='ltr'>Mappas‚</span> <span class='ocrx_word' id='word_1_1140' title='bbox 1732 2147 1870 2177; x_wconf 80' lang='lat' dir='ltr'>mantella,</span> <span class='ocrx_word' id='word_1_1141' title='bbox 1894 2156 2062 2182; x_wconf 87' lang='lat' dir='ltr'>merumque.</span> <span class='ocrx_word' id='word_1_1142' title='bbox 2134 2152 2190 2176; x_wconf 85' lang='lat' dir='ltr'>Huc</span> <span class='ocrx_word' id='word_1_1143' title='bbox 2199 2160 2242 2177; x_wconf 73' lang='lat' dir='ltr'>vs.</span> 
     </span>
     <span class='ocr_line' id='line_1_55' title="bbox 57 2172 2242 2215; baseline 0.002 -6"><span class='ocrx_word' id='word_1_1144' title='bbox 57 2181 138 2210; x_wconf 87' lang='lat' dir='ltr'>Prud.</span> <span class='ocrx_word' id='word_1_1145' title='bbox 151 2182 225 2209; x_wconf 86' lang='lat' dir='ltr'>Cath.</span> <span class='ocrx_word' id='word_1_1146' title='bbox 241 2190 264 2215; x_wconf 92' lang='lat'>7,</span> <span class='ocrx_word' id='word_1_1147' title='bbox 278 2187 318 2214; x_wconf 74' lang='lat'>84.</span> <span class='ocrx_word' id='word_1_1148' title='bbox 394 2179 530 2214; x_wconf 80' lang='lat' dir='ltr'>Domitus‚</span> <span class='ocrx_word' id='word_1_1149' title='bbox 547 2185 574 2205; x_wconf 90' lang='lat' dir='ltr'>et</span> <span class='ocrx_word' id='word_1_1150' title='bbox 587 2178 796 2209; x_wconf 63' lang='lat' dir='ltr'>mansuefadhis,</span> <span class='ocrx_word' id='word_1_1151' title='bbox 822 2180 862 2203; x_wconf 72' lang='lat' dir='ltr'>De</span> <span class='ocrx_word' id='word_1_1152' title='bbox 873 2172 936 2202; x_wconf 54' lang='grc' dir='ltr'>ἦενε</span> <span class='ocrx_word' id='word_1_1153' title='bbox 956 2178 1030 2204; x_wconf 77' lang='lat' dir='ltr'>plin..</span> <span class='ocrx_word' id='word_1_1154' title='bbox 1039 2188 1076 2211; x_wconf 77' lang='lat'>34,</span> <span class='ocrx_word' id='word_1_1155' title='bbox 1091 2187 1116 2212; x_wconf 90' lang='lat'>9.</span> <span class='ocrx_word' id='word_1_1156' title='bbox 1181 2188 1227 2213; x_wconf 83' lang='lat' dir='ltr'>que</span> <span class='ocrx_word' id='word_1_1157' title='bbox 1240 2179 1356 2206; x_wconf 83' lang='lat' dir='ltr'>Seruius.</span> <span class='ocrx_word' id='word_1_1158' title='bbox 1369 2181 1454 2206; x_wconf 78' lang='lat' dir='ltr'>Locum</span> <span class='ocrx_word' id='word_1_1159' title='bbox 1467 2180 1535 2207; x_wconf 80' lang='lat' dir='ltr'>Festi</span> <span class='ocrx_word' id='word_1_1160' title='bbox 1542 2183 1652 2206; x_wconf 76' lang='lat' dir='ltr'>dedimus</span> <span class='ocrx_word' id='word_1_1161' title='bbox 1666 2184 1734 2206; x_wconf 63' lang='lat' dir='ltr'>’uodo</span> <span class='ocrx_word' id='word_1_1162' title='bbox 1747 2183 1774 2206; x_wconf 82' lang='lat' dir='ltr'>in</span> <span class='ocrx_word' id='word_1_1163' title='bbox 1798 2188 2097 2210; x_wconf 80' lang='lat' dir='ltr'>MANTlCVLARIA.</span> <span class='ocrx_word' id='word_1_1164' title='bbox 2155 2185 2242 2214; x_wconf 81' lang='lat' dir='ltr'>Ouid.</span> 
     </span>
     <span class='ocr_line' id='line_1_56' title="bbox 58 2211 2242 2254; baseline 0.002 -11"><span class='ocrx_word' id='word_1_1165' title='bbox 58 2219 141 2253; x_wconf 76' lang='lat' dir='ltr'>Leges</span> <span class='ocrx_word' id='word_1_1166' title='bbox 157 2217 191 2245; x_wconf 82' lang='lat' dir='ltr'>ad</span> <span class='ocrx_word' id='word_1_1167' title='bbox 208 2215 452 2243; x_wconf 87' lang='lat' dir='ltr'>mansuefacicndos</span> <span class='ocrx_word' id='word_1_1168' title='bbox 468 2214 591 2240; x_wconf 86' lang='lat' dir='ltr'>homines</span> <span class='ocrx_word' id='word_1_1169' title='bbox 610 2214 670 2239; x_wconf 87' lang='lat' dir='ltr'>sunt</span> <span class='ocrx_word' id='word_1_1170' title='bbox 683 2212 905 2246; x_wconf 65' lang='lat' dir='ltr'>inuentaeuApul.</span> <span class='ocrx_word' id='word_1_1171' title='bbox 920 2211 952 2238; x_wconf 88' lang='lat' dir='ltr'>de</span> <span class='ocrx_word' id='word_1_1172' title='bbox 965 2212 1070 2239; x_wconf 90' lang='lat' dir='ltr'>Mundo</span> <span class='ocrx_word' id='word_1_1173' title='bbox 1090 2223 1117 2249; x_wconf 87' lang='lat' dir='ltr'>p.</span> <span class='ocrx_word' id='word_1_1174' title='bbox 1137 2219 1166 2241; x_wconf 85' lang='lat'>55</span> <span class='ocrx_word' id='word_1_1175' title='bbox 1180 2214 1246 2241; x_wconf 75' lang='lat' dir='ltr'>Fast.</span> <span class='ocrx_word' id='word_1_1176' title='bbox 1268 2225 1292 2248; x_wconf 83' lang='lat'>4,</span> <span class='ocrx_word' id='word_1_1177' title='bbox 1306 2225 1346 2248; x_wconf 82' lang='lat'>933</span> <span class='ocrx_word' id='word_1_1178' title='bbox 1375 2215 1500 2241; x_wconf 86' lang='lat' dir='ltr'>Dixerat:</span> <span class='ocrx_word' id='word_1_1179' title='bbox 1524 2224 1538 2241; x_wconf 92' lang='lat' dir='ltr'>a</span> <span class='ocrx_word' id='word_1_1180' title='bbox 1551 2215 1642 2241; x_wconf 84' lang='lat' dir='ltr'>dextra</span> <span class='ocrx_word' id='word_1_1181' title='bbox 1656 2214 1730 2241; x_wconf 86' lang='lat' dir='ltr'>villis</span> <span class='ocrx_word' id='word_1_1182' title='bbox 1742 2217 1859 2242; x_wconf 87' lang='lat' dir='ltr'>mantele</span> <span class='ocrx_word' id='word_1_1183' title='bbox 1877 2216 1970 2243; x_wconf 80' lang='lat' dir='ltr'>solutis</span> <span class='ocrx_word' id='word_1_1184' title='bbox 2026 2219 2148 2254; x_wconf 90' lang='lat' dir='ltr'>Cumque</span> <span class='ocrx_word' id='word_1_1185' title='bbox 2169 2222 2242 2249; x_wconf 79' lang='lat' dir='ltr'>meri</span> 
     </span>
     <span class='ocr_line' id='line_1_57' title="bbox 59 2247 2242 2288; baseline 0.003 -11"><span class='ocrx_word' id='word_1_1186' title='bbox 59 2263 96 2287; x_wconf 79' lang='lat'>27,</span> <span class='ocrx_word' id='word_1_1187' title='bbox 169 2252 241 2281; x_wconf 84' lang='lat' dir='ltr'>Caes.</span> <span class='ocrx_word' id='word_1_1188' title='bbox 261 2251 398 2285; x_wconf 88' lang='lat' dir='ltr'>Multaque</span> <span class='ocrx_word' id='word_1_1189' title='bbox 414 2256 487 2276; x_wconf 87' lang='lat' dir='ltr'>erant</span> <span class='ocrx_word' id='word_1_1190' title='bbox 499 2249 569 2276; x_wconf 83' lang='lat' dir='ltr'>intra</span> <span class='ocrx_word' id='word_1_1191' title='bbox 582 2257 643 2274; x_wconf 84' lang='lat' dir='ltr'>eum</span> <span class='ocrx_word' id='word_1_1192' title='bbox 651 2247 740 2274; x_wconf 85' lang='lat' dir='ltr'>locum</span> <span class='ocrx_word' id='word_1_1193' title='bbox 755 2247 943 2280; x_wconf 60' lang='lat' dir='ltr'>mansuefacta,</span> <span class='ocrx_word' id='word_1_1194' title='bbox 963 2247 1060 2282; x_wconf 82' lang='lat' dir='ltr'>quibus</span> <span class='ocrx_word' id='word_1_1195' title='bbox 1075 2249 1118 2275; x_wconf 92' lang='lat' dir='ltr'>in-</span> <span class='ocrx_word' id='word_1_1196' title='bbox 1179 2256 1268 2285; x_wconf 87' lang='lat' dir='ltr'>patera</span> <span class='ocrx_word' id='word_1_1197' title='bbox 1282 2251 1350 2276; x_wconf 77' lang='lat' dir='ltr'>turis</span> <span class='ocrx_word' id='word_1_1198' title='bbox 1363 2259 1452 2276; x_wconf 85' lang='lat' dir='ltr'>acerra</span> <span class='ocrx_word' id='word_1_1199' title='bbox 1467 2250 1528 2277; x_wconf 81' lang='lat' dir='ltr'>fuit.</span> <span class='ocrx_word' id='word_1_1200' title='bbox 1583 2251 1655 2284; x_wconf 78' lang='lat' dir='ltr'>Conf.</span> <span class='ocrx_word' id='word_1_1201' title='bbox 1670 2253 1704 2276; x_wconf 79' lang='lat' dir='ltr'>ad</span> <span class='ocrx_word' id='word_1_1202' title='bbox 1717 2252 1740 2278; x_wconf 77' lang='lat' dir='ltr'>h.</span> <span class='ocrx_word' id='word_1_1203' title='bbox 1758 2253 1776 2277; x_wconf 89' lang='lat' dir='ltr'>l.</span> <span class='ocrx_word' id='word_1_1204' title='bbox 1797 2254 1924 2286; x_wconf 74' lang='lat' dir='ltr'>Neapolis.</span> <span class='ocrx_word' id='word_1_1205' title='bbox 1968 2253 2034 2281; x_wconf 89' lang='lat' dir='ltr'>Plin.</span> <span class='ocrx_word' id='word_1_1206' title='bbox 2056 2264 2079 2288; x_wconf 88' lang='lat'>7,</span> <span class='ocrx_word' id='word_1_1207' title='bbox 2092 2265 2104 2281; x_wconf 89' lang='lat'><em>2</em></span> <span class='ocrx_word' id='word_1_1208' title='bbox 2124 2257 2242 2284; x_wconf 83' lang='lat' dir='ltr'>Anthro-</span> 
     </span>
     <span class='ocr_line' id='line_1_58' title="bbox 57 2283 2242 2327; baseline 0 -10"><span class='ocrx_word' id='word_1_1209' title='bbox 57 2290 139 2318; x_wconf 75' lang='lat' dir='ltr'>terim</span> <span class='ocrx_word' id='word_1_1210' title='bbox 163 2289 284 2315; x_wconf 75' lang='lat' dir='ltr'>iumenta</span> <span class='ocrx_word' id='word_1_1211' title='bbox 304 2287 489 2322; x_wconf 84' lang='lat' dir='ltr'>pascerentur,</span> <span class='ocrx_word' id='word_1_1212' title='bbox 529 2285 547 2313; x_wconf 86' lang='lat' dir='ltr'>i.</span> <span class='ocrx_word' id='word_1_1213' title='bbox 560 2291 590 2310; x_wconf 79' lang='lat' dir='ltr'>vt</span> <span class='ocrx_word' id='word_1_1214' title='bbox 613 2283 662 2319; x_wconf 79' lang='lat' dir='ltr'>ipse</span> <span class='ocrx_word' id='word_1_1215' title='bbox 691 2283 775 2314; x_wconf 76' lang='lat' dir='ltr'>dicit,</span> <span class='ocrx_word' id='word_1_1216' title='bbox 809 2284 881 2309; x_wconf 85' lang='lat' dir='ltr'>Inter</span> <span class='ocrx_word' id='word_1_1217' title='bbox 906 2284 1056 2310; x_wconf 80' lang='lat' dir='ltr'>munitiones</span> <span class='ocrx_word' id='word_1_1218' title='bbox 1074 2285 1118 2321; x_wconf 83' lang='lat' dir='ltr'>sa.</span> <span class='ocrx_word' id='word_1_1219' title='bbox 1179 2284 1316 2320; x_wconf 83' lang='lat' dir='ltr'>pophagos</span> <span class='ocrx_word' id='word_1_1220' title='bbox 1329 2285 1423 2312; x_wconf 73' lang='lat' dir='ltr'>ollibus</span> <span class='ocrx_word' id='word_1_1221' title='bbox 1437 2285 1617 2312; x_wconf 89' lang='lat' dir='ltr'>humanorum</span> <span class='ocrx_word' id='word_1_1222' title='bbox 1632 2286 1748 2321; x_wconf 85' lang='lat' dir='ltr'>capitum</span> <span class='ocrx_word' id='word_1_1223' title='bbox 1761 2286 1866 2320; x_wconf 81' lang='lat' dir='ltr'>bibere,</span> <span class='ocrx_word' id='word_1_1224' title='bbox 1886 2288 2043 2324; x_wconf 87' lang='lat' dir='ltr'>cutibusque</span> <span class='ocrx_word' id='word_1_1225' title='bbox 2063 2299 2125 2317; x_wconf 82' lang='lat' dir='ltr'>eum</span> <span class='ocrx_word' id='word_1_1226' title='bbox 2139 2293 2242 2327; x_wconf 82' lang='lat' dir='ltr'>capillo</span> 
     </span>
     <span class='ocr_line' id='line_1_59' title="bbox 58 2320 2244 2363; baseline 0.004 -19"><span class='ocrx_word' id='word_1_1227' title='bbox 58 2333 95 2354; x_wconf 49' lang='lat' dir='ltr'>,a-</span> <span class='ocrx_word' id='word_1_1228' title='bbox 133 2326 251 2351; x_wconf 61' lang='lat' dir='ltr'>Budaeus,</span> <span class='ocrx_word' id='word_1_1229' title='bbox 1179 2329 1229 2355; x_wconf 91' lang='lat' dir='ltr'>pro</span> <span class='ocrx_word' id='word_1_1230' title='bbox 1243 2320 1402 2347; x_wconf 79' lang='lat' dir='ltr'>mantelibus</span> <span class='ocrx_word' id='word_1_1231' title='bbox 1415 2328 1474 2348; x_wconf 82' lang='lat' dir='ltr'>ante</span> <span class='ocrx_word' id='word_1_1232' title='bbox 1489 2321 1597 2356; x_wconf 69' lang='lat' dir='ltr'>peetora</span> <span class='ocrx_word' id='word_1_1233' title='bbox 1609 2323 1664 2356; x_wconf 86' lang='lat' dir='ltr'>vti,</span> <span class='ocrx_word' id='word_1_1234' title='bbox 1682 2323 1809 2357; x_wconf 86' lang='lat' dir='ltr'>Isogonus</span> <span class='ocrx_word' id='word_1_1235' title='bbox 1831 2323 1982 2351; x_wconf 81' lang='lat' dir='ltr'>Nicaeensis</span> <span class='ocrx_word' id='word_1_1236' title='bbox 2001 2327 2091 2352; x_wconf 77' lang='lat' dir='ltr'>tradit.</span> <span class='ocrx_word' id='word_1_1237' title='bbox 2136 2328 2244 2363; x_wconf 69' lang='lat' dir='ltr'>Suspen-</span> 
     </span>
    </p>

    <p class='ocr_par' dir='ltr' id='par_1_24' title="bbox 60 2351 2240 2468">
     <span class='ocr_line' id='line_1_60' title="bbox 95 2351 2240 2396; baseline 0.001 -9"><span class='ocrx_word' id='word_1_1238' title='bbox 95 2367 121 2387; x_wconf 90' lang='lat' dir='ltr'>M</span> <span class='ocrx_word' id='word_1_1239' title='bbox 139 2367 163 2387; x_wconf 83' lang='lat' dir='ltr'>A</span> <span class='ocrx_word' id='word_1_1240' title='bbox 180 2366 204 2386; x_wconf 86' lang='lat' dir='ltr'>N</span> <span class='ocrx_word' id='word_1_1241' title='bbox 222 2365 236 2385; x_wconf 88' lang='lat' dir='ltr'>S</span> <span class='ocrx_word' id='word_1_1242' title='bbox 254 2365 277 2385; x_wconf 91' lang='lat' dir='ltr'>V</span> <span class='ocrx_word' id='word_1_1243' title='bbox 292 2364 311 2385; x_wconf 75' lang='grc' dir='ltr'><strong><em>Ε</em></strong></span> <span class='ocrx_word' id='word_1_1244' title='bbox 328 2363 346 2386; x_wconf 67' lang='lat'>1²</span> <span class='ocrx_word' id='word_1_1245' title='bbox 363 2359 378 2385; x_wconf 77' lang='lat'>1&#39;</span> <span class='ocrx_word' id='word_1_1246' title='bbox 392 2364 428 2390; x_wconf 86' lang='grc' dir='ltr'>Ο,</span> <span class='ocrx_word' id='word_1_1247' title='bbox 459 2356 508 2384; x_wconf 56' lang='lat' dir='ltr'>eri.</span> <span class='ocrx_word' id='word_1_1248' title='bbox 539 2352 706 2391; x_wconf 66' lang='grc' dir='ltr'>[πρᾳῦνσμαι]</span> <span class='ocrx_word' id='word_1_1249' title='bbox 747 2351 821 2382; x_wconf 78' lang='lat' dir='ltr'>Caes.</span> <span class='ocrx_word' id='word_1_1250' title='bbox 847 2354 913 2382; x_wconf 84' lang='lat' dir='ltr'>Bell.</span> <span class='ocrx_word' id='word_1_1251' title='bbox 939 2355 1009 2383; x_wconf 83' lang='lat' dir='ltr'>Gall.</span> <span class='ocrx_word' id='word_1_1252' title='bbox 1030 2356 1062 2390; x_wconf 86' lang='lat'>6,</span> <span class='ocrx_word' id='word_1_1253' title='bbox 1087 2361 1117 2385; x_wconf 84' lang='lat'>28</span> <span class='ocrx_word' id='word_1_1254' title='bbox 1178 2358 1242 2382; x_wconf 82' lang='lat' dir='ltr'>dunt</span> <span class='ocrx_word' id='word_1_1255' title='bbox 1257 2359 1342 2392; x_wconf 82' lang='lat' dir='ltr'>itaque</span> <span class='ocrx_word' id='word_1_1256' title='bbox 1356 2357 1392 2382; x_wconf 81' lang='lat' dir='ltr'>ad</span> <span class='ocrx_word' id='word_1_1257' title='bbox 1400 2358 1493 2392; x_wconf 52' lang='lat' dir='ltr'>palus,</span> <span class='ocrx_word' id='word_1_1258' title='bbox 1511 2364 1536 2383; x_wconf 79' lang='lat' dir='ltr'>et</span> <span class='ocrx_word' id='word_1_1259' title='bbox 1553 2367 1641 2384; x_wconf 77' lang='lat' dir='ltr'>manus</span> <span class='ocrx_word' id='word_1_1260' title='bbox 1654 2361 1682 2384; x_wconf 86' lang='lat' dir='ltr'>in</span> <span class='ocrx_word' id='word_1_1261' title='bbox 1695 2359 1728 2384; x_wconf 85' lang='lat' dir='ltr'>iis</span> <span class='ocrx_word' id='word_1_1262' title='bbox 1741 2367 1851 2395; x_wconf 76' lang='lat' dir='ltr'>tergunt.</span> <span class='ocrx_word' id='word_1_1263' title='bbox 1923 2361 2024 2389; x_wconf 88' lang='lat' dir='ltr'>Arnob.</span> <span class='ocrx_word' id='word_1_1264' title='bbox 2039 2370 2061 2395; x_wconf 83' lang='lat'>2,</span> <span class='ocrx_word' id='word_1_1265' title='bbox 2073 2372 2097 2396; x_wconf 88' lang='lat' dir='ltr'>p.</span> <span class='ocrx_word' id='word_1_1266' title='bbox 2112 2372 2142 2396; x_wconf 82' lang='lat'>59</span> <span class='ocrx_word' id='word_1_1267' title='bbox 2162 2365 2240 2391; x_wconf 78' lang='lat' dir='ltr'>Man-</span> 
     </span>
     <span class='ocr_line' id='line_1_61' title="bbox 60 2390 2238 2434; baseline 0.002 -12"><span class='ocrx_word' id='word_1_1268' title='bbox 60 2397 111 2425; x_wconf 78' lang='lat' dir='ltr'>Sed</span> <span class='ocrx_word' id='word_1_1269' title='bbox 131 2395 268 2423; x_wconf 69' lang='lat' dir='ltr'>assuescere</span> <span class='ocrx_word' id='word_1_1270' title='bbox 287 2393 321 2421; x_wconf 88' lang='lat' dir='ltr'>ad</span> <span class='ocrx_word' id='word_1_1271' title='bbox 344 2393 469 2421; x_wconf 86' lang='lat' dir='ltr'>homines</span> <span class='ocrx_word' id='word_1_1272' title='bbox 489 2398 515 2419; x_wconf 85' lang='lat' dir='ltr'>et</span> <span class='ocrx_word' id='word_1_1273' title='bbox 538 2390 725 2426; x_wconf 85' lang='lat' dir='ltr'>mansuefieri,</span> <span class='ocrx_word' id='word_1_1274' title='bbox 756 2400 790 2418; x_wconf 89' lang='lat' dir='ltr'>ne</span> <span class='ocrx_word' id='word_1_1275' title='bbox 807 2391 915 2426; x_wconf 79' lang='lat' dir='ltr'>paruuli</span> <span class='ocrx_word' id='word_1_1276' title='bbox 933 2391 1043 2426; x_wconf 86' lang='lat' dir='ltr'>quidem</span> <span class='ocrx_word' id='word_1_1277' title='bbox 1072 2400 1116 2419; x_wconf 80' lang='lat' dir='ltr'>ex-</span> <span class='ocrx_word' id='word_1_1278' title='bbox 1129 2390 1165 2419; x_wconf 85' lang='lat'>60</span> <span class='ocrx_word' id='word_1_1279' title='bbox 1179 2392 1231 2418; x_wconf 91' lang='lat' dir='ltr'>tele</span> <span class='ocrx_word' id='word_1_1280' title='bbox 1244 2393 1272 2418; x_wconf 89' lang='lat' dir='ltr'>in</span> <span class='ocrx_word' id='word_1_1281' title='bbox 1285 2391 1435 2428; x_wconf 73' lang='lat' dir='ltr'>vcstimemis</span> <span class='ocrx_word' id='word_1_1282' title='bbox 1451 2394 1547 2427; x_wconf 69' lang='lat' dir='ltr'>refert.-</span> <span class='ocrx_word' id='word_1_1283' title='bbox 1565 2401 1648 2429; x_wconf 77' lang='lat' dir='ltr'>nempe</span> <span class='ocrx_word' id='word_1_1284' title='bbox 1660 2401 1689 2420; x_wconf 85' lang='lat' dir='ltr'>vt</span> <span class='ocrx_word' id='word_1_1285' title='bbox 1702 2395 1802 2422; x_wconf 87' lang='lat' dir='ltr'>vestem</span> <span class='ocrx_word' id='word_1_1286' title='bbox 1819 2395 1971 2431; x_wconf 79' lang='lat' dir='ltr'>stragulam,</span> <span class='ocrx_word' id='word_1_1287' title='bbox 1992 2404 2022 2423; x_wconf 74' lang='lat' dir='ltr'>vt</span> <span class='ocrx_word' id='word_1_1288' title='bbox 2035 2398 2192 2434; x_wconf 86' lang='lat' dir='ltr'>puluinum,</span> <span class='ocrx_word' id='word_1_1289' title='bbox 2206 2408 2238 2427; x_wconf 76' lang='lat' dir='ltr'>vt</span> 
     </span>
     <span class='ocr_line' id='line_1_62' title="bbox 62 2428 2240 2468; baseline 0.005 -16"><span class='ocrx_word' id='word_1_1290' title='bbox 62 2431 131 2467; x_wconf 63' lang='lat' dir='ltr'>cepti</span> <span class='ocrx_word' id='word_1_1291' title='bbox 150 2431 261 2467; x_wconf 57' lang='lat' dir='ltr'>ponunt,</span> <span class='ocrx_word' id='word_1_1292' title='bbox 1178 2428 1352 2455; x_wconf 85' lang='lat' dir='ltr'>muccinium.</span> <span class='ocrx_word' id='word_1_1293' title='bbox 1425 2429 1519 2464; x_wconf 78' lang='lat' dir='ltr'>Scalig.</span> <span class='ocrx_word' id='word_1_1294' title='bbox 1528 2430 1633 2457; x_wconf 70' lang='lat' dir='ltr'>ConieH.</span> <span class='ocrx_word' id='word_1_1295' title='bbox 1646 2431 1682 2456; x_wconf 81' lang='lat' dir='ltr'>ad</span> <span class='ocrx_word' id='word_1_1296' title='bbox 1697 2432 1801 2458; x_wconf 82' lang='lat' dir='ltr'>Varron.</span> <span class='ocrx_word' id='word_1_1297' title='bbox 1814 2431 1831 2458; x_wconf 90' lang='lat' dir='ltr'>l.</span> <span class='ocrx_word' id='word_1_1298' title='bbox 1845 2441 1867 2458; x_wconf 90' lang='lat' dir='ltr'>c.</span> <span class='ocrx_word' id='word_1_1299' title='bbox 1889 2440 1912 2458; x_wconf 82' lang='lat' dir='ltr'>et</span> <span class='ocrx_word' id='word_1_1300' title='bbox 1924 2432 2025 2468; x_wconf 71' lang='lat' dir='ltr'>Casaub.</span> <span class='ocrx_word' id='word_1_1301' title='bbox 2039 2436 2075 2459; x_wconf 82' lang='lat' dir='ltr'>ad</span> <span class='ocrx_word' id='word_1_1302' title='bbox 2086 2437 2240 2463; x_wconf 78' lang='lat' dir='ltr'>Athenaeum</span> 
     </span>
    </p>

    <p class='ocr_par' dir='ltr' id='par_1_25' title="bbox 55 2462 2240 2573">
     <span class='ocr_line' id='line_1_63' title="bbox 96 2462 2240 2505; baseline 0 -11"><span class='ocrx_word' id='word_1_1303' title='bbox 96 2473 152 2494; x_wconf 85' lang='lat' dir='ltr'>MA</span> <span class='ocrx_word' id='word_1_1304' title='bbox 163 2473 186 2492; x_wconf 83' lang='grc' dir='ltr'><strong>Ν</strong></span> <span class='ocrx_word' id='word_1_1305' title='bbox 196 2473 210 2493; x_wconf 85' lang='lat' dir='ltr'>s</span> <span class='ocrx_word' id='word_1_1306' title='bbox 220 2473 242 2492; x_wconf 90' lang='lat' dir='ltr'><strong>v</strong></span> <span class='ocrx_word' id='word_1_1307' title='bbox 253 2471 272 2492; x_wconf 81' lang='grc' dir='ltr'><strong><em>Β</em></strong></span> <span class='ocrx_word' id='word_1_1308' title='bbox 282 2471 313 2494; x_wconf 76' lang='lat' dir='ltr'>s.</span> <span class='ocrx_word' id='word_1_1309' title='bbox 333 2464 393 2498; x_wconf 71' lang='lat' dir='ltr'>etis,</span> <span class='ocrx_word' id='word_1_1310' title='bbox 408 2471 430 2490; x_wconf 84' lang='lat' dir='ltr'>et</span> <span class='ocrx_word' id='word_1_1311' title='bbox 449 2463 482 2491; x_wconf 89' lang='lat' dir='ltr'>is.</span> <span class='ocrx_word' id='word_1_1312' title='bbox 518 2462 630 2497; x_wconf 85' lang='lat' dir='ltr'>Antiqui</span> <span class='ocrx_word' id='word_1_1313' title='bbox 643 2462 765 2490; x_wconf 85' lang='lat' dir='ltr'>dicebant</span> <span class='ocrx_word' id='word_1_1314' title='bbox 779 2472 829 2499; x_wconf 86' lang='lat' dir='ltr'>pro</span> <span class='ocrx_word' id='word_1_1315' title='bbox 844 2464 991 2492; x_wconf 82' lang='lat' dir='ltr'>Mansuete.</span> <span class='ocrx_word' id='word_1_1316' title='bbox 1030 2464 1114 2492; x_wconf 73' lang='lat' dir='ltr'>Plane.</span> <span class='ocrx_word' id='word_1_1317' title='bbox 1179 2474 1204 2498; x_wconf 82' lang='lat'>9,</span> <span class='ocrx_word' id='word_1_1318' title='bbox 1221 2471 1245 2494; x_wconf 79' lang='lat'>18</span> <span class='ocrx_word' id='word_1_1319' title='bbox 1267 2464 1384 2492; x_wconf 87' lang='lat' dir='ltr'>Mantele</span> <span class='ocrx_word' id='word_1_1320' title='bbox 1397 2466 1433 2490; x_wconf 87' lang='lat' dir='ltr'>ad</span> <span class='ocrx_word' id='word_1_1321' title='bbox 1442 2467 1571 2499; x_wconf 74' lang='lat' dir='ltr'>tegendum</span> <span class='ocrx_word' id='word_1_1322' title='bbox 1584 2474 1675 2500; x_wconf 77' lang='lat' dir='ltr'>quoque</span> <span class='ocrx_word' id='word_1_1323' title='bbox 1693 2467 1831 2493; x_wconf 73' lang='lat' dir='ltr'>adhibitum</span> <span class='ocrx_word' id='word_1_1324' title='bbox 1841 2468 1922 2503; x_wconf 69' lang='lat' dir='ltr'>fi‘ff&#39;</span> <span class='ocrx_word' id='word_1_1325' title='bbox 1935 2470 2035 2495; x_wconf 82' lang='lat' dir='ltr'>dicunt.-</span> <span class='ocrx_word' id='word_1_1326' title='bbox 2055 2473 2122 2505; x_wconf 76' lang='lat' dir='ltr'>quod</span> <span class='ocrx_word' id='word_1_1327' title='bbox 2138 2474 2168 2497; x_wconf 78' lang='lat' dir='ltr'>de</span> <span class='ocrx_word' id='word_1_1328' title='bbox 2187 2483 2240 2504; x_wconf 71' lang='lat' dir='ltr'>xw</span> 
     </span>
     <span class='ocr_line' id='line_1_64' title="bbox 55 2499 2240 2543; baseline 0.002 -17"><span class='ocrx_word' id='word_1_1329' title='bbox 55 2503 127 2530; x_wconf 76' lang='grc' dir='ltr'><strong>Λῐὶη,</strong></span> <span class='ocrx_word' id='word_1_1330' title='bbox 142 2512 159 2536; x_wconf 76' lang='grc' dir='ltr'>ι,</span> <span class='ocrx_word' id='word_1_1331' title='bbox 172 2511 195 2535; x_wconf 82' lang='lat'>2,</span> <span class='ocrx_word' id='word_1_1332' title='bbox 209 2510 236 2535; x_wconf 90' lang='lat'>¹9</span> <span class='ocrx_word' id='word_1_1333' title='bbox 255 2499 373 2528; x_wconf 89' lang='lat' dir='ltr'>Reddam</span> <span class='ocrx_word' id='word_1_1334' title='bbox 386 2508 436 2534; x_wconf 80' lang='lat' dir='ltr'>ego</span> <span class='ocrx_word' id='word_1_1335' title='bbox 447 2506 473 2526; x_wconf 91' lang='lat' dir='ltr'>te</span> <span class='ocrx_word' id='word_1_1336' title='bbox 486 2507 517 2525; x_wconf 85' lang='lat' dir='ltr'>ex</span> <span class='ocrx_word' id='word_1_1337' title='bbox 531 2499 587 2525; x_wconf 87' lang='lat' dir='ltr'>fera</span> <span class='ocrx_word' id='word_1_1338' title='bbox 605 2499 675 2526; x_wconf 79' lang='lat' dir='ltr'>fame</span> <span class='ocrx_word' id='word_1_1339' title='bbox 695 2499 867 2526; x_wconf 79' lang='lat' dir='ltr'>mansuetem.</span> <span class='ocrx_word' id='word_1_1340' title='bbox 940 2500 1036 2527; x_wconf 83' lang='lat' dir='ltr'>Accius</span> <span class='ocrx_word' id='word_1_1341' title='bbox 1056 2501 1114 2527; x_wconf 88' lang='lat' dir='ltr'>Me·</span> <span class='ocrx_word' id='word_1_1342' title='bbox 1174 2503 1298 2534; x_wconf 64' lang='grc' dir='ltr'>ρσμάκτρῳ</span> <span class='ocrx_word' id='word_1_1343' title='bbox 1306 2500 1342 2526; x_wconf 84' lang='lat' dir='ltr'>ibi</span> <span class='ocrx_word' id='word_1_1344' title='bbox 1355 2501 1422 2526; x_wconf 82' lang='lat' dir='ltr'>docet</span> <span class='ocrx_word' id='word_1_1345' title='bbox 1433 2501 1584 2534; x_wconf 77' lang='lat' dir='ltr'>Athenaeus,</span> <span class='ocrx_word' id='word_1_1346' title='bbox 1605 2502 1683 2537; x_wconf 79' lang='lat' dir='ltr'>capiti</span> <span class='ocrx_word' id='word_1_1347' title='bbox 1695 2503 1801 2529; x_wconf 81' lang='lat' dir='ltr'>velando</span> <span class='ocrx_word' id='word_1_1348' title='bbox 1819 2504 1894 2529; x_wconf 75' lang='lat' dir='ltr'>etiam</span> <span class='ocrx_word' id='word_1_1349' title='bbox 1906 2503 2029 2539; x_wconf 78' lang='lat' dir='ltr'>seruiiffi.</span> <span class='ocrx_word' id='word_1_1350' title='bbox 2083 2507 2115 2532; x_wconf 87' lang='lat' dir='ltr'>Et</span> <span class='ocrx_word' id='word_1_1351' title='bbox 2127 2506 2240 2543; x_wconf 69' lang='lat' dir='ltr'>sanese.</span> 
     </span>
     <span class='ocr_line' id='line_1_65' title="bbox 55 2535 2238 2573; baseline 0 -8"><span class='ocrx_word' id='word_1_1352' title='bbox 55 2538 136 2573; x_wconf 76' lang='lat' dir='ltr'>leagr.</span> <span class='ocrx_word' id='word_1_1353' title='bbox 161 2537 240 2564; x_wconf 92' lang='lat' dir='ltr'>Nunc</span> <span class='ocrx_word' id='word_1_1354' title='bbox 258 2545 301 2563; x_wconf 87' lang='lat' dir='ltr'>me</span> <span class='ocrx_word' id='word_1_1355' title='bbox 319 2542 432 2563; x_wconf 87' lang='lat' dir='ltr'>matrem</span> <span class='ocrx_word' id='word_1_1356' title='bbox 451 2535 569 2562; x_wconf 82' lang='lat' dir='ltr'>mansues</span> <span class='ocrx_word' id='word_1_1357' title='bbox 588 2535 772 2562; x_wconf 85' lang='lat' dir='ltr'>misericordia</span> <span class='ocrx_word' id='word_1_1358' title='bbox 790 2535 868 2571; x_wconf 73' lang='lat' dir='ltr'>capsit</span> <span class='ocrx_word' id='word_1_1359' title='bbox 886 2538 954 2571; x_wconf 83' lang='lat' dir='ltr'>apud</span> <span class='ocrx_word' id='word_1_1360' title='bbox 965 2536 1039 2565; x_wconf 74' lang='lat' dir='ltr'>Non,</span> <span class='ocrx_word' id='word_1_1361' title='bbox 1053 2543 1076 2570; x_wconf 82' lang='lat'>8,</span> <span class='ocrx_word' id='word_1_1362' title='bbox 1090 2545 1113 2568; x_wconf 87' lang='lat'>5.</span> <span class='ocrx_word' id='word_1_1363' title='bbox 1176 2537 1249 2570; x_wconf 79' lang='lat' dir='ltr'>quior</span> <span class='ocrx_word' id='word_1_1364' title='bbox 1261 2543 1328 2562; x_wconf 77' lang='lat' dir='ltr'>aetas</span> <span class='ocrx_word' id='word_1_1365' title='bbox 1342 2543 1389 2571; x_wconf 85' lang='lat' dir='ltr'>per</span> <span class='ocrx_word' id='word_1_1366' title='bbox 1403 2543 1478 2562; x_wconf 84' lang='lat' dir='ltr'>totam</span> <span class='ocrx_word' id='word_1_1367' title='bbox 1486 2537 1545 2570; x_wconf 81' lang='lat' dir='ltr'>fere</span> <span class='ocrx_word' id='word_1_1368' title='bbox 1560 2538 1679 2572; x_wconf 79' lang='lat' dir='ltr'>Europam</span> <span class='ocrx_word' id='word_1_1369' title='bbox 1693 2538 1801 2564; x_wconf 80' lang='lat' dir='ltr'>humeros</span> <span class='ocrx_word' id='word_1_1370' title='bbox 1818 2540 1883 2564; x_wconf 79' lang='lat' dir='ltr'>texit</span> <span class='ocrx_word' id='word_1_1371' title='bbox 1898 2540 2037 2567; x_wconf 82' lang='lat' dir='ltr'>Mantello.</span> <span class='ocrx_word' id='word_1_1372' title='bbox 2074 2542 2124 2568; x_wconf 74' lang='lat' dir='ltr'>Sed</span> <span class='ocrx_word' id='word_1_1373' title='bbox 2134 2544 2165 2568; x_wconf 73' lang='lat' dir='ltr'>de</span> <span class='ocrx_word' id='word_1_1374' title='bbox 2191 2553 2238 2569; x_wconf 67' lang='lat' dir='ltr'>an-</span> 
     </span>
    </p>
   </div>
   <div class='ocr_carea' id='block_1_13' title="bbox 53 2571 2238 2900">
    <p class='ocr_par' dir='ltr' id='par_1_26' title="bbox 54 2571 2238 2646">
     <span class='ocr_line' id='line_1_66' title="bbox 54 2571 2236 2610; baseline 0.001 -9"><span class='ocrx_word' id='word_1_1375' title='bbox 54 2576 124 2601; x_wconf 85' lang='lat' dir='ltr'>Add.</span> <span class='ocrx_word' id='word_1_1376' title='bbox 137 2571 202 2600; x_wconf 82' lang='lat' dir='ltr'>Fest.</span> <span class='ocrx_word' id='word_1_1377' title='bbox 221 2579 246 2598; x_wconf 82' lang='lat' dir='ltr'>et</span> <span class='ocrx_word' id='word_1_1378' title='bbox 260 2571 337 2607; x_wconf 89' lang='lat' dir='ltr'>Apul.</span> <span class='ocrx_word' id='word_1_1379' title='bbox 350 2573 415 2598; x_wconf 84' lang='lat' dir='ltr'>Met.</span> <span class='ocrx_word' id='word_1_1380' title='bbox 430 2580 449 2598; x_wconf 88' lang='lat' dir='ltr'>u</span> <span class='ocrx_word' id='word_1_1381' title='bbox 471 2581 496 2606; x_wconf 88' lang='lat' dir='ltr'>p.</span> <span class='ocrx_word' id='word_1_1382' title='bbox 511 2573 561 2598; x_wconf 87' lang='lat'>261.</span> <span class='ocrx_word' id='word_1_1383' title='bbox 583 2577 607 2596; x_wconf 81' lang='lat' dir='ltr'>et</span> <span class='ocrx_word' id='word_1_1384' title='bbox 619 2581 632 2605; x_wconf 87' lang='lat'><em>7</em></span> <span class='ocrx_word' id='word_1_1385' title='bbox 651 2581 675 2606; x_wconf 89' lang='lat' dir='ltr'>p.</span> <span class='ocrx_word' id='word_1_1386' title='bbox 689 2578 732 2604; x_wconf 82' lang='lat'>¹98</span> <span class='ocrx_word' id='word_1_1387' title='bbox 750 2572 834 2604; x_wconf 86' lang='lat' dir='ltr'>(Prie.</span> <span class='ocrx_word' id='word_1_1388' title='bbox 851 2581 876 2606; x_wconf 88' lang='lat' dir='ltr'>p.</span> <span class='ocrx_word' id='word_1_1389' title='bbox 893 2574 956 2605; x_wconf 79' lang='lat'>148.)</span> <span class='ocrx_word' id='word_1_1390' title='bbox 1131 2573 1162 2603; x_wconf 91' lang='lat'>65</span> <span class='ocrx_word' id='word_1_1391' title='bbox 1175 2572 1253 2606; x_wconf 68' lang='lat' dir='ltr'>tiqui:</span> <span class='ocrx_word' id='word_1_1392' title='bbox 1266 2572 1398 2606; x_wconf 84' lang='lat' dir='ltr'>loquimur.</span> <span class='ocrx_word' id='word_1_1393' title='bbox 1472 2572 1546 2606; x_wconf 74' lang='lat' dir='ltr'>Confi</span> <span class='ocrx_word' id='word_1_1394' title='bbox 1560 2573 1683 2600; x_wconf 75' lang='lat' dir='ltr'>Boxhorn.</span> <span class='ocrx_word' id='word_1_1395' title='bbox 1698 2576 1734 2599; x_wconf 80' lang='lat' dir='ltr'>ad</span> <span class='ocrx_word' id='word_1_1396' title='bbox 1745 2574 1827 2601; x_wconf 83' lang='lat' dir='ltr'>Plaut.</span> <span class='ocrx_word' id='word_1_1397' title='bbox 1843 2583 1868 2610; x_wconf 91' lang='lat' dir='ltr'>p.</span> <span class='ocrx_word' id='word_1_1398' title='bbox 1883 2584 1935 2607; x_wconf 86' lang='lat'>203.</span> <span class='ocrx_word' id='word_1_1399' title='bbox 1973 2577 2006 2603; x_wconf 82' lang='lat' dir='ltr'>H.</span> <span class='ocrx_word' id='word_1_1400' title='bbox 2021 2577 2093 2604; x_wconf 76' lang='lat' dir='ltr'>Grot.</span> <span class='ocrx_word' id='word_1_1401' title='bbox 2108 2577 2135 2603; x_wconf 81' lang='lat' dir='ltr'>in</span> <span class='ocrx_word' id='word_1_1402' title='bbox 2155 2581 2236 2608; x_wconf 60' lang='lat' dir='ltr'>Arar.</span> 
     </span>
     <span class='ocr_line' id='line_1_67' title="bbox 91 2606 2238 2646; baseline 0.003 -11"><span class='ocrx_word' id='word_1_1403' title='bbox 91 2616 116 2636; x_wconf 89' lang='lat' dir='ltr'>M</span> <span class='ocrx_word' id='word_1_1404' title='bbox 127 2615 150 2637; x_wconf 80' lang='lat' dir='ltr'>A</span> <span class='ocrx_word' id='word_1_1405' title='bbox 160 2615 182 2635; x_wconf 83' lang='lat' dir='ltr'>N</span> <span class='ocrx_word' id='word_1_1406' title='bbox 193 2615 206 2636; x_wconf 84' lang='lat' dir='ltr'>s</span> <span class='ocrx_word' id='word_1_1407' title='bbox 216 2615 238 2634; x_wconf 90' lang='lat' dir='ltr'>V</span> <span class='ocrx_word' id='word_1_1408' title='bbox 250 2614 268 2636; x_wconf 78' lang='grc' dir='ltr'><strong>Ε</strong></span> <span class='ocrx_word' id='word_1_1409' title='bbox 281 2614 304 2635; x_wconf 85' lang='grc' dir='ltr'>Τ</span> <span class='ocrx_word' id='word_1_1410' title='bbox 317 2614 337 2635; x_wconf 94' lang='lat'><em>0</em></span> <span class='ocrx_word' id='word_1_1411' title='bbox 347 2628 355 2642; x_wconf 84' lang='lat'>,</span> <span class='ocrx_word' id='word_1_1412' title='bbox 381 2612 435 2634; x_wconf 72' lang='lat' dir='ltr'>are.</span> <span class='ocrx_word' id='word_1_1413' title='bbox 473 2607 812 2642; x_wconf 83' lang='lat' dir='ltr'>Mansuefacere.Qodam</span> <span class='ocrx_word' id='word_1_1414' title='bbox 826 2613 948 2642; x_wconf 86' lang='lat' dir='ltr'>tempore</span> <span class='ocrx_word' id='word_1_1415' title='bbox 966 2608 1112 2635; x_wconf 83' lang='lat' dir='ltr'>mansueta·</span> <span class='ocrx_word' id='word_1_1416' title='bbox 1176 2609 1212 2632; x_wconf 81' lang='lat' dir='ltr'>ad</span> <span class='ocrx_word' id='word_1_1417' title='bbox 1231 2608 1308 2643; x_wconf 79' lang='lat' dir='ltr'>imag.</span> <span class='ocrx_word' id='word_1_1418' title='bbox 1329 2606 1446 2642; x_wconf 67' lang='lat' dir='ltr'>asterism,</span> <span class='ocrx_word' id='word_1_1419' title='bbox 1481 2616 1513 2642; x_wconf 86' lang='lat' dir='ltr'>p.-</span> <span class='ocrx_word' id='word_1_1420' title='bbox 1526 2609 1565 2635; x_wconf 77' lang='lat'>62.</span> <span class='ocrx_word' id='word_1_1421' title='bbox 1645 2611 1684 2635; x_wconf 79' lang='lat' dir='ltr'>De</span> <span class='ocrx_word' id='word_1_1422' title='bbox 1703 2609 1850 2646; x_wconf 57' lang='lat' dir='ltr'>differentia</span> <span class='ocrx_word' id='word_1_1423' title='bbox 1865 2619 2021 2646; x_wconf 86' lang='lat' dir='ltr'>mapparum</span> <span class='ocrx_word' id='word_1_1424' title='bbox 2039 2620 2064 2638; x_wconf 83' lang='lat' dir='ltr'>et</span> <span class='ocrx_word' id='word_1_1425' title='bbox 2080 2613 2238 2644; x_wconf 83' lang='lat' dir='ltr'>mantilium</span> 
     </span>
    </p>

    <p class='ocr_par' dir='ltr' id='par_1_27' title="bbox 55 2643 2237 2719">
     <span class='ocr_line' id='line_1_68' title="bbox 55 2643 2235 2687; baseline 0.003 -17"><span class='ocrx_word' id='word_1_1426' title='bbox 55 2644 133 2673; x_wconf 76' lang='lat' dir='ltr'>batur</span> <span class='ocrx_word' id='word_1_1427' title='bbox 146 2644 215 2679; x_wconf 83' lang='lat' dir='ltr'>ignis</span> <span class='ocrx_word' id='word_1_1428' title='bbox 229 2644 340 2678; x_wconf 84' lang='lat' dir='ltr'>Vulgata</span> <span class='ocrx_word' id='word_1_1429' title='bbox 355 2644 413 2679; x_wconf 92' lang='lat' dir='ltr'>Sap.</span> <span class='ocrx_word' id='word_1_1430' title='bbox 430 2646 466 2675; x_wconf 91' lang='grc'>16,</span> <span class='ocrx_word' id='word_1_1431' title='bbox 481 2650 504 2674; x_wconf 83' lang='lat'>8.</span> <span class='ocrx_word' id='word_1_1432' title='bbox 1175 2643 1228 2670; x_wconf 76' lang='lat' dir='ltr'>vid.</span> <span class='ocrx_word' id='word_1_1433' title='bbox 1247 2643 1310 2679; x_wconf 68' lang='lat' dir='ltr'>Vff</span> <span class='ocrx_word' id='word_1_1434' title='bbox 1322 2644 1426 2677; x_wconf 81' lang='lat' dir='ltr'>Etymol.</span> <span class='ocrx_word' id='word_1_1435' title='bbox 1446 2652 1471 2678; x_wconf 89' lang='lat' dir='ltr'>p.</span> <span class='ocrx_word' id='word_1_1436' title='bbox 1485 2652 1538 2676; x_wconf 79' lang='lat'>310.</span> <span class='ocrx_word' id='word_1_1437' title='bbox 1597 2645 1698 2671; x_wconf 83' lang='lat' dir='ltr'>Taubm.</span> <span class='ocrx_word' id='word_1_1438' title='bbox 1711 2648 1747 2672; x_wconf 82' lang='lat' dir='ltr'>ad</span> <span class='ocrx_word' id='word_1_1439' title='bbox 1758 2645 1840 2672; x_wconf 89' lang='lat' dir='ltr'>Plaut.</span> <span class='ocrx_word' id='word_1_1440' title='bbox 1856 2655 1881 2681; x_wconf 92' lang='lat' dir='ltr'>p.</span> <span class='ocrx_word' id='word_1_1441' title='bbox 1897 2656 1951 2680; x_wconf 85' lang='lat'>270.</span> <span class='ocrx_word' id='word_1_1442' title='bbox 1996 2649 2074 2674; x_wconf 81' lang='lat' dir='ltr'>Ruaei</span> <span class='ocrx_word' id='word_1_1443' title='bbox 2097 2649 2195 2684; x_wconf 80' lang='lat' dir='ltr'>Virgil.</span> <span class='ocrx_word' id='word_1_1444' title='bbox 2208 2662 2235 2687; x_wconf 78' lang='lat' dir='ltr'>p.</span> 
     </span>
     <span class='ocr_line' id='line_1_69' title="bbox 91 2677 2237 2719; baseline 0.003 -14"><span class='ocrx_word' id='word_1_1445' title='bbox 91 2687 117 2707; x_wconf 81' lang='grc' dir='ltr'>Μ</span> <span class='ocrx_word' id='word_1_1446' title='bbox 127 2687 150 2709; x_wconf 81' lang='lat' dir='ltr'>A</span> <span class='ocrx_word' id='word_1_1447' title='bbox 162 2686 186 2706; x_wconf 86' lang='lat' dir='ltr'>N</span> <span class='ocrx_word' id='word_1_1448' title='bbox 197 2686 210 2706; x_wconf 89' lang='lat' dir='ltr'>s</span> <span class='ocrx_word' id='word_1_1449' title='bbox 221 2685 243 2706; x_wconf 91' lang='lat' dir='ltr'>V</span> <span class='ocrx_word' id='word_1_1450' title='bbox 254 2685 271 2705; x_wconf 70' lang='grc' dir='ltr'>Β</span> <span class='ocrx_word' id='word_1_1451' title='bbox 280 2685 302 2705; x_wconf 89' lang='grc' dir='ltr'>Τ</span> <span class='ocrx_word' id='word_1_1452' title='bbox 311 2687 334 2706; x_wconf 84' lang='grc' dir='ltr'><strong>Α</strong></span> <span class='ocrx_word' id='word_1_1453' title='bbox 344 2686 362 2706; x_wconf 78' lang='lat' dir='ltr'>R</span> <span class='ocrx_word' id='word_1_1454' title='bbox 374 2687 383 2706; x_wconf 91' lang='lat'>1</span> <span class='ocrx_word' id='word_1_1455' title='bbox 393 2686 439 2708; x_wconf 81' lang='lat' dir='ltr'>vs</span> <span class='ocrx_word' id='word_1_1456' title='bbox 448 2701 457 2714; x_wconf 93' lang='lat'>,</span> <span class='ocrx_word' id='word_1_1457' title='bbox 478 2679 496 2706; x_wconf 89' lang='lat' dir='ltr'>i.</span> <span class='ocrx_word' id='word_1_1458' title='bbox 517 2688 553 2708; x_wconf 84' lang='lat' dir='ltr'>tn.</span> <span class='ocrx_word' id='word_1_1459' title='bbox 573 2677 709 2713; x_wconf 62' lang='grc' dir='ltr'>ἥμεροι-Μὴ</span> <span class='ocrx_word' id='word_1_1460' title='bbox 728 2680 809 2707; x_wconf 77' lang='lat' dir='ltr'>Glosl&#39;.</span> <span class='ocrx_word' id='word_1_1461' title='bbox 818 2680 866 2706; x_wconf 91' lang='lat' dir='ltr'>Gr.</span> <span class='ocrx_word' id='word_1_1462' title='bbox 875 2679 931 2706; x_wconf 87' lang='lat' dir='ltr'>Lat.</span> <span class='ocrx_word' id='word_1_1463' title='bbox 946 2680 1111 2715; x_wconf 66' lang='grc' dir='ltr'>[πρᾳΰντικὸς]</span> <span class='ocrx_word' id='word_1_1464' title='bbox 1174 2687 1226 2711; x_wconf 61' lang='lat'>212„</span> <span class='ocrx_word' id='word_1_1465' title='bbox 1293 2678 1411 2705; x_wconf 78' lang='lat' dir='ltr'>Breuiter</span> <span class='ocrx_word' id='word_1_1466' title='bbox 1425 2679 1522 2714; x_wconf 88' lang='lat' dir='ltr'>Mappa</span> <span class='ocrx_word' id='word_1_1467' title='bbox 1537 2680 1588 2705; x_wconf 83' lang='lat' dir='ltr'>Ori</span> <span class='ocrx_word' id='word_1_1468' title='bbox 1599 2680 1675 2706; x_wconf 78' lang='lat' dir='ltr'>etiam</span> <span class='ocrx_word' id='word_1_1469' title='bbox 1683 2681 1781 2716; x_wconf 78' lang='lat' dir='ltr'>seruit,</span> <span class='ocrx_word' id='word_1_1470' title='bbox 1800 2682 1914 2709; x_wconf 84' lang='lat' dir='ltr'>mantele</span> <span class='ocrx_word' id='word_1_1471' title='bbox 1929 2683 2042 2709; x_wconf 79' lang='lat' dir='ltr'>manibus</span> <span class='ocrx_word' id='word_1_1472' title='bbox 2055 2691 2162 2719; x_wconf 68' lang='lat' dir='ltr'>tantum,</span> <span class='ocrx_word' id='word_1_1473' title='bbox 2182 2697 2237 2714; x_wconf 78' lang='lat' dir='ltr'>cum</span> 
     </span>
    </p>

    <p class='ocr_par' dir='ltr' id='par_1_28' title="bbox 57 2714 2234 2755">
     <span class='ocr_line' id='line_1_70' title="bbox 57 2714 2234 2755; baseline 0.003 -15"><span class='ocrx_word' id='word_1_1474' title='bbox 57 2717 110 2754; x_wconf 72' lang='lat' dir='ltr'>Qi</span> <span class='ocrx_word' id='word_1_1475' title='bbox 123 2717 198 2750; x_wconf 78' lang='lat' dir='ltr'>feras</span> <span class='ocrx_word' id='word_1_1476' title='bbox 215 2715 388 2750; x_wconf 65' lang='lat' dir='ltr'>mansuqfacit.</span> <span class='ocrx_word' id='word_1_1477' title='bbox 465 2717 533 2742; x_wconf 80' lang='lat' dir='ltr'>Vnde</span> <span class='ocrx_word' id='word_1_1478' title='bbox 551 2715 626 2741; x_wconf 81' lang='lat' dir='ltr'>etiam</span> <span class='ocrx_word' id='word_1_1479' title='bbox 645 2716 772 2743; x_wconf 86' lang='lat' dir='ltr'>Ferarum</span> <span class='ocrx_word' id='word_1_1480' title='bbox 794 2715 987 2742; x_wconf 83' lang='lat' dir='ltr'>mansuetarius</span> <span class='ocrx_word' id='word_1_1481' title='bbox 1006 2715 1109 2743; x_wconf 82' lang='lat' dir='ltr'>dicitur.</span> <span class='ocrx_word' id='word_1_1482' title='bbox 1165 2714 1205 2747; x_wconf 76' lang='lat' dir='ltr'>fit</span> <span class='ocrx_word' id='word_1_1483' title='bbox 1236 2714 1331 2750; x_wconf 83' lang='lat' dir='ltr'>mensae</span> <span class='ocrx_word' id='word_1_1484' title='bbox 1364 2714 1502 2751; x_wconf 84' lang='lat' dir='ltr'>instratum.</span> <span class='ocrx_word' id='word_1_1485' title='bbox 1574 2717 1623 2742; x_wconf 77' lang='lat' dir='ltr'>Sed</span> <span class='ocrx_word' id='word_1_1486' title='bbox 1648 2723 1791 2752; x_wconf 80' lang='lat' dir='ltr'>perpetuam</span> <span class='ocrx_word' id='word_1_1487' title='bbox 1821 2717 1866 2754; x_wconf 74' lang='lat' dir='ltr'>effi</span> <span class='ocrx_word' id='word_1_1488' title='bbox 1888 2719 2080 2755; x_wconf 64' lang='lat' dir='ltr'>differentiam,</span> <span class='ocrx_word' id='word_1_1489' title='bbox 2118 2730 2166 2748; x_wconf 80' lang='lat' dir='ltr'>nun</span> <span class='ocrx_word' id='word_1_1490' title='bbox 2190 2732 2234 2749; x_wconf 68' lang='lat' dir='ltr'>au.</span> 
     </span>
    </p>

    <p class='ocr_par' dir='ltr' id='par_1_29' title="bbox 54 2750 1326 2787">
     <span class='ocr_line' id='line_1_71' title="bbox 54 2750 1326 2787; baseline -0.002 -8"><span class='ocrx_word' id='word_1_1491' title='bbox 54 2751 191 2787; x_wconf 85' lang='lat' dir='ltr'>Lamprid.</span> <span class='ocrx_word' id='word_1_1492' title='bbox 209 2751 238 2777; x_wconf 92' lang='lat' dir='ltr'>in</span> <span class='ocrx_word' id='word_1_1493' title='bbox 257 2751 365 2786; x_wconf 81' lang='lat' dir='ltr'>Heliog.</span> <span class='ocrx_word' id='word_1_1494' title='bbox 386 2760 408 2778; x_wconf 91' lang='lat' dir='ltr'>c.</span> <span class='ocrx_word' id='word_1_1495' title='bbox 431 2760 453 2778; x_wconf 83' lang='lat'>21</span> <span class='ocrx_word' id='word_1_1496' title='bbox 479 2750 582 2778; x_wconf 89' lang='lat' dir='ltr'>Habuit</span> <span class='ocrx_word' id='word_1_1497' title='bbox 601 2750 692 2778; x_wconf 85' lang='lat' dir='ltr'>leones</span> <span class='ocrx_word' id='word_1_1498' title='bbox 708 2757 736 2778; x_wconf 77' lang='lat' dir='ltr'>et</span> <span class='ocrx_word' id='word_1_1499' title='bbox 746 2751 896 2787; x_wconf 88' lang='lat' dir='ltr'>leopardos,</span> <span class='ocrx_word' id='word_1_1500' title='bbox 919 2759 985 2785; x_wconf 81' lang='lat' dir='ltr'>quos</span> <span class='ocrx_word' id='word_1_1501' title='bbox 998 2750 1109 2778; x_wconf 72' lang='lat' dir='ltr'>edo&amp;os</span> <span class='ocrx_word' id='word_1_1502' title='bbox 1125 2760 1158 2784; x_wconf 91' lang='lat'>70</span> <span class='ocrx_word' id='word_1_1503' title='bbox 1165 2751 1215 2784; x_wconf 83' lang='lat' dir='ltr'>fim</span> <span class='ocrx_word' id='word_1_1504' title='bbox 1237 2751 1326 2777; x_wconf 78' lang='lat' dir='ltr'>dicere.</span> 
     </span>
    </p>

    <p class='ocr_par' dir='ltr' id='par_1_30' title="bbox 54 2786 2233 2828">
     <span class='ocr_line' id='line_1_72' title="bbox 54 2786 2233 2828; baseline 0.002 -15"><span class='ocrx_word' id='word_1_1505' title='bbox 54 2797 115 2823; x_wconf 53' lang='lat' dir='ltr'>per-</span> <span class='ocrx_word' id='word_1_1506' title='bbox 123 2787 329 2820; x_wconf 79' lang='lat' dir='ltr'>mansuetarios,</span> <span class='ocrx_word' id='word_1_1507' title='bbox 353 2786 440 2813; x_wconf 85' lang='lat' dir='ltr'>subito</span> <span class='ocrx_word' id='word_1_1508' title='bbox 459 2787 491 2814; x_wconf 87' lang='lat' dir='ltr'>ad</span> <span class='ocrx_word' id='word_1_1509' title='bbox 517 2786 653 2814; x_wconf 87' lang='lat' dir='ltr'>secundam</span> <span class='ocrx_word' id='word_1_1510' title='bbox 673 2788 790 2814; x_wconf 87' lang='lat' dir='ltr'>mensam</span> <span class='ocrx_word' id='word_1_1511' title='bbox 808 2786 917 2814; x_wconf 84' lang='lat' dir='ltr'>iubebat</span> <span class='ocrx_word' id='word_1_1512' title='bbox 943 2786 1108 2814; x_wconf 88' lang='lat' dir='ltr'>accumbere.</span> <span class='ocrx_word' id='word_1_1513' title='bbox 1211 2793 1237 2813; x_wconf 88' lang='lat' dir='ltr'>M</span> <span class='ocrx_word' id='word_1_1514' title='bbox 1253 2793 1276 2814; x_wconf 87' lang='lat' dir='ltr'>A</span> <span class='ocrx_word' id='word_1_1515' title='bbox 1290 2792 1313 2812; x_wconf 87' lang='lat' dir='ltr'>N</span> <span class='ocrx_word' id='word_1_1516' title='bbox 1330 2792 1353 2813; x_wconf 85' lang='lat' dir='ltr'>‘r</span> <span class='ocrx_word' id='word_1_1517' title='bbox 1368 2793 1380 2813; x_wconf 79' lang='lat'>¹</span> <span class='ocrx_word' id='word_1_1518' title='bbox 1395 2793 1412 2814; x_wconf 88' lang='lat' dir='ltr'>L</span> <span class='ocrx_word' id='word_1_1519' title='bbox 1428 2793 1440 2814; x_wconf 89' lang='lat'><em>1</em></span> <span class='ocrx_word' id='word_1_1520' title='bbox 1456 2793 1480 2814; x_wconf 89' lang='lat' dir='ltr'>A</span> <span class='ocrx_word' id='word_1_1521' title='bbox 1498 2793 1519 2815; x_wconf 85' lang='lat' dir='ltr'>R</span> <span class='ocrx_word' id='word_1_1522' title='bbox 1535 2794 1547 2814; x_wconf 91' lang='lat'>1</span> <span class='ocrx_word' id='word_1_1523' title='bbox 1561 2794 1622 2822; x_wconf 85' lang='lat' dir='ltr'>vs,</span> <span class='ocrx_word' id='word_1_1524' title='bbox 1640 2788 1660 2815; x_wconf 90' lang='lat' dir='ltr'>i.</span> <span class='ocrx_word' id='word_1_1525' title='bbox 1679 2797 1715 2817; x_wconf 87' lang='lat' dir='ltr'>m.</span> <span class='ocrx_word' id='word_1_1526' title='bbox 1769 2789 1825 2828; x_wconf 76' lang='lat' dir='ltr'>Qi</span> <span class='ocrx_word' id='word_1_1527' title='bbox 1837 2789 1957 2816; x_wconf 81' lang='lat' dir='ltr'>mantilia</span> <span class='ocrx_word' id='word_1_1528' title='bbox 1969 2791 2073 2826; x_wconf 76' lang='lat' dir='ltr'>conficit.</span> <span class='ocrx_word' id='word_1_1529' title='bbox 2149 2793 2233 2823; x_wconf 73' lang='lat' dir='ltr'>Plaut,</span> 
     </span>
    </p>

    <p class='ocr_par' dir='ltr' id='par_1_31' title="bbox 55 2822 1369 2858">
     <span class='ocr_line' id='line_1_73' title="bbox 55 2822 1369 2858; baseline 0.002 -9"><span class='ocrx_word' id='word_1_1530' title='bbox 55 2823 162 2851; x_wconf 81' lang='lat' dir='ltr'>Firmic.</span> <span class='ocrx_word' id='word_1_1531' title='bbox 177 2829 200 2857; x_wconf 82' lang='lat'>8,</span> <span class='ocrx_word' id='word_1_1532' title='bbox 216 2830 242 2858; x_wconf 84' lang='lat'>17</span> <span class='ocrx_word' id='word_1_1533' title='bbox 259 2823 444 2858; x_wconf 86' lang='lat' dir='ltr'>Septentrione</span> <span class='ocrx_word' id='word_1_1534' title='bbox 456 2823 560 2850; x_wconf 87' lang='lat' dir='ltr'>oriente</span> <span class='ocrx_word' id='word_1_1535' title='bbox 572 2823 637 2856; x_wconf 88' lang='lat' dir='ltr'>nati,</span> <span class='ocrx_word' id='word_1_1536' title='bbox 658 2823 1048 2857; x_wconf 84' lang='lat' dir='ltr'>cruntmansuetariiferarum,</span> <span class='ocrx_word' id='word_1_1537' title='bbox 1062 2823 1110 2858; x_wconf 88' lang='lat' dir='ltr'>qui</span> <span class='ocrx_word' id='word_1_1538' title='bbox 1172 2822 1232 2850; x_wconf 87' lang='lat' dir='ltr'>Aul.</span> <span class='ocrx_word' id='word_1_1539' title='bbox 1253 2832 1273 2856; x_wconf 84' lang='lat'>3,</span> <span class='ocrx_word' id='word_1_1540' title='bbox 1295 2832 1318 2855; x_wconf 84' lang='lat'>5,</span> <span class='ocrx_word' id='word_1_1541' title='bbox 1332 2831 1369 2855; x_wconf 79' lang='lat'>37.</span> 
     </span>
    </p>

    <p class='ocr_par' dir='ltr' id='par_1_32' title="bbox 53 2858 2235 2900">
     <span class='ocr_line' id='line_1_74' title="bbox 53 2858 2235 2900; baseline 0.002 -15"><span class='ocrx_word' id='word_1_1542' title='bbox 53 2859 148 2887; x_wconf 83' lang='lat' dir='ltr'>bestias</span> <span class='ocrx_word' id='word_1_1543' title='bbox 161 2859 266 2886; x_wconf 86' lang='lat' dir='ltr'>feritate</span> <span class='ocrx_word' id='word_1_1544' title='bbox 279 2858 393 2894; x_wconf 85' lang='lat' dir='ltr'>deposita</span> <span class='ocrx_word' id='word_1_1545' title='bbox 407 2858 529 2886; x_wconf 86' lang='lat' dir='ltr'>humanis</span> <span class='ocrx_word' id='word_1_1546' title='bbox 541 2858 790 2886; x_wconf 81' lang='lat' dir='ltr'>conuersationibus</span> <span class='ocrx_word' id='word_1_1547' title='bbox 806 2859 914 2886; x_wconf 88' lang='lat' dir='ltr'>sociant.</span> <span class='ocrx_word' id='word_1_1548' title='bbox 1210 2865 1236 2885; x_wconf 89' lang='lat' dir='ltr'>M</span> <span class='ocrx_word' id='word_1_1549' title='bbox 1248 2866 1271 2886; x_wconf 83' lang='grc' dir='ltr'>Α</span> <span class='ocrx_word' id='word_1_1550' title='bbox 1280 2865 1303 2885; x_wconf 90' lang='grc' dir='ltr'>Ν</span> <span class='ocrx_word' id='word_1_1551' title='bbox 1315 2864 1338 2885; x_wconf 85' lang='grc' dir='ltr'>Τ</span> <span class='ocrx_word' id='word_1_1552' title='bbox 1351 2865 1361 2885; x_wconf 93' lang='lat'>1</span> <span class='ocrx_word' id='word_1_1553' title='bbox 1375 2864 1399 2885; x_wconf 82' lang='lat' dir='ltr'>N</span> <span class='ocrx_word' id='word_1_1554' title='bbox 1410 2860 1457 2886; x_wconf 56' lang='lat' dir='ltr'>&amp;A</span> <span class='ocrx_word' id='word_1_1555' title='bbox 1467 2882 1475 2894; x_wconf 89' lang='lat'>,</span> <span class='ocrx_word' id='word_1_1556' title='bbox 1494 2859 1661 2895; x_wconf 68' lang='grc' dir='ltr'>[Μαντίνεια]</span> <span class='ocrx_word' id='word_1_1557' title='bbox 1680 2860 1810 2886; x_wconf 81' lang='lat' dir='ltr'>Arcadiae</span> <span class='ocrx_word' id='word_1_1558' title='bbox 1829 2862 1898 2894; x_wconf 76' lang='lat' dir='ltr'>vrbs,</span> <span class='ocrx_word' id='word_1_1559' title='bbox 1917 2870 1990 2895; x_wconf 83' lang='lat' dir='ltr'>quam</span> <span class='ocrx_word' id='word_1_1560' title='bbox 2005 2863 2186 2897; x_wconf 79' lang='lat' dir='ltr'>Epaminondas</span> <span class='ocrx_word' id='word_1_1561' title='bbox 2185 2866 2235 2900; x_wconf 88' lang='lat' dir='ltr'>su-</span> 
     </span>
    </p>
   </div>
   <div class='ocr_carea' id='block_1_14' title="bbox 47 2894 2230 2969">
    <p class='ocr_par' dir='ltr' id='par_1_33' title="bbox 47 2894 2230 2969">
     <span class='ocr_line' id='line_1_75' title="bbox 89 2894 2230 2936; baseline 0.001 -14"><span class='ocrx_word' id='word_1_1562' title='bbox 89 2902 117 2924; x_wconf 83' lang='grc' dir='ltr'><strong><em>Μ</em></strong></span> <span class='ocrx_word' id='word_1_1563' title='bbox 128 2902 152 2922; x_wconf 86' lang='grc' dir='ltr'>Α</span> <span class='ocrx_word' id='word_1_1564' title='bbox 163 2902 186 2922; x_wconf 88' lang='lat' dir='ltr'><strong>N</strong></span> <span class='ocrx_word' id='word_1_1565' title='bbox 199 2898 213 2921; x_wconf 78' lang='lat' dir='ltr'>S</span> <span class='ocrx_word' id='word_1_1566' title='bbox 225 2901 271 2921; x_wconf 86' lang='lat' dir='ltr'>VE</span> <span class='ocrx_word' id='word_1_1567' title='bbox 282 2901 295 2921; x_wconf 82' lang='lat' dir='ltr'>S</span> <span class='ocrx_word' id='word_1_1568' title='bbox 305 2901 322 2922; x_wconf 92' lang='lat' dir='ltr'>C</span> <span class='ocrx_word' id='word_1_1569' title='bbox 333 2901 352 2921; x_wconf 94' lang='lat' dir='ltr'>O</span> <span class='ocrx_word' id='word_1_1570' title='bbox 361 2917 370 2930; x_wconf 88' lang='lat'>,</span> <span class='ocrx_word' id='word_1_1571' title='bbox 389 2894 444 2930; x_wconf 68' lang='lat' dir='ltr'>eui,</span> <span class='ocrx_word' id='word_1_1572' title='bbox 463 2896 516 2921; x_wconf 66' lang='lat' dir='ltr'>ere.</span> <span class='ocrx_word' id='word_1_1573' title='bbox 543 2895 749 2930; x_wconf 68' lang='grc' dir='ltr'>[τιθασσεύαμαι]</span> <span class='ocrx_word' id='word_1_1574' title='bbox 774 2894 1002 2930; x_wconf 68' lang='lat' dir='ltr'>A‘lansuetumfieri</span> <span class='ocrx_word' id='word_1_1575' title='bbox 1008 2915 1017 2928; x_wconf 87' lang='lat'><em>‚</em></span> <span class='ocrx_word' id='word_1_1576' title='bbox 1035 2898 1107 2922; x_wconf 82' lang='lat' dir='ltr'>mite·</span> <span class='ocrx_word' id='word_1_1577' title='bbox 1167 2895 1264 2930; x_wconf 83' lang='lat' dir='ltr'>peratis</span> <span class='ocrx_word' id='word_1_1578' title='bbox 1271 2894 1382 2929; x_wconf 80' lang='lat' dir='ltr'>secunda</span> <span class='ocrx_word' id='word_1_1579' title='bbox 1391 2901 1475 2930; x_wconf 79' lang='lat' dir='ltr'>pugna</span> <span class='ocrx_word' id='word_1_1580' title='bbox 1489 2896 1685 2921; x_wconf 75' lang='lat' dir='ltr'>Lacedaemoniis</span> <span class='ocrx_word' id='word_1_1581' title='bbox 1705 2895 1818 2932; x_wconf 79' lang='lat' dir='ltr'>illustrem</span> <span class='ocrx_word' id='word_1_1582' title='bbox 1831 2897 1953 2930; x_wconf 81' lang='lat' dir='ltr'>reddidit,</span> <span class='ocrx_word' id='word_1_1583' title='bbox 1969 2898 1996 2923; x_wconf 81' lang='lat' dir='ltr'>in</span> <span class='ocrx_word' id='word_1_1584' title='bbox 2010 2907 2059 2932; x_wconf 76' lang='lat' dir='ltr'>qua</span> <span class='ocrx_word' id='word_1_1585' title='bbox 2071 2905 2096 2925; x_wconf 78' lang='lat' dir='ltr'>et</span> <span class='ocrx_word' id='word_1_1586' title='bbox 2109 2900 2159 2936; x_wconf 72' lang='lat' dir='ltr'>ipse</span> <span class='ocrx_word' id='word_1_1587' title='bbox 2165 2903 2230 2929; x_wconf 76' lang='lat' dir='ltr'>diem</span> 
     </span>
     <span class='ocr_line' id='line_1_76' title="bbox 47 2930 1894 2969; baseline 0.001 -11"><span class='ocrx_word' id='word_1_1588' title='bbox 47 2931 125 2969; x_wconf 75' lang='lat' dir='ltr'>scere.</span> <span class='ocrx_word' id='word_1_1589' title='bbox 199 2931 332 2958; x_wconf 89' lang='lat' dir='ltr'>Columel.</span> <span class='ocrx_word' id='word_1_1590' title='bbox 347 2933 371 2964; x_wconf 87' lang='lat'>6,</span> <span class='ocrx_word' id='word_1_1591' title='bbox 386 2940 399 2957; x_wconf 80' lang='lat'>2</span> <span class='ocrx_word' id='word_1_1592' title='bbox 418 2932 447 2956; x_wconf 86' lang='lat' dir='ltr'>de</span> <span class='ocrx_word' id='word_1_1593' title='bbox 459 2931 528 2957; x_wconf 85' lang='lat' dir='ltr'>bobus</span> <span class='ocrx_word' id='word_1_1594' title='bbox 539 2931 677 2961; x_wconf 72' lang='lat' dir='ltr'>domandis,</span> <span class='ocrx_word' id='word_1_1595' title='bbox 697 2931 767 2957; x_wconf 84' lang='lat' dir='ltr'>Nam</span> <span class='ocrx_word' id='word_1_1596' title='bbox 786 2939 834 2966; x_wconf 87' lang='lat' dir='ltr'>per</span> <span class='ocrx_word' id='word_1_1597' title='bbox 847 2930 909 2958; x_wconf 87' lang='lat' dir='ltr'>haec</span> <span class='ocrx_word' id='word_1_1598' title='bbox 927 2931 1109 2958; x_wconf 82' lang='lat' dir='ltr'>blandimenta</span> <span class='ocrx_word' id='word_1_1599' title='bbox 1125 2936 1153 2961; x_wconf 85' lang='lat'>75</span> <span class='ocrx_word' id='word_1_1600' title='bbox 1172 2931 1240 2957; x_wconf 72' lang='lat' dir='ltr'>obiit.</span> <span class='ocrx_word' id='word_1_1601' title='bbox 1277 2931 1345 2956; x_wconf 80' lang='lat' dir='ltr'>Haec</span> <span class='ocrx_word' id='word_1_1602' title='bbox 1358 2932 1443 2957; x_wconf 82' lang='lat' dir='ltr'>Strabo</span> <span class='ocrx_word' id='word_1_1603' title='bbox 1456 2931 1498 2957; x_wconf 84' lang='lat' dir='ltr'>lib.</span> <span class='ocrx_word' id='word_1_1604' title='bbox 1513 2936 1534 2960; x_wconf 88' lang='lat'>8.</span> <span class='ocrx_word' id='word_1_1605' title='bbox 1577 2932 1633 2957; x_wconf 84' lang='lat' dir='ltr'>Vid.</span> <span class='ocrx_word' id='word_1_1606' title='bbox 1650 2931 1741 2966; x_wconf 84' lang='lat' dir='ltr'>Nepos</span> <span class='ocrx_word' id='word_1_1607' title='bbox 1762 2932 1851 2966; x_wconf 88' lang='lat' dir='ltr'>Epam.</span> <span class='ocrx_word' id='word_1_1608' title='bbox 1870 2942 1894 2967; x_wconf 87' lang='lat'>9.</span> 
     </span>
    </p>
   </div>
   <div class='ocr_carea' id='block_1_15' title="bbox 50 2964 2230 3077">
    <p class='ocr_par' dir='ltr' id='par_1_34' title="bbox 50 2964 2230 3077">
     <span class='ocr_line' id='line_1_77' title="bbox 51 2964 2229 3005; baseline 0.002 -12"><span class='ocrx_word' id='word_1_1609' title='bbox 51 2967 141 2994; x_wconf 81' lang='lat' dir='ltr'>triduo</span> <span class='ocrx_word' id='word_1_1610' title='bbox 153 2967 211 2994; x_wconf 86' lang='lat' dir='ltr'>fere</span> <span class='ocrx_word' id='word_1_1611' title='bbox 225 2967 416 2994; x_wconf 87' lang='lat' dir='ltr'>mansuescunt.</span> <span class='ocrx_word' id='word_1_1612' title='bbox 488 2966 578 2992; x_wconf 88' lang='lat' dir='ltr'>Corda</span> <span class='ocrx_word' id='word_1_1613' title='bbox 592 2966 678 2992; x_wconf 84' lang='lat' dir='ltr'>nescia</span> <span class='ocrx_word' id='word_1_1614' title='bbox 689 2968 868 2994; x_wconf 83' lang='lat' dir='ltr'>mansuescere</span> <span class='ocrx_word' id='word_1_1615' title='bbox 887 2966 1010 3001; x_wconf 86' lang='lat' dir='ltr'>precibus</span> <span class='ocrx_word' id='word_1_1616' title='bbox 1029 2967 1106 3002; x_wconf 73' lang='lat' dir='ltr'>Virg.</span> <span class='ocrx_word' id='word_1_1617' title='bbox 1206 2973 1231 2993; x_wconf 89' lang='grc' dir='ltr'>Μ</span> <span class='ocrx_word' id='word_1_1618' title='bbox 1244 2972 1266 2992; x_wconf 87' lang='grc' dir='ltr'>Α</span> <span class='ocrx_word' id='word_1_1619' title='bbox 1278 2973 1302 2992; x_wconf 88' lang='grc' dir='ltr'>Ν</span> <span class='ocrx_word' id='word_1_1620' title='bbox 1312 2973 1334 2993; x_wconf 90' lang='grc' dir='ltr'>Τ</span> <span class='ocrx_word' id='word_1_1621' title='bbox 1343 2973 1353 2992; x_wconf 92' lang='lat'>1</span> <span class='ocrx_word' id='word_1_1622' title='bbox 1363 2972 1376 2993; x_wconf 89' lang='lat' dir='ltr'>S</span> <span class='ocrx_word' id='word_1_1623' title='bbox 1387 2972 1404 2994; x_wconf 88' lang='lat' dir='ltr'><strong>C</strong></span> <span class='ocrx_word' id='word_1_1624' title='bbox 1418 2964 1461 2993; x_wconf 72' lang='lat' dir='ltr'>fN</span> <span class='ocrx_word' id='word_1_1625' title='bbox 1472 2973 1490 2993; x_wconf 91' lang='grc' dir='ltr'>Ο</span> <span class='ocrx_word' id='word_1_1626' title='bbox 1499 2972 1518 2992; x_wconf 82' lang='lat' dir='ltr'>R</span> <span class='ocrx_word' id='word_1_1627' title='bbox 1527 2987 1535 2999; x_wconf 94' lang='lat'>,</span> <span class='ocrx_word' id='word_1_1628' title='bbox 1560 2966 1610 2992; x_wconf 71' lang='lat' dir='ltr'>ari.</span> <span class='ocrx_word' id='word_1_1629' title='bbox 1636 2969 1734 3000; x_wconf 77' lang='lat' dir='ltr'>Vorare,</span> <span class='ocrx_word' id='word_1_1630' title='bbox 1749 2968 1865 2994; x_wconf 76' lang='lat' dir='ltr'>Lurcari.</span> <span class='ocrx_word' id='word_1_1631' title='bbox 1911 2969 1993 2995; x_wconf 82' lang='lat' dir='ltr'>Plaut.</span> <span class='ocrx_word' id='word_1_1632' title='bbox 2008 2970 2083 3005; x_wconf 87' lang='lat' dir='ltr'>Capt.</span> <span class='ocrx_word' id='word_1_1633' title='bbox 2099 2981 2122 3003; x_wconf 71' lang='lat'>4,</span> <span class='ocrx_word' id='word_1_1634' title='bbox 2142 2981 2164 3005; x_wconf 82' lang='lat'>2,</span> <span class='ocrx_word' id='word_1_1635' title='bbox 2187 2973 2229 2998; x_wconf 79' lang='lat'>116</span> 
     </span>
     <span class='ocr_line' id='line_1_78' title="bbox 54 3001 2230 3040; baseline 0.002 -12"><span class='ocrx_word' id='word_1_1636' title='bbox 54 3004 153 3037; x_wconf 81' lang='lat' dir='ltr'>Georg.</span> <span class='ocrx_word' id='word_1_1637' title='bbox 168 3013 191 3034; x_wconf 76' lang='lat'>4,</span> <span class='ocrx_word' id='word_1_1638' title='bbox 209 3012 265 3036; x_wconf 79' lang='lat'>470.</span> <span class='ocrx_word' id='word_1_1639' title='bbox 303 3003 384 3029; x_wconf 85' lang='lat' dir='ltr'>Ferae</span> <span class='ocrx_word' id='word_1_1640' title='bbox 396 3002 567 3029; x_wconf 87' lang='lat' dir='ltr'>mansueuere</span> <span class='ocrx_word' id='word_1_1641' title='bbox 579 3001 666 3029; x_wconf 88' lang='lat' dir='ltr'>clauso</span> <span class='ocrx_word' id='word_1_1642' title='bbox 680 3011 784 3031; x_wconf 87' lang='lat' dir='ltr'>carcere</span> <span class='ocrx_word' id='word_1_1643' title='bbox 804 3004 901 3030; x_wconf 85' lang='lat' dir='ltr'>Lucan.</span> <span class='ocrx_word' id='word_1_1644' title='bbox 915 3012 942 3038; x_wconf 84' lang='grc'>4,</span> <span class='ocrx_word' id='word_1_1645' title='bbox 955 3008 1005 3035; x_wconf 85' lang='lat'>²38-</span> <span class='ocrx_word' id='word_1_1646' title='bbox 1043 3003 1109 3029; x_wconf 84' lang='lat' dir='ltr'>Fru-</span> <span class='ocrx_word' id='word_1_1647' title='bbox 1170 3002 1240 3029; x_wconf 86' lang='lat' dir='ltr'>Nam</span> <span class='ocrx_word' id='word_1_1648' title='bbox 1254 3002 1303 3029; x_wconf 84' lang='lat' dir='ltr'>nifi</span> <span class='ocrx_word' id='word_1_1649' title='bbox 1317 3002 1514 3029; x_wconf 85' lang='lat' dir='ltr'>mantiscinatus</span> <span class='ocrx_word' id='word_1_1650' title='bbox 1538 3001 1622 3036; x_wconf 90' lang='lat' dir='ltr'>probe</span> <span class='ocrx_word' id='word_1_1651' title='bbox 1642 3011 1705 3035; x_wconf 82' lang='lat' dir='ltr'>ero,</span> <span class='ocrx_word' id='word_1_1652' title='bbox 1729 3003 1792 3029; x_wconf 80' lang='lat' dir='ltr'>fusti</span> <span class='ocrx_word' id='word_1_1653' title='bbox 1807 3003 1917 3038; x_wconf 56' lang='lat' dir='ltr'>petitito.</span> <span class='ocrx_word' id='word_1_1654' title='bbox 1989 3006 2170 3032; x_wconf 80' lang='lat' dir='ltr'>Mantiscinari</span> <span class='ocrx_word' id='word_1_1655' title='bbox 2182 3013 2230 3040; x_wconf 81' lang='lat' dir='ltr'>pro</span> 
     </span>
     <span class='ocr_line' id='line_1_79' title="bbox 50 3036 2228 3077; baseline 0 -11"><span class='ocrx_word' id='word_1_1656' title='bbox 50 3039 107 3067; x_wconf 68' lang='lat' dir='ltr'>etus</span> <span class='ocrx_word' id='word_1_1657' title='bbox 128 3039 311 3065; x_wconf 88' lang='lat' dir='ltr'>mansuescunt</span> <span class='ocrx_word' id='word_1_1658' title='bbox 332 3043 401 3065; x_wconf 87' lang='lat' dir='ltr'>terra</span> <span class='ocrx_word' id='word_1_1659' title='bbox 421 3039 523 3065; x_wconf 86' lang='lat' dir='ltr'>Lucret.</span> <span class='ocrx_word' id='word_1_1660' title='bbox 545 3047 573 3072; x_wconf 88' lang='grc' dir='ltr'>ς,</span> <span class='ocrx_word' id='word_1_1661' title='bbox 593 3039 658 3071; x_wconf 74' lang='grc'>1376.</span> <span class='ocrx_word' id='word_1_1662' title='bbox 837 3036 857 3077; x_wconf 60' lang='lat' dir='ltr'>fl</span> <span class='ocrx_word' id='word_1_1663' title='bbox 878 3048 891 3065; x_wconf 83' lang='lat'><em>2</em></span> <span class='ocrx_word' id='word_1_1664' title='bbox 915 3039 1106 3073; x_wconf 72' lang='lat' dir='ltr'>Manfflescere,</span> <span class='ocrx_word' id='word_1_1665' title='bbox 1170 3037 1350 3071; x_wconf 83' lang='lat' dir='ltr'>manticinari,</span> <span class='ocrx_word' id='word_1_1666' title='bbox 1372 3041 1502 3064; x_wconf 78' lang='lat' dir='ltr'>manticam</span> <span class='ocrx_word' id='word_1_1667' title='bbox 1514 3041 1533 3066; x_wconf 86' lang='lat' dir='ltr'>i.</span> <span class='ocrx_word' id='word_1_1668' title='bbox 1546 3045 1658 3065; x_wconf 78' lang='lat' dir='ltr'>ventrem</span> <span class='ocrx_word' id='word_1_1669' title='bbox 1670 3039 1780 3074; x_wconf 76' lang='lat' dir='ltr'>implere.</span> <span class='ocrx_word' id='word_1_1670' title='bbox 1818 3041 1867 3066; x_wconf 79' lang='lat' dir='ltr'>Sed</span> <span class='ocrx_word' id='word_1_1671' title='bbox 1886 3040 1990 3076; x_wconf 80' lang='lat' dir='ltr'>Salmas.</span> <span class='ocrx_word' id='word_1_1672' title='bbox 2004 3042 2066 3075; x_wconf 73' lang='lat' dir='ltr'>legit</span> <span class='ocrx_word' id='word_1_1673' title='bbox 2080 3040 2228 3074; x_wconf 81' lang='lat' dir='ltr'>panticina-</span> 
     </span>
    </p>
   </div>
   <div class='ocr_carea' id='block_1_16' title="bbox 50 3073 2225 3146">
    <p class='ocr_par' dir='ltr' id='par_1_35' title="bbox 50 3073 2225 3146">
     <span class='ocr_line' id='line_1_80' title="bbox 50 3073 1466 3110; baseline 0.001 -10"><span class='ocrx_word' id='word_1_1674' title='bbox 50 3081 95 3109; x_wconf 79' lang='lat' dir='ltr'>pro</span> <span class='ocrx_word' id='word_1_1675' title='bbox 107 3075 294 3109; x_wconf 82' lang='lat' dir='ltr'>Mansuefacere</span> <span class='ocrx_word' id='word_1_1676' title='bbox 304 3074 385 3110; x_wconf 73' lang='lat' dir='ltr'>posuit</span> <span class='ocrx_word' id='word_1_1677' title='bbox 405 3075 480 3101; x_wconf 89' lang='lat' dir='ltr'>Varr.</span> <span class='ocrx_word' id='word_1_1678' title='bbox 495 3073 526 3100; x_wconf 87' lang='lat' dir='ltr'>de</span> <span class='ocrx_word' id='word_1_1679' title='bbox 536 3074 566 3101; x_wconf 80' lang='lat' dir='ltr'>R.</span> <span class='ocrx_word' id='word_1_1680' title='bbox 580 3074 612 3100; x_wconf 80' lang='lat' dir='ltr'>R.</span> <span class='ocrx_word' id='word_1_1681' title='bbox 625 3083 645 3102; x_wconf 76' lang='lat'>2,</span> <span class='ocrx_word' id='word_1_1682' title='bbox 663 3084 682 3107; x_wconf 87' lang='grc'>1,</span> <span class='ocrx_word' id='word_1_1683' title='bbox 695 3085 709 3107; x_wconf 72' lang='grc'><strong><em>4</em></strong></span> <span class='ocrx_word' id='word_1_1684' title='bbox 730 3075 771 3102; x_wconf 90' lang='lat' dir='ltr'>Sic</span> <span class='ocrx_word' id='word_1_1685' title='bbox 791 3083 824 3101; x_wconf 87' lang='lat' dir='ltr'>ex</span> <span class='ocrx_word' id='word_1_1686' title='bbox 838 3075 1009 3108; x_wconf 85' lang='lat' dir='ltr'>animalibus,</span> <span class='ocrx_word' id='word_1_1687' title='bbox 1023 3084 1107 3110; x_wconf 89' lang='lat' dir='ltr'>quum</span> <span class='ocrx_word' id='word_1_1688' title='bbox 1167 3080 1208 3100; x_wconf 86' lang='lat' dir='ltr'>tus</span> <span class='ocrx_word' id='word_1_1689' title='bbox 1228 3084 1244 3100; x_wconf 81' lang='lat' dir='ltr'>a</span> <span class='ocrx_word' id='word_1_1690' title='bbox 1272 3079 1407 3100; x_wconf 74' lang='lat' dir='ltr'>PANTIC</span> <span class='ocrx_word' id='word_1_1691' title='bbox 1416 3080 1432 3100; x_wconf 86' lang='lat' dir='ltr'>E</span> <span class='ocrx_word' id='word_1_1692' title='bbox 1441 3080 1466 3101; x_wconf 87' lang='lat' dir='ltr'>s.</span> 
     </span>
     <span class='ocr_line' id='line_1_81' title="bbox 55 3109 2225 3146; baseline 0.001 -9"><span class='ocrx_word' id='word_1_1693' title='bbox 55 3116 160 3144; x_wconf 81' lang='lat' dir='ltr'>propter</span> <span class='ocrx_word' id='word_1_1694' title='bbox 171 3110 283 3137; x_wconf 87' lang='lat' dir='ltr'>eandem</span> <span class='ocrx_word' id='word_1_1695' title='bbox 295 3110 436 3137; x_wconf 86' lang='lat' dir='ltr'>vtilitatem</span> <span class='ocrx_word' id='word_1_1696' title='bbox 457 3119 524 3144; x_wconf 87' lang='lat' dir='ltr'>quae</span> <span class='ocrx_word' id='word_1_1697' title='bbox 538 3110 638 3144; x_wconf 69' lang='lat' dir='ltr'>peffent</span> <span class='ocrx_word' id='word_1_1698' title='bbox 657 3110 784 3138; x_wconf 87' lang='lat' dir='ltr'>siluestria</span> <span class='ocrx_word' id='word_1_1699' title='bbox 812 3110 1041 3146; x_wconf 87' lang='lat' dir='ltr'>deprehenderent</span> <span class='ocrx_word' id='word_1_1700' title='bbox 1050 3132 1058 3144; x_wconf 83' lang='lat'>‚</span> <span class='ocrx_word' id='word_1_1701' title='bbox 1076 3120 1105 3138; x_wconf 88' lang='lat' dir='ltr'>ae</span> <span class='ocrx_word' id='word_1_1702' title='bbox 1122 3120 1155 3144; x_wconf 79' lang='lat'>80</span> <span class='ocrx_word' id='word_1_1703' title='bbox 1204 3115 1258 3136; x_wconf 84' lang='lat' dir='ltr'>MA</span> <span class='ocrx_word' id='word_1_1704' title='bbox 1269 3116 1293 3135; x_wconf 84' lang='lat' dir='ltr'>N</span> <span class='ocrx_word' id='word_1_1705' title='bbox 1305 3115 1326 3135; x_wconf 87' lang='grc' dir='ltr'>Τ</span> <span class='ocrx_word' id='word_1_1706' title='bbox 1338 3116 1348 3136; x_wconf 86' lang='grc'>1</span> <span class='ocrx_word' id='word_1_1707' title='bbox 1360 3116 1372 3136; x_wconf 87' lang='lat' dir='ltr'>s</span> <span class='ocrx_word' id='word_1_1708' title='bbox 1383 3115 1397 3136; x_wconf 88' lang='lat' dir='ltr'>s</span> <span class='ocrx_word' id='word_1_1709' title='bbox 1410 3116 1448 3142; x_wconf 87' lang='lat' dir='ltr'>A,</span> <span class='ocrx_word' id='word_1_1710' title='bbox 1462 3109 1486 3145; x_wconf 85' lang='lat' dir='ltr'>s.</span> <span class='ocrx_word' id='word_1_1711' title='bbox 1508 3116 1533 3136; x_wconf 87' lang='lat' dir='ltr'>M</span> <span class='ocrx_word' id='word_1_1712' title='bbox 1542 3116 1564 3136; x_wconf 89' lang='lat' dir='ltr'>A</span> <span class='ocrx_word' id='word_1_1713' title='bbox 1574 3116 1626 3137; x_wconf 86' lang='lat' dir='ltr'>NT</span> <span class='ocrx_word' id='word_1_1714' title='bbox 1635 3117 1646 3136; x_wconf 84' lang='grc'>1</span> <span class='ocrx_word' id='word_1_1715' title='bbox 1655 3116 1668 3136; x_wconf 88' lang='lat' dir='ltr'>s</span> <span class='ocrx_word' id='word_1_1716' title='bbox 1677 3117 1714 3144; x_wconf 82' lang='lat' dir='ltr'>A,</span> <span class='ocrx_word' id='word_1_1717' title='bbox 1735 3120 1774 3138; x_wconf 89' lang='lat' dir='ltr'>ae.</span> <span class='ocrx_word' id='word_1_1718' title='bbox 1794 3111 1814 3137; x_wconf 87' lang='lat' dir='ltr'>f.</span> <span class='ocrx_word' id='word_1_1719' title='bbox 1835 3112 1988 3146; x_wconf 65' lang='grc' dir='ltr'>[ἐπίμετρον]</span> <span class='ocrx_word' id='word_1_1720' title='bbox 2010 3110 2225 3139; x_wconf 84' lang='lat' dir='ltr'>Additamentum</span> 
     </span>
    </p>
   </div>
   <div class='ocr_carea' id='block_1_17' title="bbox 17 3145 2225 3360">
    <p class='ocr_par' dir='ltr' id='par_1_36' title="bbox 57 3145 2225 3182">
     <span class='ocr_line' id='line_1_82' title="bbox 57 3145 2225 3182; baseline 0.002 -13"><span class='ocrx_word' id='word_1_1721' title='bbox 57 3145 239 3173; x_wconf 83' lang='lat' dir='ltr'>concluderent</span> <span class='ocrx_word' id='word_1_1722' title='bbox 251 3167 260 3180; x_wconf 92' lang='lat'>‚</span> <span class='ocrx_word' id='word_1_1723' title='bbox 297 3152 322 3173; x_wconf 87' lang='lat' dir='ltr'>et</span> <span class='ocrx_word' id='word_1_1724' title='bbox 355 3146 572 3173; x_wconf 85' lang='lat' dir='ltr'>mansuescerent.</span> <span class='ocrx_word' id='word_1_1725' title='bbox 653 3147 762 3181; x_wconf 63' lang='lat' dir='ltr'>Fortaffla</span> <span class='ocrx_word' id='word_1_1726' title='bbox 793 3148 922 3181; x_wconf 77' lang='lat' dir='ltr'>legendum</span> <span class='ocrx_word' id='word_1_1727' title='bbox 960 3147 1107 3174; x_wconf 85' lang='lat' dir='ltr'>Mansuefa-</span> <span class='ocrx_word' id='word_1_1728' title='bbox 1168 3145 1266 3172; x_wconf 85' lang='lat' dir='ltr'>dicitur</span> <span class='ocrx_word' id='word_1_1729' title='bbox 1279 3145 1371 3179; x_wconf 84' lang='lat' dir='ltr'>lingua</span> <span class='ocrx_word' id='word_1_1730' title='bbox 1385 3145 1485 3178; x_wconf 87' lang='lat' dir='ltr'>Tusca,</span> <span class='ocrx_word' id='word_1_1731' title='bbox 1504 3146 1576 3180; x_wconf 89' lang='lat' dir='ltr'>quod</span> <span class='ocrx_word' id='word_1_1732' title='bbox 1591 3146 1704 3181; x_wconf 88' lang='lat' dir='ltr'>ponderi</span> <span class='ocrx_word' id='word_1_1733' title='bbox 1717 3145 1852 3180; x_wconf 87' lang='lat' dir='ltr'>adiicitur,</span> <span class='ocrx_word' id='word_1_1734' title='bbox 1871 3146 1914 3173; x_wconf 87' lang='lat' dir='ltr'>scd</span> <span class='ocrx_word' id='word_1_1735' title='bbox 1927 3146 2052 3182; x_wconf 84' lang='lat' dir='ltr'>deterius,</span> <span class='ocrx_word' id='word_1_1736' title='bbox 2071 3153 2096 3173; x_wconf 86' lang='lat' dir='ltr'>et</span> <span class='ocrx_word' id='word_1_1737' title='bbox 2110 3147 2181 3181; x_wconf 91' lang='lat' dir='ltr'>quod</span> <span class='ocrx_word' id='word_1_1738' title='bbox 2195 3149 2225 3174; x_wconf 81' lang='lat' dir='ltr'>si-</span> 
     </span>
    </p>

    <p class='ocr_par' dir='ltr' id='par_1_37' title="bbox 56 3180 2224 3218">
     <span class='ocr_line' id='line_1_83' title="bbox 56 3180 2224 3218; baseline 0.003 -13"><span class='ocrx_word' id='word_1_1739' title='bbox 56 3185 158 3206; x_wconf 83' lang='lat' dir='ltr'>cerent:</span> <span class='ocrx_word' id='word_1_1740' title='bbox 208 3189 232 3208; x_wconf 87' lang='lat' dir='ltr'>et</span> <span class='ocrx_word' id='word_1_1741' title='bbox 251 3183 286 3208; x_wconf 88' lang='lat' dir='ltr'>ita</span> <span class='ocrx_word' id='word_1_1742' title='bbox 309 3183 386 3209; x_wconf 69' lang='lat' dir='ltr'>Gran.</span> <span class='ocrx_word' id='word_1_1743' title='bbox 406 3183 516 3209; x_wconf 83' lang='lat' dir='ltr'>coniecit.</span> <span class='ocrx_word' id='word_1_1744' title='bbox 590 3182 640 3208; x_wconf 77' lang='lat' dir='ltr'>Sed</span> <span class='ocrx_word' id='word_1_1745' title='bbox 649 3182 688 3215; x_wconf 82' lang='lat' dir='ltr'>sic</span> <span class='ocrx_word' id='word_1_1746' title='bbox 708 3183 782 3209; x_wconf 79' lang='lat' dir='ltr'>etiam</span> <span class='ocrx_word' id='word_1_1747' title='bbox 808 3183 958 3209; x_wconf 83' lang='lat' dir='ltr'>Consuesco</span> <span class='ocrx_word' id='word_1_1748' title='bbox 973 3190 998 3209; x_wconf 85' lang='lat' dir='ltr'>et</span> <span class='ocrx_word' id='word_1_1749' title='bbox 1017 3184 1106 3211; x_wconf 85' lang='lat' dir='ltr'>1nsue-</span> <span class='ocrx_word' id='word_1_1750' title='bbox 1168 3190 1201 3207; x_wconf 77' lang='lat' dir='ltr'>ne</span> <span class='ocrx_word' id='word_1_1751' title='bbox 1215 3180 1273 3207; x_wconf 85' lang='lat' dir='ltr'>vllo</span> <span class='ocrx_word' id='word_1_1752' title='bbox 1288 3181 1335 3207; x_wconf 85' lang='lat' dir='ltr'>vsu</span> <span class='ocrx_word' id='word_1_1753' title='bbox 1349 3180 1393 3208; x_wconf 77' lang='lat' dir='ltr'>est.</span> <span class='ocrx_word' id='word_1_1754' title='bbox 1448 3181 1534 3211; x_wconf 85' lang='lat' dir='ltr'>Lucil.</span> <span class='ocrx_word' id='word_1_1755' title='bbox 1551 3182 1672 3209; x_wconf 75' lang='lat' dir='ltr'>Mantiss&#39;a</span> <span class='ocrx_word' id='word_1_1756' title='bbox 1693 3182 1804 3218; x_wconf 85' lang='lat' dir='ltr'>opsonia</span> <span class='ocrx_word' id='word_1_1757' title='bbox 1817 3182 1909 3209; x_wconf 87' lang='lat' dir='ltr'>vincit.</span> <span class='ocrx_word' id='word_1_1758' title='bbox 1945 3181 2042 3208; x_wconf 87' lang='lat' dir='ltr'>Festus.</span> <span class='ocrx_word' id='word_1_1759' title='bbox 2098 3183 2224 3218; x_wconf 83' lang='lat' dir='ltr'>Magnam</span> 
     </span>
    </p>

    <p class='ocr_par' dir='ltr' id='par_1_38' title="bbox 56 3215 2223 3289">
     <span class='ocr_line' id='line_1_84' title="bbox 56 3215 2223 3253; baseline 0.003 -13"><span class='ocrx_word' id='word_1_1760' title='bbox 56 3215 99 3241; x_wconf 91' lang='lat' dir='ltr'>sco</span> <span class='ocrx_word' id='word_1_1761' title='bbox 117 3221 248 3249; x_wconf 81' lang='lat' dir='ltr'>ponuntur.</span> <span class='ocrx_word' id='word_1_1762' title='bbox 1167 3216 1316 3243; x_wconf 76' lang='lat' dir='ltr'>Mantiss&#39;am</span> <span class='ocrx_word' id='word_1_1763' title='bbox 1335 3216 1432 3244; x_wconf 90' lang='lat' dir='ltr'>habere</span> <span class='ocrx_word' id='word_1_1764' title='bbox 1451 3218 1556 3244; x_wconf 85' lang='lat' dir='ltr'>Petron.</span> <span class='ocrx_word' id='word_1_1765' title='bbox 1580 3227 1602 3244; x_wconf 89' lang='lat' dir='ltr'>c.</span> <span class='ocrx_word' id='word_1_1766' title='bbox 1623 3220 1661 3250; x_wconf 84' lang='lat'>65.</span> <span class='ocrx_word' id='word_1_1767' title='bbox 1688 3219 1753 3245; x_wconf 80' lang='lat' dir='ltr'>lucus</span> <span class='ocrx_word' id='word_1_1768' title='bbox 1775 3217 1901 3253; x_wconf 80' lang='lat' dir='ltr'>obscurus,</span> <span class='ocrx_word' id='word_1_1769' title='bbox 1919 3218 1949 3243; x_wconf 86' lang='lat' dir='ltr'>de</span> <span class='ocrx_word' id='word_1_1770' title='bbox 1969 3227 2014 3252; x_wconf 86' lang='lat' dir='ltr'>quo</span> <span class='ocrx_word' id='word_1_1771' title='bbox 2033 3218 2117 3245; x_wconf 86' lang='lat' dir='ltr'>Burm.</span> <span class='ocrx_word' id='word_1_1772' title='bbox 2132 3221 2162 3245; x_wconf 81' lang='lat' dir='ltr'>de</span> <span class='ocrx_word' id='word_1_1773' title='bbox 2179 3222 2223 3247; x_wconf 84' lang='lat' dir='ltr'>Ve-</span> 
     </span>
     <span class='ocr_line' id='line_1_85' title="bbox 92 3253 1377 3289; baseline 0.002 -13"><span class='ocrx_word' id='word_1_1774' title='bbox 92 3256 272 3284; x_wconf 81' lang='lat' dir='ltr'>MANsvs‚</span> <span class='ocrx_word' id='word_1_1775' title='bbox 290 3255 345 3280; x_wconf 79' lang='lat' dir='ltr'>w&#39;d.</span> <span class='ocrx_word' id='word_1_1776' title='bbox 368 3260 462 3281; x_wconf 81' lang='lat' dir='ltr'>MAN</span> <span class='ocrx_word' id='word_1_1777' title='bbox 474 3260 493 3280; x_wconf 88' lang='lat' dir='ltr'>D</span> <span class='ocrx_word' id='word_1_1778' title='bbox 507 3260 546 3289; x_wconf 90' lang='lat' dir='ltr'>o,</span> <span class='ocrx_word' id='word_1_1779' title='bbox 567 3253 621 3281; x_wconf 60' lang='lat' dir='ltr'>Ere.</span> <span class='ocrx_word' id='word_1_1780' title='bbox 1169 3254 1254 3287; x_wconf 52' lang='lat' dir='ltr'>dagal.</span> <span class='ocrx_word' id='word_1_1781' title='bbox 1295 3262 1317 3280; x_wconf 89' lang='lat' dir='ltr'>c.</span> <span class='ocrx_word' id='word_1_1782' title='bbox 1341 3262 1377 3279; x_wconf 92' lang='lat'>10.</span> 
     </span>
    </p>

    <p class='ocr_par' dir='ltr' id='par_1_39' title="bbox 88 3287 2224 3327">
     <span class='ocr_line' id='line_1_86' title="bbox 88 3287 2224 3327; baseline 0.001 -14"><span class='ocrx_word' id='word_1_1783' title='bbox 88 3293 114 3313; x_wconf 82' lang='grc' dir='ltr'><strong>Μ</strong></span> <span class='ocrx_word' id='word_1_1784' title='bbox 131 3292 152 3311; x_wconf 88' lang='lat' dir='ltr'>A</span> <span class='ocrx_word' id='word_1_1785' title='bbox 167 3292 189 3312; x_wconf 83' lang='lat' dir='ltr'>N</span> <span class='ocrx_word' id='word_1_1786' title='bbox 205 3292 226 3312; x_wconf 91' lang='grc' dir='ltr'>Τ</span> <span class='ocrx_word' id='word_1_1787' title='bbox 241 3293 259 3314; x_wconf 81' lang='grc' dir='ltr'><strong>Ε</strong></span> <span class='ocrx_word' id='word_1_1788' title='bbox 275 3295 292 3315; x_wconf 78' lang='lat'>1.</span> <span class='ocrx_word' id='word_1_1789' title='bbox 311 3295 348 3324; x_wconf 77' lang='grc' dir='ltr'>Β,</span> <span class='ocrx_word' id='word_1_1790' title='bbox 389 3296 416 3317; x_wconf 87' lang='grc' dir='ltr'><strong>Μ</strong></span> <span class='ocrx_word' id='word_1_1791' title='bbox 434 3296 455 3316; x_wconf 82' lang='grc' dir='ltr'><strong>Α</strong></span> <span class='ocrx_word' id='word_1_1792' title='bbox 473 3296 497 3316; x_wconf 88' lang='grc' dir='ltr'><strong>Ν</strong></span> <span class='ocrx_word' id='word_1_1793' title='bbox 512 3296 534 3316; x_wconf 93' lang='grc' dir='ltr'>Τ</span> <span class='ocrx_word' id='word_1_1794' title='bbox 551 3295 569 3316; x_wconf 85' lang='grc' dir='ltr'><strong>Ε</strong></span> <span class='ocrx_word' id='word_1_1795' title='bbox 589 3296 606 3316; x_wconf 86' lang='lat' dir='ltr'>L</span> <span class='ocrx_word' id='word_1_1796' title='bbox 624 3296 635 3317; x_wconf 88' lang='lat'>1</span> <span class='ocrx_word' id='word_1_1797' title='bbox 651 3295 673 3316; x_wconf 92' lang='lat' dir='ltr'>V</span> <span class='ocrx_word' id='word_1_1798' title='bbox 686 3296 729 3323; x_wconf 89' lang='lat' dir='ltr'>M,</span> <span class='ocrx_word' id='word_1_1799' title='bbox 756 3296 1023 3324; x_wconf 80' lang='lat' dir='ltr'>MANTELVM,</span> <span class='ocrx_word' id='word_1_1800' title='bbox 1048 3291 1103 3318; x_wconf 80' lang='lat' dir='ltr'>vid.</span> <span class='ocrx_word' id='word_1_1801' title='bbox 1121 3299 1150 3327; x_wconf 77' lang='lat'>85</span> <span class='ocrx_word' id='word_1_1802' title='bbox 1203 3295 1230 3315; x_wconf 88' lang='lat' dir='ltr'>M</span> <span class='ocrx_word' id='word_1_1803' title='bbox 1243 3295 1332 3315; x_wconf 85' lang='lat' dir='ltr'>ANT</span> <span class='ocrx_word' id='word_1_1804' title='bbox 1345 3295 1384 3324; x_wconf 88' lang='grc' dir='ltr'>Ο,</span> <span class='ocrx_word' id='word_1_1805' title='bbox 1411 3293 1464 3316; x_wconf 74' lang='lat' dir='ltr'>are.</span> <span class='ocrx_word' id='word_1_1806' title='bbox 1491 3290 1598 3324; x_wconf 72' lang='grc' dir='ltr'>[μίμνω]</span> <span class='ocrx_word' id='word_1_1807' title='bbox 1622 3290 1732 3316; x_wconf 78' lang='lat' dir='ltr'>Veteres</span> <span class='ocrx_word' id='word_1_1808' title='bbox 1752 3297 1801 3324; x_wconf 86' lang='lat' dir='ltr'>pro</span> <span class='ocrx_word' id='word_1_1809' title='bbox 1822 3290 1932 3315; x_wconf 89' lang='lat' dir='ltr'>Manere</span> <span class='ocrx_word' id='word_1_1810' title='bbox 1951 3287 2122 3323; x_wconf 83' lang='lat' dir='ltr'>vsurparunt‚</span> <span class='ocrx_word' id='word_1_1811' title='bbox 2163 3291 2224 3327; x_wconf 79' lang='lat' dir='ltr'>teste</span> 
     </span>
    </p>

    <p class='ocr_par' dir='ltr' id='par_1_40' title="bbox 17 3323 2219 3360">
     <span class='ocr_line' id='line_1_87' title="bbox 17 3323 2219 3360; baseline 0.001 -10"><span class='ocrx_word' id='word_1_1812' title='bbox 17 3327 21 3329; x_wconf 72' lang='grc'>’</span> <span class='ocrx_word' id='word_1_1813' title='bbox 53 3329 79 3350; x_wconf 80' lang='grc' dir='ltr'><strong><em>Μ</em></strong></span> <span class='ocrx_word' id='word_1_1814' title='bbox 96 3328 119 3349; x_wconf 83' lang='grc' dir='ltr'>Α</span> <span class='ocrx_word' id='word_1_1815' title='bbox 137 3328 159 3348; x_wconf 90' lang='lat' dir='ltr'>N</span> <span class='ocrx_word' id='word_1_1816' title='bbox 179 3327 201 3348; x_wconf 88' lang='lat' dir='ltr'>T</span> <span class='ocrx_word' id='word_1_1817' title='bbox 217 3328 227 3347; x_wconf 92' lang='lat'>1</span> <span class='ocrx_word' id='word_1_1818' title='bbox 245 3329 262 3348; x_wconf 89' lang='lat'>1.</span> <span class='ocrx_word' id='word_1_1819' title='bbox 278 3329 304 3350; x_wconf 81' lang='lat' dir='ltr'>E.</span> <span class='ocrx_word' id='word_1_1820' title='bbox 1165 3324 1239 3351; x_wconf 88' lang='lat' dir='ltr'>Non.</span> <span class='ocrx_word' id='word_1_1821' title='bbox 1256 3334 1292 3358; x_wconf 87' lang='lat'>10,</span> <span class='ocrx_word' id='word_1_1822' title='bbox 1305 3334 1331 3358; x_wconf 92' lang='grc'>9.</span> <span class='ocrx_word' id='word_1_1823' title='bbox 1403 3325 1486 3352; x_wconf 90' lang='lat' dir='ltr'>Plaut.</span> <span class='ocrx_word' id='word_1_1824' title='bbox 1501 3326 1589 3352; x_wconf 87' lang='lat' dir='ltr'>Pseud.</span> <span class='ocrx_word' id='word_1_1825' title='bbox 1606 3335 1623 3358; x_wconf 86' lang='lat'>1,</span> <span class='ocrx_word' id='word_1_1826' title='bbox 1641 3335 1661 3358; x_wconf 84' lang='lat'>3,</span> <span class='ocrx_word' id='word_1_1827' title='bbox 1675 3334 1705 3359; x_wconf 81' lang='lat'>49</span> <span class='ocrx_word' id='word_1_1828' title='bbox 1727 3325 1760 3351; x_wconf 85' lang='lat' dir='ltr'>At</span> <span class='ocrx_word' id='word_1_1829' title='bbox 1773 3325 1854 3357; x_wconf 80' lang='lat' dir='ltr'>dabit,</span> <span class='ocrx_word' id='word_1_1830' title='bbox 1868 3323 1969 3358; x_wconf 81' lang='lat' dir='ltr'>parabit</span> <span class='ocrx_word' id='word_1_1831' title='bbox 1982 3323 2139 3359; x_wconf 87' lang='lat' dir='ltr'>aliquidhos</span> <span class='ocrx_word' id='word_1_1832' title='bbox 2153 3326 2219 3360; x_wconf 83' lang='lat' dir='ltr'>dies,</span> 
     </span>
    </p>
   </div>
   <div class='ocr_carea' id='block_1_18' title="bbox 52 3359 2222 3470">
    <p class='ocr_par' dir='ltr' id='par_1_41' title="bbox 52 3359 2222 3470">
     <span class='ocr_line' id='line_1_88' title="bbox 87 3359 2222 3396; baseline 0 -9"><span class='ocrx_word' id='word_1_1833' title='bbox 87 3364 143 3384; x_wconf 83' lang='lat' dir='ltr'>MA</span> <span class='ocrx_word' id='word_1_1834' title='bbox 154 3363 207 3383; x_wconf 83' lang='lat' dir='ltr'>NT</span> <span class='ocrx_word' id='word_1_1835' title='bbox 218 3362 235 3383; x_wconf 87' lang='lat' dir='ltr'>E</span> <span class='ocrx_word' id='word_1_1836' title='bbox 246 3363 274 3390; x_wconf 85' lang='lat' dir='ltr'>S,</span> <span class='ocrx_word' id='word_1_1837' title='bbox 298 3361 340 3386; x_wconf 80' lang='lat' dir='ltr'>vel</span> <span class='ocrx_word' id='word_1_1838' title='bbox 364 3368 391 3388; x_wconf 87' lang='lat' dir='ltr'>M</span> <span class='ocrx_word' id='word_1_1839' title='bbox 404 3367 428 3388; x_wconf 85' lang='lat' dir='ltr'>A</span> <span class='ocrx_word' id='word_1_1840' title='bbox 439 3367 463 3387; x_wconf 91' lang='lat' dir='ltr'>N</span> <span class='ocrx_word' id='word_1_1841' title='bbox 474 3367 514 3387; x_wconf 82' lang='lat' dir='ltr'>Tr</span> <span class='ocrx_word' id='word_1_1842' title='bbox 524 3367 537 3387; x_wconf 90' lang='lat' dir='ltr'>s</span> <span class='ocrx_word' id='word_1_1843' title='bbox 547 3381 556 3394; x_wconf 89' lang='lat'>,</span> <span class='ocrx_word' id='word_1_1844' title='bbox 580 3360 614 3389; x_wconf 85' lang='lat' dir='ltr'>is.</span> <span class='ocrx_word' id='word_1_1845' title='bbox 643 3362 762 3396; x_wconf 69' lang='grc' dir='ltr'>[μάντις]</span> <span class='ocrx_word' id='word_1_1846' title='bbox 800 3363 873 3388; x_wconf 79' lang='lat' dir='ltr'>Vates</span> <span class='ocrx_word' id='word_1_1847' title='bbox 895 3362 982 3389; x_wconf 80' lang='lat' dir='ltr'>Latine</span> <span class='ocrx_word' id='word_1_1848' title='bbox 999 3362 1101 3388; x_wconf 76' lang='lat' dir='ltr'>dicitur.</span> <span class='ocrx_word' id='word_1_1849' title='bbox 1164 3367 1252 3387; x_wconf 84' lang='lat' dir='ltr'>manta</span> <span class='ocrx_word' id='word_1_1850' title='bbox 1271 3360 1362 3388; x_wconf 84' lang='lat' dir='ltr'>modo.</span> <span class='ocrx_word' id='word_1_1851' title='bbox 1435 3360 1509 3388; x_wconf 85' lang='lat' dir='ltr'>Idem</span> <span class='ocrx_word' id='word_1_1852' title='bbox 1523 3362 1602 3388; x_wconf 86' lang='lat' dir='ltr'>Poen.</span> <span class='ocrx_word' id='word_1_1853' title='bbox 1617 3371 1636 3394; x_wconf 85' lang='lat'>1,</span> <span class='ocrx_word' id='word_1_1854' title='bbox 1649 3370 1671 3394; x_wconf 72' lang='lat' dir='ltr'>a,</span> <span class='ocrx_word' id='word_1_1855' title='bbox 1685 3370 1713 3392; x_wconf 82' lang='lat'>52</span> <span class='ocrx_word' id='word_1_1856' title='bbox 1737 3361 1796 3388; x_wconf 87' lang='lat' dir='ltr'>Nos</span> <span class='ocrx_word' id='word_1_1857' title='bbox 1809 3361 1887 3386; x_wconf 85' lang='lat' dir='ltr'>herus</span> <span class='ocrx_word' id='word_1_1858' title='bbox 1906 3359 1975 3394; x_wconf 85' lang='lat' dir='ltr'>apud</span> <span class='ocrx_word' id='word_1_1859' title='bbox 1993 3360 2086 3387; x_wconf 89' lang='lat' dir='ltr'>aedem</span> <span class='ocrx_word' id='word_1_1860' title='bbox 2107 3362 2222 3388; x_wconf 76' lang='lat' dir='ltr'>Veneris</span> 
     </span>
     <span class='ocr_line' id='line_1_89' title="bbox 52 3392 2220 3433; baseline -0.001 -9"><span class='ocrx_word' id='word_1_1861' title='bbox 52 3393 109 3420; x_wconf 68' lang='lat' dir='ltr'>Cic·</span> <span class='ocrx_word' id='word_1_1862' title='bbox 124 3393 155 3419; x_wconf 71' lang='lat' dir='ltr'>de</span> <span class='ocrx_word' id='word_1_1863' title='bbox 169 3392 263 3419; x_wconf 66' lang='lat' dir='ltr'>Diuin-</span> <span class='ocrx_word' id='word_1_1864' title='bbox 279 3401 297 3432; x_wconf 77' lang='lat'>¹?</span> <span class='ocrx_word' id='word_1_1865' title='bbox 308 3402 337 3432; x_wconf 69' lang='lat'>95</span> <span class='ocrx_word' id='word_1_1866' title='bbox 354 3405 375 3422; x_wconf 88' lang='lat' dir='ltr'>c.</span> <span class='ocrx_word' id='word_1_1867' title='bbox 389 3406 416 3430; x_wconf 80' lang='lat'>43</span> <span class='ocrx_word' id='word_1_1868' title='bbox 437 3397 510 3423; x_wconf 91' lang='lat' dir='ltr'>Nam</span> <span class='ocrx_word' id='word_1_1869' title='bbox 524 3403 550 3424; x_wconf 84' lang='lat' dir='ltr'>et</span> <span class='ocrx_word' id='word_1_1870' title='bbox 565 3396 738 3424; x_wconf 87' lang='lat' dir='ltr'>Athenienses</span> <span class='ocrx_word' id='word_1_1871' title='bbox 752 3397 877 3424; x_wconf 86' lang='lat' dir='ltr'>omnibus</span> <span class='ocrx_word' id='word_1_1872' title='bbox 900 3399 1003 3433; x_wconf 86' lang='lat' dir='ltr'>semper</span> <span class='ocrx_word' id='word_1_1873' title='bbox 1016 3397 1102 3433; x_wconf 87' lang='lat' dir='ltr'>publi·</span> <span class='ocrx_word' id='word_1_1874' title='bbox 1164 3402 1272 3423; x_wconf 87' lang='lat' dir='ltr'>mantat.</span> <span class='ocrx_word' id='word_1_1875' title='bbox 1344 3398 1414 3423; x_wconf 78' lang='lat' dir='ltr'>Add.</span> <span class='ocrx_word' id='word_1_1876' title='bbox 1433 3396 1515 3423; x_wconf 91' lang='lat' dir='ltr'>Plaut.</span> <span class='ocrx_word' id='word_1_1877' title='bbox 1530 3398 1608 3424; x_wconf 76' lang='lat' dir='ltr'>Mon.</span> <span class='ocrx_word' id='word_1_1878' title='bbox 1624 3407 1642 3431; x_wconf 87' lang='grc'>1,</span> <span class='ocrx_word' id='word_1_1879' title='bbox 1656 3406 1677 3430; x_wconf 84' lang='lat'>2,</span> <span class='ocrx_word' id='word_1_1880' title='bbox 1691 3405 1724 3429; x_wconf 85' lang='lat'>35.</span> <span class='ocrx_word' id='word_1_1881' title='bbox 1744 3403 1769 3422; x_wconf 83' lang='lat' dir='ltr'>et</span> <span class='ocrx_word' id='word_1_1882' title='bbox 1784 3395 1870 3422; x_wconf 85' lang='lat' dir='ltr'>Pseud.</span> <span class='ocrx_word' id='word_1_1883' title='bbox 1889 3405 1906 3429; x_wconf 89' lang='lat'>1,</span> <span class='ocrx_word' id='word_1_1884' title='bbox 1922 3406 1943 3430; x_wconf 80' lang='lat'>3,</span> <span class='ocrx_word' id='word_1_1885' title='bbox 1963 3404 2000 3423; x_wconf 81' lang='lat'>22.</span> <span class='ocrx_word' id='word_1_1886' title='bbox 2073 3397 2161 3423; x_wconf 77' lang='lat' dir='ltr'>Festus</span> <span class='ocrx_word' id='word_1_1887' title='bbox 2181 3401 2220 3423; x_wconf 77' lang='lat' dir='ltr'>in.</span> 
     </span>
     <span class='ocr_line' id='line_1_90' title="bbox 53 3427 1956 3470; baseline -0.001 -11"><span class='ocrx_word' id='word_1_1888' title='bbox 53 3429 91 3455; x_wconf 64' lang='lat' dir='ltr'>cis</span> <span class='ocrx_word' id='word_1_1889' title='bbox 121 3428 237 3455; x_wconf 66' lang='lat' dir='ltr'>corlfiliis</span> <span class='ocrx_word' id='word_1_1890' title='bbox 265 3427 373 3456; x_wconf 72' lang='lat' dir='ltr'>dlumos</span> <span class='ocrx_word' id='word_1_1891' title='bbox 402 3432 530 3466; x_wconf 83' lang='lat' dir='ltr'>quosdam</span> <span class='ocrx_word' id='word_1_1892' title='bbox 562 3432 729 3470; x_wconf 80' lang='lat' dir='ltr'>sacerdotes,</span> <span class='ocrx_word' id='word_1_1893' title='bbox 773 3442 841 3469; x_wconf 87' lang='lat' dir='ltr'>quos</span> <span class='ocrx_word' id='word_1_1894' title='bbox 867 3435 971 3462; x_wconf 86' lang='lat' dir='ltr'>Mantes</span> <span class='ocrx_word' id='word_1_1895' title='bbox 992 3438 1102 3465; x_wconf 87' lang='lat' dir='ltr'>vocant,</span> <span class='ocrx_word' id='word_1_1896' title='bbox 1162 3439 1316 3468; x_wconf 80' lang='lat' dir='ltr'>terpretatur</span> <span class='ocrx_word' id='word_1_1897' title='bbox 1329 3433 1404 3467; x_wconf 87' lang='lat' dir='ltr'>saepe</span> <span class='ocrx_word' id='word_1_1898' title='bbox 1418 3441 1540 3460; x_wconf 86' lang='lat' dir='ltr'>manere:</span> <span class='ocrx_word' id='word_1_1899' title='bbox 1558 3434 1643 3459; x_wconf 81' lang='lat' dir='ltr'>malim</span> <span class='ocrx_word' id='word_1_1900' title='bbox 1658 3433 1767 3467; x_wconf 69' lang='lat' dir='ltr'>studiose,</span> <span class='ocrx_word' id='word_1_1901' title='bbox 1789 3431 1832 3457; x_wconf 84' lang='lat' dir='ltr'>diu</span> <span class='ocrx_word' id='word_1_1902' title='bbox 1852 3440 1956 3458; x_wconf 83' lang='lat' dir='ltr'>manere.</span> 
     </span>
    </p>
   </div>
   <div class='ocr_carea' id='block_1_19' title="bbox 51 3463 2218 3575">
    <p class='ocr_par' dir='ltr' id='par_1_42' title="bbox 51 3463 2218 3575">
     <span class='ocr_line' id='line_1_91' title="bbox 51 3463 2217 3506; baseline 0.002 -15"><span class='ocrx_word' id='word_1_1903' title='bbox 51 3464 240 3492; x_wconf 85' lang='lat' dir='ltr'>adhibuerunt.</span> <span class='ocrx_word' id='word_1_1904' title='bbox 354 3499 361 3504; x_wconf 47' lang='lat'>.</span> <span class='ocrx_word' id='word_1_1905' title='bbox 1115 3479 1150 3505; x_wconf 91' lang='lat'>90</span> <span class='ocrx_word' id='word_1_1906' title='bbox 1199 3475 1223 3494; x_wconf 90' lang='lat' dir='ltr'>M</span> <span class='ocrx_word' id='word_1_1907' title='bbox 1233 3475 1252 3495; x_wconf 83' lang='grc' dir='ltr'>Α</span> <span class='ocrx_word' id='word_1_1908' title='bbox 1264 3474 1286 3494; x_wconf 85' lang='grc' dir='ltr'><strong>Ν</strong></span> <span class='ocrx_word' id='word_1_1909' title='bbox 1298 3475 1319 3494; x_wconf 89' lang='lat' dir='ltr'>T</span> <span class='ocrx_word' id='word_1_1910' title='bbox 1329 3475 1349 3495; x_wconf 94' lang='lat' dir='ltr'>o</span> <span class='ocrx_word' id='word_1_1911' title='bbox 1359 3488 1367 3500; x_wconf 89' lang='lat'>,</span> <span class='ocrx_word' id='word_1_1912' title='bbox 1386 3465 1424 3495; x_wconf 78' lang='lat' dir='ltr'>sis.</span> <span class='ocrx_word' id='word_1_1913' title='bbox 1444 3468 1464 3494; x_wconf 92' lang='lat' dir='ltr'>f.</span> <span class='ocrx_word' id='word_1_1914' title='bbox 1485 3467 1607 3503; x_wconf 65' lang='grc' dir='ltr'>[Μαντὼ]</span> <span class='ocrx_word' id='word_1_1915' title='bbox 1628 3463 1751 3495; x_wconf 81' lang='lat' dir='ltr'>Tiresiae</span> <span class='ocrx_word' id='word_1_1916' title='bbox 1764 3466 1831 3506; x_wconf 64' lang='lat' dir='ltr'>vatis</span> <span class='ocrx_word' id='word_1_1917' title='bbox 1846 3464 1974 3493; x_wconf 88' lang='lat' dir='ltr'>Thebani</span> <span class='ocrx_word' id='word_1_1918' title='bbox 1988 3466 2058 3501; x_wconf 81' lang='lat' dir='ltr'>filia,</span> <span class='ocrx_word' id='word_1_1919' title='bbox 2080 3476 2145 3502; x_wconf 86' lang='lat' dir='ltr'>quae</span> <span class='ocrx_word' id='word_1_1920' title='bbox 2159 3467 2217 3503; x_wconf 80' lang='lat' dir='ltr'>post</span> 
     </span>
     <span class='ocr_line' id='line_1_92' title="bbox 88 3501 2218 3540; baseline 0.001 -12"><span class='ocrx_word' id='word_1_1921' title='bbox 88 3507 115 3528; x_wconf 81' lang='lat' dir='ltr'>M</span> <span class='ocrx_word' id='word_1_1922' title='bbox 127 3508 149 3527; x_wconf 92' lang='lat' dir='ltr'>A</span> <span class='ocrx_word' id='word_1_1923' title='bbox 158 3506 181 3526; x_wconf 84' lang='lat' dir='ltr'>N</span> <span class='ocrx_word' id='word_1_1924' title='bbox 195 3506 217 3527; x_wconf 89' lang='grc' dir='ltr'>Τ</span> <span class='ocrx_word' id='word_1_1925' title='bbox 230 3501 247 3526; x_wconf 69' lang='grc' dir='ltr'>Ιῗῐ</span> <span class='ocrx_word' id='word_1_1926' title='bbox 257 3506 311 3526; x_wconf 81' lang='lat' dir='ltr'>VM</span> <span class='ocrx_word' id='word_1_1927' title='bbox 320 3520 328 3532; x_wconf 95' lang='lat'>,</span> <span class='ocrx_word' id='word_1_1928' title='bbox 352 3508 373 3526; x_wconf 82' lang='grc' dir='ltr'>ι.</span> <span class='ocrx_word' id='word_1_1929' title='bbox 396 3509 422 3527; x_wconf 88' lang='lat' dir='ltr'>n.</span> <span class='ocrx_word' id='word_1_1930' title='bbox 444 3504 586 3539; x_wconf 56' lang='grc' dir='ltr'>[μαντεῖον]</span> <span class='ocrx_word' id='word_1_1931' title='bbox 609 3505 684 3531; x_wconf 74' lang='lat' dir='ltr'>Locus</span> <span class='ocrx_word' id='word_1_1932' title='bbox 698 3505 805 3531; x_wconf 79' lang='lat' dir='ltr'>oraculis</span> <span class='ocrx_word' id='word_1_1933' title='bbox 817 3505 923 3533; x_wconf 74' lang='lat' dir='ltr'>dicatus.</span> <span class='ocrx_word' id='word_1_1934' title='bbox 996 3505 1062 3533; x_wconf 91' lang='lat' dir='ltr'>Plin.</span> <span class='ocrx_word' id='word_1_1935' title='bbox 1077 3513 1102 3540; x_wconf 88' lang='lat'>5,</span> <span class='ocrx_word' id='word_1_1936' title='bbox 1162 3504 1245 3530; x_wconf 84' lang='lat' dir='ltr'>Patris</span> <span class='ocrx_word' id='word_1_1937' title='bbox 1259 3504 1399 3530; x_wconf 86' lang='lat' dir='ltr'>interitum</span> <span class='ocrx_word' id='word_1_1938' title='bbox 1411 3503 1444 3531; x_wconf 83' lang='lat' dir='ltr'>ad</span> <span class='ocrx_word' id='word_1_1939' title='bbox 1457 3504 1561 3531; x_wconf 89' lang='lat' dir='ltr'>Italiam</span> <span class='ocrx_word' id='word_1_1940' title='bbox 1572 3504 1654 3530; x_wconf 87' lang='lat' dir='ltr'>venit.</span> <span class='ocrx_word' id='word_1_1941' title='bbox 1700 3505 1781 3528; x_wconf 74' lang='lat' dir='ltr'>Huius</span> <span class='ocrx_word' id='word_1_1942' title='bbox 1797 3502 1895 3528; x_wconf 80' lang='lat' dir='ltr'>Bianor</span> <span class='ocrx_word' id='word_1_1943' title='bbox 1904 3503 1974 3538; x_wconf 80' lang='lat' dir='ltr'>filius</span> <span class='ocrx_word' id='word_1_1944' title='bbox 1986 3510 2030 3528; x_wconf 84' lang='lat' dir='ltr'>aut</span> <span class='ocrx_word' id='word_1_1945' title='bbox 2044 3504 2134 3529; x_wconf 86' lang='lat' dir='ltr'>Ocnus</span> <span class='ocrx_word' id='word_1_1946' title='bbox 2147 3506 2218 3536; x_wconf 61' lang='lat' dir='ltr'>adi-o,</span> 
     </span>
     <span class='ocr_line' id='line_1_93' title="bbox 52 3535 2217 3575; baseline 0.001 -12"><span class='ocrx_word' id='word_1_1947' title='bbox 52 3545 82 3572; x_wconf 84' lang='lat'>29</span> <span class='ocrx_word' id='word_1_1948' title='bbox 101 3535 142 3564; x_wconf 78' lang='lat' dir='ltr'>Ab</span> <span class='ocrx_word' id='word_1_1949' title='bbox 157 3535 259 3571; x_wconf 88' lang='lat' dir='ltr'>Epheso</span> <span class='ocrx_word' id='word_1_1950' title='bbox 271 3541 405 3561; x_wconf 87' lang='lat' dir='ltr'>manteum</span> <span class='ocrx_word' id='word_1_1951' title='bbox 424 3536 495 3564; x_wconf 78' lang='lat' dir='ltr'>aliud</span> <span class='ocrx_word' id='word_1_1952' title='bbox 507 3540 753 3575; x_wconf 85' lang='lat' dir='ltr'>Colophoniorum.</span> <span class='ocrx_word' id='word_1_1953' title='bbox 1162 3541 1304 3572; x_wconf 80' lang='lat' dir='ltr'>(Aucnus)</span> <span class='ocrx_word' id='word_1_1954' title='bbox 1324 3541 1447 3566; x_wconf 78' lang='lat' dir='ltr'>conditam</span> <span class='ocrx_word' id='word_1_1955' title='bbox 1459 3549 1475 3565; x_wconf 84' lang='lat' dir='ltr'>a</span> <span class='ocrx_word' id='word_1_1956' title='bbox 1485 3539 1513 3575; x_wconf 85' lang='lat' dir='ltr'>se</span> <span class='ocrx_word' id='word_1_1957' title='bbox 1531 3541 1668 3567; x_wconf 78' lang='lat' dir='ltr'>Mantuam</span> <span class='ocrx_word' id='word_1_1958' title='bbox 1681 3539 1763 3563; x_wconf 73' lang='lat' dir='ltr'>vrbem</span> <span class='ocrx_word' id='word_1_1959' title='bbox 1770 3537 1857 3564; x_wconf 83' lang='lat' dir='ltr'>matris</span> <span class='ocrx_word' id='word_1_1960' title='bbox 1869 3541 1966 3565; x_wconf 76' lang='lat' dir='ltr'>nomine</span> <span class='ocrx_word' id='word_1_1961' title='bbox 1985 3538 2125 3575; x_wconf 72' lang='lat' dir='ltr'>appellauit.</span> <span class='ocrx_word' id='word_1_1962' title='bbox 2148 3541 2217 3566; x_wconf 69' lang='lat' dir='ltr'>Hac:</span> 
     </span>
    </p>
   </div>
   <div class='ocr_carea' id='block_1_20' title="bbox 53 3571 1978 3661">
    <p class='ocr_par' dir='ltr' id='par_1_43' title="bbox 53 3571 1978 3661">
     <span class='ocr_line' id='line_1_94' title="bbox 71 3571 1706 3615; baseline 0.002 -17"><span class='ocrx_word' id='word_1_1963' title='bbox 71 3608 76 3615; x_wconf 50' lang='lat'>.</span> <span class='ocrx_word' id='word_1_1964' title='bbox 90 3579 117 3598; x_wconf 90' lang='lat' dir='ltr'>M</span> <span class='ocrx_word' id='word_1_1965' title='bbox 126 3579 147 3598; x_wconf 87' lang='lat' dir='ltr'>A</span> <span class='ocrx_word' id='word_1_1966' title='bbox 158 3579 181 3598; x_wconf 93' lang='grc' dir='ltr'><strong>Ν</strong></span> <span class='ocrx_word' id='word_1_1967' title='bbox 193 3578 216 3598; x_wconf 90' lang='grc' dir='ltr'>Τ</span> <span class='ocrx_word' id='word_1_1968' title='bbox 227 3579 268 3599; x_wconf 90' lang='lat' dir='ltr'>1A</span> <span class='ocrx_word' id='word_1_1969' title='bbox 277 3593 286 3606; x_wconf 88' lang='lat'>,</span> <span class='ocrx_word' id='word_1_1970' title='bbox 305 3579 344 3597; x_wconf 87' lang='lat' dir='ltr'>ae.</span> <span class='ocrx_word' id='word_1_1971' title='bbox 366 3571 384 3597; x_wconf 88' lang='lat' dir='ltr'>f.</span> <span class='ocrx_word' id='word_1_1972' title='bbox 401 3571 533 3609; x_wconf 74' lang='grc' dir='ltr'>[ααντεῐα]</span> <span class='ocrx_word' id='word_1_1973' title='bbox 552 3575 694 3603; x_wconf 75' lang='lat' dir='ltr'>Diuinatio.</span> <span class='ocrx_word' id='word_1_1974' title='bbox 729 3577 781 3602; x_wconf 76' lang='lat' dir='ltr'>Hoc</span> <span class='ocrx_word' id='word_1_1975' title='bbox 793 3580 889 3603; x_wconf 82' lang='lat' dir='ltr'>nomine</span> <span class='ocrx_word' id='word_1_1976' title='bbox 900 3585 1003 3604; x_wconf 75' lang='lat' dir='ltr'>vocatur</span> <span class='ocrx_word' id='word_1_1977' title='bbox 1016 3586 1032 3602; x_wconf 79' lang='lat' dir='ltr'>a</span> <span class='ocrx_word' id='word_1_1978' title='bbox 1045 3578 1100 3602; x_wconf 76' lang='lat' dir='ltr'>Da·</span> <span class='ocrx_word' id='word_1_1979' title='bbox 1161 3582 1186 3601; x_wconf 79' lang='lat' dir='ltr'>et</span> <span class='ocrx_word' id='word_1_1980' title='bbox 1198 3576 1251 3602; x_wconf 78' lang='lat' dir='ltr'>alia</span> <span class='ocrx_word' id='word_1_1981' title='bbox 1265 3575 1372 3602; x_wconf 84' lang='lat' dir='ltr'>Seruius</span> <span class='ocrx_word' id='word_1_1982' title='bbox 1393 3577 1428 3601; x_wconf 75' lang='lat' dir='ltr'>ad</span> <span class='ocrx_word' id='word_1_1983' title='bbox 1441 3576 1516 3610; x_wconf 82' lang='lat' dir='ltr'>Virg.</span> <span class='ocrx_word' id='word_1_1984' title='bbox 1531 3577 1596 3602; x_wconf 85' lang='lat' dir='ltr'>Aen.</span> <span class='ocrx_word' id='word_1_1985' title='bbox 1612 3584 1649 3607; x_wconf 83' lang='grc' dir='ltr'>ιο,</span> <span class='ocrx_word' id='word_1_1986' title='bbox 1664 3582 1706 3606; x_wconf 85' lang='grc'>199</span> 
     </span>
     <span class='ocr_line' id='line_1_95' title="bbox 53 3606 1978 3661; baseline -0.002 -23"><span class='ocrx_word' id='word_1_1987' title='bbox 53 3618 87 3638; x_wconf 69' lang='grc' dir='ltr'>ας</span> <span class='ocrx_word' id='word_1_1988' title='bbox 99 3609 180 3635; x_wconf 86' lang='lat' dir='ltr'>rubus.</span> <span class='ocrx_word' id='word_1_1989' title='bbox 217 3608 293 3639; x_wconf 78' lang='lat' dir='ltr'>Apul,</span> <span class='ocrx_word' id='word_1_1990' title='bbox 307 3606 339 3633; x_wconf 90' lang='lat' dir='ltr'>de</span> <span class='ocrx_word' id='word_1_1991' title='bbox 354 3606 438 3633; x_wconf 86' lang='lat' dir='ltr'>Herb.</span> <span class='ocrx_word' id='word_1_1992' title='bbox 451 3616 481 3633; x_wconf 88' lang='lat' dir='ltr'>c.</span> <span class='ocrx_word' id='word_1_1993' title='bbox 493 3613 531 3639; x_wconf 86' lang='lat'>87.</span> <span class='ocrx_word' id='word_1_1994' title='bbox 704 3618 713 3625; x_wconf 75' lang='grc'><strong>-</strong></span> <span class='ocrx_word' id='word_1_1995' title='bbox 1318 3625 1367 3653; x_wconf 72' lang='lat' dir='ltr'>me</span> <span class='ocrx_word' id='word_1_1996' title='bbox 1379 3626 1459 3652; x_wconf 55' lang='lat' dir='ltr'>etiam</span> <span class='ocrx_word' id='word_1_1997' title='bbox 1475 3626 1566 3661; x_wconf 57' lang='lat' dir='ltr'>patriis</span> <span class='ocrx_word' id='word_1_1998' title='bbox 1585 3632 1676 3659; x_wconf 61' lang='lat' dir='ltr'>agmen</span> <span class='ocrx_word' id='word_1_1999' title='bbox 1690 3623 1741 3655; x_wconf 50' lang='lat' dir='ltr'>cie,</span> <span class='ocrx_word' id='word_1_2000' title='bbox 1755 3624 1843 3651; x_wconf 59' lang='lat' dir='ltr'>OcmlS</span> <span class='ocrx_word' id='word_1_2001' title='bbox 1858 3623 1891 3651; x_wconf 59' lang='lat' dir='ltr'>ab</span> <span class='ocrx_word' id='word_1_2002' title='bbox 1911 3623 1978 3659; x_wconf 71' lang='lat' dir='ltr'>oriS,</span> 
     </span>
    </p>
   </div>
   <div class='ocr_carea' id='block_1_21' title="bbox 53 3642 2214 3892">
    <p class='ocr_par' dir='ltr' id='par_1_44' title="bbox 53 3642 2058 3741">
     <span class='ocr_line' id='line_1_96' title="bbox 86 3642 1914 3689; baseline -0.001 -1"><span class='ocrx_word' id='word_1_2003' title='bbox 86 3650 112 3669; x_wconf 89' lang='lat' dir='ltr'>M</span> <span class='ocrx_word' id='word_1_2004' title='bbox 124 3649 146 3670; x_wconf 73' lang='lat' dir='ltr'>A</span> <span class='ocrx_word' id='word_1_2005' title='bbox 158 3649 181 3670; x_wconf 77' lang='lat' dir='ltr'>N</span> <span class='ocrx_word' id='word_1_2006' title='bbox 195 3649 217 3670; x_wconf 71' lang='grc' dir='ltr'>Τ</span> <span class='ocrx_word' id='word_1_2007' title='bbox 229 3642 269 3670; x_wconf 61' lang='lat' dir='ltr'>fc</span> <span class='ocrx_word' id='word_1_2008' title='bbox 279 3649 296 3669; x_wconf 72' lang='grc' dir='ltr'><strong>Ε</strong></span> <span class='ocrx_word' id='word_1_2009' title='bbox 305 3663 313 3676; x_wconf 90' lang='grc'><strong>’</strong></span> <span class='ocrx_word' id='word_1_2010' title='bbox 333 3652 368 3669; x_wconf 64' lang='lat' dir='ltr'>es*</span> <span class='ocrx_word' id='word_1_2011' title='bbox 389 3642 409 3668; x_wconf 73' lang='lat' dir='ltr'>f&#39;</span> <span class='ocrx_word' id='word_1_2012' title='bbox 429 3643 565 3677; x_wconf 53' lang='grc' dir='ltr'>[μανῃκῆ]</span> <span class='ocrx_word' id='word_1_2013' title='bbox 581 3648 633 3672; x_wconf 65' lang='lat' dir='ltr'>Ars</span> <span class='ocrx_word' id='word_1_2014' title='bbox 647 3646 700 3682; x_wconf 60' lang='lat' dir='ltr'>ipsa</span> <span class='ocrx_word' id='word_1_2015' title='bbox 714 3647 857 3688; x_wconf 42' lang='lat' dir='ltr'>diuinandi·</span> <span class='ocrx_word' id='word_1_2016' title='bbox 912 3648 970 3688; x_wconf 53' lang='lat' dir='ltr'>Cjc!</span> <span class='ocrx_word' id='word_1_2017' title='bbox 985 3647 1021 3687; x_wconf 70' lang='lat' dir='ltr'>de.</span> <span class='ocrx_word' id='word_1_2018' title='bbox 1037 3647 1099 3688; x_wconf 59' lang='lat' dir='ltr'>Naf·</span> <span class='ocrx_word' id='word_1_2019' title='bbox 1113 3657 1146 3683; x_wconf 87' lang='lat'>95</span> <span class='ocrx_word' id='word_1_2020' title='bbox 1318 3661 1452 3689; x_wconf 86' lang='lat' dir='ltr'>Fatidicae</span> <span class='ocrx_word' id='word_1_2021' title='bbox 1464 3661 1570 3688; x_wconf 72' lang='lat' dir='ltr'>Mantus</span> <span class='ocrx_word' id='word_1_2022' title='bbox 1603 3666 1629 3685; x_wconf 87' lang='lat' dir='ltr'>et</span> <span class='ocrx_word' id='word_1_2023' title='bbox 1640 3659 1725 3686; x_wconf 82' lang='lat' dir='ltr'>Tusci</span> <span class='ocrx_word' id='word_1_2024' title='bbox 1744 3659 1815 3686; x_wconf 86' lang='lat' dir='ltr'>filius</span> <span class='ocrx_word' id='word_1_2025' title='bbox 1828 3660 1914 3686; x_wconf 82' lang='lat' dir='ltr'>amnis</span> 
     </span>
     <span class='ocr_line' id='line_1_97' title="bbox 53 3678 2058 3739; baseline 0.008 -35"><span class='ocrx_word' id='word_1_2026' title='bbox 53 3678 133 3739; x_wconf 46' lang='lat' dir='ltr'>Deoia</span> <span class='ocrx_word' id='word_1_2027' title='bbox 149 3689 167 3710; x_wconf 85' lang='grc' dir='ltr'>ι,</span> <span class='ocrx_word' id='word_1_2028' title='bbox 188 3684 214 3710; x_wconf 82' lang='grc' dir='ltr'>ςς</span> <span class='ocrx_word' id='word_1_2029' title='bbox 232 3688 254 3706; x_wconf 84' lang='lat' dir='ltr'>c,</span> <span class='ocrx_word' id='word_1_2030' title='bbox 268 3687 300 3705; x_wconf 88' lang='lat'>20</span> <span class='ocrx_word' id='word_1_2031' title='bbox 327 3679 451 3712; x_wconf 81' lang='lat' dir='ltr'>Sequitur</span> <span class='ocrx_word' id='word_1_2032' title='bbox 470 3678 571 3712; x_wconf 61' lang='grc' dir='ltr'>μαντικὴ</span> <span class='ocrx_word' id='word_1_2033' title='bbox 589 3682 689 3714; x_wconf 77' lang='lat' dir='ltr'>vestra,</span> <span class='ocrx_word' id='word_1_2034' title='bbox 708 3692 775 3718; x_wconf 87' lang='lat' dir='ltr'>quae</span> <span class='ocrx_word' id='word_1_2035' title='bbox 793 3683 889 3711; x_wconf 80' lang='lat' dir='ltr'>Latine</span> <span class='ocrx_word' id='word_1_2036' title='bbox 909 3684 1042 3710; x_wconf 75' lang='lat' dir='ltr'>d1u1n³t¹0</span> <span class='ocrx_word' id='word_1_2037' title='bbox 1061 3683 1101 3710; x_wconf 69' lang='lat' dir='ltr'>dl·</span> <span class='ocrx_word' id='word_1_2038' title='bbox 1320 3697 1376 3730; x_wconf 79' lang='lat' dir='ltr'>Qui</span> <span class='ocrx_word' id='word_1_2039' title='bbox 1390 3706 1491 3729; x_wconf 77' lang='lat' dir='ltr'>muros,</span> <span class='ocrx_word' id='word_1_2040' title='bbox 1511 3681 1655 3729; x_wconf 72' lang='lat' dir='ltr'>matrisque</span> <span class='ocrx_word' id='word_1_2041' title='bbox 1667 3694 1740 3722; x_wconf 88' lang='lat' dir='ltr'>dedit</span> <span class='ocrx_word' id='word_1_2042' title='bbox 1753 3696 1804 3722; x_wconf 82' lang='lat' dir='ltr'>tibi</span> <span class='ocrx_word' id='word_1_2043' title='bbox 1821 3681 1932 3723; x_wconf 53' lang='lat' dir='ltr'>Mantus</span> <span class='ocrx_word' id='word_1_2044' title='bbox 1951 3703 2058 3723; x_wconf 85' lang='lat' dir='ltr'>nomen.</span> 
     </span>
     <span class='ocr_line' id='line_1_98' title="bbox 56 3721 945 3741; baseline 0.009 -2"><span class='ocrx_word' id='word_1_2045' title='bbox 56 3721 80 3739; x_wconf 82' lang='lat' dir='ltr'>ct</span> <span class='ocrx_word' id='word_1_2046' title='bbox 93 3722 124 3739; x_wconf 91' lang='lat' dir='ltr'>ur</span> <span class='ocrx_word' id='word_1_2047' title='bbox 177 3723 209 3741; x_wconf 90' lang='lat' dir='ltr'>ua</span> <span class='ocrx_word' id='word_1_2048' title='bbox 239 3722 285 3741; x_wconf 82' lang='lat' dir='ltr'>etc.</span> <span class='ocrx_word' id='word_1_2049' title='bbox 759 3723 765 3730; x_wconf 87' lang='grc'><em>·</em></span> <span class='ocrx_word' id='word_1_2050' title='bbox 943 3722 945 3725; x_wconf 90' lang='grc'><strong>’</strong></span> 
     </span>
    </p>

    <p class='ocr_par' dir='ltr' id='par_1_45' title="bbox 54 3723 2214 3892">
     <span class='ocr_line' id='line_1_99' title="bbox 91 3723 2214 3790; baseline -0 -14"><span class='ocrx_word' id='word_1_2051' title='bbox 91 3723 266 3777; x_wconf 49' lang='grc' dir='ltr'>ΜᾸιΙΞεΊῖἷΕ</span> <span class='ocrx_word' id='word_1_2052' title='bbox 280 3756 321 3783; x_wconf 84' lang='lat' dir='ltr'>A,</span> <span class='ocrx_word' id='word_1_2053' title='bbox 341 3758 379 3776; x_wconf 85' lang='lat' dir='ltr'>ae.</span> <span class='ocrx_word' id='word_1_2054' title='bbox 401 3749 421 3776; x_wconf 81' lang='lat' dir='ltr'>f.</span> <span class='ocrx_word' id='word_1_2055' title='bbox 441 3747 531 3782; x_wconf 42' lang='lat' dir='ltr'>[mica</span> <span class='ocrx_word' id='word_1_2056' title='bbox 557 3750 695 3787; x_wconf 62' lang='grc' dir='ltr'>ἱπποπιῖςς]</span> <span class='ocrx_word' id='word_1_2057' title='bbox 719 3755 801 3788; x_wconf 80' lang='lat' dir='ltr'>Pera,</span> <span class='ocrx_word' id='word_1_2058' title='bbox 820 3755 863 3780; x_wconf 59' lang='lat' dir='ltr'>vel</span> <span class='ocrx_word' id='word_1_2059' title='bbox 873 3754 960 3790; x_wconf 57' lang='lat' dir='ltr'>saccus</span> <span class='ocrx_word' id='word_1_2060' title='bbox 979 3757 1036 3790; x_wconf 64' lang='lat' dir='ltr'>equi</span> <span class='ocrx_word' id='word_1_2061' title='bbox 1056 3762 1101 3782; x_wconf 75' lang='lat' dir='ltr'>aeur</span> <span class='ocrx_word' id='word_1_2062' title='bbox 1199 3758 1225 3778; x_wconf 83' lang='grc' dir='ltr'>Μ</span> <span class='ocrx_word' id='word_1_2063' title='bbox 1236 3758 1258 3779; x_wconf 75' lang='grc' dir='ltr'>Α</span> <span class='ocrx_word' id='word_1_2064' title='bbox 1270 3757 1322 3778; x_wconf 80' lang='grc' dir='ltr'>ΝΤ</span> <span class='ocrx_word' id='word_1_2065' title='bbox 1334 3757 1355 3778; x_wconf 91' lang='lat' dir='ltr'>v</span> <span class='ocrx_word' id='word_1_2066' title='bbox 1367 3758 1402 3779; x_wconf 82' lang='lat' dir='ltr'>A.</span> <span class='ocrx_word' id='word_1_2067' title='bbox 1436 3750 1571 3786; x_wconf 66' lang='grc' dir='ltr'>[Μάντνα]</span> <span class='ocrx_word' id='word_1_2068' title='bbox 1605 3749 1664 3776; x_wconf 82' lang='lat' dir='ltr'>Vrbs</span> <span class='ocrx_word' id='word_1_2069' title='bbox 1681 3748 1816 3783; x_wconf 74' lang='lat' dir='ltr'>clariffima</span> <span class='ocrx_word' id='word_1_2070' title='bbox 1833 3752 1876 3776; x_wconf 78' lang='lat' dir='ltr'>vel</span> <span class='ocrx_word' id='word_1_2071' title='bbox 1888 3751 1988 3785; x_wconf 63' lang='lat' dir='ltr'>boffoli)</span> <span class='ocrx_word' id='word_1_2072' title='bbox 2015 3751 2126 3783; x_wconf 68' lang='lat' dir='ltr'>uomitu,</span> <span class='ocrx_word' id='word_1_2073' title='bbox 2149 3750 2214 3788; x_wconf 59' lang='lat' dir='ltr'>quos(</span> 
     </span>
     <span class='ocr_line' id='line_1_100' title="bbox 55 3784 2208 3825; baseline -0.001 -15"><span class='ocrx_word' id='word_1_2074' title='bbox 55 3785 158 3810; x_wconf 76' lang='lat' dir='ltr'>hominis</span> <span class='ocrx_word' id='word_1_2075' title='bbox 169 3787 227 3812; x_wconf 73' lang='lat' dir='ltr'>adeo</span> <span class='ocrx_word' id='word_1_2076' title='bbox 241 3792 310 3820; x_wconf 81' lang='lat' dir='ltr'>tergo</span> <span class='ocrx_word' id='word_1_2077' title='bbox 322 3785 454 3820; x_wconf 59' lang='lat' dir='ltr'>impqfitus,</span> <span class='ocrx_word' id='word_1_2078' title='bbox 472 3784 564 3810; x_wconf 89' lang='lat' dir='ltr'>Perula</span> <span class='ocrx_word' id='word_1_2079' title='bbox 579 3784 702 3817; x_wconf 82' lang='lat' dir='ltr'>viatoria,</span> <span class='ocrx_word' id='word_1_2080' title='bbox 719 3790 814 3816; x_wconf 60' lang='lat' dir='ltr'>auclore</span> <span class='ocrx_word' id='word_1_2081' title='bbox 828 3790 978 3825; x_wconf 79' lang='lat' dir='ltr'>Porphyrio</span> <span class='ocrx_word' id='word_1_2082' title='bbox 991 3791 1100 3818; x_wconf 76' lang='lat' dir='ltr'>adHor,</span> <span class='ocrx_word' id='word_1_2083' title='bbox 1158 3788 1248 3823; x_wconf 81' lang='lat' dir='ltr'>genuit</span> <span class='ocrx_word' id='word_1_2084' title='bbox 1261 3787 1417 3822; x_wconf 83' lang='lat' dir='ltr'>Virgilium.</span> <span class='ocrx_word' id='word_1_2085' title='bbox 1438 3787 1497 3812; x_wconf 68' lang='lat' dir='ltr'>Vid.</span> <span class='ocrx_word' id='word_1_2086' title='bbox 1515 3791 1651 3813; x_wconf 81' lang='grc' dir='ltr'>ΜΑΝΤΟ.</span> <span class='ocrx_word' id='word_1_2087' title='bbox 1724 3786 1799 3820; x_wconf 90' lang='lat' dir='ltr'>Virg.</span> <span class='ocrx_word' id='word_1_2088' title='bbox 1813 3785 1865 3812; x_wconf 88' lang='lat' dir='ltr'>Ecl.</span> <span class='ocrx_word' id='word_1_2089' title='bbox 1881 3794 1905 3818; x_wconf 82' lang='lat'>9,</span> <span class='ocrx_word' id='word_1_2090' title='bbox 1919 3794 1946 3815; x_wconf 78' lang='lat'>28</span> <span class='ocrx_word' id='word_1_2091' title='bbox 1966 3786 2084 3818; x_wconf 86' lang='lat' dir='ltr'>Mantua,</span> <span class='ocrx_word' id='word_1_2092' title='bbox 2103 3795 2149 3812; x_wconf 86' lang='lat' dir='ltr'>vae</span> <span class='ocrx_word' id='word_1_2093' title='bbox 2161 3792 2208 3809; x_wconf 83' lang='grc'>1111-</span> 
     </span>
     <span class='ocr_line' id='line_1_101' title="bbox 54 3819 2209 3860; baseline -0 -15"><span class='ocrx_word' id='word_1_2094' title='bbox 54 3820 136 3846; x_wconf 80' lang='lat' dir='ltr'>Serm.</span> <span class='ocrx_word' id='word_1_2095' title='bbox 155 3829 176 3853; x_wconf 70' lang='grc' dir='ltr'>ε,</span> <span class='ocrx_word' id='word_1_2096' title='bbox 189 3822 273 3853; x_wconf 81' lang='lat'>6,106</span> <span class='ocrx_word' id='word_1_2097' title='bbox 292 3822 334 3848; x_wconf 90' lang='lat' dir='ltr'>Ire</span> <span class='ocrx_word' id='word_1_2098' title='bbox 350 3822 412 3848; x_wconf 91' lang='lat' dir='ltr'>licet</span> <span class='ocrx_word' id='word_1_2099' title='bbox 425 3819 508 3854; x_wconf 88' lang='lat' dir='ltr'>mulo,</span> <span class='ocrx_word' id='word_1_2100' title='bbox 527 3820 579 3853; x_wconf 87' lang='lat' dir='ltr'>vel,</span> <span class='ocrx_word' id='word_1_2101' title='bbox 600 3819 617 3846; x_wconf 87' lang='lat' dir='ltr'>si</span> <span class='ocrx_word' id='word_1_2102' title='bbox 631 3819 706 3854; x_wconf 87' lang='lat' dir='ltr'>libet,</span> <span class='ocrx_word' id='word_1_2103' title='bbox 724 3832 807 3859; x_wconf 74' lang='lat' dir='ltr'>vsque</span> <span class='ocrx_word' id='word_1_2104' title='bbox 824 3826 986 3860; x_wconf 70' lang='lat' dir='ltr'>Tarentum,</span> <span class='ocrx_word' id='word_1_2105' title='bbox 1023 3828 1155 3855; x_wconf 68' lang='lat' dir='ltr'>Man-100</span> <span class='ocrx_word' id='word_1_2106' title='bbox 1163 3824 1234 3850; x_wconf 85' lang='lat' dir='ltr'>serae</span> <span class='ocrx_word' id='word_1_2107' title='bbox 1248 3824 1364 3850; x_wconf 88' lang='lat' dir='ltr'>nimium</span> <span class='ocrx_word' id='word_1_2108' title='bbox 1377 3823 1466 3848; x_wconf 89' lang='lat' dir='ltr'>vicina</span> <span class='ocrx_word' id='word_1_2109' title='bbox 1485 3821 1641 3848; x_wconf 82' lang='lat' dir='ltr'>Cremonae.</span> <span class='ocrx_word' id='word_1_2110' title='bbox 1714 3823 1822 3848; x_wconf 78' lang='lat' dir='ltr'>Manma</span> <span class='ocrx_word' id='word_1_2111' title='bbox 1841 3822 1976 3848; x_wconf 82' lang='lat' dir='ltr'>Musarum</span> <span class='ocrx_word' id='word_1_2112' title='bbox 1995 3822 2087 3848; x_wconf 84' lang='lat' dir='ltr'>domus</span> <span class='ocrx_word' id='word_1_2113' title='bbox 2113 3821 2156 3846; x_wconf 83' lang='lat' dir='ltr'>Sil.</span> <span class='ocrx_word' id='word_1_2114' title='bbox 2178 3825 2209 3857; x_wconf 61' lang='grc' dir='ltr'>ξ,</span> 
     </span>
     <span class='ocr_line' id='line_1_102' title="bbox 57 3855 2208 3892; baseline -0.002 -10"><span class='ocrx_word' id='word_1_2115' title='bbox 57 3855 108 3882; x_wconf 86' lang='lat' dir='ltr'>tica</span> <span class='ocrx_word' id='word_1_2116' title='bbox 120 3855 163 3881; x_wconf 87' lang='lat' dir='ltr'>cui</span> <span class='ocrx_word' id='word_1_2117' title='bbox 176 3855 278 3882; x_wconf 88' lang='lat' dir='ltr'>lumbos</span> <span class='ocrx_word' id='word_1_2118' title='bbox 293 3865 374 3883; x_wconf 83' lang='lat' dir='ltr'>onere</span> <span class='ocrx_word' id='word_1_2119' title='bbox 389 3857 498 3891; x_wconf 82' lang='lat' dir='ltr'>vlcerct‚</span> <span class='ocrx_word' id='word_1_2120' title='bbox 512 3862 591 3890; x_wconf 86' lang='lat' dir='ltr'>atque</span> <span class='ocrx_word' id='word_1_2121' title='bbox 605 3865 683 3890; x_wconf 84' lang='lat' dir='ltr'>eques</span> <span class='ocrx_word' id='word_1_2122' title='bbox 698 3865 793 3886; x_wconf 85' lang='lat' dir='ltr'>armos.</span> <span class='ocrx_word' id='word_1_2123' title='bbox 861 3862 1101 3890; x_wconf 82' lang='lat' dir='ltr'>Manticammeam</span> <span class='ocrx_word' id='word_1_2124' title='bbox 1161 3868 1214 3892; x_wconf 85' lang='lat'>595.</span> <span class='ocrx_word' id='word_1_2125' title='bbox 1286 3860 1367 3886; x_wconf 86' lang='lat' dir='ltr'>Diues</span> <span class='ocrx_word' id='word_1_2126' title='bbox 1382 3858 1438 3884; x_wconf 79' lang='lat' dir='ltr'>auis</span> <span class='ocrx_word' id='word_1_2127' title='bbox 1455 3858 1564 3883; x_wconf 84' lang='lat' dir='ltr'>Mantua</span> <span class='ocrx_word' id='word_1_2128' title='bbox 1583 3857 1658 3892; x_wconf 82' lang='lat' dir='ltr'>Virg.</span> <span class='ocrx_word' id='word_1_2129' title='bbox 1673 3859 1736 3884; x_wconf 81' lang='lat' dir='ltr'>Aen.</span> <span class='ocrx_word' id='word_1_2130' title='bbox 1752 3867 1791 3890; x_wconf 87' lang='lat'>10,</span> <span class='ocrx_word' id='word_1_2131' title='bbox 1804 3867 1863 3883; x_wconf 75' lang='lat'>200.</span> <span class='ocrx_word' id='word_1_2132' title='bbox 1936 3858 2044 3884; x_wconf 73' lang='lat' dir='ltr'>Mantua</span> <span class='ocrx_word' id='word_1_2133' title='bbox 2060 3856 2131 3882; x_wconf 82' lang='lat' dir='ltr'>diues</span> <span class='ocrx_word' id='word_1_2134' title='bbox 2149 3861 2208 3879; x_wconf 83' lang='lat' dir='ltr'>auis</span> 
     </span>
    </p>
   </div>
   <div class='ocr_carea' id='block_1_22' title="bbox 52 3888 2206 4064">
    <p class='ocr_par' dir='ltr' id='par_1_46' title="bbox 52 3888 2205 3933">
     <span class='ocr_line' id='line_1_103' title="bbox 52 3888 2205 3933; baseline -0.002 -17"><span class='ocrx_word' id='word_1_2135' title='bbox 52 3891 167 3917; x_wconf 85' lang='lat' dir='ltr'>humero</span> <span class='ocrx_word' id='word_1_2136' title='bbox 174 3899 243 3917; x_wconf 86' lang='lat' dir='ltr'>exuo</span> <span class='ocrx_word' id='word_1_2137' title='bbox 262 3892 337 3926; x_wconf 84' lang='lat' dir='ltr'>Apul.</span> <span class='ocrx_word' id='word_1_2138' title='bbox 347 3894 410 3919; x_wconf 89' lang='lat' dir='ltr'>Met.</span> <span class='ocrx_word' id='word_1_2139' title='bbox 424 3901 432 3918; x_wconf 86' lang='lat'>1</span> <span class='ocrx_word' id='word_1_2140' title='bbox 449 3901 475 3926; x_wconf 90' lang='lat' dir='ltr'>p.</span> <span class='ocrx_word' id='word_1_2141' title='bbox 493 3894 546 3925; x_wconf 78' lang='lat'>160,</span> <span class='ocrx_word' id='word_1_2142' title='bbox 561 3902 599 3925; x_wconf 87' lang='lat'>27.</span> <span class='ocrx_word' id='word_1_2143' title='bbox 669 3892 736 3919; x_wconf 91' lang='lat' dir='ltr'>Non</span> <span class='ocrx_word' id='word_1_2144' title='bbox 751 3895 870 3924; x_wconf 86' lang='lat' dir='ltr'>videmus</span> <span class='ocrx_word' id='word_1_2145' title='bbox 884 3898 1015 3925; x_wconf 84' lang='lat' dir='ltr'>manticae</span> <span class='ocrx_word' id='word_1_2146' title='bbox 1027 3897 1100 3933; x_wconf 84' lang='lat' dir='ltr'>quod</span> <span class='ocrx_word' id='word_1_2147' title='bbox 1161 3895 1265 3928; x_wconf 80' lang='lat' dir='ltr'>dicitur,</span> <span class='ocrx_word' id='word_1_2148' title='bbox 1286 3896 1351 3929; x_wconf 86' lang='lat' dir='ltr'>quod</span> <span class='ocrx_word' id='word_1_2149' title='bbox 1361 3894 1419 3918; x_wconf 69' lang='lat' dir='ltr'>olam</span> <span class='ocrx_word' id='word_1_2150' title='bbox 1435 3898 1521 3926; x_wconf 63' lang='lat' dir='ltr'>potens</span> <span class='ocrx_word' id='word_1_2151' title='bbox 1533 3893 1619 3926; x_wconf 52' lang='lat' dir='ltr'>‚suerit</span> <span class='ocrx_word' id='word_1_2152' title='bbox 1632 3903 1661 3918; x_wconf 77' lang='lat' dir='ltr'>ea</span> <span class='ocrx_word' id='word_1_2153' title='bbox 1672 3895 1745 3925; x_wconf 79' lang='lat' dir='ltr'>vrbs,</span> <span class='ocrx_word' id='word_1_2154' title='bbox 1770 3902 1842 3927; x_wconf 78' lang='lat' dir='ltr'>quum</span> <span class='ocrx_word' id='word_1_2155' title='bbox 1860 3893 1969 3928; x_wconf 75' lang='lat' dir='ltr'>Virgilii</span> <span class='ocrx_word' id='word_1_2156' title='bbox 1984 3899 2061 3918; x_wconf 80' lang='lat' dir='ltr'>aetate</span> <span class='ocrx_word' id='word_1_2157' title='bbox 2073 3888 2205 3929; x_wconf 60' lang='lat' dir='ltr'>plui-imum</span> 
     </span>
    </p>

    <p class='ocr_par' dir='ltr' id='par_1_47' title="bbox 54 3924 2201 3969">
     <span class='ocr_line' id='line_1_104' title="bbox 54 3924 2201 3969; baseline -0.006 -10"><span class='ocrx_word' id='word_1_2158' title='bbox 54 3927 84 3953; x_wconf 66' lang='lat'>5¹¹</span> <span class='ocrx_word' id='word_1_2159' title='bbox 101 3933 176 3961; x_wconf 66' lang='lat' dir='ltr'>tergo</span> <span class='ocrx_word' id='word_1_2160' title='bbox 190 3926 236 3959; x_wconf 70' lang='lat' dir='ltr'>est,</span> <span class='ocrx_word' id='word_1_2161' title='bbox 258 3929 415 3954; x_wconf 78' lang='lat' dir='ltr'>Prouerbium</span> <span class='ocrx_word' id='word_1_2162' title='bbox 434 3928 524 3954; x_wconf 73' lang='lat' dir='ltr'>CatUl-</span> <span class='ocrx_word' id='word_1_2163' title='bbox 536 3937 563 3954; x_wconf 84' lang='lat'>22</span> <span class='ocrx_word' id='word_1_2164' title='bbox 580 3935 645 3955; x_wconf 76' lang='lat' dir='ltr'>extr.</span> <span class='ocrx_word' id='word_1_2165' title='bbox 663 3928 681 3955; x_wconf 60' lang='lat'>²*-</span> <span class='ocrx_word' id='word_1_2166' title='bbox 703 3929 760 3954; x_wconf 67' lang='grc' dir='ltr'>ΝΜ</span> <span class='ocrx_word' id='word_1_2167' title='bbox 772 3931 881 3958; x_wconf 77' lang='lat' dir='ltr'>videmus</span> <span class='ocrx_word' id='word_1_2168' title='bbox 898 3933 979 3969; x_wconf 57' lang='lat' dir='ltr'>nestra</span> <span class='ocrx_word' id='word_1_2169' title='bbox 992 3934 1099 3969; x_wconf 83' lang='lat' dir='ltr'>ipsorum</span> <span class='ocrx_word' id='word_1_2170' title='bbox 1161 3931 1275 3965; x_wconf 65' lang='lat' dir='ltr'>amisiffi’t</span> <span class='ocrx_word' id='word_1_2171' title='bbox 1301 3932 1330 3955; x_wconf 78' lang='lat' dir='ltr'>de</span> <span class='ocrx_word' id='word_1_2172' title='bbox 1349 3928 1454 3962; x_wconf 79' lang='lat' dir='ltr'>antiqua</span> <span class='ocrx_word' id='word_1_2173' title='bbox 1473 3928 1609 3963; x_wconf 80' lang='lat' dir='ltr'>dignitate,</span> <span class='ocrx_word' id='word_1_2174' title='bbox 1628 3936 1653 3954; x_wconf 76' lang='lat' dir='ltr'>et</span> <span class='ocrx_word' id='word_1_2175' title='bbox 1661 3928 1769 3964; x_wconf 85' lang='lat' dir='ltr'>pristina</span> <span class='ocrx_word' id='word_1_2176' title='bbox 1783 3928 1963 3963; x_wconf 73' lang='lat' dir='ltr'>magnitudine,</span> <span class='ocrx_word' id='word_1_2177' title='bbox 1981 3927 2080 3962; x_wconf 71' lang='lat' dir='ltr'>fftque</span> <span class='ocrx_word' id='word_1_2178' title='bbox 2099 3924 2201 3956; x_wconf 72' lang='lat' dir='ltr'>inferior</span> 
     </span>
    </p>

    <p class='ocr_par' dir='ltr' id='par_1_48' title="bbox 53 3961 1666 4005">
     <span class='ocr_line' id='line_1_105' title="bbox 53 3961 1666 4005; baseline -0.001 -13"><span class='ocrx_word' id='word_1_2179' title='bbox 53 3962 131 3996; x_wconf 64' lang='lat' dir='ltr'>viti-z,</span> <span class='ocrx_word' id='word_1_2180' title='bbox 149 3972 222 3997; x_wconf 82' lang='lat' dir='ltr'>quum</span> <span class='ocrx_word' id='word_1_2181' title='bbox 234 3962 316 3988; x_wconf 79' lang='lat' dir='ltr'>aliena</span> <span class='ocrx_word' id='word_1_2182' title='bbox 326 3963 423 3996; x_wconf 80' lang='lat' dir='ltr'>curiofis</span> <span class='ocrx_word' id='word_1_2183' title='bbox 436 3964 511 3989; x_wconf 82' lang='lat' dir='ltr'>oculis</span> <span class='ocrx_word' id='word_1_2184' title='bbox 521 3963 705 3999; x_wconf 64' lang='lat' dir='ltr'>petfpiciamus.</span> <span class='ocrx_word' id='word_1_2185' title='bbox 740 3965 898 3996; x_wconf 72' lang='lat' dir='ltr'>Prouerbium</span> <span class='ocrx_word' id='word_1_2186' title='bbox 906 3976 993 3999; x_wconf 77' lang='lat' dir='ltr'>nutum</span> <span class='ocrx_word' id='word_1_2187' title='bbox 1004 3977 1035 3998; x_wconf 82' lang='lat' dir='ltr'>ex</span> <span class='ocrx_word' id='word_1_2188' title='bbox 1042 3975 1100 4005; x_wconf 73' lang='lat' dir='ltr'>apo.</span> <span class='ocrx_word' id='word_1_2189' title='bbox 1160 3961 1244 3993; x_wconf 70' lang='lat' dir='ltr'>multis</span> <span class='ocrx_word' id='word_1_2190' title='bbox 1258 3964 1395 3991; x_wconf 82' lang='lat' dir='ltr'>Hetruriae</span> <span class='ocrx_word' id='word_1_2191' title='bbox 1414 3964 1523 3991; x_wconf 75' lang='lat' dir='ltr'>urbibus.</span> <span class='ocrx_word' id='word_1_2192' title='bbox 1561 3965 1666 3991; x_wconf 77' lang='lat' dir='ltr'>Turneb.</span> 
     </span>
    </p>

    <p class='ocr_par' dir='ltr' id='par_1_49' title="bbox 54 3994 2206 4064">
     <span class='ocr_line' id='line_1_106' title="bbox 54 3994 2206 4064; baseline -0.003 -37"><span class='ocrx_word' id='word_1_2193' title='bbox 54 3998 205 4035; x_wconf 50' lang='grc' dir='ltr'>ἅψῃ-7111111</span> <span class='ocrx_word' id='word_1_2194' title='bbox 218 3997 257 4026; x_wconf 79' lang='lat' dir='ltr'>ita</span> <span class='ocrx_word' id='word_1_2195' title='bbox 263 3998 389 4035; x_wconf 75' lang='lat' dir='ltr'>proposuit</span> <span class='ocrx_word' id='word_1_2196' title='bbox 400 3998 533 4029; x_wconf 75' lang='lat' dir='ltr'>Phaedrus</span> <span class='ocrx_word' id='word_1_2197' title='bbox 551 4009 576 4033; x_wconf 77' lang='lat'>4,</span> <span class='ocrx_word' id='word_1_2198' title='bbox 589 4008 614 4038; x_wconf 38' lang='lat'>9,</span> <span class='ocrx_word' id='word_1_2199' title='bbox 1111 4011 1154 4036; x_wconf 68' lang='grc' dir='ltr'>ως</span> <span class='ocrx_word' id='word_1_2200' title='bbox 1195 4008 1221 4032; x_wconf 84' lang='lat' dir='ltr'>M</span> <span class='ocrx_word' id='word_1_2201' title='bbox 1233 4008 1257 4031; x_wconf 70' lang='lat' dir='ltr'>A</span> <span class='ocrx_word' id='word_1_2202' title='bbox 1271 4008 1292 4029; x_wconf 80' lang='lat' dir='ltr'>N</span> <span class='ocrx_word' id='word_1_2203' title='bbox 1305 4005 1360 4064; x_wconf 60' lang='lat' dir='ltr'>”rev</span> <span class='ocrx_word' id='word_1_2204' title='bbox 1374 3999 1399 4026; x_wconf 55' lang='lat' dir='ltr'>a:</span> <span class='ocrx_word' id='word_1_2205' title='bbox 1411 4007 1433 4028; x_wconf 77' lang='lat' dir='ltr'>N</span> <span class='ocrx_word' id='word_1_2206' title='bbox 1449 4006 1471 4030; x_wconf 87' lang='lat' dir='ltr'>v</span> <span class='ocrx_word' id='word_1_2207' title='bbox 1488 4005 1517 4036; x_wconf 86' lang='lat' dir='ltr'>s,</span> <span class='ocrx_word' id='word_1_2208' title='bbox 1542 4008 1573 4035; x_wconf 78' lang='lat' dir='ltr'>a,</span> <span class='ocrx_word' id='word_1_2209' title='bbox 1601 4007 1655 4030; x_wconf 82' lang='lat' dir='ltr'>um.</span> <span class='ocrx_word' id='word_1_2210' title='bbox 1673 3999 1734 4028; x_wconf 78' lang='lat' dir='ltr'>Adi,</span> <span class='ocrx_word' id='word_1_2211' title='bbox 1771 3999 1943 4033; x_wconf 55' lang='lat' dir='ltr'>[Matronae]</span> <span class='ocrx_word' id='word_1_2212' title='bbox 1983 3995 2064 4028; x_wconf 71' lang='lat' dir='ltr'>Vnde,</span> <span class='ocrx_word' id='word_1_2213' title='bbox 2089 3994 2206 4022; x_wconf 72' lang='lat' dir='ltr'>Marima-</span> 
     </span>
     <span class='ocr_line' id='line_1_107' title="bbox 1104 4039 2206 4064; baseline -0.01 2"><span class='ocrx_word' id='word_1_2214' title='bbox 1104 4039 1109 4043; x_wconf 64' lang='grc'><strong>“</strong></span> <span class='ocrx_word' id='word_1_2215' title='bbox 1358 4044 1371 4063; x_wconf 75' lang='lat' dir='ltr'>c</span> <span class='ocrx_word' id='word_1_2216' title='bbox 1390 4045 1404 4064; x_wconf 72' lang='lat' dir='ltr'>a</span> <span class='ocrx_word' id='word_1_2217' title='bbox 2157 4039 2206 4056; x_wconf 66' lang='lat' dir='ltr'>nuo</span> 
     </span>
    </p>
   </div>
  </div>
 </body>
</html>
