2517 4231
276 253 345 292 359
690 231 939 275 MVM
1814 224 2058 269 MVN
2327 205 2506 284 *350

316 335 357 355 Pi.
367 334 387 354 v
396 334 409 353 s
420 332 438 354 C
453 332 475 353 v
487 332 535 354 ιν
545 332 579 356 Μ,
589 325 668 353 4,Αςῂμ
688 324 785 358 [μείζω
797 322 841 356 τι]
861 319 943 361 Plaut.
956 316 1058 359 'Amph
1074 325 1093 350 ι,
1108 325 1128 349 ι,
1143 325 1181 355 127
1218 315 1278 343 Nisi
1300 316 1340 341 in·
1404 316 1517 357 rintlgum
1527 319 1590 360 bello
1597 325 1695 358 captum
1702 318 1794 352 diruit,
1807 317 1960 352 Italiamque
1974 319 2195 355 vafisssCorinthiis,
2203 321 2332 356 aeneisque
2339 321 2422 358 signis
2429 322 2475 348 im-

279 364 377 392 vitauit
390 364 442 391 sese
454 363 483 390 in
497 371 580 390 coena
597 361 754 397 plusculum,
771 358 794 382 h.
808 366 828 382 e.
844 355 971 393 Nisibtlnf
976 353 1058 388 paullo
1069 355 1136 392 plius,
1149 361 1222 387 quam
1231 351 1342 391 parfue-
1401 352 1492 387 plauit.
1534 355 1590 381 νηί.
1613 354 1680 380 l'lin.
1694 364 1730 389 34,
1744 363 1757 387 3
1776 361 1801 381 et
1827 361 1854 389 7.

280 402 325 429 νὴ.
399 400 549 427 musculum
562 398 641 426 etjam
660 403 740 430 quam
754 391 876 419 concedit
907 395 1017 421 veritas,
1033 397 1126 431 *amori
1139 388 1232 430 nostro
1252 389 1344 422 largia-
1443 394 1500 414 MV
1510 394 1537 415 M
1548 392 1624 417 ΜῐᾸ
1634 397 1656 417 N
1666 397 1728 425 vs,
1746 399 1772 425 a,
1789 399 1845 417 um.
1883 388 1945 417 Adi.
1982 389 2110 418 Aedificia
2122 393 2301 421 Mummiana.
2338 392 2437 420 Festus.

280 446 310 464 re
332 436 388 464 Cic,
402 436 475 463 Fam,
489 442 513 468 ς,
529 436 561 462 12⁴.
633 433 682 459 Sed,
691 430 732 455 hic
741 426 816 463 potest
827 429 904 453 etiam
912 425 1067 461 sulstanttue
1086 426 1208 460 intelllgi.

320 479 337 500 r
350 479 367 500 ι,
378 479 427 499 VR
437 471 450 499 f
460 479 485 498 Μ
496 477 517 497 ν
530 476 544 497 s
553 491 561 503 ‚
582 478 606 502 a,
624 476 678 493 uni.
700 464 760 490 Adi.
780 464 898 497 [πλεῖςος]
923 462 1108 497 superlatiuum
1121 471 1137 486 a
1150 462 1256 487 Multus.
1274 460 1344 487 Ter.
1368 466 1383 493 ς
1815 464 1857 499 Μ
1929 465 1959 495 V
2035 465 2068 497 N

282 510 350 537 Eun.
370 518 399 542 2,
419 518 442 542 2,
460 516 489 541 39
516 505 631 533 Plurima
650 502 732 528 salute
750 501 955 528 Parmenonem,
982 498 1114 524 summum
1133 498 1209 524 suum
1223 496 1347 531 impertit

283 545 402 573 Gnatho.
476 541 593 572 Pluinna,
609 537 735 573 Plurima,
748 542 777 562 V*
794 535 957 570 Foedesffllb
976 533 1133 567 foederum>
1151 540 1177 560 et
1196 533 1248 559 fllia
1263 533 1347 567 Plem-
1445 538 1564 560 MVNA
1575 537 1598 559 Τ
1611 539 1620 559 1
1631 539 1654 559 Α
1674 535 1741 562 Gens
1753 538 1873 571 Romana,
1888 545 1919 563 ex
1931 545 1981 571 qua
1993 535 2091 563 Lucius
2099 536 2235 564 Munatius
2247 539 2357 566 Plancus
2382 539 2477 564 Orator

282 590 333 617 que
346 580 379 608 ab
391 579 508 614 antiquis
523 575 594 602 dieta
605 576 644 601 ait
664 574 743 599 Varr.
759 572 791 598 de
805 573 842 599 L:
851 572 879 599 l...
894 573 921 605 6,
936 581 955 603 3.
994 580 1065 605 quem
1078 570 1147 602 vide,
1165 578 1195 594 ne
1208 570 1271 603 quid
1279 571 1347 595 anti·
1409 576 1434 596 et
1447 568 1583 604 discipulus
1597 568 1734 598 Ciceronis.
2359 559 2372 591 ³.

281 617 391 653 quitatis
405 618 508 649 ignores.
556 609 743 644 Gargarizatio
756 608 872 643 plurima
886 607 1009 634 Scribon.
1025 616 1061 639 57.
1076 606 1098 646 i.
1119 605 1254 646 frequens.
1298 605 1347 631 La·
1445 612 1472 632 Μ
1484 611 1504 630 V
1518 612 1539 631 N
1553 610 1573 632 D
1586 611 1606 631 A
1615 627 1624 640 ,
1642 613 1681 631 ac.
1702 604 1723 632 f.
1761 609 1824 635 Vrbs
1835 607 2000 645 Hispaniae„
2020 608 2066 634 vbi
2078 608 2172 645 Caesar
2181 611 2307 645 pugnauit
2319 617 2406 638 contra
2408 608 2479 645 filios

282 654 336 680 bor
347 652 476 688 plurimus
498 648 567 674 Hor.
583 646 674 672 Carni.
687 655 711 678 4,
722 653 745 679 2,
759 653 798 678 30.
869 642 994 671 Linteola
1012 644 1127 677 plurima
1150 641 1271 668 Scribon.
1292 650 1346 672 205.
1364 646 1392 664 ¹0
1410 641 1528 676 Pompeii.
1566 641 1661 667 AuHor
1674 640 1742 669 Plin.
1754 651 1775 676 3,
1787 652 1806 670 1.
1844 644 1912 672 Vide
1926 651 1952 671 et
1966 647 2006 678 36,
2021 651 2055 675 ¹8-
2294 660 2297 662 .

281 688 399 723 Stragula
412 684 525 720 piurima
550 682 607 710 Cic.
620 683 700 709 Verr.
714 690 736 714 2,
751 690 803 708 120.
874 680 989 707 Salutem
1003 678 1147 713 plurimam
1167 678 1269 704 Atticae
1288 677 1346 703 Cic.
1449 684 1476 704 M
1486 683 1507 702 v
1519 686 1539 704 N
1554 683 1573 704 D
1587 683 1609 703 v
1621 684 1650 708 S,
1671 685 1695 710 a,
1715 686 1770 704 utu.
1787 679 1846 707 Adi.
1864 675 1999 715 [⁸2¹92e342
2025 681 2153 716 καθάριος]
2181 681 2285 715 Parum²
2307 680 2404 716 tersum,
2415 681 2479 716 pou.

282 727 335 753 Ate.
353 733 385 755 ¹4,
399 730 441 748 20.
514 719 570 753 Q¹i
584 718 687 754 placere
699 718 724 744 se
743 717 843 745 studeat
854 716 933 743 bonis
947 723 1027 749 quam
1041 714 1165 749 plurimis
1189 714 1260 741 Ter.
1280 714 1347 740 Eun.
1410 721 1463 741 tum
1472 712 1610 749 fignificat.
1682 713 1754 740 Ter.
1768 714 1834 743 Eun.
1851 725 1874 749 5,
1886 728 1911 749 4,
1924 726 1949 744 12
1999 726 2047 744 uae
2061 717 2125 743 dum
2138 716 2208 743 foris
2228 718 2301 751 sunt,
2317 716 2388 743 nihil
2407 717 2481 742 vide-

282 760 350 796 prol.
366 767 392 783 v.
407 766 426 783 1.
498 756 603 782 Vinum
623 754 771 790 plurimum
782 752 903 780 Scribon.
926 758 975 784 1535.
1000 752 1018 777 i.
1038 750 1187 785 copiosum.
1261 749 1347 776 Pluri-
1410 757 1455 777 tur
1467 750 1603 783 mundius,
1624 758 1672 776 nec
1686 750 1771 785 inagis
1784 752 1957 785 compositum
1971 753 2127 788 quidquam.
2201 754 2256 780 Cic.
2270 753 2303 780 de
2317 752 2405 780 Finib.
2419 760 2444 783 2,
2452 761 2480 785 23

281 804 340 824 mus
349 814 356 825 ‚
375 792 483 827 Longus
509 790 586 826 Virg.
603 792 670 817 Aen.
689 800 707 823 1,
721 799 763 822 423
846 791 955 823 Iamque
974 786 1148 813 ascendebant
1165 786 1262 813 collem
1271 806 1279 819 ,
1299 786 1347 821 qui
1411 788 1503 814 Nemo
1517 785 1637 813 nostrum
1651 786 1725 812 istius
1738 787 1844 821 generis
1857 787 1943 814 asotos
1956 789 2072 816 iucunde
2084 795 2157 824 putat
2171 790 2282 821 viuere,
2294 789 2418 822 mundos,
2431 788 2482 815 ele-

280 830 412 867 plurimus
429 827 493 855 vrbi
527 827 664 855 Imminet.
708 826 825 853 Seruius.
898 824 972 851 Idem
994 824 1086 856 Quum
1101 823 1125 848 se
1144 831 1198 848 nux
1219 823 1334 857 plurima
1346 829 1384 856 εις
1410 831 1512 858 ganteS,
1532 823 1642 857 optimis
1655 822 1734 855 cocis,
1748 821 1905 858 pistoribus,
1918 823 2025 861 piscatu,
2044 826 2168 860 aucupio,
2182 825 2483 859 venationc,hisomni-

281 868 300 893 i.
315 864 472 899 Amygdam
490 864 571 899 longa
585 872 700 897 namque
714 862 758 889 est.
833 860 966 887 Plurimus
981 859 1056 891 dicit,
1073 866 1118 893 pro
1134 858 1243 893 plurimi
1261 858 1350 883 dicunt
1412 860 1461 886 bus
1474 858 1609 893 exquisitis
1621 859 1734 885 vitantes
1747 859 1919 892 cruditatem,
1938 866 1983 886 etc.
2055 861 2171 888 Mundus
2186 862 2334 889 Menander
2347 863 2424 888 Poeta
2438 861 2482 886 Co-

280 902 350 929 Hor.
364 900 417 928 Od.
432 910 452 932 ι,
466 910 491 934 7,
504 907 528 930 8.
601 899 727 927 Nascitur
740 897 888 937 plurimum
906 895 1028 936 Scribon.
1045 897 1103 934 163..
1158 892 1283 925 Plurimi,
1304 895 1350 918 Ge·
1412 896 1489 921 micus
1501 897 1568 930 apud
1581 895 1658 930 Prop.
1673 905 1696 929 4,
1712 905 1734 928 5,
1747 905 1774 928 43
1794 896 1860 931 quod
1871 893 1981 929 illustrat
1994 896 2169 931 Brouckhufius
2183 908 2214 924 ex
2233 897 2354 924 Phaedro
2369 906 2390 931 5,
2406 906 2418 922 2
2437 897 2482 921 vbi

279 938 389 978 nitiuus,
403 937 489 978 uerbis
501 935 783 976 aestimandijungitur.
798 968 803 973 “
828 933 884 973 Cic.
907 932 967 972 Pin.
984 940 1011 963 3,
1031 938 1059 962 34
1079 930 1120 956 Sic
1134 928 1237 955 bonum
1251 928 1302 968 boc
1317 928 1350 968 de
1412 932 1443 956 de
1457 931 1519 960 illo,
1535 931 1684 970 *Vngucnto
1704 931 1854 965 delibutus,
1874 930 1971 957 vestitu
1983 931 2102 965 affluens,
2120 934 2245 961 veniebat
2264 934 2349 970 gressu
2370 932 2484 960 delicato

281 983 335 1009 quo
348 981 462 1008 agimus,
482 972 518 999 est
530 971 597 999 illud
612 970 721 1006 quidem
733 969 844 1005 plurimi
857 966 1065 995 aestimandum:
1102 965 1145 992 sed
1158 974 1188 992 ea
1202 963 1351 991 aest1mat10
1413 971 1440 992 et
1453 964 1588 1000 languido.
1659 967 1768 994 Coenac
1785 968 1856 995 Hor.
1869 968 1959 994 Carm.
1974 976 1999 1000 3,
2011 976 2052 1001 29,
2070 976 2096 1000 14
2116 969 2141 996 h.
2157 980 2178 997 e.
2189 972 2276 1005 Neque
2284 970 2419 1006 sordidae,
2442 978 2483 994 ne-

279 1019 379 1045 genere
397 1009 485 1042 valet,
505 1017 562 1035 non
580 1006 773 1042 magnitudine.
847 1003 1074 1039 Hephaestionem
1096 1011 1182 1042 vnum
1200 1000 1392 1027 Alexanderzo
1413 1011 1462 1037 que
1474 1002 1550 1027 nimis
1564 1001 1680 1036 opJ'parae
1691 1010 1716 1029 et
1723 1003 1871 1039 J'mntuofize,
1888 1011 1918 1028 vt
1933 1004 2016 1030 Serm.
2032 1011 2057 1037 2,
2073 1012 2091 1036 i,
2105 1006 2136 1035 65
2161 1006 2276 1032 Mundus
2291 1011 2351 1038 erit,
2371 1006 2484 1041 quinon

279 1045 394 1081 Plurimi
407 1045 506 1072 secent
518 1045 588 1079 Nep·
605 1050 641 1077 ¹8,
656 1052 677 1077 2,
691 1051 714 1069 2·
787 1041 869 1074 Ql¹0d
882 1040 995 1076 Plssl'imi
1009 1039 1045 1065 est
1058 1044 1086 1065 Vt
1098 1047 1212 1073 ‘Ilusque
1232 1037 1351 1072 POffidefr
1414 1037 1532 1065 offendet
1546 1038 1679 1069 s01'dibUS,
1699 1046 1779 1073 atque
1815 1041 1847 1067 In
1860 1046 1983 1066 neutram
1994 1046 2099 1075 partem
2114 1040 2198 1067 cultus
2211 1043 2300 1076 miser,
2320 1049 2366 1068 etc.
2417 1041 2484 1071 Coi·-

280 1084 319 1110 ita
331 1081 470 1109 ditiffimus
481 1080 617 1107 habendus
631 1079 667 1106 est
685 1079 743 1105 Cic.
756 1078 786 1104 in
800 1076 890 1104 Parad.
905 1079 929 1104 6.
991 1075 1066 1103 Idem
1082 1075 1161 1102 Verr.
1175 1083 1197 1107 2,
1211 1081 1245 1103 ixi
1267 1073 1348 1106 Qod
1414 1083 1481 1108 pore
1495 1074 1597 1100 mundo
1614 1074 1684 1101 culta
1708 1075 1809 1102 femina
1841 1076 1948 1103 Lucret.
1964 1086 1989 1110 4,
2008 1077 2076 1108 1276.
2169 1076 2274 1111 Digitus
2289 1077 2403 1104 mundus
2418 1077 2486 1104 Scri.

280 1119 312 1145 in
324 1117 532 1154 publicanorum
544 1116 624 1143 causis
643 1116 685 1142 vel
709 1114 856 1150 plurimum
875 1113 968 1140 aetatis
987 1121 1062 1139 meae
1088 1112 1129 1144 (i.
1149 1110 1261 1136 maxima
1276 1117 1351 1146 parte
1412 1110 1478 1137 bon.
1498 1118 1534 1145 71.
1553 1111 1571 1136 i.
1592 1112 1680 1137 nucius.
1755 1111 1877 1146 Supellex
1896 1112 1966 1138 Hor.
1986 1111 2065 1146 Epist.
2087 1120 2107 1145 ι,
2127 1121 2157 1145 ς,
2177 1123 2200 1146 7.
2273 1113 2385 1146 Munda,
2404 1112 2448 1139 scd
2470 1121 2485 1138 e

280 1156 352 1182 vitae
365 1157 448 1186 meae)
465 1153 574 1187 versor,
591 1151 820 1185 vehementerque
835 1150 911 1177 illum
925 1149 1049 1176 ordinem
1057 1146 1184 1180 obseruo,
1204 1146 1264 1172 satis
1279 1155 1350 1186 com·
1414 1144 1506 1173 medio
1521 1147 1709 1181 consuetaque,
1729 1148 1821 1174 Verba
1834 1146 1940 1182 puellae
1960 1148 2069 1174 scribite
2097 1148 2179 1175 Ouid.
2202 1149 2232 1175 A.
2252 1149 2282 1175 A.
2298 1158 2326 1182 3,
2347 1157 2409 1183 479.
2430 1149 2487 1176 vid.
2513 1157 2517 1163 ·

281 1190 362 1217 mode
373 1189 443 1216 mibi
459 1188 565 1223 videor,
583 1197 628 1215 etc.
701 1187 776 1215 Idem
798 1186 830 1213 de
850 1185 939 1213 Finib.
961 1196 984 1219 ι,
1005 1194 1031 1217 53
1058 1185 1152 1218 Itaque
1170 1191 1205 1209 ne
1219 1182 1388 1214 iustitiam25
1413 1184 1438 1210 h.
1453 1184 1470 1210 l.
1486 1183 1572 1209 Bm-m.
1647 1185 1760 1219 Compar.
1819 1184 1888 1210 Hor.
1910 1184 1993 1210 Serm.
2011 1193 2034 1214 2,
2047 1193 2071 1216 7,
2085 1192 2118 1211 ιε.
2191 1185 2324 1212 Mundior
2336 1191 2362 1212 et
2384 1185 2484 1211 medor

281 1226 391 1261 quidem
405 1225 478 1252 reete
491 1225 551 1260 quis
566 1224 666 1252 dixerit
678 1233 726 1259 per
740 1223 850 1258 seipsam
862 1221 1022 1257 optabilem:
1043 1220 1087 1246 sed
1100 1219 1164 1254 quia
1177 1218 1350 1245 iucunditatis
1412 1219 1510 1247 Catull.
1525 1219 1615 1245 Carm.
1628 1222 1668 1249 (18.
1742 1220 1873 1246 Mundior
1886 1219 1956 1246 iusto
1970 1220 2055 1247 cultus
2069 1220 2131 1247 Liu.
2144 1226 2167 1252 8,
2181 1229 2215 1252 ις,
2232 1229 2258 1255 7,
2332 1222 2427 1256 Superi.
2444 1221 2487 1247 Se-

282 1262 326 1289 vel
346 1262 494 1297 plurimum
507 1261 610 1289 afferat.
684 1259 833 1287 Plurimum
846 1266 870 1284 et
883 1258 1040 1289 Minimum,
1060 1256 1198 1282 contraria,
1242 1255 1299 1282 Cic.
1319 1254 1351 1280 dc
1413 1265 1470 1283 nec.
1483 1255 1563 1290 Epist.
1578 1263 1614 1290 70
1635 1255 1756 1282 Seruitus
1770 1255 1945 1284 mundissima.
2018 1256 2104 1289 Qiala
2120 1257 2285 1283 mundissima
2306 1257 2440 1283 Columel.
2458 1263 2486 1290 7,

281 1300 387 1325 Inuent.
407 1308 433 1334 ι,
452 1306 478 1332 25
506 1297 671 1333 Exordium,
700 1295 891 1322 sententiarum
909 1301 936 1321 et
948 1293 1087 1328 grauitatis
1108 1291 1258 1327 plurimum
1273 1291 1353 1318 debet
1414 1301 1437 1326 3,
1446 1301 1469 1325 9.
1509 1292 1576 1318 Ibid.
1592 1302 1613 1318 c.
1630 1301 1645 1325 9
1664 1300 1731 1319 extr.
1752 1292 1954 1319 Mundiffimum
1970 1291 2067 1320 cubile.
2105 1293 2174 1318 Add.
2196 1293 2278 1320 Plaut.
2291 1293 2379 1320 Truc.
2395 1302 2418 1326 2,
2432 1302 2454 1325 7,
2462 1295 2488 1319 6.

280 1334 390 1367 habere,
410 1342 456 1361 etc.
482 1333 648 1369 splendoris,
661 1338 688 1359 et
721 1331 888 1363 festiuitatis,
903 1336 929 1356 et
949 1328 1180 1356 concinnitudinis
1193 1327 1349 1354 minimum.
1415 1332 1440 1355 A
1455 1327 1573 1353 librariis
1586 1329 1751 1361 confunditur
1764 1339 1816 1354 cum
1831 1329 1938 1359 Nudus,
1957 1337 1984 1354 v.
1996 1337 2023 1355 v.

322 1376 339 1397 Ρ
352 1377 368 1397 L
381 1377 403 1396 v
414 1377 433 1397 R
444 1378 453 1396 1
464 1377 489 1396 M
498 1376 565 1397 VM.
586 1369 654 1397 Adu.
677 1370 806 1401 [πλεῖς-ογ]
824 1368 847 1392 h.
862 1377 882 1393 e.
897 1367 1061 1394 Permultum,
1142 1366 1174 1390 Vt
1199 1364 1351 1391 Plurimum
1358 1369 1390 1393 30
1455 1370 1482 1390 Μ
1492 1370 1512 1389 v
1523 1370 1546 1389 N
1559 1370 1576 1390 D
1591 1369 1619 1389 E.
1643 1363 1710 1390 Adu.
1748 1365 1880 1399 Ponipon.
1893 1366 1960 1400 apud
1980 1364 2055 1391 Non.
2067 1375 2093 1398 4,
2108 1373 2119 1396 3
2145 1365 2255 1400 Aptate‚
2273 1364 2368 1400 pueri,
2387 1363 2489 1390 munde

281 1407 370 1434 obesse
391 1407 462 1441 Nep.
475 1416 510 1440 12,
539 1427 547 1438 ,
561 1415 581 1438 3.
652 1405 709 1432 Cic.
723 1403 754 1430 de
769 1402 873 1429 Amicir.
886 1410 924 1435 44
945 1411 966 1427 c.
979 1410 1002 1433 13
1023 1401 1175 1427 Plurimum
1190 1400 1220 1427 in
1233 1400 1352 1426 amicitia
1415 1407 1495 1434 atque
1509 1400 1633 1435 ampliter
1646 1399 1816 1427 conuiuium.
1872 1401 1947 1434 Confi
1964 1400 2071 1427 Colum.
2089 1408 2126 1435 12,
2140 1406 2165 1432 ¹8
2180 1409 2204 1427 et
2219 1407 2255 1433 38.
2313 1401 2371 1428 Sen.
2385 1401 2430 1435 Ep.
2444 1408 2488 1435 70.

280 1443 432 1471 amicorum
446 1442 514 1469 bene
522 1414 694 1468 {madentium
708 1440 794 1466 valeat
806 1438 960 1466 aneioritas.
1033 1436 1107 1463 Idem
1122 1437 1269 1475 Fam3u,16
1292 1437 1352 1462 Hoc
1415 1437 1484 1463 Gell.
1501 1446 1538 1471 ιο,
1555 1447 1586 1470 ¹7·
1662 1436 1760 1471 Superi.
1799 1437 1866 1463 Cato
1880 1437 1911 1465 R.
1926 1436 1958 1462 R.
1971 1445 1993 1462 c.
2006 1438 2039 1463 66
2056 1437 2144 1470 Qiam
2157 1436 2325 1464 mundissime
2344 1436 2489 1472 puriffime-

281 1487 332 1514 ego
347 1484 411 1506 vtor
424 1487 479 1505 vno
493 1478 617 1504 omnium
632 1477 788 1513 plurimum.
862 1475 965 1508 Longe,
985 1472 1283 1508 longequeplurxmum,
1297 1472 1354 1497 vid.
1417 1482 1469 1506 que
1491 1472 1544 1499 fiat.
1630 1472 1758 1499 Aromata
1778 1472 1808 1498 in
1830 1472 1884 1507 pila
1907 1480 1988 1507 quam
2009 1472 2177 1500 mundiffime
2202 1473 2372 1501 Contundito
2406 1473 2489 1500 Colu-

281 1520 432 1542 LONGVS.
510 1513 631 1548 Diligere
653 1513 801 1547 plurimum
822 1511 939 1544 aliquem
966 1510 1024 1536 Cic.
1045 1509 1118 1535 Fam.
1141 1518 1160 1541 1,
1179 1514 1206 1543 7.
1280 1507 1353 1533 Poss'e
1415 1508 1477 1535 mel.
1500 1517 1538 1541 12,
1560 1517 1592 1538 5v.

299 1550 431 1577 lurimum
444 1549 574 1584 dignitate
587 1549 656 1583 apud
670 1548 787 1582 aliquem
807 1546 846 1574 Id.
861 1555 912 1581 pro
931 1547 1007 1573 Rosc.
1028 1547 1119 1572 Aruer.
1133 1553 1161 1578 4.
1240 1542 1353 1570 Praesta-
1371 1551 1398 1574 35
1457 1551 1483 1570 M
1494 1551 1546 1571 VN
1561 1550 1581 1570 D
1596 1551 1614 1569 v
1624 1550 1636 1570 S
1646 1565 1654 1577 ,
1678 1544 1696 1570 i.
1725 1553 1761 1570 m.
1790 1543 1910 1579 [κόσμος]
1932 1543 2032 1571 dicitur
2040 1546 2153 1572 Ornatus
2167 1545 2313 1578 muliebris,
2336 1553 2382 1579 quo
2389 1543 2490 1579 scilicet

279 1560 326 1614 bat
339 1586 486 1621 plurimum
501 1585 559 1612 aliis
575 1585 603 1611 in
615 1583 746 1611 muliebri
764 1592 879 1618 corpore
895 1581 1030 1617 pingendo
1053 1581 1139 1608 Zeusis
1165 1579 1241 1606 Idem
1260 1579 1292 1607 de
1313 1581 1355 1606 in-
1417 1581 1508 1607 mulier
1522 1579 1651 1607 mundior
1659 1582 1701 1615 fit.
1746 1582 1778 1606 In
1790 1581 1858 1606 cuius
1879 1579 2041 1615 appellatione
2058 1582 2200 1607 continetur
2213 1580 2350 1616 speculum,
2363 1580 2489 1612 armillae,

280 1629 353 1651 vent.
366 1630 391 1656 2,
407 1631 425 1649 1.
497 1620 575 1648 Ficus
589 1620 737 1656 plurimum
752 1621 836 1646 sumta
850 1619 971 1646 Scribon.
987 1627 1040 1649 190.
1061 1618 1079 1644 i.
1094 1618 1174 1652 largse.
1232 1616 1354 1643 Prodesse
1415 1617 1518 1653 annuli,
1532 1626 1658 1652 gemmae,
1679 1624 1704 1642 et
1712 1616 1827 1650 similia,
1846 1616 1933 1651 quibus
1952 1615 2043 1641 mulier
2060 1625 2177 1643 ornatur.
2250 1617 2344 1643 Accius
2362 1623 2402 1651 ap.
2423 1615 2489 1642 Fest.

280 1660 351 1693 Nep.
364 1667 389 1691 7,
402 1660 446 1691 46.
503 1659 593 1684 Poetae
620 1657 769 1692 plurimum
789 1657 926 1690 Qiantum
940 1654 1050 1682 veritati
1068 1653 1115 1689 ipsi
1131 1654 1176 1679 sua
1190 1653 1352 1680 auctoritate
1415 1653 1488 1680 Cum
1499 1652 1629 1687 virginali
1645 1653 1747 1680 mundo
1759 1652 1827 1679 clam
1840 1658 1924 1687 pater.
1962 1652 2024 1678 Liu.
2037 1661 2075 1685 32,
2089 1661 2126 1684 40
2147 1652 2212 1679 Non
2232 1661 2328 1679 aurum
2346 1651 2429 1679 modo
2446 1651 2490 1685 iis,

284 1703 403 1721 nocuere
431 1693 534 1719 Minue.
564 1693 640 1719 Felix
667 1702 692 1727 p.
722 1701 773 1725 204
799 1695 836 1718 ed.
865 1693 953 1718 Ouzel.
1044 1690 1212 1722 Plurimum,
1239 1691 1351 1725 Saepius.
1415 1690 1458 1715 sed
1472 1689 1607 1723 postremo
1620 1697 1729 1723 quoque
1745 1689 1854 1721 vestem,
1874 1687 2059 1722 mundumque
2072 1697 2182 1716 omnem
2198 1688 2360 1716 muliebrem
2380 1688 2488 1715 ademit.

281 1730 353 1758 Ter.
366 1729 475 1756 Phorm.
488 1737 507 1762 1,
521 1737 549 1762 4,
561 1737 585 1762 ¹7
599 1729 718 1755 Domum
727 1729 766 1755 ire
774 1737 897 1763 pergam:
916 1727 956 1754 ibi
970 1727 1119 1762 plurimum
1129 1726 1176 1759 est,
1197 1727 1215 1752 i.
1230 1726 1398 1761 frequen-40
1416 1724 1533 1751 Mundus
1548 1724 1688 1751 muliebris
1702 1724 1815 1751 dietusa
1829 1724 1963 1750 munditia
1982 1725 2059 1751 Varr.
2074 1724 2107 1750 de
2127 1725 2157 1751 L.
2176 1725 2205 1751 L.
2225 1735 2250 1758 4,
2270 1734 2309 1758 ²9·
2381 1723 2490 1751 Mundi-

282 1774 332 1794 ter.
369 1765 437 1792 Ptin.
453 1774 479 1797 9,
493 1767 531 1797 36.
570 1764 643 1791 Idem
659 1763 690 1790 de
705 1763 771 1790 vrsis
786 1771 811 1797 8,
824 1766 853 1796 36
875 1764 984 1790 Pariunt
994 1763 1143 1798 plurimum
1158 1762 1265 1796 quinos.
1303 1762 1353 1786 Pro
1417 1761 1469 1787 tiae
1484 1767 1510 1787 et
1523 1767 1631 1787 ornatus
1643 1766 1669 1786 et
1682 1761 1783 1792 cultus,
1810 1759 1873 1786 haec
1894 1760 2059 1786 feminarum
2079 1760 2192 1794 insignia
2211 1761 2284 1787 sunt:
2320 1760 2362 1787 bis
2375 1759 2489 1795 gaudent

282 1803 326 1829 hoc
338 1802 430 1837 vulgus
449 1801 486 1827 Vt
498 1799 646 1835 plurimum
663 1800 736 1833 dicit,
758 1800 909 1825 Graecorum
927 1809 1000 1825 more.
1073 1800 1198 1835 Qomoclo
1218 1805 1241 1823 et
1259 1798 1354 1822 locutus
1417 1803 1444 1823 et
1463 1797 1631 1832 gloriantur,
1652 1796 1723 1822 hunc
1743 1795 1892 1828 mundum,
1911 1794 2082 1821 Muliebrem
2095 1796 2390 1829 appellarunt‘maiores
2405 1796 2491 1822 nostri

280 1838 315 1875 est
334 1838 402 1865 Plin.
419 1845 454 1870 15,
468 1846 479 1867 3
500 1837 630 1871 adfinem,
647 1836 705 1862 Nee
719 1841 773 1862 tam
785 1835 928 1862 numerosa
947 1835 1114 1865 differentia5
1140 1833 1227 1860 tribus
1248 1839 1277 1860 vt
1296 1832 1353 1868 plu·
1417 1832 1478 1859 Liu.
1493 1842 1534 1866 34,
1547 1842 1569 1865 7.
1642 1831 1776 1858 Mundum
1790 1833 1821 1857 ab
1834 1829 2106 1866 Ornatudistinguunt
2123 1831 2231 1860 ICti‚-.vt
2244 1832 2349 1858 Paullus
2357 1841 2408 1858 rec.
2417 1833 2488 1858 Sent.

280 1874 383 1901 timum
394 1871 563 1899 bonitatibus
575 1871 660 1898 distat.
1416 1877 1441 1902 3,
1456 1871 1480 1896 6.
1501 1876 1524 1895 et
1538 1868 1644 1903 leian.
1662 1868 1679 1895 l.
1694 1876 1724 1899 ας
1744 1869 1768 1902 §.
1782 1876 1810 1894 ιο
1832 1868 1864 1894 D.
1878 1866 1910 1893 dc
1924 1875 2001 1899 auro,
2022 1875 2077 1901 arg.
2090 1865 2209 1896 mundo;
2246 1875 2270 1892 et
2289 1868 2363 1893 etiam
2383 1869 2488 1899 Varr0;

325 1916 382 1938 MV
393 1915 479 1942 Lvs,
499 1908 517 1934 i.
534 1917 570 1935 m.
591 1908 711 1942 [ιῖμίονος,
732 1905 819 1942 dede]
838 1907 916 1944 Qod
931 1906 1077 1939 animalfit,
1103 1906 1172 1931 dicat
1210 1904 1277 1932 Plin.
1287 1909 1309 1935 8,
1317 1913 1355 1937 44
1367 1912 1400 1939 45
1416 1912 1441 1930 θ’
1453 1905 1576 1937 similiter
1595 1904 1717 1932 Tertull.
1732 1904 1765 1931 de
1783 1904 1875 1931 Habit.
1895 1902 2010 1930 Mulicb.
2024 1911 2046 1928 c.
2059 1912 2071 1934 3
2091 1901 2207 1929 Habitus
2223 1902 2340 1929 feminae
2354 1903 2490 1937 duplicem

280 1946 320 1974 Ex
333 1945 406 1972 asino
421 1951 447 1971 et
461 1953 529 1978 equa
540 1945 629 1971 mulus
642 1944 763 1978 gignitur
775 1944 866 1969 mense
881 1942 1061 1976 duodecimo,
1080 1941 1178 1968 animal
1200 1941 1305 1967 viribus
1325 1941 1354 1966 in
1416 1941 1529 1975 speciem
1550 1940 1724 1973 circumfert,
1749 1940 1850 1967 cultum
1869 1945 1895 1966 ct
1912 1944 2048 1965 ornatum.
2121 1939 2232 1964 Cultum
2252 1938 2382 1971 dicimus,
2408 1947 2489 1972 quem

280 1981 376 2008 labore
389 1980 530 2007 eximium.
610 1981 641 2004 Et
652 1978 733 2012 paullo
744 1978 804 2013 post,
825 1979 902 2011 Equo
919 1985 946 2004 et
968 1978 1037 2004 asina
1056 1977 1162 2012 genitos
1183 1986 1271 2003 mares
1291 1976 1352 2003 hin-
1416 1976 1548 2003 mundum
1561 1976 1723 2003 muliebrem
1736 1982 1847 2003 vocant:
1869 1976 2015 2007 Ornatum,
2038 1982 2120 2008 quem
2136 1974 2307 2001 immundum
2327 1974 2490 2000 muliebrem

280 2026 330 2044 nos
349 2015 454 2050 antiqui
470 2013 614 2040 vocabant;
635 2018 782 2047 contraque
794 2013 893 2051 mulos,
916 2021 984 2046 quos
999 2014 1072 2050 *asini
1091 2019 1117 2038 et
1137 2021 1221 2044 equae
1241 2021 1353 2046 genera·
1417 2013 1545 2038 conuenit
1560 2012 1622 2039 dici.
1694 2012 1743 2038 Ille
1761 2013 1790 2039 in
1804 2021 1871 2039 auro
1885 2017 1911 2038 et
1923 2017 2045 2045 argento,
2066 2018 2092 2036 et
2104 2011 2216 2045 gemmis
2235 2016 2261 2036 et
2276 2010 2392 2037 vestibus
2407 2010 2489 2045 depu-

280 2058 351 2080 rent.
388 2051 464 2085 Cous.
484 2051 573 2076 Varro
584 2049 615 2075 R.
629 2049 660 2075 R.
675 2056 701 2081 2,
709 2053 731 2078 8.
805 2047 911 2081 Vopisc.
932 2047 960 2072 in
978 2052 1035 2071 vrta
1052 2046 1192 2071 Aureliani
1209 2055 1230 2071 c.
1251 2055 1264 2076 7
1284 2052 1352 2070 extr.
1416 2052 1502 2071 tatur:
1522 2046 1589 2071 .1fle
1609 2048 1638 2072 in
1658 2055 1724 2072 cura
1743 2048 1849 2081 capilli,
1870 2054 1895 2073 et
1917 2048 1984 2073 cutis
1999 2054 2024 2073 et
2033 2055 2124 2074 earum
2139 2047 2255 2082 partium
2273 2046 2406 2081 corporis,
2421 2054 2488 2081 quae

280 2087 388 2116 Mulum
396 2086 574 2114 centuriatum
588 2085 701 2111 comiter
715 2087 798 2110 curet.
836 2084 875 2108 Ex
889 2091 934 2116 quo
946 2082 997 2107 loco
1011 2087 1127 2116 apparet,
1142 2081 1264 2105 centuriis
1277 2081 1354 2104 mulos
1363 2080 1395 2105 50
1416 2080 1509 2105 oculos
1524 2080 1642 2113 trahunt,
1660 2088 1706 2107 etc.
1779 2083 1810 2107 In
1825 2081 1927 2107 mundo
1942 2083 2001 2114 effe,
2022 2082 2078 2108 vid.
2099 2090 2147 2109 IN.
2227 2082 2371 2116 Mundum,
2391 2089 2489 2109 neutro

280 2125 414 2152 attributos
421 2122 520 2158 suff,
539 2122 584 2157 qui
592 2121 689 2156 publici
703 2127 787 2146 tamen
801 2126 886 2152 erant,
907 2127 953 2144 non
966 2117 1073 2152 priuati,
1087 2124 1116 2141 vt
1130 2125 1203 2150 equus
1224 2121 1281 2140 erut
1291 2114 1352 2149 saeg-
1418 2123 1516 2149 genere
1530 2114 1599 2141 dixit
1614 2115 1745 2149 Lucilius,
1765 2116 1877 2150 Legauit
1915 2116 2004 2142 uidam
2025 2118 2105 2142 vxori
2126 2117 2255 2143 mundum
2269 2127 2360 2150 omne,
2378 2127 2489 2152 penum-

258 2186 261 2187 .
280 2161 385 2187 marius.
421 2158 608 2185 Centuriatum
628 2158 712 2190 itaque
726 2163 808 2186 vocat,
827 2161 858 2180 vt
872 2155 1027 2180 centuriatus
1040 2154 1112 2178 miles
1124 2152 1230 2184 (licitur,
1245 2151 1350 2185 quicen-
1417 2159 1469 2185 que
1490 2151 1598 2178 Nonius
1612 2160 1633 2184 3,
1647 2160 1695 2183 143.
1895 2125 1917 2190 ᾖ
1942 2160 1955 2178 2
1981 2151 2098 2178 Mundus
2118 2154 2194 2178 etiam
2215 2154 2312 2179 dicitur
2332 2156 2442 2184 caelum,
2463 2161 2488 2180 et

281 2196 365 2223 suriae
379 2194 516 2221 attributus
529 2191 716 2228 affignatusque
729 2190 768 2226 est.
807 2193 846 2217 Ex
862 2191 984 2217 Turnebo.
1056 2187 1221 2215 Clitellarius
1243 2187 1304 2226 Cic..
1324 2186 1354 2212 in
1416 2187 1541 2222 quidquid
1553 2188 1616 2213 caeli
1630 2188 1726 2213 ambitu
1739 2188 1892 2215 continetur.
1967 2187 2085 2214 Mundus
2104 2188 2252 2223 appellatur
2276 2189 2388 2223 caelum,
2408 2196 2490 2225 terra,

280 2231 384 2266 Topi‘·
399 2231 428 2264 36
446 2239 469 2257 c.
483 2235 506 2261 8·
578 2229 666 2255 Clu-[0
679 2228 754 2254 mulo
768 2226 808 2253 ire
828 2227 898 2252 Hor,
912 2227 996 2252 serm,
1019 2235 1037 2258 1,
1059 2227 1086 2258 6,
1107 2234 1158 2257 ¹04-
1239 2223 1354 2249 Festinat
1417 2230 1500 2255 marc,
1521 2229 1547 2248 et
1560 2225 1614 2250 aer.
1629 2223 1696 2250 Fest.
1751 2223 1869 2250 Mundus
1888 2224 1977 2250 omnis
1990 2224 2116 2251 societate
2130 2225 2194 2251 caeli
2209 2231 2235 2251 et
2250 2231 2337 2252 terrae
2349 2225 2449 2253 constat
2463 2233 2489 2252 et

283 2267 384 2295 calidus
397 2266 489 2299 mulis,
508 2265 662 2300 gerulisque
676 2262 815 2289 redemtor
835 2262 904 2288 Hor.
919 2261 998 2295 Epist.
1013 2269 1035 2293 3,
1048 2270 1116 2293 2‚72.
1191 2260 1297 2286 Ornarc
1306 2258 1353 2284 ali·
1368 2261 1397 2288 55
1416 2267 1510 2285 eorum
1525 2260 1637 2292 naturis,
1658 2267 1725 2293 quae
1739 2259 1879 2292 vtriusquc
1888 2259 1955 2285 sunt.
1976 2259 2026 2284 Vel
2041 2259 2088 2285 sic:
2126 2259 2244 2286 Mundus
2257 2261 2294 2286 est
2306 2269 2400 2287 ornata
2414 2261 2488 2288 ordi-

282 2313 363 2340 quem
377 2302 458 2330 mulis
479 2301 536 2329 Cic.
550 2301 583 2328 de
598 2300 656 2335 lege
672 2300 734 2333 Agr.
748 2308 771 2331 2,
784 2307 821 2331 32.
841 2300 871 2324 de
884 2297 1061 2333 instrumento,
1080 2298 1145 2330 quod
1161 2294 1351 2330 magisirmibus
1414 2294 1489 2320 natio
1502 2294 1554 2320 Dci
1568 2304 1689 2328 munere,
1707 2295 1829 2321 Deorum
1841 2294 1914 2321 reeta
1927 2293 2045 2321 custodia
2058 2301 2104 2321 etc.
2117 2294 2149 2327 esi
2155 2298 2222 2320 enim
2232 2295 2311 2329 paullo
2317 2297 2428 2327 definitio
2434 2298 2487 2322 lon.

282 2350 314 2367 ex
325 2340 421 2376 publico
432 2338 583 2364 decernitur.
657 2334 771 2363 Peruehi
786 2335 900 2361 Romam
914 2333 990 2359 mulo
1010 2332 1048 2359 Id.
1064 2333 1135 2360 Fam.
1150 2337 1218 2365 9,18,
1292 2329 1351 2355 Vti-
1410 2330 1480 2365 gior.
1519 2331 1596 2364 Apul.
1611 2331 1643 2357 de
1660 2329 1762 2358 mundo
1772 2330 1824 2366 post
1834 2331 1917 2366 princ.
1953 2330 2024 2356 Sicut
2037 2325 2135 2357 Graeci
2157 2329 2252 2363 κόσμον,
2274 2325 2346 2365 quod
2359 2331 2486 2365 apudnos

282 2377 369 2403 litatcs
382 2374 519 2401 mulorum
533 2379 559 2400 et
571 2372 705 2400 asinorum
718 2371 750 2397 ad
764 2372 839 2397 vsum
856 2369 999 2396 hominum
1014 2376 1119 2403 paratae
1147 2366 1222 2394 Idem
1239 2364 1271 2392 de
1287 2365 1352 2392 Nat.
1415 2371 1541 2392 ornatum
1555 2366 1695 2401 significan
1732 2367 1770 2392 ita
1791 2375 1841 2392 nos
1859 2375 1873 2392 a
1890 2366 2010 2401 perfessa
2028 2365 2201 2400 absolutaque
2219 2366 2348 2400 elegantia
2360 2374 2488 2392 vocamus

283 2413 366 2439 Deor.
374 2420 395 2444 2,
411 2419 452 2443 151)
477 2419 499 2436 c.
518 2411 562 2442 64.
612 2407 653 2445 Est
671 2408 808 2433 conuicium
828 2405 973 2441 instupidns
989 2415 1018 2430 ac
1035 2407 1158 2430 vecordes.
1197 2401 1295 2428 Catull.
1309 2407 1353 2434 84,
1416 2401 1558 2434 mundum,
1579 2402 1651 2436 quod
1664 2401 1735 2428 nihil
1749 2410 1782 2428 eo
1794 2403 1823 2428 fit
1837 2401 1964 2428 mundius
1977 2409 2003 2428 et
2016 2401 2153 2436 pulchrius
2169 2408 2195 2428 et
2207 2402 2337 2427 ornatius.
2380 2403 2487 2428 Haecex

283 2457 296 2481 3
315 2447 400 2480 Mule,
420 2445 490 2472 nihil
503 2444 591 2472 sentis.
629 2446 661 2470 Et
673 2444 755 2470 Plaut.
770 2442 834 2470 Cist.
848 2453 872 2475 4,
887 2451 911 2474 2,
926 2449 953 2467 12
972 2441 1050 2467 Mulo
1072 2439 1203 2467 inscitior.
1261 2440 1352 2464 Corra·
1361 2435 1397 2461 60
1415 2438 1483 2464 Plin.
1497 2447 1520 2470 2,
1537 2447 1543 2463 1
1566 2445 1589 2463 et
1603 2449 1625 2470 4·
1701 2438 1774 2471 Conf.
1794 2438 1853 2464 Cic.
1869 2437 1901 2463 de
1917 2438 1998 2464 Vniu.
2013 2447 2033 2464 c.
2052 2447 2091 2464 ιι).
2191 2436 2228 2464 Id.
2250 2436 2282 2463 de
2303 2436 2392 2463 Finib.
2414 2445 2436 2470 3,
2451 2439 2502 2471 64.

284 2484 359 2510 dinus
370 2485 400 2508 de
421 2481 489 2508 Allio
508 2484 575 2516 apud
592 2479 715 2507 Catullum
728 2481 779 2514 legi
789 2480 849 2504 vult
880 2477 963 2505 Nulle
978 2486 1009 2503 ex
1029 2478 1105 2502 MSS.
1128 2474 1217 2501 Plauti
1228 2474 1353 2500 [mimum
1416 2473 1550 2501 Mundum
1564 2481 1653 2500 autem
1668 2474 1775 2500 censent
1790 2474 1848 2507 regi
1863 2473 1976 2500 numine
1991 2473 2115 2505 deorum,
2135 2482 2250 2507 eumque
2263 2474 2313 2499 esse
2327 2472 2397 2508 quafi
2414 2481 2488 2499 com.

285 2519 331 2554 ‘ffi'
345 2518 476 2554 spuriam,
491 2516 695 2553 Mulossagaces.
734 2517 785 2542 Per
797 2525 833 2540 me
845 2515 919 2540 etiam
929 2513 985 2547 fint
999 2511 1217 2547 Afinisapiemes.
1254 2510 1354 2539 Μιιίιιε,
1419 2518 1529 2536 munem
1551 2509 1648 2537 vrbem
1667 2516 1694 2536 et
1713 2509 1851 2536 ciuitatem
1872 2508 2015 2536 hominum
2031 2515 2057 2536 et
2080 2509 2209 2541 deornm,
2230 2516 2256 2535 et
2268 2517 2511 2544 vnumqueiuquex

285 2550 374 2590 Piscis,
393 2554 448 2581 vid.
470 2559 628 2581 MVLLVS.
700 2551 771 2579 Muli
791 2549 918 2585 Mariani⁷
935 2549 996 2584 sunt
1017 2548 1158 2581 Furculae,
1180 2546 1278 2581 quibus
1294 2545 1355 2571 reli-
1419 2544 1542 2573 nostrum
1554 2546 1634 2572 huius
1649 2545 1743 2572 mundi
1758 2546 1807 2572 esse
1821 2551 1933 2580 partem,
1954 2555 1989 2571 cx
2000 2554 2054 2579 quo
2076 2545 2143 2572 illud
2153 2551 2245 2571 natura
2259 2545 2442 2579 consequitur,
2457 2550 2487 2572 vt
2508 2557 2517 2578 J

287 2596 357 2625 gatas
372 2590 485 2617 sarcinas
500 2590 616 2617 viatores
628 2596 739 2623 geruum
777 2596 890 2621 quarum
903 2586 977 2612 usum
993 2586 1055 2620 quia
1067 2584 1169 2612 Marius
1183 2583 1281 2615 attulit,
1301 2590 1359 2608 inu-
1419 2591 1591 2609 communem
1604 2582 1748 2609 vtilitatem
1761 2581 1865 2608 nostrae
1878 2588 2079 2615 anteponamus.
2135 2581 2262 2613 Mundus,
2277 2581 2312 2607 est
2327 2581 2398 2615 quasi
2407 2581 2488 2608 Com.

284 2627 307 2653 li
330 2626 446 2653 Mariani
466 2626 553 2662 postea
578 2624 712 2660 appellati.
792 2625 862 2649 Haec
886 2622 975 2649 Festus
999 2631 1058 2647 voce
1085 2619 1260 2648 Acrumnula.
1309 2620 1396 2652 Setl65
1419 2619 1509 2646 munis
1528 2618 1642 2645 deorum
1662 2624 1742 2652 atque
1761 2617 1905 2644 hominum
1919 2617 2024 2650 domus,
2038 2624 2083 2643 aut
2101 2616 2165 2643 vrbs
2184 2624 2364 2651 vtrorumque
2384 2618 2441 2644 Cic.
2455 2617 2488 2644 de

285 2663 436 2689 Plutarchus
447 2663 475 2688 in
490 2662 577 2689 Mario
598 2671 622 2696 p.
636 2670 680 2695 4¹2
702 2661 731 2693 E,
745 2659 886 2693 laboriosos,
900 2668 929 2684 ac
935 2658 1037 2691 filentio
1046 2658 1177 2691 facileque
1184 2656 1308 2690 imperata
1312 2655 1358 2688 fa·
1419 2656 1482 2683 Nat.
1497 2654 1580 2682 Deor.
1597 2663 1618 2687 2,
1632 2663 1676 2687 154
1696 2663 1718 2681 c.
1733 2656 1776 2681 62.
1854 2654 1909 2680 Vicl.
1923 2655 2010 2681 Barth.
2025 2655 2060 2679 ad
2070 2653 2163 2680 Claud.
2177 2662 2274 2688 p.1=90.
2312 2652 2429 2679 Mundus
2442 2660 2489 2689 pro
2515 2650 2517 2654 ’

288 2699 388 2731 tientes,
401 2699 441 2732 st,-
455 2699 551 2732 vocari,
572 2696 632 2731 (⁷3¹4-
645 2702 778 2728 minoz-banc,
792 2694 834 2728 νᾶ)
848 2696 923 2728 σιωπᾷ
937 2694 990 2725 μετ’
1009 2695 1117 2720 iuuentus
1130 2697 1161 2719 τὰ
1180 2696 1358 2723 xenon-acerbus·
1418 2690 1518 2725 terras.
1532 2691 1669 2717 hominibus
1682 2698 1776 2716 terram
1795 2689 1969 2715 incolentibus:
2012 2689 2067 2716 Vid.
2083 2687 2211 2715 Drakenb.
2230 2690 2266 2714 ad
2290 2688 2336 2715 Sil.
2351 2697 2374 2725 3,
2388 2691 2435 2716 611.
2464 2696 2489 2715 et

287 2736 431 2765 νιπιΐιντας
445 2734 540 2767 {uidisse
552 2733 820 2766 ueremi-:ienaeaeiess‘tnO
836 2731 925 2763 tradit,
945 2731 988 2755 vbi
1001 2730 1076 2755 ctiam
1090 2729 1169 2755 aliam
1181 2726 1358 2763 appellationis
1420 2736 1455 2759 12,
1472 2729 1523 2758 336.
1603 2727 1633 2752 In
1653 2735 1745 2753 rerum
1760 2732 1853 2752 natura
1874 2732 1987 2759 totoque
2008 2725 2112 2751 mundo
2128 2733 2194 2759 quae
2218 2724 2347 2760 constant,
2366 2733 2488 2760 quaeque

290 2772 392 2806 caus'am
407 2771 498 2799 refert.
537 2772 568 2796 Et
575 2770 615 2802 stc
626 2769 795 2804 intm‘pretari
808 2770 885 2793 ctiam
895 2765 968 2802 [ιι-[ἧι
989 2766 1149 2792 Frontinum
1159 2765 1312 2798 Strategcin.
1327 2771 1356 2794 4,
1417 2767 1564 2790 mouentur
1583 2761 1640 2788 Cic.
1652 2762 1684 2788 de
1699 2762 1807 2789 Amicit.
1821 2770 1864 2795 24.
1939 2761 2079 2796 Principio
2097 2761 2153 2796 ipse
2165 2760 2279 2788 mundus
2303 2760 2418 2788 deorum
2438 2761 2487 2789 ho-

288 2816 308 2839 ι,
322 2815 334 2839 7
357 2806 386 2833 C.
402 2806 504 2833 Marius
517 2805 723 2833 recidendorum
737 2803 994 2839 impedimentorum
1008 2802 1102 2836 gratia,
1120 2800 1217 2835 quibus
1238 2799 1353 2826 maxime
1362 2808 1394 2832 70
1417 2798 1577 2832 minumque
1590 2798 1663 2824 causa
1676 2798 1761 2824 factus
1775 2799 1825 2824 eli:
1846 2806 2019 2832 quaecunque
2033 2799 2062 2824 in
2080 2806 2114 2824 eo
2127 2797 2203 2830 sunt,
2222 2804 2248 2824 et
2268 2804 2358 2832 parata
2376 2797 2409 2824 ad
2430 2798 2487 2824 fru-

286 2842 418 2869 exercitus
431 2850 525 2877 agmen
540 2848 678 2874 oneratur,
697 2841 756 2867 vasa
770 2847 796 2867 et
813 2839 915 2867 cibaria
930 2838 1049 2865 militum
1066 2838 1093 2863 in
1114 2836 1253 2862 fasciculos
1269 2840 1355 2869 aptata
1417 2835 1491 2862 &um
1506 2833 1649 2861 hominum
1664 2841 1689 2860 et
1703 2834 1814 2860 inuenta
1829 2834 1888 2860 sunt
1908 2834 1965 2860 Cic.
1978 2832 2010 2859 de
2023 2833 2087 2861 Nat.
2103 2834 2185 2860 Deor.
2200 2842 2224 2866 2,
2239 2841 2278 2867 154
2298 2842 2320 2859 c.
2335 2835 2376 2860 62.
2426 2835 2487 2859 Sex-

288 2879 371 2905 furcis
384 2879 519 2912 imposuit,
541 2878 588 2904 sub
603 2877 700 2913 quibus
716 2884 741 2903 et
754 2876 844 2902 habile
858 2884 925 2902 onus
933 2881 958 2901 et
971 2873 1058 2901 facilis
1074 2872 1179 2908 requies
1191 2873 1267 2898 esset:
1287 2870 1356 2897 vnde
1411 2871 1516 2906 fariam
1530 2871 1572 2896 hoc
1586 2871 1728 2896 vocabulum
1741 2870 1861 2906 isurpari
1880 2869 1998 2896 Manilio
2018 2870 2130 2905 obferunt
2148 2870 2242 2905 Scalig.
2261 2871 2297 2895 ad
2316 2869 2411 2896 Manil.
2427 2878 2438 2900 5
2459 2878 2488 2904 p.

286 2921 313 2943 et
326 2913 501 2949 prouerbium
514 2914 628 2941 traCtum
643 2913 688 2947 est,
709 2913 778 2940 Muli
797 2912 923 2939 Mariani.
1417 2916 1476 2941 390.
1498 2907 1538 2932 De
1554 2908 1680 2941 complexu
1694 2907 1759 2932 caeli
1766 2914 1789 2933 et
1797 2914 1895 2935 terram
1914 2909 1945 2932 de
1956 2906 2089 2934 Domicilio
2102 2907 2223 2931 Deorum:
2243 2907 2273 2932 de
2288 2907 2395 2932 Deorum
2409 2913 2434 2931 et
2446 2907 2487 2932 ho-

323 2956 349 2977 M
360 2957 381 2976 V
392 2957 408 2976 L
420 2957 440 2977 A
450 2973 458 2985 ‚
479 2958 518 2976 ae.
538 2950 557 2976 f.
579 2950 704 2983 [ιῖμίοιοε]
725 2950 791 2976 Plin.
805 2955 828 2982 8,
842 2957 876 2981 44
898 2946 1027 2982 Gignitur
1039 2951 1127 2972 autem
1143 2945 1214 2971 mula
1233 2952 1265 2970 ex
1285 2951 1356 2976 equo
1417 2944 1509 2970 minum
1524 2949 1621 2978 corptn‘e
1632 2953 1638 2969 ;
1650 2945 1681 2968 de
1694 2943 1818 2973 Atti-ern
1838 2944 1868 2968 de
1883 2941 2089 2977 Orbestellarum
2102 2942 2285 2970 inm-mutinum
2306 2943 2337 2967 de
2349 2943 2487 2968 Prouiden-

287 2992 314 3013 et
327 2985 406 3020 asina,
426 2985 470 3012 sed
489 2985 616 3016 effrenis,
635 2993 659 3011 ct
672 2985 802 3012 tarditatis
817 2984 974 3012 indomitae.
1013 2981 1180 3013 Carrucaria,
1200 2981 1256 3007 vicl.
1278 2986 1358 3006 CAR·
1372 2991 1399 3014 75
1418 2979 1465 3005 tia.
1560 2981 1633 3004 Certe
1652 2979 1742 3004 Stoicis
1762 2978 1842 3012 deus,
1863 2978 1964 3011 fatum,
1984 2977 2165 3013 prouidentia,
2187 2977 2302 3003 mundus
2317 2979 2383 3003 idem
2397 2984 2487 3003 erant:

288 3028 367 3050 Rvs.
404 3022 486 3049 Foeta
507 3023 600 3048 quen.
613 3022 755 3054 Sat.13,66.
828 3021 904 3048 Misi'a
924 3019 1025 3055 pastum
1044 3019 1112 3045 Hor.
1134 3018 1217 3044 Serm.
1240 3025 1259 3048 ι,
1282 3026 1304 3049 5,
1321 3024 1356 3047 ¹9·
1419 3015 1472 3041 viel.
1487 3014 1546 3041 Scri.
1561 3014 1667 3047 Qnaest.
1682 3014 1745 3043 Nat.
1761 3024 1783 3046 2,
1798 3024 1836 3048 45.
1910 3015 2081 3049 Quandoque
2096 3023 2137 3040 res
2156 3022 2242 3040 nouae
2262 3014 2386 3049 placuere
2408 3022 2486 3039 mun-

286 3058 404 3085 Mundae
417 3058 485 3084 nitet
496 3058 596 3092 vngula
609 3057 695 3083 mulae
709 3058 800 3084 quen.
815 3057 865 3083 Sat.
880 3064 906 3092 7,
923 3062 967 3087 181.
1039 3054 1165 3081 calceare
1186 3052 1280 3085 mulas,
1300 3052 1356 3079 vis.
1418 3051 1453 3078 do
1467 3051 1525 3078 Seu.
1539 3052 1575 3084 Q
1587 3051 1659 3084 N.„3,
1672 3057 1711 3080 28.
1733 3052 1750 3078 i.
1763 3051 1937 3087 prouidentiae
1947 3050 1972 3086 s.
1987 3052 2039 3078 deo.
2111 3049 2228 3076 Mundus
2237 3051 2312 3076 etiam
2323 3056 2368 3084 pro
2389 3050 2486 3075 Gener-e

287 3094 395 3124 cucco,
416 3097 444 3119 in
460 3099 567 3128 CALx,
583 3100 629 3128 pro
637 3092 771 3128 pusiniam
786 3099 858 3126 parte
875 3094 956 3128 pedis.
1036 3091 1106 3116 Cum
1119 3090 1191 3117 mula
1208 3088 1358 3124 pepererim
1376 3120 1380 3124 .
1417 3089 1522 3113 humano
1536 3096 1557 3113 ct
1571 3089 1643 3113 mbas
1658 3088 1770 3113 humanis
1781 3087 1885 3123 punitur
1911 3087 2010 3114 Lucan.
2032 3096 2058 3118 1,
2079 3087 2132 3113 160.
2164 3086 2207 3111 vln‘
2226 3084 2343 3112 Mundus
2364 3084 2488 3112 subactus

285 3130 482 3165 prouerbialiter
496 3129 593 3156 dicitur
606 3130 637 3155 de
649 3131 684 3155 Re
698 3137 823 3162 nunquam
836 3135 965 3154 euentura.
1038 3128 1109 3154 Suet.
1129 3125 1206 3153 Galb.
1229 3135 1249 3151 c.
1270 3134 1295 3158 4.
1315 3124 1360 3149 vm·
1418 3133 1435 3149 a
1449 3124 1568 3149 Rmmnis
1579 3124 1684 3155 <iit-itur,
1705 3124 1732 3149 In
1746 3133 1791 3158 quo
1804 3130 1887 3149 tamen
1901 3123 2014 3157 auxesin,
2039 3123 2083 3148 vel
2094 3121 2238 3157 hyperbolen
2256 3122 2317 3146 adeo
2330 3121 2390 3146 licet
2411 3130 2487 3156 tigno.

288 3167 344 3192 vid.
365 3166 480 3193 Beroald.
1363 3166 1396 3191 80
1413 3159 1490 3196 scen.
1565 3159 1654 3186 Senec.
1670 3161 1750 3186 Herc.
1767 3160 1827 3186 Oet.
1842 3168 1879 3192 54¹
1897 3159 1953 3191 Te,
1975 3165 2002 3185 te
2015 3166 2120 3193 precor,
2138 3165 2218 3191 quem
2233 3155 2349 3182 mundus
2363 3162 2388 3183 ct
2397 3156 2486 3192 superi

325 3209 352 3228 Μ
364 3208 384 3228 V
397 3206 415 3227 1.
429 3202 503 3228 ᾸΚΙ
514 3206 538 3236 S,
557 3210 581 3228 e.
602 3199 662 3227 Adi.
683 3199 832 3234 [ἧμώνειος]
853 3198 987 3224 Columel.
1003 3200 1029 3231 6,
1044 3206 1074 3233 :7
1096 3198 1138 3224 Est
1153 3197 1225 3224 enim
1246 3205 1357 3231 genero·
1417 3195 1523 3222 timent.
1597 3196 1728 3222 coniuret
1745 3196 1772 3221 in
1787 3203 1860 3222 arma
1873 3195 1987 3221 mundus
2009 3195 2108 3220 Lucan.
2129 3202 2152 3225 2,
2166 3199 2205 3224 45¹.
2279 3194 2320 3219 Sic
2335 3192 2409 3227 fhrte
2427 3192 2483 3228 capi

288 3238 314 3265 sa
326 3237 461 3270 materies,
480 3245 548 3271 quae
561 3237 642 3271 circo,
664 3236 796 3269 sacrisque
805 3233 1007 3265 certaminibus,
1020 3243 1102 3268 equos
1115 3234 1238 3268 praebet:
1258 3233 1358 3259 cstnui-
1416 3229 1488 3268 poffit
1501 3232 1528 3255 iu
1543 3231 1603 3258 Sen.
1617 3231 1648 3259 de
1663 3232 1771 3258 Prouid.
1784 3239 1826 3267 pr.
1852 3230 1981 3264 Quaesisti
1993 3238 2007 3257 a
2022 3238 2080 3264 me,
2101 3228 2211 3263 Lucilli,
2224 3228 2298 3261 Qud
2314 3229 2366 3262 ita,
2390 3228 2407 3255 si
2423 3237 2485 3263 pro-

289 3274 361 3307 laris,
384 3282 449 3308 quae
464 3273 551 3308 pretio
563 3272 651 3298 foetus
664 3272 703 3298 sui
718 3277 888 3306 comparatur
901 3270 1040 3305 generoso.
1116 3270 1207 3297 Herba
1229 3270 1295 3296 Plin.
1316 3277 1358 3302 24,
1418 3267 1535 3300 videntia
1549 3268 1663 3294 mundus
1677 3275 1810 3303 ageretur,
1831 3267 1915 3294 multa
1926 3266 2005 3293 bonis
2019 3266 2085 3292 viris
2104 3265 2254 3292 acciderent
2273 3264 2351 3291 mala.
2425 3265 2486 3290 Cae-

290 3318 326 3343 19.
343 3307 618 3335 aliusdicitm-Nodia.
1422 3311 1500 3330 terum
1513 3304 1550 3328 itu
1564 3305 1666 3338 punitus·
1675 3306 1828 3338 frequenter
1841 3309 1907 3337 aput(
1920 3302 2097 3337 ei-clifitslli‹-us.
2141 3304 2198 3328 l'nl.
2212 3303 2253 3327 Ol.
2274 3300 2385 3326 Bor'ich.
2403 3300 2484 3326 Anal-

326 3347 533 3377 MVLvas,
553 3353 578 3378 a,
597 3353 653 3370 um.
670 3342 730 3369 Adi.
767 3345 860 3370 quen.
876 3343 926 3370 Sat.
943 3344 980 3374 16,
995 3349 1024 3372 23
1037 3340 1144 3367 Mulino
1159 3340 1240 3367 corde
1262 3341 1358 3375 Vagcl-
1378 3347 1406 3372 85
1420 3350 1445 3376 p.
1459 3348 1496 3372 42.
1534 3346 1558 3364 et
1574 3342 1642 3365 And.
1659 3341 1772 3366 Bor-ricla.
1792 3339 1864 3365 Vind.
1877 3348 1902 3373 p.
1917 3346 1958 3371 ¹39
1980 3338 2051 3373 seqq.
2230 3334 2251 3376 q
2273 3346 2284 3369 3
2309 3338 2362 3363 lam
2382 3335 2484 3360 dicendi

292 3381 321 3409 li.
359 3381 395 3407 al.
416 3381 581 3408 Mutinenfis.
617 3379 722 3413 Vngula
739 3379 842 3405 mulina
862 3380 970 3406 Vitruu.
989 3383 1013 3409 8,
1028 3387 1047 3409 3.
1414 3377 1513 3411 soi-mas
1526 3376 1665 3409 videamus,
1685 3383 1710 3402 et
1720 3374 1966 3410 primosubstantiua
1985 3374 2102 3408 rwmina,
2121 3374 2209 3409 quilius·
2227 3371 2484 3406 magum-Gsm'iiuns

328 3423 408 3444 MVL
419 3425 428 3444 1
440 3423 460 3443 ο
471 3437 479 3450 ,
499 3417 569 3444 otiis.
589 3426 625 3442 m.
647 3415 845 3450 [ἦμιονηλὰτης]
866 3415 922 3452 Qt'
934 3415 1012 3441 mulos
1025 3411 1173 3438 clitellarios
1184 3411 1239 3444 siue
1254 3414 1357 3447 quadri.
1419 3410 1522 3439 Mundi.
1560 3411 1614 3438 Arx
1628 3412 1727 3438 siderea
1741 3410 1836 3437 mundi
1858 3410 1940 3437 Ouid.
1954 3410 2123 3443 Amor.3‚10,
2141 3418 2177 3436 2ι.
2252 3407 2340 3435 Cardo
2360 3407 2433 3433 Idem
2445 3416 2479 3432 cx

286 3454 375 3488 garios
392 3453 470 3479 ducit.
509 3452 625 3480 Martial.
640 3462 664 3486 9,
679 3457 707 3485 58
728 3451 785 3477 Nec
801 3451 870 3485 pigri
885 3458 943 3477 rota
962 3449 1025 3476 cassa
1038 3447 1176 3475 mulionis.
1223 3448 1264 3473 Si.-
1285 3455 1309 3473 ετ
1326 3459 1357 3482 ¹3,
1421 3449 1495 3475 Pont.
1511 3455 1533 3479 2,
1549 3456 1585 3479 10,
1600 3457 1636 3480 45.
1657 3449 1675 3474 i.
1690 3448 1763 3473 Polus
1775 3449 1851 3472 alter.
1925 3446 2076 3473 Declinatio
2092 3446 2197 3477 mundi,
2216 3445 2269 3470 vid.
2286 3443 2480 3473 Declinatio,in

292 3498 320 3515 u.
408 3488 593 3523 Perpetuarius
607 3488 665 3515 Scn.
679 3488 711 3514 dc
725 3487 814 3513 Morte
827 3486 946 3519 Claudii,
963 3486 1007 3511 vbi
1020 3485 1073 3511 vid.
1085 3484 1193 3509 Gronau.
1302 3482 1322 3521 q
1345 3493 1356 3510 2
1422 3489 1582 3511 DECLlNo.
1655 3484 1811 3510 Extremum
1830 3488 1855 3509 ct
1868 3481 1995 3510 vltimum
2011 3482 2117 3513 mundi,
2136 3482 2235 3508 caelum
2252 3478 2288 3504 est
2309 3479 2365 3505 eie.
2380 3478 2412 3504 de
2434 3478 2481 3504 Di-

292 3524 391 3558 Mulio,
411 3526 520 3550 culicum
530 3534 617 3560 genus.
655 3524 722 3550 Plin.
738 3533 768 3556 ιι,
786 3528 808 3553 ι8
826 3524 984 3557 Impugnaut
998 3530 1040 3547 eas
1055 3526 1163 3546 naturae
1177 3518 1297 3545 eiusdem
1316 3520 1358 3546 dc·
1378 3532 1412 3557 90
1422 3521 1480 3547 vin.
1497 3529 1520 3553 2,
1535 3527 1572 3552 9¹.
1644 3519 1799 3546 Fabricator
1819 3519 1901 3546 Ouid.
1916 3520 1980 3545 Met.
1995 3527 2059 3552 1,57.
2103 3518 2157 3546 Fex
2170 3517 2264 3543 Lucan.
2281 3523 2302 3547 7,
2316 3524 2372 3548 405.
2430 3515 2480 3540 Lu-

292 3569 400 3593 μικτος
414 3561 508 3595 vespae
528 3567 606 3595 atque
627 3561 785 3593 crabrones,
809 3565 835 3586 et
848 3568 863 3585 e
885 3558 999 3585 culicum
1014 3565 1128 3592 genere,
1160 3555 1207 3590 qui
1228 3563 1358 3583 vocantur
1420 3557 1494 3583 mina
1507 3553 1642 3582 clarissima
1656 3555 1759 3588 mundi,
1782 3555 1864 3581 Liber
1879 3563 1904 3581 et
1918 3555 1986 3581 alma
1999 3555 2095 3587 Ceres,
2114 3556 2139 3580 h.
2159 3562 2179 3578 e·
2201 3551 2244 3576 Sol
2262 3559 2284 3576 tt
2306 3552 2376 3577 Luna
2404 3550 2481 3584 Virg-

292 3596 435 3622 mulioncs.
1421 3593 1520 3627 Georg.
1533 3600 1552 3626 ι,
1566 3599 1588 3621 ς.
1663 3591 1786 3617 Machina
1800 3591 1894 3617 mundi
1916 3592 2022 3618 Lucret.
2041 3600 2063 3624 5,
2076 3599 2116 3624 97.
2185 3587 2296 3613 Moenia
2315 3587 2479 3613 flammantia

327 3637 554 3665 MVLmNICVS,
572 3640 596 3665 a,
617 3641 670 3658 um.
693 3630 752 3658 Adi.
779 3630 883 3658 Teelus
896 3628 1046 3656 cucullione
1061 3628 1207 3655 mulionica
1223 3627 1357 3662 Lamprid.
1419 3629 1525 3655 Lucret.
1545 3636 1564 3660 ι,
1577 3636 1613 3660 74.
1650 3627 1737 3654 Moles
1758 3628 1870 3662 operosa
1889 3627 1971 3654 Ouid.
1990 3628 2055 3654 Met.
2075 3636 2098 3658 ι,
2117 3629 2165 3654 258.
2239 3623 2355 3649 Nouitas
2375 3623 2479 3649 Lucrct.

292 3666 401 3701 Heliog.
419 3677 440 3694 c.
456 3677 491 3700 32.
1422 3674 1453 3700 ς,
1472 3673 1524 3697 941.
1596 3663 1695 3690 Oculus
1708 3664 1806 3690 mundi
1827 3664 1870 3691 Sol
1892 3663 1974 3691 Ouid.
1990 3664 2055 3689 Met.
2068 3672 2090 3694 ιι,
2104 3664 2154 3688 228·
2192 3658 2275 3685 Orbis
2287 3658 2381 3685 mundi
2402 3658 2479 3692 Virg-

331 3708 358 3728 M
372 3709 391 3727 ν
404 3708 420 3728 ι
431 3710 440 3728 1
452 3709 471 3729 o
483 3710 503 3729 N
516 3709 527 3729 1
541 3709 562 3727 v
573 3710 585 3728 S
595 3723 602 3736 ,
623 3711 648 3735 a,
680 3711 735 3729 um.
762 3702 821 3729 Adi.
854 3701 1068 3736 [ἦμισνηλατικὸε]
1094 3701 1171 3736 Qud
1181 3701 1217 3724 ad
1228 3700 1356 3724 'mulionem
1373 3714 1402 3739 95
1421 3700 1473 3727 Ecl.
1489 3703 1516 3734 6,
1529 3708 1563 3732 35.
1609 3699 1694 3734 Regio
1708 3700 1802 3726 vltima
1817 3699 1906 3734 magni
1932 3698 2016 3726 Ouid.
2029 3694 2114 3724 Trist.
2128 3705 2152 3727 4,
2168 3705 2190 3727 4,
2212 3701 2247 3726 83.
2321 3694 2408 3720 Ruina
2428 3695 2479 3720 Lu-

291 3738 409 3773 pertinet.
483 3739 539 3765 Cic.
554 3748 603 3773 pro
620 3739 689 3765 Sext.
704 3745 731 3767 82
752 3748 773 3765 c.
789 3744 814 3770 38
832 3737 993 3764 Molioniain
1009 3736 1130 3769 penulam
1148 3735 1277 3769 arripuit,
1296 3745 1354 3761 cum
1418 3745 1474 3763 can.
1488 3746 1518 3770 4,
1531 3744 1582 3769 393.
1653 3737 1754 3770 Species
1771 3736 1859 3762 serena
1879 3736 1982 3763 Luci-et.
2002 3736 2088 3766 4,138·
2161 3731 2281 3757 vetustas
2301 3739 2393 3756 arcana
2416 3730 2479 3757 Stat.

292 3782 344 3808 qua
358 3773 475 3808 primum
489 3774 600 3801 Romam
615 3774 647 3801 ad
667 3774 776 3801 comitia
791 3780 915 3803 venerat;
953 3772 1074 3798 messoria
1096 3773 1119 3798 sc
1134 3771 1214 3797 corbe
1229 3772 1356 3797 contexit.
1418 3772 1511 3799 Theb.
1524 3782 1548 3804 4,
1562 3780 1597 3804 32.
1670 3774 1702 3798 At
1716 3772 1812 3807 vigiles
1826 3772 1919 3798 mundi
1940 3775 2062 3804 magnum
2075 3771 2100 3792 et
2121 3767 2243 3793 versatile
2256 3766 2406 3800 Templum
2435 3765 2479 3792 Sol

329 3816 354 3836 M
363 3816 383 3835 v
395 3815 411 3835 L
423 3816 431 3835 1
442 3816 459 3835 C
472 3816 490 3833 v
505 3815 524 3835 R
535 3817 574 3836 lv
585 3817 597 3836 S
607 3831 615 3844 ,
636 3811 654 3837 i.
676 3819 712 3837 m.
750 3811 805 3847 Qi
817 3811 893 3836 mulos
913 3817 992 3834 curat.
1031 3807 1112 3833 Gloll'.
1133 3808 1188 3834 Lat.
1207 3808 1252 3834 Gr.
1273 3807 1355 3834 Muli-
1418 3815 1444 3834 et
1457 3809 1534 3835 Luna
1547 3807 1594 3833 suo
1607 3806 1744 3834 lustrantes
1762 3807 1863 3834 lumine
1884 3807 1983 3833 circum
2005 3804 2110 3829 Lucret.
2124 3811 2145 3835 5,
2161 3805 2224 3835 ¹376.
2420 3799 2441 3839 fl
2463 3811 2478 3832 4

294 3846 399 3878 curius,
419 3845 572 3876 ἦμιογσκομος,
1417 3846 1545 3879 Epitlrem:
1567 3843 1694 3870 Aeternus
1710 3845 1799 3871 Senec.
1813 3844 1893 3870 Herc.
1908 3843 1966 3869 Oct.
1986 3839 2003 3865 s.
2023 3841 2056 3865 16.
2093 3838 2237 3865 Aetherius
2245 3837 2354 3864 Tibull.
2369 3847 2389 3870 3,
2402 3848 2426 3870 4,
2442 3844 2478 3870 17.

332 3888 357 3908 M
371 3888 391 3908 v
406 3887 423 3907 L
434 3887 452 3907 o
463 3885 479 3906 C
491 3886 570 3919 151A
583 3887 603 3907 R
615 3888 624 3907 1
635 3888 655 3907 v
665 3889 695 3914 s,
717 3882 734 3909 i.
756 3891 791 3908 in.
829 3880 910 3907 Glofl:
926 3882 971 3907 Gr.
989 3880 1046 3907 Lat.
1067 3882 1219 3915 noegufflpoq,
1238 3878 1410 3919 Musoni-¹00
1419 3880 1539 3906 Annosus
1552 3879 1640 3905 Sene-c.
1655 3880 1752 3915 Ocdip.
1765 3880 1783 3907 s.
1798 3890 1820 3911 ς.
1892 3876 2006 3907 Arduus,
2025 3874 2080 3900 vid.
2105 3881 2261 3901 ARvas.
2311 3872 2425 3900 Auffior
2434 3872 2477 3898 ad.

294 3917 395 3950 siai-ius,
417 3924 576 3947 carucarum,
596 3918 638 3949 qui
655 3917 888 3949 .·1'J1'on.ulisiun‹‘io
904 3917 1014 3944 vehitur.
1416 3916 1489 3942 iccio
1507 3914 1625 3949 fulgebat
1645 3916 1728 3942 sidere
1747 3915 1861 3942 mundus
1873 3910 1965 3939 Claud.
1978 3910 2007 3936 in
2022 3908 2119 3938 Ruffin.
2136 3920 2166 3944 2,
2188 3920 2208 3942 3.
2282 3910 2371 3944 Capax
2392 3908 2475 3935 Ouid.

330 3959 356 3979 M
366 3959 385 3979 V
399 3959 417 3979 L
429 3958 448 3979 Ο
459 3958 484 3978 Μ
494 3957 510 3977 E
521 3957 539 3977 D
551 3957 562 3977 1
575 3957 592 3978 C
608 3958 627 3977 V
637 3959 666 3987 S,
693 3954 747 3979 vid.
761 3952 842 3988 supra
855 3952 879 3989 s.
892 3953 911 3980 l.
1416 3951 1503 3978 Trist.
1517 3959 1538 3983 2,
1553 3957 1587 3982 38.
1660 3952 1763 3978 Citatus
1779 3952 1867 3978 Senec.
1880 3948 1960 3973 Herc.
1974 3947 2034 3973 Oet.
2050 3947 2067 3973 s.
2084 3956 2114 3977 15.
2187 3945 2320 3980 Qiinc‘til.
2335 3954 2352 3976 1,
2367 3953 2391 3976 ¹7
2417 3945 2477 3970 Cla-

1416 3996 1461 4014 ros
1476 3986 1585 4013 nomine
1600 3987 1743 4021 sapientiae
1756 3988 1831 4013 viros
1844 3991 1924 4010 nemo
1939 3981 2102 4009 dubitauerit
2117 3982 2246 4008 studiosos
2263 3979 2375 4006 musicae
2390 3980 2477 4012 thille,

691 4015 729 4045 M
805 4016 833 4045 V
909 4015 946 4046 M
1416 4032 1499 4057 quum
1511 4022 1669 4056 Pythagoras
1682 4044 1690 4055 ‚
1711 4030 1790 4056 atque
1804 4025 1865 4047 eum
1886 4018 1982 4050 secuti,
2001 4026 2132 4053 acceptam
2153 4017 2206 4044 sine
2226 4016 2311 4043 dubio
2330 4016 2477 4049 antiquitus

331 4066 355 4088 Μ
365 4067 420 4087 VM
433 4067 522 4093 ΜιΑ,
540 4069 601 4096 gens
619 4061 739 4094 Romana,
760 4069 833 4095 quum
848 4049 992 4087 no'bilimuit
1006 4062 1034 4088 L.
1057 4060 1219 4093 Mummius,
1239 4058 1286 4095 qui
1307 4061 1402 4093 Cra-105
1414 4059 1575 4094 opinionem
1590 4058 1771 4094 vulgauerint‚
1789 4054 1919 4082 mundum
1942 4054 2027 4089 ipsum
2045 4063 2075 4081 ea
2092 4053 2198 4081 ratione
2218 4053 2267 4081 effe
2285 4051 2477 4086 Compositum‚

2391 4095 2471 4121 quam
