2517 4231
48 173 136 217 949
449 158 479 197 P
559 159 596 197 O
680 158 725 196 'N

85 250 321 278 νοειτῐννε,
339 255 365 279 a,
383 254 439 273 um.
477 246 539 273 Adi.
574 245 712 280 [semis]
749 245 824 281 Qud
835 246 921 281 primo
937 242 1044 278 positum
1063 242 1109 276 cst,

48 293 93 312 nec
110 284 210 312 aliunde
228 284 375 312 deriuarum.
407 291 423 309 a
443 291 488 318 quo
503 284 669 309 Grammatici
682 280 827 308 Pofitiuum
846 291 860 306 a
874 280 1067 314 Comparatiuo
1085 287 1110 306 et

49 320 84 348 su
105 320 218 347 crlatiuo
236 317 407 354 distinguunt,
420 318 486 355 quod
496 318 559 345 illud
567 317 606 353 fit
618 315 687 355 quast
692 316 888 353 fundamentum
904 313 1014 348 fflorum.
1048 315 1107 343 Vni.

49 330 118 384 Geli.
133 364 169 387 10,
182 367 203 387 q.
224 362 247 381 et
266 353 357 380 isidor.
370 362 390 386 1,
400 355 433 381 6¹·

88 397 102 418 Ρ
112 398 132 418 0
139 399 153 418 s
163 398 171 416 1
182 398 203 418 T
213 391 233 416 ῡ
242 398 258 415 F.
268 397 290 416 Α
299 409 308 422 ,
332 398 370 416 ae.
396 389 416 416 f.
453 389 563 430 [stipae]
600 386 744 424 Compositio
753 406 762 419 ,
780 385 806 422 s
826 390 893 414 ratio
916 387 1107 424 compositionis.
1131 398 1146 424 ς

48 427 156 456 Lucret.
175 435 199 458 1,
215 430 257 456 818
275 426 368 460 Magni
382 425 478 457 refert,
498 424 647 461 primordia
665 423 738 457 saepe
766 424 834 449 Cum
855 423 967 458 quibus,
988 431 1014 450 et
1033 423 1107 458 quali

2 465 3 469 ’
48 461 164 499 positura
176 462 371 488 contineantur.
443 461 560 489 Pofitnra
575 459 746 493 discrepitant
760 467 801 485 res
820 459 892 485 Idem
906 468 930 492 2,
945 468 1007 488 1017.
1048 460 1105 485 Dis-

0 511 2 522 ι
47 498 190 531 soluuntur
203 497 276 524 enim
294 496 426 532 positurae
439 498 634 533 principiorum
657 494 733 521 Idem
748 503 772 526 2,
793 497 857 528 946.
950 495 1019 522 Gell.
1038 504 1076 527 14,
1098 503 1106 520 ι

0 551 1 555 =
47 533 86 561 Vt
99 533 366 565 animaduerteretur‚
379 542 435 568 quo
447 533 556 566 habitu,
569 528 674 567 qllaque
687 531 791 564 forma,
805 540 910 566 quaque
924 531 1039 566 positura
1050 529 1109 556 stel-

47 568 134 597 larum
147 569 244 605 aliquis
255 570 414 597 nasceretur.
485 567 565 603 Ligni
585 567 653 593 Geli.
668 574 690 600 ς,
704 575 726 599 3.
744 566 773 592 dc
786 568 936 604 Protagora.

86 611 102 632 Ρ
113 611 173 632 081
184 611 206 632 T
217 611 265 638 10,
284 606 355 632 onis.
374 605 396 632 f.
432 604 526 638 [Mam
539 603 630 636 θέμω]
662 604 815 629 varietatem
823 606 894 629 uerbi
899 602 1026 638 sequitur.
1042 611 1067 628 υ.
1080 609 1106 638 g.

47 640 114 669 Ptin.
132 645 168 674 18,
187 650 200 672 ς
225 643 263 669 Vt
282 642 369 668 solum
385 641 429 668 sua
448 640 549 667 virtute
567 638 670 670 valcat,
702 647 754 674 qua
769 638 871 665 dictum
891 639 943 671 cst,
963 637 1104 672 politione.

45 676 135 705 Eadem
149 685 254 705 vocatur
267 678 341 705 Caeli
356 676 466 712 politio,
481 681 533 711 pro
551 675 623 708 Situ,
637 677 752 711 regione,
771 672 889 707 velstatu
902 675 1009 700 alicuius
1021 676 1059 700 rei
1071 672 1106 700 ad

44 714 156 749 aliquam
187 715 251 741 caeli
278 715 319 741 vel
353 714 399 740 olis
416 717 539 747 partem:
574 710 623 739 Sed
639 712 781 748 generalior
806 708 840 743 est
872 710 1006 736 columen.
1030 718 1058 744 1,
1078 712 1104 736 6.

45 748 113 776 Loci
126 749 224 784 politio
243 750 318 783 Quin
349 748 376 776 il.
388 755 412 780 3,
424 755 453 782 7,
466 749 506 774 26.
541 742 657 774 Traian.
673 746 740 773 Plin.
754 746 802 780 Ep.
816 753 853 776 10,
868 753 907 778 59.
1036 781 1040 785 ⁵

28 785 130 812 .Flacc.
151 787 184 812 62
201 795 223 812 c.
242 788 275 813 26
305 785 345 812 De
366 791 482 819 quorum
503 782 577 810 vrbis
596 783 729 818 politione
749 786 859 816 propter
878 780 1106 814 pulchritudinem

43 821 128 848 etiam
147 821 219 849 inter
231 821 294 848 deos
307 824 441 847 certamen
459 819 533 846 suiss'e
549 819 688 854 proditum
707 816 753 844 est.
789 817 819 842 de
831 816 950 843 Athenis.
985 818 1020 843 al.
1047 817 1107 843 Pos-

43 856 126 885 senio.
199 855 358 884 Arbustiuae
370 855 510 890 pontionis
523 855 648 890 exemplo
667 852 800 880 Columel.
819 862 848 885 4,
868 860 887 878 1.
961 851 1103 886 Praecipua

44 893 188 920 commoda
205 892 324 920 Humilis
345 891 483 927 positionis
502 892 576 923 sunt,
599 889 672 926 quod
692 888 815 916 celeriter
835 887 984 914 adolescant
1003 888 1104 914 semina

42 928 119 958 Idem
181 937 202 956 ι.

43 972 80 998 11,
100 973 125 992 2.
137 937 166 963 4,
219 963 381 999 Campestris
406 964 539 991 Columel.
558 973 585 996 1,
605 971 626 989 2.
656 960 761 994 (Praef.
780 970 806 995 p.
820 962 853 991 8)
878 958 945 995 apud
972 960 1103 1000 Oratores.

43 999 176 1035 Qinffil-
190 1008 216 1034 9,
229 1009 258 1034 4,
275 1006 308 1034 48
332 1001 457 1035 Tempus
471 999 544 1027 enim
557 998 642 1026 solum
657 997 722 1031 (alii
737 997 836 1023 Sonum
851 995 959 1030 legunt)
980 1001 1104 1028 metitur,

16 1046 19 1049 ·
34 1043 73 1064 vvt
93 1045 109 1064 a
126 1035 278 1063 sublatione
295 1035 328 1063 ad
348 1036 506 1071 positionem
519 1034 616 1062 iisdem
638 1033 670 1060 fit
685 1031 775 1068 spatiis
791 1031 897 1067 pedum.
933 1033 1010 1067 ‚Quem
1023 1032 1104 1058 locum

33 1071 76 1110 fic
87 1073 197 1108 explicat
221 1072 366 1100 Diomedes
376 1080 389 1105 3
409 1082 434 1107 p.
447 1079 496 1107 471
522 1071 568 1098 Pes
587 1069 624 1097 cst
638 1068 754 1096 sublatio
773 1075 798 1095 ct
813 1067 910 1102 positio
924 1067 1037 1095 duarum
1056 1072 1104 1094 aut

41 1114 126 1137 trium
138 1109 287 1143 ampliusue
301 1107 468 1142 syllabarum,
481 1107 566 1141 spatio
580 1104 777 1140 comprehensa.
814 1105 861 1130 Pes
877 1103 914 1130 est
929 1103 1051 1139 po'etieae
1064 1103 1141 1139 cii-25

39 1145 142 1173 &ionis
159 1145 273 1172 duarum
286 1144 435 1180 ampliusue
454 1142 613 1176 syllabarum
632 1151 693 1168 eum
713 1147 784 1168 certa
804 1146 957 1174 temporum
978 1140 1103 1167 obserua-

43 1182 121 1209 tione
135 1181 241 1214 modus,
252 1180 384 1215 recipiens
403 1177 471 1216 ἄρσιν
487 1186 513 1205 et
525 1178 602 1211 θέσιν,
621 1178 641 1204 i.
654 1186 680 1204 e.
699 1177 748 1212 qui
760 1176 856 1210 Incipit
872 1176 997 1209 elatione,
1004 1182 1029 1202 et
1044 1177 1105 1203 fmi-

40 1223 89 1246 tur
101 1216 241 1252 politione.
278 1217 348 1244 Haec
359 1215 409 1243 ille.
464 1214 710 1250 Vitiapositionum
728 1212 860 1247 Quine'til.
868 1221 895 1246 2,
910 1221 949 1246 10,
963 1221 988 1245 14
1009 1215 1028 1239 i.
1049 1214 1105 1248 Hy-

34 1252 173 1291 pothcfium
179 1252 206 1288 s
219 1258 418 1289 argumentorum
430 1251 498 1287 apud
510 1251 629 1278 rhetores.
665 1249 735 1277 Adel.
752 1260 779 1284 7,
791 1260 819 1285 4,
834 1258 874 1284 40.
913 1248 1010 1285 Rursus
1017 1249 1115 1283 Qun-¹

41 1289 100 1316 etii.
115 1297 136 1322 1,
147 1297 175 1321 4,
188 1297 225 1323 24
246 1291 300 1315 Aut
313 1296 381 1323 quae
397 1288 527 1315 feminina
539 1286 671 1322 politione
685 1295 786 1318 mareS,
798 1291 845 1312 aut
857 1285 976 1312 neutrali
989 1285 1103 1312 feminas
1118 1295 1151 1319 3ο

39 1324 198 1360 fignificant.
233 1323 394 1351 Posstionem
408 1331 496 1357 uocat,
509 1332 582 1359 quam
599 1324 766 1350 Grammatici
778 1323 852 1358 vulgo
863 1321 1105 1348 Terminationem

37 1367 143 1389 vocant.
213 1360 303 1387 Prima
314 1360 412 1396 politio
431 1359 592 1394 Quinctil&
606 1368 628 1392 ς,
641 1360 685 1385 60.
700 1365 724 1384 et
743 1367 764 1391 1,
777 1360 805 1390 6,
819 1367 846 1385 12
866 1356 900 1391 est
916 1358 996 1394 ipficm
1014 1357 1106 1391 thema,

32 1403 66 1424 *et
76 1398 256 1424 Nominatiuus
268 1400 339 1432 casus
351 1399 469 1423 nominis.
507 1395 683 1422 Soloecismus
697 1394 734 1421 est
746 1394 775 1421 in
788 1394 912 1421 oratione
931 1393 1104 1429 comprehen-

40 1432 123 1462 {ionis
136 1433 216 1459 vnius
230 1433 397 1468 sequentium
410 1441 439 1459 ac
449 1432 572 1467 priorum
587 1432 657 1458 inter
666 1432 692 1457 se
705 1430 895 1457 inconueniens
911 1430 1008 1465 politio
1027 1429 1104 1457 Idem

41 1477 64 1502 1,
83 1477 108 1502 5,
124 1476 160 1502 5¹·

39 1506 112 1533 'runa
183 1505 318 1540 Qinehl.
332 1513 352 1538 ι,
365 1512 387 1538 5,
402 1509 431 1535 28
447 1505 578 1531 Volucres
592 1502 682 1530 media
694 1508 770 1529 acuta
784 1503 868 1538 legam
878 1523 886 1535 ,
904 1502 968 1538 quia
984 1502 1030 1529 etfi
1044 1502 1104 1529 bre-

61 1541 83 1568 is
98 1546 208 1573 natura,
228 1548 315 1568 tamen
329 1540 461 1575 positione
481 1541 560 1575 longa
573 1539 625 1572 est,
646 1548 680 1566 ne
693 1539 774 1566 faciat
791 1539 927 1571 iambum,
948 1547 1028 1573 quem
1049 1547 1104 1565 non

73 1578 139 1613 cipit
147 1579 236 1605 versus
248 1577 380 1604 heroicus.
410 1576 452 1610 Est
460 1580 524 1603 enim
531 1576 613 1612 sermo
621 1575 649 1602 de
657 1579 754 1601 nomine
763 1575 894 1602 Volucres
902 1578 929 1601 in
942 1575 1018 1611 11’erfil
1027 1575 1103 1609 Virg.

43 1614 143 1648 Georg.
165 1622 195 1646 3,
216 1622 257 1646 243
289 1614 320 1640 Et
337 1622 420 1648 genus
440 1621 621 1648 aequoreum,
649 1611 777 1646 pecudes,
808 1611 948 1646 pielacque
973 1611 1105 1638 volucres.

40 1650 95 1676 Hic
101 1652 213 1685 primum
225 1650 379 1676 intuentibus
391 1649 475 1676 videri
483 1645 565 1684 pottst
581 1647 671 1674 Fabius
687 1647 736 1674 hac
744 1646 932 1684 significatione
952 1648 1104 1674 Grammati-
1113 1663 1151 1688 40

43 1694 127 1712 corum
140 1685 198 1721 usuc
212 1683 265 1718 este.
312 1686 403 1712 Verum
421 1687 565 1711 accuratius
581 1682 792 1716 confidcrannbus
802 1683 949 1719 apparebit,
970 1683 1103 1710 Pofitione

41 1719 404 1758 hicfigvxificarcstmplicitcr‚
418 1721 483 1756 quia
497 1720 556 1752 hic,
575 1723 610 1746 in>
620 1719 666 1746 boc
683 1719 735 1745 loco
756 1721 842 1754 uersus
861 1718 945 1753 posita
964 1715 1104 1754 cstsyllaba

42 1763 95 1784 LV.
130 1757 159 1785 Si
174 1757 238 1783 enim
256 1756 339 1792 posita
354 1755 411 1790 ‹iffi't
421 1764 494 1783 extra
508 1755 617 1791 versura,
639 1755 681 1780 vel
691 1756 741 1781 alio
754 1756 806 1781 loco
819 1755 914 1791 uersus,
927 1761 1043 1792 correpta
1055 1763 1106 1780 ma-

42 1799 122 1820 neret.
157 1792 239 1820 Conf.
253 1801 279 1825 9,
296 1803 324 1826 4,
338 1798 368 1825 ες
386 1792 430 1818 vbi
441 1795 469 1819 in
483 1794 580 1817 nomine
592 1789 738 1825 Agrestem,
751 1800 798 1825 gre
806 1790 907 1826 syllaba
917 1789 982 1816 facit
995 1794 1103 1824 longam

42 1836 66 1857 Λ
86 1829 214 1863 priorem.
251 1829 357 1856 Interim
377 1827 424 1854 illa
444 1828 614 1853 Grammatico
634 1833 658 1860 et
670 1826 805 1862 Profhdim
817 1825 975 1862 significatio
987 1825 1144 1859 missores-45

39 1864 164 1900 babcesat
173 1866 301 1899 antiquos,
318 1873 343 1890 v.
357 1871 384 1899 g.
402 1862 562 1889 Diomedem
577 1871 590 1888 c
603 1871 628 1897 p.
637 1870 683 1895 423
703 1862 747 1888 vbi
753 1862 848 1898 Jepaem
862 1863 931 1888 illius
946 1861 1031 1888 modos
1046 1871 1103 1889 enu-

38 1905 137 1929 merat;
149 1901 236 1935 plures
249 1902 323 1925 etiam
335 1899 438 1926 Marius
453 1898 585 1925 victorin.
600 1907 610 1924 1
628 1907 652 1932 p.
662 1906 731 1933 2473
748 1905 794 1925 etc.
845 1898 1019 1933 Metaphorice
1044 1898 1104 1925 Scn.

35 1935 166 1970 Epist.64
183 1936 215 1962 In
228 1943 386 1970 quacunque
399 1934 532 1969 positione
545 1934 640 1961 mentis
649 1933 707 1966 lim,
724 1936 743 1961 i.
765 1934 975 1970 quomodocunque
985 1933 1106 1968 affebius.

1134 579 1164 597 10
1170 568 1215 594 bus
1226 566 1338 600 ¹llratum
1352 570 1379 592 in
1385 566 1502 600 stabulis.

274 927 341 955 Allii
352 933 379 955 et
393 928 474 962 vlpici
497 928 592 955 vltima
612 926 648 954 est
665 925 746 952 huius
764 924 903 958 temporis,
914 922 1012 957 politio
1030 923 1102 950 Idem
1111 936 1147 954 20

231 1470 263 1496 ln
277 1468 397 1505 prosodia
413 1468 510 1495 dicitur
519 1467 626 1504 positio,
646 1475 721 1502 quum
742 1466 803 1493 duae
816 1466 983 1503 Consonantes
1001 1476 1104 1493 concur·
1111 1481 1140 1508 33

1155 1564 1158 1567 .
1166 1544 1204 1566 cis
1219 1540 1310 1567 tradit.

1571 153 1843 197 PON
2157 179 2233 215 950

1172 247 1242 274 Ven.
1259 255 1287 278 2,
1301 246 1339 280 7,
1352 254 1365 272 2
1383 251 1413 271 υτ
1424 243 1525 281 quidam
1539 244 1644 278 volunt,
1663 242 1696 279 esi
1707 245 1781 272 limen
1794 244 1913 281 superius
1926 259 2061 281 arcicatum.
2099 255 2147 283 Sed
2163 255 2231 284 νςὲῗε

1173 286 1206 311 al.
1228 284 1328 308 Pom-un
1350 282 1447 308 hahent.
1502 282 1615 317 Denique
1633 284 1661 307 in
1680 287 1743 317 appu
1762 283 1906 309 nationibus
1924 291 2005 314 turres
2017 291 2053 316 ad
2065 301 2159 318 murum
2170 300 2230 327 pro-

1174 321 1244 350 moti,
1265 317 1391 352 pontibus
1405 327 1457 343 rum
1469 318 1504 343 ns
1515 318 1691 354 iungebantur.
1734 319 1743 345 Ι
1757 316 1794 344 id.
1815 317 1885 344 Suet.
1902 319 1968 354 Aug.
1982 332 2002 348 c.
2016 333 2048 350 20
2081 328 2135 353 coll.
2160 328 2230 354 Plin.

1173 363 1204 389 7,
1218 361 1244 386 53
1264 362 1286 378 c.
1301 361 1350 378 not.
1368 352 1449 379 llard.

1208 387 1406 415 ΡυΝΤιεῦι
1427 395 1488 420 VS,
1510 388 1529 415 i.
1551 398 1586 415 m.
1624 388 1756 416 Diminut.
1792 387 1964 425 [γεφυρίδων]
2001 393 2150 424 Cic.Tusc.
2164 406 2178 430 ς
2198 406 2230 432 39
2266 402 2271 406 ·

1170 435 1193 452 c.
1208 433 1242 451 20
1271 424 1300 450 {it
1319 433 1402 458 quum
1421 424 1512 451 sonam
1532 424 1611 451 latam
1631 425 1779 452 cubiculari
1794 425 1865 452 lecto
1878 425 2101 460 circumdcdlss'ct‚
2120 419 2230 469 eiushue

1170 461 1250 488 t'oll‘ae
1266 461 1402 486 tramitum
1418 460 1554 494 ponticulo
1569 460 1658 494 ligneo
1672 462 1856 493 coniunxill'ct,
1877 469 1923 489 etc.
1955 462 2030 490 Adde
2043 463 2112 491 Suet.
2119 468 2191 496 Caes.
2206 478 2229 496 21

1171 503 1195 523 ct
1208 495 1306 522 Catull.
1321 503 1359 530 ¹7>
1375 504 1385 527 3
1413 497 1498 522 Crura
1513 497 1644 530 ponticuli
1658 498 1752 524 ast-ulis
1766 497 1865 525 stantis.
2206 496 2214 502 ⁴

1213 537 1228 558 p
1240 538 1259 555 τ’)
1269 537 1288 555 Ν
1302 536 1324 557 Τ
1340 538 1347 555 1
1360 539 1374 557 ι,
1387 537 1412 561 F,
1434 531 1464 557 is.
1482 541 1508 558 n.
1543 532 1653 567 Aliquid
1661 536 1736 568 ponti
1743 535 1835 568 Jnmle,
1848 533 2002 570 compat‘lum
2014 543 2044 561 cx
2055 534 2165 562 roboreis
2176 543 2231 565 axi-

1349 603 1352 606 .
1576 569 1668 603 Veget.
1691 569 1805 596 Mulom.
1828 578 1854 603 t,
1868 573 1914 603 56,
1933 579 1950 597 2
1972 570 2056 597 Dabit
2074 579 2183 606 operam
2203 582 2232 601 vt

1170 603 1264 631 stratus
1279 603 1390 636 pontilis
1403 603 1527 633 emineat,
1538 603 1676 638 ipsumque
1689 604 1719 631 lit
1732 614 1786 631 non
1801 614 1833 632 cx
1849 605 1978 632 mollibus
1994 606 2075 641 lignis
2094 621 2141 627 —
2161 616 2233 635 com-

1169 638 1283 675 paelum.
1328 639 1398 665 Nam
1419 638 1470 664 hoc
1490 647 1570 671 genus
1589 640 1654 674 ligni
1676 649 1809 674 equorum
1827 642 1936 677 vngulae
1957 658 2003 664 -
2021 643 2146 670 obdurat.
2172 644 2232 672 add.

1169 677 1188 703 s.
1203 683 1233 702 22
1254 676 1317 707 on
1330 674 1402 700 facio
1418 674 1444 699 in
1458 674 1555 708 pontili
1569 674 1648 702 strato
1665 677 1840 704 collocentur.
2119 689 2121 691 ¹

1204 717 1220 737 P
1230 717 1249 737 ο
1261 716 1281 735 Ν
1295 715 1316 735 '1'
1328 717 1358 741 Ο,
1379 712 1448 736 bnis.
1468 719 1503 736 in.
1541 710 1709 747 [πορθμεῖον]
1747 713 1888 745 Pomones,
1921 715 2023 748 Nanos,
2053 714 2125 742 uibus
2136 717 2164 742 in
2178 720 2234 744 tra-

980 745 1039 772 Cic.
1055 753 1104 780 pro
1134 745 1284 782 15iiciemlis
1298 744 1413 771 amnibus
1422 747 1474 771 loco
1484 750 1598 780 pontium
1607 750 1710 773 utimur.
1748 748 1851 775 Paullus
1864 749 1891 775 in
1904 750 1922 775 l.
1932 750 1978 777 vlt.
1988 751 2019 776 D.
2047 761 2060 777 c
2069 752 2160 778 seruit.
2169 751 2234 780 rust.

1167 782 1257 819 praed.
1291 781 1415 808 Flumine
1435 781 1632 808 interueniente
1652 783 1694 808 via
1707 784 1832 810 constitui
1849 785 1940 819 potest,
1953 786 1970 812 Γι
1985 794 2030 812 aut
2043 787 2112 814 vado
2125 787 2235 816 transiri

1168 818 1262 855 potest,
1275 824 1319 844 aut
1333 823 1441 852 pontem
1454 816 1533 843 habet
1543 837 1551 849 ‚
1563 817 1717 851 diuersum,
1738 819 1755 845 ti
1771 821 1934 853 pontonibus
1948 822 2108 850 traiieiatur.
2156 824 2233 853 Caes.

1168 856 1197 882 B.
1206 855 1266 882 Ciu.
1275 863 1298 887 3,
1310 862 1340 887 29
1356 854 1498 885 Pontones‚
1507 853 1578 888 quod
1585 853 1622 880 est
1630 862 1712 887 genus
1720 856 1828 882 nauium
1836 857 2009 890 Gallicarum,
2017 858 2083 890 Lyffi
2092 859 2234 895 relinquit.

1208 897 1224 918 Ρ
1236 896 1346 917 ONTO
1357 896 1428 916 Niv
1440 896 1474 920 Μ,
1496 889 1514 915 i.
1534 898 1561 915 n.
1599 889 1676 916 Idem.
1733 890 1825 918 lfidor.
1842 901 1888 924 19,
1907 901 1916 918 1
1938 893 2112 926 Pontonlum,
2126 895 2234 931 nauigi-

1166 936 1212 954 um
1226 925 1364 952 fluminale
1379 924 1484 952 tardum
1499 932 1525 951 et
1541 934 1639 960 graue,
1654 925 1725 960 quod
1740 936 1794 953 non
1808 927 1856 954 niti
1870 928 1987 962 remigio
2000 931 2126 965 progredi
2138 931 2233 966 potest.

1166 999 1188 1025 Α
1200 970 1215 990 Ρ
1225 969 1276 1003 0·N
1287 968 1338 988 TA
1349 967 1372 987 Τ
1384 967 1419 987 IC
1429 967 1449 987 V
1459 968 1484 987 M
1493 981 1502 994 ,
1525 962 1545 988 i.
1571 970 1598 988 n.
1640 961 1772 998 Vectigal,
1792 963 1859 999 quod
1873 967 1902 990 in
1914 968 2005 1000 pontis
2023 965 2130 1001 transitu
2145 967 2233 996 datur.

1191 1007 1300 1025 munan-
1354 1006 1373 1023 1.

1205 1041 1221 1061 P
1231 1041 1280 1062 ΟΝ
1290 1007 1400 1064 T⁵1⁵A13,
1419 1041 1504 1059 arum.
1525 1033 1545 1059 f.
1584 1032 1755 1069 Infidaefimt
1767 1037 1796 1060 in
1807 1037 1874 1061 mari
1890 1035 1986 1071 Tusco,
2007 1043 2036 1064 υτ
2046 1037 2142 1073 scribit
2164 1039 2233 1067 Plin.

1165 1080 1189 1104 3,
1201 1072 1220 1096 6
1245 1069 1288 1097 Ab
1301 1068 1343 1096 his
1358 1068 1428 1095 vltra
1443 1068 1580 1096 Tiberina
1598 1069 1666 1096 ostia
1686 1070 1714 1096 in
1733 1071 1865 1102 Antiano,
1884 1071 1994 1106 Astura,
2014 1082 2077 1101 mox
2090 1075 2233 1110 Palmaria,

1166 1105 1288 1138 Sinonia,
1301 1111 1328 1132 et
1342 1104 1483 1131 aduersum
1500 1105 1623 1131 Formias
1639 1107 1759 1133 Pontiae.

1207 1146 1483 1172 rowrmvrvs,
1509 1141 1563 1168 vid.
1584 1148 1693 1168 Pons.

1203 1184 1220 1204 Ρ
1231 1184 1283 1205 οΝ
1294 1183 1316 1203 Τ
1326 1184 1335 1203 1
1347 1182 1365 1203 c
1377 1183 1397 1204 v
1406 1184 1435 1209 s,
1448 1177 1477 1211 ,i.
1504 1185 1540 1203 m.
1584 1178 1663 1203 Poeta
1681 1177 1797 1213 quidam,
1816 1181 1860 1214 qui
1872 1178 1901 1205 cie
1915 1178 1974 1206 bello
1991 1181 2108 1208 Thebano
2115 1181 2232 1219 fi·ripfit‚

1165 1220 1196 1241 υτ
1213 1213 1283 1241 docet
1302 1214 1421 1248 Propert.
1444 1221 1465 1245 1,
1486 1220 1514 1248 7,
1534 1221 1554 1239 1.
1610 1213 1693 1240 Ouid.
1709 1214 1796 1241 Trist.
1816 1225 1852 1249 4,
1873 1217 1918 1248 1‘0,
1937 1224 1971 1250 47
1995 1217 2118 1244 Ponticus
2137 1218 2234 1252 heroo,

1167 1251 1258 1278 Battus
1271 1257 1381 1285 quoque
1395 1248 1481 1275 clarus
1496 1247 1604 1281 iambis,
1628 1249 1724 1276 Dulcia
1738 1251 1878 1277 conuictus
1891 1251 2011 1279 membra
2024 1253 2099 1280 fuere
2113 1255 2176 1281 mei.

1204 1294 1222 1314 P
1233 1294 1252 1313 O
1267 1293 1288 1313 N
1302 1292 1323 1313 T
1336 1285 1348 1312 f
1360 1291 1376 1311 F
1387 1292 1404 1312 E
1416 1291 1452 1317 X,
1473 1285 1528 1311 l'cis.
1554 1281 1590 1311 11⁴1.
1627 1285 1816 1321 [staupum-0165,
1833 1285 1974 1323 ἆρχιερεύς,
1995 1288 2121 1324 ἱεροίρχα]
2158 1292 2233 1319 Sacer

1165 1321 1347 1360 magistratus,
1379 1324 1398 1348 i.
1411 1321 1498 1357 fixerit
1510 1321 1664 1357 peragendis
1672 1320 1831 1357 pracfefius,
1848 1330 1878 1349 υτ
1889 1324 1959 1359 apud
1977 1325 2053 1351 Varr.
2070 1325 2102 1351 de
2116 1326 2147 1352 L.
2158 1326 2190 1352 L.
2203 1336 2235 1361 4,

1169 1367 1195 1392 ις
1213 1361 1252 1386 ait
1271 1357 1415 1389 Scaeuola,
1440 1365 1453 1383 a
1475 1358 1547 1383 i’oss‘e
1565 1364 1591 1383 et
1605 1358 1703 1384 Facere
1723 1357 1824 1384 diHus:
1843 1359 1898 1390 vel,
1923 1366 1953 1385 vt
1970 1363 2008 1386 ait
2022 1361 2073 1396 ‘Pfi'
2094 1362 2198 1394 Varro,
2217 1370 2234 1388 a

1167 1396 1265 1422 Ponte:
1286 1394 1350 1429 quia
1364 1392 1500 1420 sublicius
1517 1402 1583 1428 pons
1595 1395 1610 1419 a
1624 1393 1797 1428 pontificibus
1810 1394 1895 1421 fa&us
1908 1394 1946 1421 est
1960 1395 2089 1430 primum,
2099 1402 2125 1423 et
2136 1397 2236 1425 deinde

1166 1430 1315 1458 restitutus.
1351 1432 1379 1457 A
1400 1430 1470 1456 Poss‘e
1491 1436 1514 1455 ct
1535 1430 1632 1456 Facere
1651 1429 1753 1457 den-inat
1767 1430 1910 1464 Scaeuola,
1944 1434 1987 1458 uia
2002 1435 2042 1458 ius
2061 1433 2116 1459 illis
2128 1440 2184 1460 erat
2189 1434 2235 1470 Ja-

1165 1466 1309 1502 crtficandi.
1344 1466 1442 1493 Facere
1455 1469 1518 1491 enim
1530 1465 1599 1500 apud
1608 1472 1718 1499 veteres,
1739 1466 1888 1502 Sacrificare
1899 1477 1910 1493 e
1935 1487 1942 1493 .
2003 1469 2129 1495 Varronis
2143 1476 2235 1504 etymo-

1165 1504 1258 1540 logiam
1268 1501 1362 1538 probat
1374 1502 1481 1537 Dionys.
1497 1502 1582 1528 Hauc.
1600 1503 1619 1529 l.
1633 1512 1648 1528 2
1661 1509 1690 1538 p.
1704 1511 1744 1534 132
1752 1522 1762 1535 ,
1775 1512 1817 1538 37.
1844 1503 1890 1530 vbi
1902 1506 1978 1530 etiam
1992 1503 2020 1530 de
2034 1503 2114 1539 officio
2128 1504 2235 1541 Pontifi-

1356 1538 1436 1565 Nobis
1443 1539 1513 1574 satis
1526 1540 1576 1564 erit
1588 1547 1617 1564 ex
1636 1538 1698 1564 Liu.
1713 1547 1731 1570 1,
1745 1547 1777 1565 20
1787 1542 1927 1574 praecipua
1936 1539 2058 1575 po'ficaeſje:
2077 1540 2235 1569 Pontificem

1167 1575 1263 1602 deinde
1276 1575 1396 1602 Numam
1410 1577 1460 1605 (an
1473 1573 1601 1606 Numa3)
1622 1575 1766 1607 Marcium,
1779 1575 1865 1601 Marci
1878 1574 1965 1602 filium
1979 1584 2011 1602 ex
2024 1577 2145 1611 patribus
2159 1577 2235 1612 legit,

1168 1611 1248 1647 eique
1261 1611 1330 1638 sacra
1341 1610 1434 1637 omnia
1446 1610 1577 1644 exscripta
1591 1610 1775 1646 exfignataque
1789 1611 1924 1643 attribuit,
1945 1611 2044 1646 quibus
2058 1613 2161 1644 hostiis,
2173 1614 2236 1648 qui-

1168 1648 1217 1674 bus
1231 1647 1335 1679 diebus,
1348 1646 1381 1673 ad
1394 1654 1462 1681 quae
1476 1646 1576 1680 templa
1590 1647 1659 1672 sacra
1673 1646 1783 1679 flerent,
1797 1653 1877 1681 atque
1891 1647 1961 1673 vnde
1975 1649 2004 1674 in
2016 1657 2061 1674 eos
2075 1649 2176 1675 sumtus
2190 1658 2235 1684 pe-

1168 1684 1247 1710 cunia
1267 1689 1432 1717 erogaretur.
1488 1682 1600 1708 Caetera
1615 1691 1725 1717 quoque
1738 1682 1830 1708 onmia
1853 1682 1962 1716 publica
1981 1684 2140 1718 priuataque
2163 1685 2237 1711 sacra

1167 1719 1305 1746 Pontificis
1320 1718 1393 1744 scitis
1409 1717 1538 1743 subiecit:
1569 1723 1598 1743 vt
1611 1718 1688 1749 esset,
1708 1726 1762 1752 quo
1783 1719 1934 1743 consultum
1955 1718 2046 1752 plebes
2062 1720 2183 1752 veniret,
2200 1729 2235 1747 ne

1168 1754 1236 1788 quid
1253 1753 1344 1779 diuini
1358 1753 1441 1783 iuris,
1458 1751 1619 1785 negligendo
1631 1753 1730 1786 patrios
1749 1753 1817 1779 ritus
1831 1753 2040 1788 peregrinosque
2057 1755 2236 1789 adsciscendo,

1167 1788 1331 1816 turbaretur.
1368 1788 1427 1814 Nec
1447 1786 1569 1813 caelestes
1584 1787 1667 1814 modo
1681 1788 1874 1820 caerimonias,
1894 1788 1937 1815 sed
1954 1788 2020 1816 iusta
2035 1799 2146 1826 quoque
2158 1792 2236 1818 fune-

1168 1825 1236 1857 bria,
1251 1823 1447 1860 placandosque
1460 1824 1564 1856 Manes,
1576 1828 1607 1849 vt
1620 1823 1692 1850 idem
1708 1824 1831 1850 Pontifex
1847 1825 1984 1851 edoceret:
2010 1835 2131 1862 quaeque
2143 1827 2237 1862 prodi-

1167 1863 1210 1898 gia
1222 1862 1386 1889 fulminibus
1408 1859 1500 1887 alioue
1519 1868 1575 1895 quo
1595 1860 1654 1886 viso
1669 1859 1742 1886 missa
1763 1861 1958 1894 susciperentur
1975 1868 2055 1897 atque
2070 1870 2236 1891 curarentur.

1170 1901 1264 1934 Nempe
1273 1902 1380 1935 ponitur
1388 1897 1513 1924 Pontifex
1519 1894 1673 1933 simpliciter
1682 1903 1731 1931 pro
1740 1897 1869 1923 Pontifice
1881 1897 2013 1930 Maximo,
2029 1905 2059 1925 υτ
2071 1906 2096 1926 et
2109 1899 2169 1926 Liu.
2178 1908 2202 1932 2,
2210 1909 2237 1929 2..

1166 1935 1231 1972 quod
1243 1935 1356 1970 obstruat
1364 1936 1408 1961 ΕΖ.
1419 1935 1512 1969 Spanh.
1528 1934 1640 1961 Toma.
1655 1941 1748 1969 P··‘.¹·24·
1785 1932 1833 1959 Sed
1839 1933 1982 1966 videndum,
1989 1944 2022 1960 an
2030 1944 2055 1960 eo
2063 1942 2170 1970 tempore
2183 1939 2236 1963 iam

39 2000 42 2004 ,
79 1977 96 1997 Ρ
107 1978 126 1998 O
135 1979 156 1998 N
167 1979 192 2004 s,
210 1972 309 2006 pontis.
331 1980 366 1998 m.
404 1971 539 2006 [γεφύρας]
575 1972 623 1997 Per
635 1970 700 2006 quod
711 1969 788 2005 super
802 1980 880 2006 aquas
893 1969 1037 2003 tranfimm.
1074 1972 1104 1997 A
1160 1973 1249 2007 plures
1273 1973 1358 1998 'uerint
1366 1970 1524 1997 Pontifices?
1560 1970 1642 1996 Dion.
1651 1971 1738 1997 Halic.
1754 1976 1778 2004 p.
1788 1976 1838 2001 132,
1851 1975 1880 2001 35
1901 1969 2036 2004 Pontifices
2045 1971 2141 2005 quidem
2154 1982 2169 1998 a
2178 1973 2235 1998 Nu-

40 2007 147 2035 Pendeo
158 2007 264 2039 dicitur,
278 2007 344 2042 quod
355 2008 434 2033 veluti
445 2010 474 2032 in
487 2010 544 2032 ac're
552 2006 669 2041 pendeat.
706 2006 774 2032 Plin.
787 2011 801 2036 8
805 2026 828 2067 Ψ]
838 2015 850 2038 3
873 2005 1002 2032 Territos
1016 2005 1101 2040 spatio
1109 2015 1141 2039 50
1164 2016 1204 2032 ma
1216 2009 1254 2046 in]
1267 2009 1346 2032 ituros
1353 2013 1480 2037 memorat,
1481 2005 1529 2041 sed
1534 2014 1582 2031 non
1590 2008 1636 2036 ita,
1644 2013 1674 2032 υτ
1674 2004 1767 2038 statim
1778 2007 1866 2040 plures
1872 2003 1954 2041 fursse
1960 2005 2137 2042 intelligamus.
2155 2007 2237 2043 Apud

41 2043 135 2078 procul
147 2043 236 2077 pontis
249 2051 264 2069 a
275 2043 430 2068 continente
444 2042 573 2076 porreeli,
585 2047 614 2067 vt
627 2041 679 2067 sese
696 2041 809 2076 longinq
830 2041 902 2066 itatis
917 2040 1102 2067 aestimatione

42 2079 179 2112 fallerent,
192 2079 298 2105 auersos
310 2077 440 2104 retrorsus
453 2076 507 2108 isse,
528 2075 557 2101 de
570 2076 716 2111 elephantis.
809 2076 920 2110 Ignotus
936 2085 1003 2110 pons
1024 2076 1101 2110 Virg.

42 2115 143 2149 Georg.
160 2122 183 2147 3,
197 2118 240 2149 78.
310 2112 443 2148 Lapideus
464 2112 539 2139 Cu'rt.
553 2119 575 2145 5,
595 2120 616 2144 1,
636 2120 676 2145 29.
781 2111 1025 2143 Naumachiarius,
1045 2112 1100 2139 vid.

42 2158 156 2178 NAVIS.
227 2149 323 2176 Saxeus
344 2150 443 2177 Lucan.
452 2158 480 2183 4,
489 2155 523 2180 ις.
596 2147 702 2174 Solutus
720 2147 902 2175 Claud.Cons.
912 2148 984 2175 Hon.
997 2158 1026 2183 4,
1034 2157 1100 2182 404.

40 2187 244 2215 Interfluentem
256 2185 319 2212 vrbi
332 2184 465 2212 Tiberim
486 2189 567 2219 ponte
585 2184 717 2210 commitit
737 2184 757 2210 F
760 2183 810 2210 lor.
824 2193 845 2217 1,
865 2194 893 2218 4,
907 2192 929 2210 2.

1001 2184 1102 2211 Adiun-
1108 2196 1137 2222 55·
1164 2185 1243 2221 plebe
1251 2194 1344 2212 omnes
1351 2185 1546 2219 adlegerentur.

1165 2042 1276 2068 Liuium
1286 2045 1372 2077 prima
1379 2041 1455 2077 forte
1467 2050 1548 2068 eorum
1556 2044 1648 2078 mentio
1662 2051 1691 2075 4,
1706 2052 1716 2073 3
1737 2042 1826 2067 Sinon
1838 2041 1869 2068 ad
1878 2041 1970 2074 fastos,
1982 2050 2036 2067 non
2050 2041 2083 2068 acl
2098 2051 2236 2070 commen-

1164 2078 1246 2104 tarios
1254 2076 1415 2112 pontificum
1422 2076 1601 2104 admittimur.
1638 2077 1733 2104 Secihic
1740 2077 1916 2113 intelliguntur
1926 2079 2014 2113 plures
2024 2077 2166 2105 Pontifices
2174 2080 2234 2107 Ma-

1166 2112 1501 2150 xilnljucceJJbresalsm—um
1509 2113 1564 2140 alii.
1606 2113 1668 2140 Liu.
1681 2122 1719 2146 10,
1733 2116 1750 2140 6
1769 2117 1845 2140 Anno
1864 2114 1894 2141 V.
1910 2114 1936 2140 C.
1954 2122 2006 2148 452
2024 2115 2117 2148 Quum
2133 2115 2171 2141 IV
2184 2124 2234 2142 au·

1165 2159 1260 2184 gui-es,
1285 2151 1323 2177 lv
1336 2148 1476 2184 pontifices
1498 2158 1529 2175 ea
1551 2149 1702 2184 tempestate
1721 2150 1814 2181 essent,
1837 2165 1884 2170 —
1904 2157 2020 2184 quatuor
2040 2151 2181 2186 pontifices
2196 2151 2233 2178 de

1600 2185 1639 2211 Id.
1652 2194 1696 2218 22,
1704 2193 1735 2220 57
1756 2186 1896 2212 Minoi-um
1909 2186 2069 2213 Pontificum
2082 2191 2232 2214 mentionem

39 2223 118 2258 gitur
135 2228 162 2249 et
180 2222 334 2248 continetur
352 2221 463 2256 angusto
482 2226 564 2256 ponte
582 2228 641 2254 pars
660 2220 754 2254 oppidi
775 2220 831 2247 Cic.
847 2220 924 2247 Verr.
944 2229 973 2255 4,
988 2228 1025 2261 ιι]
1044 2229 1104 2253 c.52
1159 2221 1388 2258 facit,hocmodo:
1412 2222 1443 2248 L.
1457 2221 1590 2248 Cantilius
1604 2221 1689 2248 scriba
1703 2221 1854 2254 Pondficis,
1868 2231 1935 2257 quos
1949 2231 2018 2248 nunc
2031 2223 2150 2250 minores
2164 2224 2231 2250 Pon-

41 2266 107 2286 extr.
178 2256 325 2284 Confistere
344 2257 444 2284 crebris
468 2256 594 2291 pontibus
616 2256 691 2290 Virg.
708 2256 806 2290 Georg.
819 2265 847 2289 4,
864 2264 909 2291 27.
981 2257 1037 2283 Cic.
1051 2265 1102 2291 pro

42 2295 120 2323 Rosc.
129 2295 220 2322 Amer.
234 2302 281 2320 100
294 2302 316 2320 c.
329 2300 356 2326 35
380 2292 476 2320 Habeo
487 2293 568 2319 etiam
585 2291 682 2323 dicere,
696 2301 776 2327 quem
791 2298 883 2319 contra
900 2301 1005 2319 morem
1018 2293 1103 2319 maio-

41 2340 120 2364 rum,
138 2331 273 2357 minorem
284 2329 360 2357 annis
373 2329 509 2364 sexaginta
530 2328 562 2355 de
577 2334 659 2363 ponte
671 2329 701 2354 in
712 2328 842 2355 Tiberim
857 2328 1001 2355 Deiecerit.
1044 2328 1104 2355 Vid.

41 2372 256 2394 υΕΡοΝΤΑΝῙ.
334 2366 483 2392 Diffoluere
504 2365 573 2400 Nep.
590 2373 614 2396 2,
634 2372 656 2397 ς,
671 2373 690 2391 1.

41 2411 120 2438 agros
142 2402 242 2428 Lucan.
256 2410 283 2436 4,
297 2410 354 2436 ¹40.
461 2400 618 2428 Disturbare
630 2406 722 2435 pontes
741 2400 844 2427 Aucior
858 2400 890 2427 ad
902 2401 1019 2427 Herenn.
1037 2410 1053 2432 1,
1069 2410 1104 2428 21.

32 2440 140 2468 facere
152 2444 262 2472 pontem
281 2438 338 2468 Cic.
352 2437 476 2464 inVatin.
490 2445 526 2465 21.
586 2437 657 2471 Nep.
671 2445 692 2470 1,
705 2445 728 2470 3,
743 2445 763 2463 ι.
819 2437 903 2464 Plane.
913 2437 944 2463 acl
960 2438 1014 2463 Cic.
1029 2438 1102 2464 Fam.

43 2479 81 2507 io,
94 2482 131 2506 23·
201 2475 344 2509 Imponere
367 2474 454 2500 fluuio
468 2479 576 2508 pontem
603 2473 679 2499 Curt.
695 2481 716 2505 ς,
735 2482 762 2506 ι,
778 2481 821 2505 29.
899 2473 995 2499 Indere
1008 2480 1103 2508 pontes

45 2510 134 2538 Tacit.
144 2510 211 2537 Ann.
226 2518 264 2540 12,
273 2518 313 2545 57.
386 2509 501 2537 Inilcere
514 2515 633 2544 pontem,
652 2508 706 2535 vid.
727 2515 735 2534 1
747 2515 768 2534 N
778 2515 787 2534 1
797 2515 807 2534 1
817 2516 833 2535 c
843 2515 853 2534 1
863 2515 892 2535 o.
965 2509 1103 2544 Interrupi

43 2551 145 2583 ponteS,
158 2555 225 2581 quos
239 2546 355 2572 feceram
375 2546 461 2572 Plane.
475 2544 509 2572 ad
516 2545 573 2572 Cic.
588 2545 661 2571 Fam.
677 2553 760 2578 ¹0³23·

41 2588 99 2610 tem
117 2591 133 2610 a
153 2588 229 2617 tergo
254 2581 329 2608 Idem
344 2581 377 2608 de
393 2582 487 2616 Legib.
508 2590 534 2614 2,
554 2590 583 2608 10
602 2590 624 2608 c.
638 2590 665 2615 4.
756 2582 870 2614 Iungere
883 2587 964 2615 ponte
977 2581 1104 2614 fluuium,

43 2620 134 2647 fluuio
142 2625 241 2654 pontem
253 2621 375 2653 imponere
392 2618 468 2644 Curt.
481 2625 502 2651 ς,
522 2626 545 2650 3,
559 2625 586 2652 7.
675 2616 780 2643 Ludere
794 2624 875 2654 ponte
894 2624 991 2651 magno
1016 2617 1104 2644 Catul.

45 2658 83 2684 18,
96 2661 115 2679 1.
186 2653 346 2680 Rescindere
364 2654 435 2688 Nep.
452 2662 473 2686 1,
485 2662 505 2685 3,
518 2663 544 2686 4.
615 2653 756 2680 Reucllere
770 2659 862 2687 pontes
885 2653 978 2679 Claud.
995 2653 1023 2679 in
1032 2652 1102 2680 Ruff.

44 2698 66 2721 ι,
76 2697 138 2724 270.
212 2689 295 2723 Rupti
309 2689 474 2716 torrentibus
487 2695 580 2724 pontes
599 2689 733 2723 Quinctil.
749 2697 776 2721 z,
792 2697 825 2721 13.
903 2689 1106 2716 Transmittere

44 2725 146 2752 flumen
158 2730 239 2759 ponte
257 2724 324 2751 Plin.
338 2725 384 2760 Ep.
399 2730 422 2756 8,
441 2731 464 2755 8.

44 2759 67 2799 ff
90 2770 102 2788 2
139 2759 207 2788 Pons
224 2759 390 2787 mendicorum
401 2759 501 2793 statio,
519 2760 548 2787 ob
559 2761 742 2798 frequentiam.
806 2762 900 2787 quen.
919 2761 970 2787 Sat.
994 2771 1039 2794 14,
1060 2770 1106 2796 134

44 2793 177 2826 inuitatus
191 2795 223 2823 ad
239 2795 303 2823 haec
315 2795 412 2831 aliquis
425 2795 456 2822 de
469 2802 558 2831 ponte.
595 2797 614 2823 i.
633 2806 657 2824 e.
681 2796 820 2824 Mendicus
835 2806 840 2821 z
866 2806 929 2840 (ἥξω
945 2797 1061 2824 mendici
1075 2798 1104 2824 in

45 2833 136 2870 pontis
149 2832 247 2859 itinere
259 2831 357 2863 sedent,
369 2839 399 2859 υτ
413 2839 517 2858 annotat
529 2839 600 2858 vetus
612 2831 776 2860 Scholiastes.
796 2832 866 2868 conf.
885 2838 936 2860 bat.
950 2842 979 2866 4,
993 2836 1036 2860 116
1056 2834 1105 2860 Di-

5 2876 11 2887 ·
47 2878 147 2904 rusque
160 2877 176 2895 a
187 2873 268 2903 ponte
282 2868 391 2899 satelles,
411 2868 513 2903 Dignus
526 2869 649 2895 Aricinos
663 2870 711 2904 qui
726 2868 889 2895 mendicaret
903 2869 933 2900 ad
948 2878 1018 2896 axes.
1072 2870 1102 2896 1n

782 2364 939 2391 Distendere
953 2370 1061 2398 pontem
1075 2365 1105 2392 in
1112 2366 1148 2391 60

1159 2473 1287 2501 'Tabulis
1308 2473 1426 2508 plurima
1444 2474 1481 2500 est
1501 2473 1670 2508 antiquitatis
1688 2472 1788 2508 effigies
1814 2474 1872 2501 Cic.
1889 2476 1918 2501 in
1937 2476 2014 2502 Orat.
2035 2484 2086 2508 193.

830 2545 1023 2571 Imerscindere
1036 2554 1104 2579 pon·
1118 2547 1149 2579 63

555 2725 663 2752 Vellere
682 2730 792 2759 pontem
816 2725 890 2758 Vir-g.
910 2725 975 2751 Aen.
996 2733 1024 2757 κ,
1044 2728 1149 2760 65o.70

1165 2258 1249 2284 tisices
1268 2257 1412 2293 appellant.
1470 2257 1512 2283 Ad
1530 2257 1671 2284 Pontifices
1692 2257 1779 2284 habita
1799 2258 1938 2284 Ciceronis
1965 2259 2053 2285 oratio
2081 2268 2129 2295 pro
2148 2260 2232 2286 domo

1165 2294 1210 2320 sua
1231 2300 1278 2320 etc.
1376 2293 1433 2320 Cic.
1450 2295 1502 2320 Att.
1521 2302 1556 2327 4,
1576 2302 1589 2319 2
1621 2292 1747 2320 Calendis
1765 2293 1894 2321 Ofitobris
1913 2294 2026 2321 habetur
2046 2296 2154 2322 Senatus
2179 2296 2232 2323 fre-

1167 2339 1268 2364 quens,
1305 2329 1469 2356 adhibentur
1498 2337 1592 2355 omnes
1626 2328 1784 2364 pontifices,
1816 2331 1864 2365 qui
1897 2337 1971 2358 erant
1997 2331 2151 2364 Senatores,
2184 2339 2234 2360 etc.

1167 2366 1293 2393 Praesunt
1317 2365 1396 2391 sacris
1418 2364 1572 2399 pontifices,
1601 2365 1726 2400 auspiciis
1745 2374 1858 2400 augures
1896 2367 1952 2394 Cic.
1975 2366 2007 2394 de
2027 2368 2090 2394 Nat.
2111 2369 2192 2394 Deor.
2212 2377 2234 2402 1,

1169 2411 1225 2436 ¹24·
1244 2421 1246 2423 r
1299 2400 1452 2427 Sacerdotes
1473 2401 1521 2427 alxi
1534 2400 1605 2428 diuis
1617 2402 1692 2434 aliis,
1712 2402 1837 2428 omnibus
1850 2402 2006 2437 pontifices,
2025 2403 2133 2438 lingulis
2147 2403 2235 2430 flami-

1167 2447 1214 2464 nes
1228 2438 1306 2464 sunm
1333 2438 1389 2464 Cic.
1405 2437 1437 2464 de
1456 2437 1550 2472 Legib.
1572 2445 1602 2469 2,
1622 2447 1662 2464 20.
1753 2439 1784 2464 In
1805 2438 1964 2473 pontificum
1983 2439 2061 2465 libris
2078 2446 2104 2466 et
2126 2440 2155 2466 in
2173 2448 2234 2467 ΧΠ

2164 2476 2235 2502 Coe·

1875 2511 1953 2538 Libri
1973 2511 2132 2546 pontificum
2157 2512 2234 2539 Idem

1538 2546 1595 2573 Cic.
1616 2555 1666 2581 pro
1685 2547 1775 2573 Domo
1794 2555 1821 2579 31
1851 2547 1879 2574 Si
1912 2548 1988 2574 cuius
2019 2547 2091 2574 forte
2125 2548 2235 2583 pontifi-

1169 2582 1206 2609 cis
1225 2581 1347 2608 animum
1367 2581 1458 2617 (quod
1477 2588 1552 2608 certo
1563 2582 1618 2608 scio
1631 2583 1712 2610 aliter
1724 2583 1789 2614 effe)
1808 2591 1867 2609 mea
1887 2584 2015 2610 sententia
2034 2583 2161 2617 offendit,
2178 2584 2236 2611 alio

1169 2617 1252 2644 modo
1264 2617 1294 2644 fit
1306 2617 1497 2644 constituturus
1512 2624 1557 2644 aut
1573 2617 1605 2645 de
1619 2618 1762 2653 Religione
1775 2619 1944 2652 pontificum,
1956 2626 2001 2646 aut
2013 2619 2045 2646 de
2059 2620 2171 2654 Republ.
2187 2627 2235 2647 etc.

1168 2654 1276 2690 Secures
1295 2652 1468 2688 pontificum,
1492 2654 1579 2689 quibus
1598 2654 1737 2681 caeduntur
1756 2653 1859 2688 Hostiae
1892 2657 1960 2682 Hor.
1975 2656 2064 2683 Carm.
2084 2664 2115 2688 3,
2135 2664 2176 2688 23,
2197 2664 2232 2682 12.

1168 2690 1258 2716 Dicite
1270 2689 1420 2724 pontifices,
1434 2690 1463 2716 in
1475 2690 1549 2717 sacro
1564 2690 1630 2725 quid
1644 2691 1708 2718 facit
1721 2700 1816 2717 aurum
1842 2692 1910 2718 Pers.
1923 2700 1954 2724 2,
1968 2693 2011 2724 69.
2081 2691 2143 2718 Liu.
2157 2700 2182 2724 3,
2199 2699 2234 2726 54

1167 2725 1297 2753 Pontifice
1310 2727 1431 2752 maximo
1444 2726 1555 2753 comitia
1567 2726 1684 2754 habente
1697 2727 1822 2754 tribunos
1843 2727 1929 2762 plebis
1945 2734 2103 2754 creauerunt
2115 2729 2234 2761 Romani,

1168 2762 1233 2799 quod
1239 2761 1324 2798 paullo
1337 2769 1396 2788 ante
1408 2765 1447 2788 ito
1465 2766 1612 2790 enuntiatur
1633 2762 1742 2790 facium
1759 2763 1873 2796 SCtum‚
1897 2769 1926 2789 vt
1944 2764 1980 2797 Q
1993 2763 2089 2790 Furius
2107 2763 2234 2798 pontifex

1168 2798 1302 2825 maximus
1315 2798 1440 2825 tribunos
1454 2798 1488 2833 pl.
1502 2806 1612 2826 crearet.
1703 2800 1838 2826 Maximus
1853 2799 1976 2833 pontifex
1988 2799 2113 2826 Metellus
2132 2800 2234 2835 viginti

1167 2843 1194 2861 et
1205 2833 1272 2861 duos
1285 2843 1368 2861 annos
1382 2835 1408 2861 ei
1421 2835 1570 2862 sacerdotio
1587 2834 1704 2869 praefuit
1729 2835 1784 2860 Cic.
1798 2834 1830 2861 de
1843 2835 1943 2862 Sene&
1964 2844 2002 2867 30.

1204 2877 1220 2896 P
1230 2878 1249 2897 O
1262 2877 1283 2897 N
1296 2876 1318 2896 T
1329 2878 1338 2896 1
1350 2876 1367 2897 F
1379 2877 1388 2895 1
1398 2876 1415 2896 C
1424 2873 1474 2897 ᾹΤ
1485 2878 1503 2897 V
1514 2878 1527 2897 S
1536 2891 1544 2902 ‚
1571 2870 1609 2896 1'1s.
1636 2879 1672 2896 lu.
1715 2869 1912 2906 [αἶρχιερωσύνη]
1954 2869 2088 2906 Ponti—'ficis
2107 2871 2233 2908 dignitas,

1169 2519 1219 2537 uae
1238 2509 1398 2544 pontificum
1424 2511 1493 2536 Hor.
1514 2511 1604 2537 Carm.
1621 2519 1648 2541 2,
1669 2518 1715 2544 14,
1732 2515 1772 2540 28.

1169 2546 1251 2580 Epist.
1273 2554 1304 2578 2,
1331 2554 1357 2577 1,
1384 2548 1427 2572 26.

45 2905 196 2935 Sublicium
216 2911 325 2939 pontem
347 2913 389 2931 me
410 2903 540 2937 transfer,
559 2910 585 2931 et
598 2904 669 2931 inter
683 2910 787 2939 egentes
800 2904 877 2939 abige
893 2916 898 2931 :
933 2915 988 2932 non
1015 2911 1104 2933 tamen
1118 2909 1150 2939 75
1159 2905 1398 2946 ficut'Confidatus.
1434 2922 1436 2925 ν
1455 2906 1512 2932 Cic.
1526 2906 1558 2932 de
1566 2906 1659 2940 Arusp.
1669 2906 1745 2946 Resp3
1759 2911 1785 2936 18
1800 2915 1821 2933 c.
1833 2915 1851 2939 9
1875 2906 1933 2941 Qui
1946 2907 2021 2934 statas
2035 2908 2232 2942 sollemnesque

30 2940 110 2968 'ideo
123 2950 167 2968 me
182 2940 336 2975 despiciam,
349 2940 422 2976 quod
436 2941 464 2966 in
478 2940 590 2967 illorum
603 2949 717 2967 numero
727 2940 865 2972 consideo,
889 2942 937 2976 qui
949 2934 1058 2969 manuffi
1072 2941 1105 2968 ad

46 2977 141 3013 stipem
155 2979 296 3012 porrigunt
319 2977 377 3003 Sen.
395 2976 427 3003 de
441 2976 504 3003 Vita
516 2975 592 3003 beata
611 2985 633 3003 c.
653 2984 694 3009 25.
785 2977 826 3003 Sic
838 2977 891 3004 tibi
906 2977 991 3004 bonus
1006 2986 1038 3004 ex
1059 2984 1105 3003 tua

47 3021 113 3049 pons
126 3011 240 3040 libidine
254 3012 315 3046 fiat,
340 3014 465 3040 Coloniam
477 3013 600 3049 alloquens
626 3012 713 3039 Catul.
733 3020 779 3047 17,
797 3022 817 3044 5.
975 3011 995 3051 ἦ
1014 3022 1027 3045 3
1066 3012 1104 3039 Ob

40 3047 232 3085 ..similitudinem
238 3049 342 3086 formae
358 3050 399 3075 υιἸ
411 3049 483 3090 usus,
503 3048 613 3084 diuerfize
627 3058 667 3075 res
680 3049 745 3075 aliae
754 3049 842 3076 Pontis
855 3048 1042 3085 appellationem
1061 3058 1106 3074 na-

49 3083 103 3122 ξὶαε
110 3085 174 3122 fiant
187 3095 194 3111 .·
219 3092 249 3112 υτ
267 3086 334 3112 Pons
347 3086 388 3112 ille
407 3085 596 3116 comitiorum,
609 3084 637 3110 de
651 3093 697 3120 quo
712 3083 777 3117 festi
789 3092 812 3111 et
831 3086 954 3112 Varronis
968 3083 1107 3113 audierim·
1120 3089 1153 3115 80
1169 3084 1268 3111 talibus
1281 3085 1341 3111 iure
1353 3084 1493 3119 pontificio
1509 3090 1535 3111 et
1547 3093 1622 3112 more
1635 3085 1778 3113 maiorum.

16 3153 17 3156 Ἴ
51 3123 89 3150 f&
118 3121 258 3158 oficimusin
271 3127 481 3148 DEPONTANI.
520 3122 673 3156 Hospontes
686 3120 720 3147 ad
730 3120 1107 3157 transeundumfaHos‚suadet

51 3157 80 3189 fl'p
91 3184 97 3190 ‚
139 3167 231 3189 nomen,
245 3164 269 3184 et
289 3158 396 3184 Sueten.
411 3158 485 3184 Caes.
499 3163 563 3187 c.80
591 3157 717 3184 Cuno‘mti
737 3161 863 3184 coniurati
882 3164 971 3184 vtrum
985 3157 1062 3183 illum
1076 3156 1106 3183 in

51 3195 142 3228 (ᾶῶῥο
154 3202 200 3228 per
213 3194 323 3221 comitia
337 3193 424 3220 tribus
435 3194 468 3220 ad
484 3193 605 3228 suffragia
613 3198 752 3237 vocgitem
761 3193 880 3227 partibus
894 3193 984 3220 diuitis
999 3202 1013 3220 e
1026 3199 1106 3228 ponte

52 3225 203 3260 deiicerent,
215 3235 294 3264 atque
306 3236 444 3265 exceptum
458 3229 630 3257 trucidarent.
683 3229 790 3256 Mobiles
797 3229 891 3266 fuzſje,
909 3236 1013 3266 apparet
1026 3239 1055 3255 ex
1075 3230 1106 3255 A.

51 3261 86 3288 ad
97 3262 214 3304 Herenn.
226 3274 245 3296 1,
257 3274 285 3292 21
297 3275 319 3292 c.
340 3274 369 3292 12
385 3266 428 3293 vbi
441 3267 527 3302 Coepa'o
539 3266 642 3302 impedit
655 3268 757 3292 comitia
772 3266 919 3297 Saturnini,
944 3266 1038 3292 Pontes
1056 3265 1109 3298 dis-

54 3297 159 3329 turbat,
177 3299 249 3335 cistas
267 3301 370 3328 delicit.
424 3303 479 3329 Hos
496 3303 592 3329 Pontes
613 3302 657 3329 lex
677 3301 764 3328 Maria
782 3302 845 3329 fecit
857 3302 978 3337 angustos
1003 3301 1059 3328 Cic.
1074 3301 1107 3327 de

52 3333 134 3368 Legg·
148 3342 171 3366 32
185 3339 212 3367 38
224 3344 246 3362 c·
258 3344 287 3371 17
305 3343 350 3370 υτ,
363 3336 452 3370 credo,
465 3338 518 3374 fiili
532 3346 581 3375 prr
594 3340 664 3365 illum
676 3338 849 3374 transeuntes,
862 3339 973 3365 tabellam
982 3338 1029 3373 suo
1041 3337 1109 3364 arhi-

50 3376 133 3402 τνατιι,
145 3373 238 3396 tremine
251 3373 299 3398 alio
311 3373 463 3405 arbitrante,
475 3373 581 3411 deligere
590 3373 696 3411 postem,
711 3383 783 3410 quam
795 3374 892 3401 vellent.
937 3375 1003 3401 Nam
1015 3372 1106 3409 oppost-

50 3412 105 3434 aeam
116 3405 246 3432 ambitioni
255 3407 319 3434 hanc
331 3410 408 3445 legem
419 3411 459 3435 ait
473 3409 564 3437 cicero.
599 3412 719 3438 Conuenit
724 3410 815 3447 figura
829 3413 857 3437 in
878 3413 958 3437 numis
967 3430 975 3442 ‚
1006 3409 1035 3436 dc
1052 3412 1108 3445 qui-

8 3445 21 3449 *
52 3441 99 3468 bus
112 3441 240 3476 Spanhem.
254 3441 310 3476 diffi
326 3454 351 3470 ιο
358 3452 387 3480 p.
401 3454 454 3480 19²·

9 3485 16 3491 ⁴
52 3476 309 3517 Clodianae‘pontes
322 3486 497 3515 occuparant;
516 3480 627 3509 tabellae
638 3482 867 3515 ministrabantur,
887 3483 925 3509 ita
937 3488 964 3508 vt
978 3481 1050 3508 nulla
1062 3481 1108 3508 da-

52 3519 144 3546 retur,
163 3514 211 3540 Vti
224 3522 312 3548 rogaS.
347 3515 439 3543 Pontes
461 3517 516 3550 (ait
529 3517 629 3544 Paullus
637 3520 771 3546 Manutius
778 3519 806 3545 ds
819 3520 877 3555 Leg.
886 3520 955 3545 Rom.
969 3528 985 3553 9
981 3518 1002 3551 )
1021 3517 1109 3554 quibus

53 3548 128 3583 cistae
135 3549 322 3586 fiffragiorum
329 3550 540 3587 superimpositae.
581 3554 672 3581 Pontes
682 3558 765 3596 igitur
785 3560 938 3591 occuparunt
953 3561 1040 3588 operae
1055 3554 1109 3580 Clo-

52 3584 156 3618 dianae,
175 3592 205 3612 υτ
222 3595 250 3611 ex
270 3588 320 3618 iis,
341 3595 402 3622 quas
418 3588 508 3614 vellent
523 3587 626 3615 tabellas
636 3589 793 3627 suffragium
805 3592 912 3623 laturis,
925 3587 1108 3623 monstrarent,

55 3630 98 3648 eas
115 3624 215 3658 inquam
235 3621 373 3653 duntaxat,
405 3631 465 3658 quae
495 3623 631 3660 inscriptae
649 3625 737 3659 effem,
769 3627 818 3653 Vti
847 3636 933 3658 rogas.

15 3682 17 3686 ,
30 3693 33 3695 Α
54 3656 122 3697 Ifast'.
134 3665 164 3690 ς,
178 3659 229 3691 634
253 3659 312 3685 Pars
325 3663 415 3692 putat,
431 3664 462 3685 vt
476 3659 577 3686 ferrent
589 3659 697 3687 iuuenes
711 3662 832 3698 suffragia
845 3655 895 3689 soli
924 3660 1051 3688 Pontibus
1066 3661 1107 3688 in-

55 3695 146 3720 urmes
158 3694 337 3729 praecipitasse
352 3694 431 3721 senes.
485 3695 569 3727 Pons,
593 3698 637 3721 υἰιι
654 3705 773 3733 aggerata
788 3706 812 3725 et
829 3699 955 3735 lapidtbus
968 3695 1106 3730 constrato,

51 3734 156 3764 propter
164 3730 308 3767 paludosum
315 3730 406 3767 fialam.
463 3730 577 3757 Caecina
593 3732 726 3763 monitus,
741 3741 834 3768 pontes
852 3736 914 3768 long
934 3743 945 3760 s
959 3741 1039 3768 quam
1053 3742 1106 3760 ma-

54 3764 169 3791 turrime
180 3765 311 3799 superare.
347 3765 469 3801 angustus
488 3766 510 3792 is
527 3771 640 3799 trama,
662 3767 743 3794 vastas
763 3769 833 3798 inter
847 3771 907 3806 palu
927 3778 967 3800 es,
982 3776 1008 3795 et
1020 3778 1105 3803 quon-

1131 3268 1160 3297 85
1204 3271 1462 3298 PONTIFICIA,
1482 3275 1571 3292 orum.
1591 3275 1618 3292 n.
1655 3267 1694 3292 Pl.

1168 2942 1355 2973 caerimonias,
1367 2940 1533 2975 pontificatu,
1546 2948 1592 2968 etc.
1613 2942 1748 2969 contineri
1757 2948 1928 2977 putauerunt.
1952 2944 2012 2971 Vid.
2027 2951 2049 2970 ct
2063 2943 2230 2970 νεὼ-,Μαι

1169 2980 1196 3010 6,
1210 2987 1235 3010 9,
1250 2985 1282 3009 13.
1321 2977 1391 3003 Vell.
1408 2985 1433 3009 2,
1447 2984 1489 3009 59,
1502 2985 1524 3009 3.

1206 3019 1251 3039 Po
1264 3018 1285 3038 N
1299 3018 1504 3043 T1Ftc1vs‚
1524 3022 1556 3045 a,
1575 3021 1630 3039 um.
1666 3012 1728 3039 Adi.
1776 3013 1851 3050 de
1868 3011 1901 3048 est
1916 3013 2056 3050 pontificis.
2118 3013 2175 3040 Cic.
2197 3013 2231 3040 de

1169 3048 1233 3076 Nat.
1248 3048 1329 3075 Deor.
1346 3058 1368 3081 3,
1379 3057 1412 3082 43
1433 3047 1543 3075 Docebo
1557 3048 1671 3075 meliora
1684 3058 1727 3075 me
1739 3048 1858 3077 didicisse
1872 3046 1904 3077 de
1917 3049 2035 3075 colendis
2049 3048 2101 3074 diis
2118 3050 2231 3077 immor-

1820 3087 1904 3120 quue
1922 3094 1981 3111 cum
2003 3085 2093 3111 multis
2111 3086 2172 3112 aliis
2189 3094 2231 3112 re-

1168 3120 1233 3153 bus,
1255 3127 1312 3147 tum
1332 3129 1346 3147 e
1359 3120 1500 3155 ponriticio
1514 3121 1588 3153 iure,
1603 3126 1629 3147 et
1643 3122 1814 3148 caerimoniis
1826 3121 2005 3155 sepulcrorum
2020 3121 2137 3155 intelligi
2156 3121 2232 3150 licet.

1170 3158 1246 3183 Idem
1261 3157 1290 3183 in
1309 3158 1383 3184 Brut.
1403 3160 1438 3190 96
1465 3157 1567 3183 Audiui
1583 3157 1654 3183 enim
1675 3167 1761 3192 nuper
1779 3157 1909 3189 studiose,
1931 3163 1957 3183 et
1974 3156 2130 3191 frequenter
2147 3157 2232 3191 Sanni,

1170 3202 1252 3228 quum
1271 3202 1303 3219 ex
1324 3202 1356 3220 eo
1375 3193 1417 3219 ius
1438 3193 1556 3220 nostrum
1575 3193 1762 3228 pontificium,
1783 3202 1836 3228 qua
1852 3201 1884 3219 ex
1904 3198 1978 3227 parte
1998 3201 2058 3218 cum
2076 3193 2135 3219 iure
2149 3194 2232 3222 ciuili

1169 3229 1345 3256 coniunc‘lum
1360 3230 1435 3261 esset,
1450 3230 1548 3256 vellem
1563 3231 1730 3264 cognoscere.

1746 3264 1819 3290 Libri
1835 3263 1971 3299 pontificii.
2043 3264 2098 3290 Cic.
2116 3263 2149 3290 de
2165 3265 2230 3293 Nat.

1168 3302 1249 3328 Dcor.
1269 3311 1295 3334 1,
1314 3307 1343 3335 85
1371 3301 1474 3328 Deinde
1488 3303 1628 3329 nominum
1642 3309 1697 3326 non
1714 3307 1823 3334 magnus
1837 3308 1962 3326 numerus
1981 3308 2015 3326 ne
2034 3299 2063 3326 in
2081 3301 2232 3335 pontificiis

1169 3338 1278 3373 quidem
1292 3337 1398 3370 nostris,
1412 3338 1524 3365 deorum
1537 3345 1626 3364 autem
1641 3335 1854 3363 innumerabilis.

1209 3381 1223 3401 Ρ
1234 3381 1253 3401 0
1264 3382 1284 3401 N
1294 3380 1314 3399 Τ
1325 3382 1334 3400 1
1347 3380 1364 3400 F
1376 3382 1385 3400 1
1395 3379 1412 3400 C
1422 3381 1431 3399 1
1443 3381 1461 3400 v
1473 3381 1509 3406 M,
1534 3374 1553 3400 i.
1573 3382 1599 3398 n.
1637 3373 1686 3398 Pro
1701 3373 1757 3398 Iure
1773 3379 1798 3398 ct
1808 3369 1928 3406 potestate
1938 3370 2068 3407 faciendi.
2125 3372 2196 3402 Gen.
2211 3383 2232 3407 1,

1171 3418 1195 3442 13
1215 3410 1280 3437 Sunt
1297 3410 1370 3436 enim
1383 3419 1438 3437 non
1453 3410 1545 3445 pauci,
1560 3408 1608 3443 qui
1622 3407 1777 3449 sentcntiffin
1795 3408 1866 3434 suam
1880 3407 1909 3434 in
1921 3415 1974 3433 vna
1986 3413 2059 3441 parte
2074 3406 2232 3444 defixerint,

524 3447 562 3472 De
575 3446 616 3473 his
636 3447 694 3474 Cic.
709 3448 763 3489 Ag.
780 3455 806 3480 ι,
825 3455 850 3479 13
876 3448 994 3481 Operae,
1011 3448 1107 3481 inquit,
1114 3453 1150 3479 90
1170 3452 1196 3473 et
1208 3455 1237 3472 re
1252 3446 1331 3473 semel
1344 3446 1451 3477 statuta,
1472 3446 1673 3478 deliberataque
1685 3444 1719 3470 ab
1731 3452 1775 3473 eo,
1792 3443 1868 3469 euius
1881 3443 2020 3477 negotium
2036 3442 2064 3470 id
2075 3465 2083 3478 ‚
2098 3446 2231 3481 pontifici.

1170 3491 1270 3518 umque
1289 3483 1365 3515 esset,
1384 3489 1551 3517 nequaquam
1572 3480 1739 3514 putatum-int,
1759 3485 1851 3506 contra
1870 3479 2058 3518 dicim-lmus
2078 3482 2231 3510 faciendum

1170 3520 1227 3545 effe.
1300 3518 1382 3553 Qlod
1402 3517 1511 3553 quidem
1532 3516 1592 3542 fieri
1611 3521 1736 3550 oportere
1748 3515 1903 3548 consentio,
1924 3513 1968 3541 sed
1985 3523 2044 3544 mm
2057 3524 2181 3552 eatenus,
2201 3525 2231 3546 vt

1169 3554 1341 3588 pontificium
1361 3561 1436 3581 tuum
1454 3554 1481 3579 in
1501 3552 1596 3578 damna
1613 3552 1700 3578 nostra
1723 3551 1863 3585 protendas
1895 3551 2048 3584 Symmach,
2067 3555 2113 3589 Ep.
2136 3562 2168 3589 7,
2189 3562 2230 3588 27.

1171 3592 1246 3618 Pater
1261 3591 1304 3618 hic
1318 3591 1385 3618 duos
1401 3589 1470 3615 filios
1484 3588 1593 3619 habuit,
1612 3587 1761 3614 conditoris
1775 3587 1917 3622 pontificio
1928 3610 1937 3622 ‚
1958 3599 2014 3616 non
2028 3590 2174 3618 neceffimte
2188 3599 2230 3625 ge.

1024 3626 1146 3661 Ouid.93
1169 3628 1287 3654 net-antis
1313 3628 1368 3654 Pet.
1382 3625 1539 3659 Chrysolog.
1552 3625 1634 3651 Serm.
1647 3632 1670 3657 5.
1711 3623 1770 3650 Vid.
1781 3625 1860 3650 lrcrct.
1874 3623 1911 3651 ad.
1923 3627 2020 3659 symm.
2039 3627 2057 3653 l.
2071 3636 2094 3654 c.
2137 3627 2229 3654 Barth.

1167 3664 1461 3726 Adil’doli'ng'frlioissmlit.
1474 3701 1520 3727 18,
1539 3704 1562 3722 e.
1593 3694 1654 3722 Adi.
1691 3694 1766 3730 Qud
1780 3694 1814 3736 acl
1829 3696 1977 3734 pontificem
1992 3701 2112 3733 pertinet.
2160 3696 2229 3723 Vnde

1167 3735 1332 3762 Pontificales
1347 3732 1421 3765 libri,
1435 3735 1462 3758 in
1477 3731 1564 3767 quibus
1572 3731 1661 3767 fixeras
1675 3734 1841 3759 cucrimonmc
1854 3734 2146 3770 continentum-[sporum
2158 3733 2228 3758 chro-

1170 3774 1227 3797 nica
1238 3780 1320 3798 rerum
1331 3767 1463 3805 gestarum,
1476 3769 1519 3808 'qni
1532 3770 1606 3793 etiam
1620 3767 1774 3797 vocabantur
1792 3769 1870 3796 Libri
1885 3771 1925 3797 vel
1941 3769 2128 3797 commentarii
2142 3766 2226 3802 ponti-

55 3798 117 3826 dam
129 3808 144 3826 a
161 3800 192 3827 L.
204 3801 327 3836 Domjtio
340 3808 492 3837 aggeratus:
519 3808 621 3828 caetera
635 3802 744 3836 limosa,
757 3807 855 3833 tenacia
871 3813 947 3841 graui
962 3813 1049 3835 coeno
1060 3806 1257 3839 etc.100flcum‚
1278 3812 1301 3832 et
1316 3804 1420 3831 annales
1433 3804 1560 3829 maximi:
1580 3803 1632 3830 uid.
1647 3803 1705 3830 Cic.
1721 3803 1755 3832 de
1762 3803 1837 3832 Orat.
1850 3814 1871 3838 1,
1885 3814 1937 3838 193.
1957 3813 1981 3832 et
1995 3815 2018 3837 2,
2033 3814 2068 3838 52.
2105 3803 2176 3829 Idem
2193 3801 2225 3826 dc

54 3835 125 3862 Tac.
139 3835 207 3862 Ann.
217 3845 241 3876 .¹’
254 3839 295 3871 63,
307 3848 326 3872 4
339 3839 393 3874 seq.
1002 3840 1106 3867 Multae

53 3879 130 3897 ’tanes
150 3871 275 3905 pontibus
294 3874 404 3906 stratae,
421 3875 498 3909 super
517 3882 581 3908 quas
600 3878 733 3900 tormenta
747 3875 920 3909 veherentur,
940 3877 1016 3903 simul
1029 3883 1106 3910 aptae

53 3905 173 3968 seren?
183 3907 259 3941 equis
272 3916 317 3936 aut
329 3910 490 3938 commeatui
510 3909 585 3936 Idem
598 3909 666 3936 ibid.
680 3918 712 3942 2,
727 3912 760 3942 6,
779 3920 799 3943 3.
853 3913 953 3947 Diuerfi
968 3913 998 3939 ab
1014 3912 1070 3944 his,
1082 3918 1107 3939 et

46 3941 136 3978 fialar
153 3951 177 3968 m
196 3943 315 3977 quoddam
327 3945 408 3979 instar
421 3947 528 3978 habent,
548 3945 577 3972 dc
596 3945 684 3981 quibus
703 3945 778 3980 Virg.
794 3947 858 3977 Aen.
873 3959 919 3983 ιο,
936 3954 980 3979 288
1001 3949 1107 3975 Interea

54 3978 156 4005 Aeneas
175 3977 261 4006 socios
278 3979 312 4007 de
330 3982 464 4018 puppibus
482 3982 541 4010 altis
562 3980 691 4009 Pontibus
716 3982 832 4018 exponit.

470 3837 597 3864 Tabulata
609 3841 711 3864 nauium
723 3839 815 3868 Pontes
827 3849 958 3869 vocantur.

1169 3843 1233 3878 Leg.
1250 3852 1270 3874 1,
1284 3843 1309 3868 6.
1345 3841 1406 3866 Liu.
1424 3850 1452 3872 4,
1467 3848 1489 3871 3.
1511 3846 1534 3865 et
1553 3841 1579 3871 6,
1592 3847 1611 3866 1.
1649 3841 1771 3868 Macrob.
1788 3841 1838 3868 Sat.
1852 3850 1874 3874 3,
1888 3850 1902 3868 2
1921 3849 1986 3869 extr.
2028 3838 2091 3872 Ιῒαῖἷ
2109 3838 2136 3862 de
2157 3834 2225 3868 Hist.

1170 3880 1227 3905 Lae.
1240 3889 1260 3909 ι,
1274 3887 1293 3903 ι,
1373 3875 1526 3901 Auctoritas
1545 3876 1707 3910 pontificalis
1734 3877 1789 3903 Cic.
1803 3877 1836 3904 de
1852 3877 1945 3911 Legib.
1959 3887 1984 3907 2.
1997 3886 2023 3910 52
2043 3885 2063 3900 c.
2078 3882 2109 3899 2¹·
2178 3873 2226 3898 (ἶὸ-

1170 3921 1216 3948 put
1236 3911 1388 3948 pontificale
1412 3910 1567 3946 polluerunt
1587 3912 1765 3948 inter-seffora
1782 3913 1896 3949 Caesaris
1921 3913 2003 3940 Ouid.
2026 3909 2088 3936 [3ίῖ-
2113 3916 2142 3939 3⁷
2165 3910 2226 3942 706-

1170 3952 1272 3976 Coenas
1290 3947 1470 3982 pontific-alca,
1491 3949 1549 3974 ol1m
1568 3949 1724 3985 appellabant
1736 3949 1894 3985 sumtuosas,
1907 3953 2083 3985 opiparasqht's
2108 3943 2229 3980 Ati'qtffld

923 3986 1020 4012 Ianuae
1038 3992 1105 4020 pons
1115 3992 1160 4018 105
1167 3985 1257 4013 alludit
1281 3985 1350 4011 Hor.
1367 3985 1455 4010 Carni.
1470 3992 1495 4015 2,
1510 3993 1550 4018 14,
1565 3989 1596 4015 28

1368 4020 1430 4047 61]
1467 4028 1483 4046 2
2197 4013 2228 4039 Ῑῗῐ
