2517 4231
67 176 164 220 1077
469 168 498 209 P
581 167 615 209 R
694 168 734 210 O
1590 170 1621 212 P
1701 170 1734 211 R
1814 175 1851 216 O
2156 191 2250 233 1078

1692 237 1699 249 l

67 246 184 292 probare
205 256 338 292 Qxineul.
352 265 371 288 1,
386 265 424 284 ιο.
530 258 683 286 ttuicftatis
702 257 771 286 illud
788 261 845 284 erat
857 255 965 297 planum
984 256 1071 284 facere
1088 261 1129 285 at·
1187 266 1238 317 pro
1250 258 1403 296 Caccln.71.
1440 273 1449 279 ι·
1511 260 1617 288 Sumtus
1637 260 1789 297 probabilis
1827 262 1933 297 leian.
1948 266 1976 294 in
1991 269 2009 296 l.
2022 264 2091 304 apud
2104 271 2209 298 Celsum
2224 271 2249 305 6.

89 300 121 319 ue
135 292 249 327 probare
268 295 373 322 Lucret.
387 302 409 324 2,
423 301 478 326 932.
584 295 643 322 Plus
656 295 727 321 Iusto
747 293 860 328 probare
874 292 979 328 aliquid
994 293 1075 331 ,Ouid
1093 302 1127 320 ex
1189 294 1217 321 :i
1232 294 1322 322 minor
1336 297 1368 322 D.
1383 295 1416 322 de
1427 294 1485 322 doli
1497 298 1562 324 mali
1575 299 1740 333 exceptione.
1851 299 1909 325 Cic.
1922 302 1953 333 de
1967 304 2085 334 linteum
2124 311 2150 332 ’4
2187 304 2250 334 vrb.

89 334 144 355 ΟΜ·
159 337 186 369 9,
200 338 227 362 9,
239 335 263 360 8-
342 330 433 369 Exitus
447 328 513 357 Λὲἱι
525 330 622 365 probat
644 330 718 357 Idem
730 328 810 368 Epist:
827 336 854 360 2,
869 333 906 363 85.
984 328 1067 364 Culpa
1079 338 1127 356 nec
1190 329 1281 358 babile
1294 338 1383 358 autem
1395 331 1431 358 etl·
1445 331 1490 364 id,
1515 333 1587 368 qnod
1604 334 1662 361 fere
1675 333 1736 361 fieri
1749 332 1830 366 solet,
1851 340 1895 360 aut
1909 338 1980 368 qnod
1998 340 2024 365 in
2037 324 2166 376 oph’liszne
2183 344 2252 378 post.

67 372 101 391 ex
121 364 212 398 facili,
244 373 369 400 quamuis
390 366 546 399 manifesta,
578 366 708 401 probatur
750 363 833 390 Ouid.
859 365 950 392 Amor.
981 374 1006 394 2.
1033 375 1056 397 2,
1090 373 1127 399 53.
1192 371 1249 393 tum
1263 368 1310 399 eit,
1334 374 1380 393 aut
1393 367 1466 402 qnod
1482 368 1560 396 habet
1574 369 1601 396 in
1618 370 1643 396 se
1657 369 1689 396 ad
1703 370 1754 397 hoc
1767 368 1900 404 quandam
1915 370 2112 404 litnilitudinem
2157 380 2209 405 nuc
2221 377 2251 405 id

69 397 93 437 fl
111 408 130 434 4
165 400 282 428 Probare
295 404 369 427 etiam
384 399 416 434 2st
431 409 544 435 nutare,
555 406 713 433 examinare,
723 400 848 436 spec-lmen
860 407 953 436 ceptro.
996 402 1037 428 Sax-
1052 402 1129 428 Grac-
1149 405 1163 433 ς
1194 401 1290 427 falstnn
1304 402 1358 435 est,
1377 402 1431 430 fine
1445 412 1547 431 vcrnm.
1655 405 1798 433 Probabile
1817 412 1840 432 et
1854 406 1919 432 Non
1938 407 2076 440 probabile
2117 399 2161 443 [ξμς
2198 415 2251 448 (m-

66 438 125 462 vius
136 438 396 471 interpretaturum!
415 437 471 464 Cic.
485 439 562 465 Verr.
577 446 587 464 1
601 447 622 464 c.
635 446 667 470 30
684 436 719 462 Vt
731 435 857 470 probaret
870 437 1005 471 Apronius
1020 436 1070 463 boc
1083 437 1131 464 tri·
1193 439 1221 463 in
1234 438 1442 473 pratee-dentibus·
1459 441 1598 476 extmplo)
1617 441 1816 476 Iunprobabile3
1852 444 1983 468 contraria
2020 443 2057 470 ld.
2077 432 2155 474 l'xr'ad,
2169 435 2188 483 '4
2216 457 2250 481 ²3·

68 471 163 504 ticum,
178 472 250 506 quod
263 473 289 500 ei
300 473 420 504 dabatur,
435 474 548 508 imperat
563 471 770 509 Agyrinensibus
784 473 891 505 Verres,
910 480 938 500 vt
953 473 980 499 in
994 473 1130 499 medimna
1195 473 1261 499 Non
1276 474 1311 499 ctt
1326 474 1466 508 probabile
1504 476 1541 502 ld.
1556 478 1632 504 verr.
1642 486 1665 507 2,
1680 485 1725 511 154
1746 480 1815 510 c.63.
1926 477 2005 504 Nihil
2018 479 2054 505 est
2073 486 2125 506 tam
2138 471 2251 511 imeri-di.

67 506 166 541 {iugula
179 507 277 536 dentur
289 510 412 544 Apronio
432 517 494 536 iri-S
514 517 575 536 tres.
635 507 709 541 Quid
729 507 765 534 cst
781 507 849 534 hoc?
880 524 927 530 —
961 509 1037 535 muni
1057 516 1130 543 prae·
1192 507 1265 541 bile,
1285 509 1357 544 quod
1378 520 1433 536 non
1452 510 1566 538 dicendo
1581 512 1623 539 tiat
1637 513 1777 547 probabile
1812 512 1850 539 ld.
1866 513 1894 539 in
1909 513 2028 546 Parada,
2043 523 2062 540 1.
2184 522 2252 546 (zm.

67 548 140 572 tcrea
153 544 303 579 exigentur,
316 552 345 572 vt
359 545 489 580 probetur
501 545 683 572 frumentum?
710 544 750 569 An
764 548 868 578 poterat
881 553 936 571 non
949 544 1032 571 inodo
1046 545 1130 578 Apro-
1188 551 1277 579 parat.
1322 546 1494 574 l'robabilior
1512 555 1605 576 orator
1642 549 1699 575 Cic.
1720 549 1752 575 de
1772 550 1846 576 Orat.
1861 558 1876 575 2
1894 559 1916 576 c.
1930 551 1970 582 36.
2085 551 2252 581 l'robabilins

67 578 138 611 nius,
151 579 194 606 sed
207 580 309 616 quiuis,
325 582 460 609 exercitui
470 581 489 608 ss
503 579 670 608 metiundum
685 580 760 612 essct,
775 580 929 615 improbare
942 580 1060 607 Siculum
1075 579 1131 606 t‘rn-
1144 591 1175 612 10
1193 579 1313 607 edictum
1350 581 1420 609 Gell.
1431 591 1474 615 20,
1488 592 1506 609 ι.
1616 585 1706 611 Valer.
1719 586 1790 611 Max.
1805 587 1832 616 6,
1846 593 1861 611 2
1873 592 1913 620 pr.
1950 585 2072 612 Libertas
2086 587 2161 620 vulgi
2183 591 2254 616 auri-

69 622 198 647 memum,
216 617 289 652 quod
301 617 344 644 isti
358 627 389 644 ex
404 626 475 649 area,
488 616 506 643 si
519 614 614 646 vellet,
627 615 752 642 admetiri
766 616 882 643 licebat?
918 616 993 652 Posisi
1005 622 1084 642 tolum
1096 616 1130 642 10-
1194 615 1244 642 bus
1262 616 1375 650 gratior,
1397 626 1477 652 quam
1492 619 1668 653 sapientillimi
1683 621 1813 654 cuiusque
1829 621 1921 647 animo
1936 621 2106 654 probabilior
2118 622 2163 648 etl.

65 659 130 686 cum,
144 658 174 678 ut
186 659 316 688 appareat,
330 653 379 690 sa!
390 655 429 680 itm
443 652 486 686 ςΠέ
500 653 583 678 virum
596 661 720 688 magnum.
774 653 869 692 Aperte
890 655 954 678 enim
973 651 1087 687 probare
1107 656 1131 677 tt
1228 657 1270 677 1²1<
1282 660 1300 678 o
1310 659 1354 679 ΒΛ
1365 660 1425 680 1311.
1437 653 1448 680 f
1458 660 1479 679 Τ
1490 661 1505 680 1:
1517 662 1544 681 κ,
1571 655 1638 681 Adn.
1683 656 1827 691 [πιθαιῶς]
1901 657 1957 684 Cic.
1967 657 1999 684 dc
2007 658 2082 684 Orat.
2092 667 2117 689 2,
2131 666 2177 693 337
2215 659 2256 685 Ad

68 686 225 721 improbare
238 689 281 716 hic
296 695 463 725 opponuntur.
506 688 592 724 Igitur
612 694 640 714 vt
656 688 781 722 probaret
795 692 972 721 trumentum,
987 687 1130 724 *ligur-'jiean
1192 687 1331 715 consilium
1345 695 1432 715 autem
1446 688 1479 714 de
1495 690 1608 723 Republ.
1622 691 1737 718 dandum
1753 697 1829 726 capnt
1844 691 1895 723 cst,
1920 694 1990 720 noll‘e
2006 694 2149 727 Rempubl.
2170 693 2202 720 ad
2216 694 2257 720 di-

66 729 106 754 vt,
118 724 179 750 licet
193 734 242 752 non
257 733 333 761 usquc
346 733 438 761 quaque
450 723 548 756 bomem,
554 730 604 759 pro
617 723 678 750 bozzo
691 732 774 750 tamen
788 732 819 750 ac
829 723 905 758 probo
918 727 1050 759 accqurct.
1088 725 1131 750 In-
1191 723 1306 751 cendum
1323 732 1389 750 vcro
1408 723 1603 758 probabiliter,
1635 728 1706 753 noss'e
1725 736 1813 754 mores
1833 728 1959 754 ciuitatis.
2074 730 2257 757 Probabiliter

65 761 142 793 terim
158 769 243 787 uerum
257 759 305 794 eli,
322 760 389 797 quoti
417 759 540 795 ositimus,
553 766 576 786 ct
589 760 654 796 quoti
664 759 780 795 detrudit
790 757 826 786 ad
838 760 856 785 Ι.
868 768 891 785 c.
913 760 1050 791 Oramus,
1069 761 1172 794 pro-15
1192 759 1246 787 afri
1267 759 1337 786 ratio
1358 759 1435 786 reddi
1454 761 1538 795 potest
1574 761 1612 788 121.
1633 761 1666 788 de
1686 762 1775 789 Finib.
1792 772 1813 793 ς,
1836 769 1873 795 555.
1984 764 2166 793 Probabilivffl·
2189 766 2256 800 quid

66 792 132 822 bare
146 794 189 829 affl*
203 800 352 827 examinare,
362 796 403 828 ae]
415 798 501 822 [marc.
555 796 638 822 Plant.
653 795 738 822 Trin.
758 803 794 828 4,
809 802 841 827 3,
855 803 891 828 42
915 795 1023 830 Quippe
1040 804 1073 821 ex
1087 804 1131 822 eo.
1191 796 1263 832 posse
1284 795 1393 823 defendi
1429 796 1469 822 id.
1487 797 1566 823 Acad.
1581 806 1609 831 4.
1738 800 1824 825 Multa
1841 800 1866 824 in
1888 808 1946 826 eain
1961 807 2060 834 partem
2076 802 2258 835 probabiliter

65 837 127 857 rum
142 831 252 867 ingenio
269 832 407 867 ingenium
422 831 519 858 horum
532 831 656 866 probant.
707 832 739 858 Et
756 831 823 857 Pers.
838 839 864 862 2,
878 838 901 862 2,
915 839 946 862 30
967 832 1034 858 'l'uo
1048 840 1079 858 ex
1091 831 1132 858 in-
1192 837 1392 867 argumentatus
1429 831 1538 864 Liu.33‚
1559 839 1598 863 28.
1708 834 1889 861 Probabiliter
1910 835 2046 863 defensum
2085 838 2125 865 ld.
2146 847 2192 873 42,
2212 843 2256 871 48.

65 867 148 900 genio
161 877 249 896 mores
261 867 360 895 alienos
375 867 479 902 probas.
541 869 647 895 Petron.
661 876 683 893 c.
697 874 732 902 70
754 865 862 893 Cultros
876 866 982 892 Norico
997 867 1072 894 ferro
1085 867 1132 895 sta-
1191 869 1351 896 Consulatus
1367 876 1455 903 neque
1477 869 1573 903 petinis
1594 868 1720 901 honeste,
1738 879 1826 904 neque
1846 870 2025 904 probabiliter
2037 874 2120 908 gestus
2157 876 2257 902 Patere.

66 902 117 930 tim
132 903 200 930 iuffit
211 903 311 937 afferri,
325 903 512 938 inspectosque
525 905 634 931 miratus
650 902 703 935 cst,
721 902 805 929 etiam
825 900 905 928 nobis
918 902 1075 937 potestatem
1091 903 1130 929 fe·
1191 913 1218 937 2,
1231 915 1249 938 4
1269 925 1278 937 ,
1292 913 1312 931 ι.
1430 904 1573 941 Compar-at.
1594 904 1764 932 Probabilius
1777 906 1844 941 apud
1858 906 1946 934 Valer.
1961 908 2097 941 Max.2‚8,
2111 918 2136 936 2.
2161 917 2185 936 et
2197 911 2257 938 Cic.

32 970 33 974 Ἰ
65 938 114 972 tit,
127 946 156 966 vt
168 948 324 967 mucronem
335 939 367 966 ad
383 939 492 966 buccam
504 940 693 974 probaremus:
729 941 748 965 i.
766 945 935 970 tentaremus,
949 947 997 974 quo
1016 939 1088 965 verbo
1101 942 1129 965 ιή
1143 946 1178 965 20
1190 940 1224 967 de
1238 941 1248 966 l
1273 946 1371 967 nent.2
1389 948 1411 965 c.
1425 942 1470 973 46.

62 975 114 1002 tali
124 983 152 1002 re
164 978 248 1003 utitur
269 977 376 1004 Sueton.
391 977 459 1002 Ner.
473 986 495 1002 c.
503 985 549 1009 49.
578 982 602 1002 et
621 975 762 1009 explorare
775 973 885 1001 Othone
900 983 930 1000 ιι.
981 974 1047 1001 Plin.
1063 983 1098 1007 33,
1112 983 1130 1007 9
1230 981 1300 1003 PRO
1314 983 1329 1002 ιι
1339 982 1385 1003 ΑΒ
1395 982 1403 1001 1
1414 983 1430 1002 L
1440 974 1452 1002 ἰ
1463 982 1486 1002 Τ
1498 981 1552 1008 As,
1567 977 1624 1003 fitis.
1651 976 1673 1002 f.
1716 975 1886 1012 [πιθανότης]
1943 978 2001 1005 Cic.
2013 979 2092 1007 Acad.
2102 989 2169 1016 4,7;
2189 991 2256 1018 024

62 1010 86 1036 1:
96 1012 136 1045 46
153 1011 303 1039 Miscentur
314 1021 376 1040 acra
389 1012 469 1039 falsae
485 1017 611 1038 monetae
629 1027 676 1031 --
695 1011 782 1045 Igitur
791 1019 834 1037 ars
847 1009 916 1036 fafia
929 1009 1053 1037 denarios
1067 1018 1129 1045 pro·
1192 1013 1273 1039 Certe
1293 1018 1347 1038 tam
1363 1012 1448 1039 multa
1460 1021 1514 1039 non
1536 1012 1696 1046 collegitsct,
1717 1020 1784 1046 qnae
1797 1021 1845 1038 nos
1859 1013 1982 1041 fallerent
1996 1015 2187 1049 probabilitate
2202 1028 2257 1046 ma-

64 1044 139 1074 bare.
189 1049 223 1074 Ec
241 1056 282 1083 17,
300 1056 312 1082 ς
321 1056 366 1084 pr.
383 1048 503 1075 Terram
516 1056 631 1075 amaram
645 1047 699 1074 fine
712 1055 838 1079 macram,
851 1045 870 1073 ti
883 1047 944 1081 quis
956 1047 1071 1082 probare
1086 1055 1131 1073 ve·
1192 1057 1260 1082 gna,
1279 1048 1328 1074 nili
1342 1047 1446 1074 videret
1467 1048 1509 1075 his
1523 1049 1605 1075 relissi
1620 1057 1674 1074 non
1688 1047 1768 1074 facile
1781 1048 1861 1083 posse.
1969 1051 2093 1086 Captiosa
2107 1055 2258 1088 probabili.-

62 1080 107 1116 lit,
121 1082 302 1111 demonstrant
318 1093 360 1112 eas
373 1089 446 1111 atrae
460 1085 655 1119 degeneresque
673 1082 779 1110 herbae.
829 1082 861 1109 Et
879 1090 926 1116 37.
941 1091 964 1115 13
981 1083 999 1109 s.
1015 1085 1050 1118 76
1071 1083 1130 1109 Nos
1192 1091 1240 1115 tas,
1276 1083 1331 1110 vid.
1345 1084 1501 1118 Captiosns,
1520 1087 1547 1111 in
1563 1091 1579 1112 c
1591 1090 1613 1110 Α
1625 1091 1640 1110 ι)
1651 1092 1658 1109 ι
1669 1091 1698 1110 0.
2243 1092 2246 1096 ’

62 1117 198 1147 rationem
213 1119 430 1155 deprehendendi
441 1120 518 1146 falsas
532 1122 682 1154 (gemmas)
704 1117 943 1145 demonstrabimus
960 1134 1006 1139 —
1027 1119 1130 1146 Trans·
1141 1125 1174 1151 25
1230 1126 1246 1146 P
1258 1125 1277 1146 R
1291 1125 1311 1146 O
1323 1126 1366 1147 Bo
1376 1126 1392 1145 L
1403 1126 1436 1153 E,
1459 1129 1495 1147 es.
1530 1121 1550 1147 f.
1600 1121 1611 1152 [
1624 1117 1732 1155 npoCo>oi
1747 1122 1758 1153 ]
1814 1121 1953 1154 Cognosce
1978 1122 2110 1157 probolen
2135 1126 2257 1155 veritatis

35 1169 44 1174 -
61 1153 181 1183 lucentes
193 1157 328 1184 matutino
343 1156 451 1191 probari
467 1157 572 1185 censent
604 1171 649 1176 -—
688 1155 875 1190 Experimenta
894 1155 1016 1189 pluribus
1042 1154 1130 1182 modis
1191 1156 1313 1183 Tertull.
1326 1155 1428 1185 aducrs.
1443 1158 1518 1183 Prax.
1531 1165 1553 1182 c.
1563 1161 1576 1186 8
1612 1158 1631 1182 ι’.
1645 1154 1825 1190 prolationem
1839 1157 1881 1183 rei
1898 1158 2007 1185 alterius
2024 1168 2055 1185 ex
2070 1160 2168 1194 altera,
2188 1161 2258 1196 ficut

64 1191 190 1219 constant.
228 1194 260 1219 Et
277 1201 315 1226 33,
328 1195 345 1219 6
360 1194 377 1219 s.
409 1200 424 1227 7
445 1192 502 1226 Qii
517 1191 668 1219 adulterant
686 1207 732 1211 —
751 1191 883 1218 Probatur
898 1191 1022 1218 carbone.
1061 1191 1128 1218 Red-
1191 1192 1243 1228 ipse
1262 1191 1299 1218 ibi
1317 1194 1429 1227 exponit.
1519 1191 1642 1219 infinitae
1655 1191 1812 1226 angelorum
1826 1192 1958 1221 editiones
1977 1200 2004 1221 et
2016 1195 2146 1230 probolae
2182 1198 2258 1225 Ter-

63 1226 103 1254 dit
116 1228 198 1259 enim,
210 1228 281 1262 quod
295 1229 387 1256 sinceri
406 1238 424 1255 n
436 1228 473 1254 est
487 1235 533 1255 etc.
591 1230 656 1254 Huc.
669 1226 721 1262 ref.
737 1226 820 1254 Ouid.
834 1235 865 1253 ex
875 1228 950 1254 Pont.
965 1236 987 1260 2,
1000 1237 1022 1260 32
1036 1233 1049 1257 8
1063 1227 1129 1255 Vul-
1191 1228 1250 1255 tull.
1266 1228 1379 1254 Praescr.
1393 1227 1455 1255 adu.
1470 1228 1578 1255 Haeret.
1594 1229 1669 1262 c.46.

62 1271 112 1297 gns
125 1264 256 1292 amicitias
269 1265 385 1292 vtilitate
397 1264 502 1300 probat.
553 1264 593 1291 De
605 1263 658 1299 ipso
666 1263 801 1299 frumento
821 1264 912 1291 Macer
928 1264 946 1290 l.
964 1273 988 1290 ιε
1005 1263 1032 1292 ff.
1052 1263 1085 1290 de
1097 1272 1128 1291 re
1227 1271 1244 1291 P
1253 1270 1272 1291 R
1284 1270 1305 1291 ο
1314 1271 1331 1291 C
1340 1271 1360 1290 A
1370 1284 1378 1296 ,
1391 1264 1416 1300 s.
1429 1269 1444 1290 Ρ
1454 1270 1473 1290 R
1484 1270 1505 1291 o
1517 1270 1534 1290 C
1544 1271 1565 1290 A
1575 1272 1598 1296 s,
1616 1271 1656 1289 ae.
1683 1271 1719 1290 m.
1757 1265 1769 1296 [
1782 1263 1879 1299 Πρόκας
1891 1265 1905 1299 ]
1945 1266 1999 1292 Rex
2011 1267 2144 1301 Albanus,
2176 1275 2256 1305 pater·

62 1299 145 1326 milit.
172 1303 200 1326 in
219 1300 376 1328 tribunorum
395 1299 486 1335 officiis
499 1303 590 1336 ponit,
617 1301 785 1327 frumentum
803 1299 928 1334 probare,
954 1303 974 1326 i.
994 1308 1129 1327 annonam
1139 1307 1174 1332 30
1189 1300 1288 1327 Amulii
1310 1307 1334 1326 et
1349 1302 1502 1332 Numitoris,
1527 1309 1591 1327 auus
1606 1299 1716 1335 proinde
1733 1297 1834 1327 Romuli
1859 1307 1883 1326 ct
1902 1301 1983 1328 Remi.
2037 1303 2092 1329 vill.
2112 1305 2172 1330 Liu.
2192 1314 2212 1337 1,
2234 1314 2257 1338 3.

62 1335 184 1362 militnm
214 1336 358 1372 diligenter
384 1337 530 1371 inspicere,
554 1343 585 1363 vt
603 1335 632 1362 de
656 1345 683 1363 ea
702 1345 729 1362 re
759 1335 896 1371 Lamprid.
916 1335 991 1363 Alex.
1013 1337 1072 1363 Seu.
1092 1343 1127 1370 ις.
1190 1336 1291 1371 Virgil.
1314 1337 1380 1365 Aen.
1395 1338 1423 1369 6,
1443 1338 1497 1372 ’767
1535 1336 1676 1366 Proximus
1697 1334 1743 1362 ille
1763 1336 1873 1368 Procas,
1896 1337 2039 1365 Troianae
2057 1339 2144 1372 gloria
2162 1341 2258 1374 gentis.

62 1371 143 1407 Vulg.
158 1373 198 1398 lo.
213 1381 249 1404 ω,
264 1381 292 1406 19
312 1373 379 1408 Iuga
392 1372 477 1401 boum
489 1372 609 1408 quinque
622 1372 687 1405 emi,
701 1378 727 1398 et
741 1380 774 1399 eo
788 1371 904 1407 probare
919 1372 974 1399 illa.
1012 1373 1128 1400 Hieron.
1191 1372 1273 1400 Ouid.
1288 1373 1404 1407 Met.14,
1417 1375 1465 1400 622
1488 1372 1612 1407 'Iamque
1632 1371 1766 1399 Palatinae
1784 1372 1916 1399 summam
1935 1374 2018 1401 Proca
2038 1375 2123 1408 gentis
2135 1375 2258 1403 habebat.

61 1414 153 1435 contra
168 1409 258 1436 louin.
297 1429 304 1436 .
386 1429 393 1436 .
449 1410 555 1444 Equus,
573 1408 676 1441 asinus,
696 1408 762 1442 bos,
784 1407 934 1443 probantur
948 1407 1036 1443 prius,
1055 1408 1128 1435 etsie
1189 1408 1260 1445 conf.
1275 1407 1314 1435 Id.
1330 1408 1433 1444 Fast.4,
1446 1417 1486 1442 52.
1522 1415 1546 1435 et
1559 1412 1585 1440 6,
1606 1416 1660 1442 ¹43·

60 1449 196 1482 emuntur.
244 1446 273 1472 Et
285 1444 320 1478 lic
333 1445 446 1480 Vulgata
456 1444 554 1481 paffim,
571 1451 602 1471 vt
622 1454 631 1471 1
645 1445 709 1472 Cor.
725 1453 760 1477 ιι,
773 1449 811 1475 28-
839 1451 862 1471 et
883 1453 899 1471 2
911 1443 974 1472 Cor.
987 1453 1021 1478 13,
1036 1452 1057 1479 ς.
1077 1445 1128 1471 Ga-
1227 1451 1243 1471 Ρ
1253 1451 1273 1471 R
1283 1452 1301 1472 ο
1313 1450 1330 1472 C
1341 1451 1391 1472 AC
1403 1453 1413 1472 1
1424 1451 1447 1472 A
1458 1465 1468 1478 ,
1498 1451 1514 1470 P
1525 1452 1543 1471 R
1553 1452 1572 1471 ο
1583 1450 1601 1471 c
1614 1452 1635 1470 A
1645 1449 1664 1470 C
1676 1451 1686 1469 1
1696 1451 1749 1472 TA
1759 1451 1788 1476 s,
1823 1444 1878 1472 vid.
1901 1451 1918 1472 P
1928 1451 1947 1472 R
1957 1451 2005 1474 Oc
2017 1452 2048 1474 0.

60 1480 106 1507 lat.
119 1483 147 1512 6,
158 1491 184 1513 4.
217 1489 226 1507 ι
241 1481 333 1509 Their.
349 1488 372 1514 ς,
386 1490 423 1508 21.
455 1490 465 1507 1
479 1480 538 1508 Ioh.
551 1489 581 1514 4,
594 1489 604 1507 1
617 1487 662 1508 etc.
737 1480 836 1508 Pallad.
849 1481 924 1508 Nou.
943 1488 960 1517 7
970 1501 978 1514 ,
998 1489 1032 1508 22.
1056 1481 1129 1508 Sicut
1145 1487 1174 1514 35
1231 1486 1249 1507 Ρ
1258 1488 1277 1507 R
1289 1486 1309 1507 O
1321 1487 1339 1508 C
1350 1489 1373 1508 A
1382 1489 1398 1508 L
1407 1488 1439 1514 o,
1459 1484 1514 1508 are.
1570 1482 1736 1514 Prouocare,
1760 1489 1793 1507 ex
1809 1482 1913 1508 Graeco
1925 1482 2024 1513 καλεῖν,
2052 1482 2080 1510 id
2097 1482 2134 1510 est
2147 1492 2260 1515 vocare:

27 1529 29 1531 ·
58 1516 174 1552 probaui
190 1517 257 1552 ipse,
275 1521 295 1544 i.
313 1517 502 1553 expertus-fiam.
1191 1516 1263 1544 vnde
1271 1517 1414 1550 Calendae,
1431 1516 1576 1550 calumnia,
1596 1516 1711 1550 calones,
1729 1517 1845 1553 caculae,
1863 1524 1889 1545 ct
1902 1517 2038 1546 calatores.
2110 1521 2261 1554 Procalato,

97 1559 114 1579 Ρ
123 1559 142 1578 R
152 1558 195 1579 03
206 1561 227 1580 A
236 1561 257 1580 N
267 1561 297 1586 s,
318 1553 396 1580 antis.
435 1554 530 1581 Partic.
573 1552 639 1580 Ione
655 1561 711 1580 non
724 1552 855 1588 probante
878 1553 949 1579 Hor.
962 1553 1052 1580 Carm.
1066 1562 1087 1585 ι,
1104 1562 1128 1586 2,
1189 1559 1349 1589 prouocato.
1374 1553 1475 1581 Festus.

63 1595 102 1622 19.
160 1590 235 1616 Idem
251 1589 328 1624 Epist.
342 1598 363 1622 1,
376 1599 398 1620 1,
411 1595 442 1619 82
461 1589 547 1616 Iidem
560 1589 651 1616 eadem
666 1589 769 1623 potsunt
787 1588 884 1616 horam
899 1589 996 1616 durare
1015 1589 1130 1624 proban·
1228 1596 1243 1615 P
1254 1597 1272 1616 R
1283 1595 1303 1616 ο
1316 1595 1368 1617 CA
1380 1595 1396 1617 P
1408 1596 1454 1622 is,
1509 1590 1654 1624 Progenies
1673 1597 1742 1624 quae
1761 1588 1795 1616 ab
1814 1598 1869 1616 vno
1889 1590 1977 1625 capite
1995 1590 2118 1626 procedit
2154 1591 2262 1619 Paullus

60 1626 118 1652 tes?
155 1625 269 1660 Vulgata
284 1626 334 1652 Ier.
353 1634 392 1660 ι7,
408 1635 437 1652 ιο
456 1626 589 1652 Dominus
602 1625 719 1652 scnitans
737 1624 818 1652 corda
839 1632 866 1652 et
877 1625 992 1659 probans
1005 1635 1091 1653 renes.
1190 1628 1219 1653 in
1231 1625 1317 1652 Festo.
1425 1625 1604 1661 Prmapibus,
1623 1626 1758 1661 proximis
1773 1625 1853 1652 Glois.
1867 1626 1961 1655 isidor.

98 1667 114 1686 r
126 1666 146 1686 R
158 1668 177 1688 o
188 1668 204 1687 B
213 1668 233 1687 A
245 1668 267 1687 N
278 1668 296 1688 D
306 1669 327 1688 v
335 1669 348 1688 s
359 1682 367 1694 ,
387 1670 412 1694 a,
433 1671 487 1688 um.
523 1662 620 1689 Partic.
657 1660 835 1696 [δοκιμαςέος]
872 1662 945 1688 Caes.
954 1661 1018 1690 Bell.
1026 1661 1094 1688 Gall.
1106 1665 1174 1695 ;,40
1229 1669 1245 1689 P
1254 1669 1273 1689 R
1282 1669 1301 1690 o
1311 1667 1330 1690 c
1340 1668 1362 1688 A
1370 1669 1383 1690 s
1391 1681 1400 1694 ,
1435 1662 1490 1690 vid.
1506 1667 1520 1688 1²
1531 1668 1552 1689 R
1563 1669 1582 1688 0
1592 1670 1609 1689 c
1618 1670 1650 1689 A.

62 1704 103 1730 44
118 1698 205 1730 Qiem
218 1697 307 1724 locuni
321 1697 475 1732 probandae
490 1697 601 1725 virtutis
613 1703 673 1724 tuae
687 1697 838 1732 exspectas?
893 1698 979 1724 Causa
992 1697 1129 1733 probanda
1227 1704 1244 1724 P
1254 1705 1300 1725 Ro
1309 1705 1326 1726 C
1334 1706 1358 1725 A
1366 1705 1379 1725 S
1388 1704 1410 1724 T
1418 1705 1439 1725 R
1448 1706 1458 1724 1
1468 1705 1490 1725 A
1499 1718 1509 1731 ,
1544 1697 1599 1724 vid.
1619 1704 1633 1724 P
1645 1703 1692 1724 Ro
1701 1704 1719 1724 C
1729 1704 1768 1724 Es
1778 1703 1799 1723 T
1809 1703 1830 1724 R
1839 1704 1849 1723 1
1859 1704 1893 1724 A.

63 1732 148 1760 Ouid.
163 1733 228 1760 Fasl.
243 1735 268 1766 6,
288 1736 350 1760 266.
393 1734 491 1761 Forma
504 1733 640 1769 probanda
653 1733 743 1768 operis
769 1733 845 1760 Idem
857 1733 945 1760 Trist.
959 1742 983 1766 3,
999 1742 1031 1766 11,
1045 1742 1093 1768 44.
1228 1740 1244 1759 Ρ
1253 1741 1326 1765 Roc
1335 1742 1358 1761 A
1367 1741 1398 1766 x,
1419 1734 1481 1760 acis.
1537 1732 1592 1759 vid.
1614 1739 1628 1758 Ρ
1637 1738 1657 1758 R
1669 1738 1691 1758 0
1700 1739 1759 1764 co,
1777 1740 1832 1758 are.

100 1774 116 1794 Ρ
125 1775 142 1796 R
154 1776 174 1796 O
183 1771 285 1796 ΒᾸΤν
295 1777 318 1802 s,
337 1779 360 1800 a,
382 1780 435 1796 um.
462 1770 545 1797 Aliud
558 1769 652 1796 Partic.
689 1767 927 1802 [δεδοκιμασμένος]
971 1770 1049 1801 Qiae
1062 1768 1128 1794 faci·
1228 1775 1272 1795 PR
1282 1770 1302 1795 6
1312 1775 1330 1796 c
1342 1771 1387 1795 131)
1397 1775 1417 1794 o
1426 1787 1435 1800 ,
1455 1767 1493 1799 ffi,
1511 1768 1588 1799 ss'um,
1608 1769 1662 1794 ere.
1725 1767 1737 1800 [
1749 1765 1886 1801 npaCoea'm,
1902 1767 2026 1802 προήιμι]
2082 1768 2215 1805 Progredi,
2232 1771 2263 1796 in

61 1813 138 1837 ntus,
157 1813 188 1832 ea
206 1805 404 1840 pnidentissimo
418 1806 517 1840 cuique
530 1804 647 1831 maxime
658 1805 771 1839 probata
783 1804 832 1830 esse
844 1803 912 1829 volo
938 1803 996 1829 Cic.
1011 1804 1084 1828 Fam.
1101 1805 1127 1833 6,
1184 1803 1317 1837 publicum
1328 1805 1383 1836 ire,
1402 1804 1474 1829 vltra
1480 1802 1506 1838 s.
1516 1809 1595 1838 porro
1609 1805 1655 1828 irc.
1749 1802 1811 1828 Huc
1823 1802 1953 1836 procede,
1977 1804 2022 1830 vel
2041 1803 2107 1830 illuc
2145 1805 2263 1833 Terent.

60 1849 97 1868 12.
169 1840 245 1868 Idem
265 1841 293 1868 in
307 1841 410 1876 Topic.
421 1849 452 1875 73
484 1841 558 1867 Nam
569 1846 596 1866 et
614 1839 767 1873 ingeniosos
779 1843 806 1864 et
820 1838 973 1873 opulentos,
992 1843 1018 1864 ct
1032 1838 1168 1869 aetatis45
1188 1838 1254 1864 Eun.
1264 1846 1287 1870 3,
1305 1847 1333 1871 2,
1354 1845 1393 1872 17.
1502 1837 1650 1865 Procedere
1671 1835 1797 1864 dicebant
1816 1838 1952 1865 interdum
1966 1848 2016 1874 pro
2029 1839 2188 1868 Succedere:
2221 1842 2262 1868 in-

59 1877 148 1912 spatio
180 1876 303 1908 robatos,
323 1875 418 1910 dignos
437 1876 536 1910 quibus
550 1874 682 1906 credatur,
697 1878 799 1909 putant.
893 1873 984 1900 Minus
996 1874 1125 1909 probatus
1187 1873 1294 1901 terdum
1306 1883 1357 1909 pro
1367 1875 1454 1901 Porro
1467 1874 1572 1902 cedere.
1609 1873 1708 1901 Festus.
1819 1874 1967 1902 Procedcre
1972 1879 2080 1912 proprie
2094 1876 2199 1910 dicitnr,
2217 1880 2264 1913 qui

79 1885 216 1939 arentibus
234 1912 327 1948 Nepos
341 1921 367 1944 2,
383 1921 402 1944 ι,
419 1920 441 1939 2.
513 1910 700 1938 Adolescentia
713 1909 826 1947 probata
839 1915 865 1937 et
880 1909 995 1945 spectata
1008 1910 1125 1937 maxime
1182 1916 1276 1946 pompa
1293 1913 1410 1947 quapiam
1423 1910 1515 1946 prodit
1530 1913 1558 1936 in
1573 1910 1720 1946 publicum,
1739 1915 1770 1937 vt
1783 1910 1907 1937 Procedit
1920 1911 2003 1937 funus
2040 1912 2154 1940 Terent.
2175 1914 2261 1941 Andr.

84 1947 145 1975 ucil.
160 1947 229 1985 apud
242 1947 316 1975 Non.
330 1955 353 1981 ς,
366 1949 410 1974 60.
489 1947 600 1974 Crimen
616 1951 708 1982 patens
722 1946 776 1973 fine
795 1945 861 1973 teste
875 1946 1020 1981 probatum
1041 1946 1124 1974 Ouid.
1189 1955 1209 1977 1,
1223 1955 1243 1979 1,
1257 1955 1314 1973 100.
1386 1946 1521 1981 speciatim
1536 1946 1635 1973 Consul
1647 1945 1744 1972 dicitur
1756 1946 1917 1980 procedere,
1940 1957 1994 1974 cum
2001 1950 2088 1982 primo
2099 1951 2164 1975 initi
2176 1949 2262 1985 ‘'miss‘-

57 1984 127 2011 Met.
142 1992 178 2018 ις,
191 1993 227 2016 37.
318 1984 396 2010 Fides
409 1983 522 2019 probata
536 1982 629 2010 Claud.
644 1982 724 2009 Cons.
737 1983 811 2009 Hon.
825 1990 852 2015 2,
866 1990 919 2015 ¹45·
1008 1982 1126 2009 Medica·
1186 1983 1256 2009 latus
1269 1982 1310 2009 die
1330 1984 1359 2008 in
1372 1982 1522 2017 Capitolium
1534 1985 1669 2008 comitante
1681 1984 1819 2008 amicorum
1831 1989 1933 2009 caterua
1947 1982 2089 2011 deducitur.
2121 1985 2176 2011 viti.
2192 1987 2264 2013 Dra-

60 2019 210 2051 mentavsu
222 2019 343 2054 probata,
355 2019 477 2045 scribon.
486 2019 565 2053 Epist.
576 2025 621 2053 pr.
704 2017 761 2045 Cic.
776 2019 855 2044 Verr.
872 2026 892 2048 1,
906 2025 947 2043 101
970 2018 1063 2044 Homo
1078 2018 1126 2044 sci·
1138 2021 1171 2048 50
1188 2017 1260 2044 kenb.
1276 2017 1310 2044 ad
1322 2017 1401 2049 Sil.6,
1415 2026 1458 2051 44.
1494 2017 1565 2053 conf.
1581 2017 1711 2054 spanhem.
1725 2017 1754 2043 de
1773 2019 1849 2045 Num.
1869 2017 1924 2052 diff
1942 2024 1969 2044 η’
1989 2027 2015 2053 p.
2024 2027 2077 2054 457
2094 2025 2141 2046 etc.
2201 2021 2261 2049 Cic.

62 2054 125 2081 licet
138 2059 184 2080 aut
197 2053 344 2086 industria,
365 2058 412 2080 ant
428 2054 517 2088 Opera
536 2052 665 2088 probata,
684 2059 729 2079 aut
747 2052 911 2087 frugalitatis
928 2052 1128 2080 existimatione
1189 2053 1222 2080 de
1236 2053 1330 2082 Diuin.
1340 2062 1360 2085 1,
1374 2062 1417 2086 119
1451 2054 1484 2080 In
1500 2053 1562 2081 sella
1577 2062 1658 2081 aurea
1671 2053 1755 2086 sedit,
1774 2060 1801 2080 et
1819 2063 1880 2081 cum
1892 2063 2027 2090 purpurea
2041 2055 2111 2082 veste
2130 2056 2260 2091 proceiilt.

83 2089 207 2117 raeclara.
280 2089 331 2116 Res
350 2088 464 2125 probata
488 2089 583 2124 Nepos
604 2097 645 2122 14,
665 2090 691 2119 6,
710 2095 733 2121 5.
811 2088 925 2123 Compar.
962 2089 1025 2115 Liu.
1046 2097 1093 2125 27,
1112 2095 1127 2120 8
1188 2090 1273 2117 Lente
1292 2095 1320 2118 et
1334 2089 1475 2125 paullatim
1512 2091 1588 2118 Caes.
1602 2090 1668 2118 Bell.
1683 2089 1768 2117 Ciuil.
1777 2098 1798 2122 1,
1812 2095 1852 2120 80.
1961 2090 2072 2118 Leniter
2091 2092 2261 2128 placideque,

77 2132 103 2153 ta
122 2127 231 2162 repente
248 2126 323 2152 exuit
343 2125 468 2160 antiquos
482 2133 587 2157 mores,
606 2126 735 2151 vtxnemo
753 2129 810 2151 tota
829 2124 968 2152 iuuentute
981 2125 1127 2153 haberetur
1187 2126 1242 2153 vid.
1261 2133 1278 2153 L
1294 2133 1311 2153 E
1329 2133 1353 2153 N
1370 2133 1381 2153 1
1395 2134 1419 2154 s.
1534 2127 1654 2162 Longius
1689 2126 1747 2153 Cic.
1763 2125 1796 2152 de
1810 2126 1903 2161 Arusp.
1918 2126 1995 2162 Resp.
2003 2132 2047 2162 48.
2084 2130 2089 2131 ⁷
2155 2128 2261 2156 Parcite

63 2161 155 2199 prior:
173 2171 224 2189 nec
234 2161 377 2197 probatior
390 2159 558 2197 primoribus
571 2166 696 2196 patrum,
714 2161 767 2187 suis
781 2160 883 2195 pariter
894 2161 1043 2196 alienisque
1057 2162 1127 2189 effct.
1190 2171 1256 2189 oues
1276 2163 1395 2190 nimium
1415 2162 1563 2199 procedere
1602 2162 1699 2197 Virgil.
1720 2162 1810 2198 Eclog.
1824 2171 1848 2195 3,
1868 2172 1914 2196 94.
2028 2163 2166 2199 Oblique,
2203 2165 2260 2192 vid.

59 2199 159 2235 Superi.
181 2198 292 2225 Femina
303 2196 484 2234 probatitlima
500 2197 558 2224 Cic.
576 2205 626 2232 pro
644 2196 753 2223 Caecin.
773 2205 794 2223 c.
809 2205 838 2231 4.
917 2197 1071 2224 Gratulatio
1084 2206 1130 2225 tua
1145 2206 1174 2233 33
1193 2204 1214 2225 o
1224 2206 1240 2226 Β
1251 2205 1409 2239 LIQVVS.
1521 2200 1600 2227 Vltra
1637 2200 1757 2234 Propert.
1773 2207 1794 2232 1,
1806 2207 1850 2230 20,
1863 2207 1903 2232 23.
2011 2199 2090 2227 Vltra
2102 2200 2259 2234 procedere,

62 2233 101 2261 est
114 2234 184 2262 mihi
196 2233 377 2270 probatissima
396 2233 517 2269 Marcell.
530 2232 565 2260 ad
579 2232 637 2260 Cic.
649 2233 722 2260 Fam.
732 2242 762 2268 4,
776 2241 810 2260 11.
890 2233 984 2260 Homo
998 2234 1131 2271 probatis·
1191 2244 1272 2270 qnam
1286 2244 1375 2262 comes
1387 2235 1463 2270 potiit
1500 2235 1632 2271 Qninetil.
1641 2244 1662 2266 2,
1676 2243 1698 2268 3.
1829 2235 1886 2262 Cic.
1900 2234 1981 2262 Attic.
1990 2237 2015 2268 6,
2033 2243 2046 2269 ς
2081 2236 2170 2263 Velim
2179 2257 2188 2270 ,
2210 2237 2258 2264 etsi

62 2269 142 2298 fimus
160 2271 218 2298 Cic.
234 2271 311 2298 Verr.
325 2279 349 2302 2,
364 2279 400 2302 23.
1190 2275 1235 2304 (vt
1250 2272 1346 2306 spero)
1369 2277 1396 2299 te
1411 2271 1475 2299 haee
1487 2272 1607 2307 legente,
1625 2271 1792 2306 aliquantum
1805 2276 1894 2298 tamen
1906 2271 1968 2298 viae
1980 2272 2145 2306 processero,
2167 2280 2259 2301 tamen

99 2313 118 2334 Ρ
128 2314 148 2334 R
159 2312 180 2333 0
192 2308 265 2334 ΒᾸΤ
274 2313 338 2339 OR,
358 2307 423 2333 oris.
444 2315 481 2333 m.
505 2305 531 2340 ⁸[
538 2301 687 2339 demptas-255]
729 2304 787 2333 Cic.
797 2314 847 2342 pro
856 2304 962 2333 Caecin.
972 2313 1001 2340 85
1025 2307 1130 2335 Deinde
1191 2307 1286 2335 obuias
1301 2308 1372 2335 mihi
1384 2307 1476 2335 literas
1489 2317 1570 2343 quam
1582 2306 1755 2343 argutissimas
1769 2307 1802 2334 de
1816 2307 1942 2334 omnibus
1956 2307 2037 2335 rebus
2050 2307 2145 2336 crebro
2156 2311 2259 2337 mittas.

60 2341 143 2370 huius
156 2342 272 2371 rationis
283 2351 337 2370 non
351 2342 433 2369 modo
447 2351 503 2369 non
516 2342 703 2374 inuentorem,
723 2341 767 2368 sed
779 2351 812 2368 ne
831 2343 1005 2378 probatorem
1018 2344 1129 2378 quidem
1190 2345 1328 2371 Trecenta
1347 2344 1457 2371 circiter
1475 2344 1559 2372 stadia
1572 2343 1717 2379 procedere
1753 2343 1793 2370 Id.
1810 2343 1877 2370 ibid.
1888 2346 1926 2377 ιδ,
1939 2352 1965 2379 7.
2063 2345 2144 2372 Foras
2163 2354 2258 2380 proce·

60 2379 113 2406 esse
125 2388 178 2406 me.
251 2379 388 2406 Bonorum
402 2378 532 2414 probator
546 2378 624 2414 Apul.
638 2378 671 2404 de
681 2379 738 2404 Deo
747 2378 818 2405 Socr.
833 2387 892 2414 p.51
907 2381 969 2406 Elm.
1023 2377 1172 2416 Ingenii60
1191 2380 1285 2407 cedere
1323 2381 1407 2407 Plaut.
1431 2380 1523 2407 Pseud.
1537 2390 1564 2414 2,
1578 2390 1604 2412 2,
1617 2389 1655 2408 12.
1763 2380 1821 2406 Cic.
1842 2389 1892 2414 pro
1906 2381 1975 2407 Sext.
1986 2382 2019 2410 68
2039 2389 2094 2412 c.31
2131 2382 2202 2408 Huic
2221 2380 2259 2410 ad

59 2415 195 2451 probator
219 2414 302 2442 Ouid.
315 2424 347 2442 ex
361 2416 436 2442 Pont.
449 2423 475 2448 2,
489 2423 515 2446 2,
532 2422 585 2447 105.
604 2417 637 2450 ,ιζ
658 2414 821 2449 „approbator
838 2421 862 2441 et
877 2416 1004 2442 laudator.
1078 2417 1129 2443 Ra·
1190 2416 1287 2443 vrbem
1301 2416 1423 2444 venienti
1437 2421 1493 2443 tota
1507 2417 1626 2444 Obuiam
1645 2415 1740 2443 ciuitas
1753 2425 1815 2443 cnm
1832 2416 1951 2443 lacrimis
1964 2416 2121 2451 gemituque
2133 2419 2259 2452 process'e-

58 2449 145 2478 sionis
157 2451 271 2479 alicuius
284 2457 340 2478 non
350 2451 433 2479 modo
448 2460 504 2477 non
516 2450 659 2483 inuentor,
677 2449 722 2477 sed
737 2459 772 2477 ne
789 2450 921 2487 probator
936 2451 1047 2487 quidem
1067 2453 1126 2480 Cic.
1191 2457 1240 2480 rat.
1351 2452 1390 2479 Id.
1406 2453 1522 2486 Tusc.5,
1536 2456 1568 2486 56
1603 2453 1674 2479 Cum
1692 2452 1829 2487 accipere,
1857 2461 1939 2488 quam
1958 2453 2047 2479 faeere
2061 2454 2173 2487 praestat
2186 2454 2259 2481 iniu-

59 2495 111 2524 pro
119 2488 226 2516 Caecin.
239 2493 277 2521 85.
714 2516 721 2518 ,
1189 2489 1270 2521 riam,
1290 2494 1349 2516 tum
1363 2490 1449 2516 morti
1463 2489 1517 2516 iam
1531 2489 1579 2525 ipsi
1592 2488 1750 2516 aduentanti
1769 2488 1889 2523 paullum
1903 2487 2047 2524 procedere
2061 2488 2190 2523 Obuiam,
2210 2498 2258 2517 etc.

97 2530 170 2551 PRO
180 2530 260 2552 ΒΑΤ
272 2531 281 2549 1
291 2530 322 2556 O,
341 2522 412 2550 onis.
443 2523 464 2550 f.
502 2522 682 2556 [κκτασκειηῂ
707 2520 854 2556 δοκιμασία,
876 2521 988 2557 δοκιμὴ]
1043 2522 1129 2551 Affat-
1189 2525 1336 2552 Procedere
1355 2534 1384 2556 a,
1405 2527 1460 2557 uel,
1475 2533 1522 2552 ex:
1577 2526 1652 2552 Caes.
1667 2524 1732 2551 Bell.
1747 2524 1857 2559 Gall.4,
1870 2533 1896 2556 32
1934 2525 2027 2559 Qum
2047 2524 2138 2560 paullo
2150 2526 2261 2561 longius

38 2567 40 2572 ’
53 2560 193 2598 probandi.
266 2559 334 2586 Plin.
354 2559 434 2593 Epist.
443 2568 469 2592 z,
482 2567 505 2585 ιι
543 2559 631 2586 Huius
651 2558 786 2586 actionem
805 2560 914 2594 vespera
927 2559 1047 2592 inclusit,
1071 2569 1127 2586 non
1140 2565 1172 2597 65
1188 2569 1203 2587 a
1216 2561 1306 2587 castris
1326 2561 1490 2596 proceffitset.
1573 2575 1575 2577 ·
1604 2561 1644 2588 Id.
1663 2560 1731 2588 ibid.
1745 2565 1769 2593 8,
1783 2569 1811 2593 19
1847 2561 1987 2588 Paullatim
1999 2569 2031 2587 ex
2052 2561 2115 2587 tilua
2129 2561 2259 2589 insti-neh

59 2602 152 2632 tamen
164 2596 208 2630 (ic,
220 2601 250 2624 vt
262 2594 444 2629 abrumperet.
499 2596 593 2630 Itaque
612 2596 641 2621 in
655 2595 766 2623 tertium
781 2595 853 2622 diem
866 2595 1039 2631 probationes
1054 2597 1127 2623 exie·
1188 2597 1335 2624 multitudo
1349 2597 1473 2632 procedit
1486 2598 1617 2625 militurn.
1727 2597 1785 2624 Cic.
1799 2597 1878 2624 Verr.
1888 2606 1911 2630 ς,
1930 2599 1978 2624 106
2015 2598 2138 2624 Procedit
2151 2598 2200 2625 iste
2215 2607 2257 2625 re-

61 2638 135 2659 runt.
253 2632 358 2658 Falsum
371 2630 408 2657 est
425 2629 463 2656 ob
475 2630 666 2665 probationem
703 2632 760 2658 Cic.
767 2640 817 2666 pro
825 2633 902 2658 Font.
916 2641 974 2666 c.4.
1082 2633 1123 2659 Id.
1187 2639 1266 2668 pente
1285 2642 1300 2659 e
1313 2634 1464 2661 Praetorio.
1577 2633 1618 2661 Ad
1637 2633 1732 2661 forum
1751 2633 1897 2668 procedere
1933 2634 2016 2661 Plaut.
2036 2634 2120 2660 Calin.
2142 2642 2165 2666 3,
2187 2644 2207 2666 3,
2228 2643 2255 2661 2.

61 2667 140 2696 Verr.
149 2675 171 2699 1,
183 2675 232 2700 142.
247 2674 310 2700 c.54
344 2667 460 2694 Locatur
479 2675 545 2701 opus
564 2666 610 2700 id,
628 2666 702 2702 quod
720 2676 752 2694 ex
770 2676 829 2695 mea
842 2669 953 2703 pecunia
970 2668 1122 2695 reficiatur:
1183 2670 1385 2697 Extra-moenia
1422 2666 1614 2706 Luc'ret.1,74.
1710 2670 1742 2697 In
1755 2669 1875 2704 aliquem
1888 2670 1978 2696 locum
2013 2669 2068 2695 Cic.
2077 2678 2126 2702 pro
2135 2670 2254 2705 Caelo-7.

62 2711 114 2738 ego
131 2711 176 2729 me
194 2702 359 2729 refeotumm
376 2703 425 2729 else
444 2702 514 2730 dico.
572 2702 700 2730 Probatio
718 2704 810 2730 futura
830 2704 866 2730 est
882 2710 942 2738 tua,
968 2705 1015 2739 qui
1036 2704 1124 2731 locas:
1184 2706 1283 2733 Castris
1320 2705 1422 2741 Virgil.
1442 2707 1510 2734 Aen.
1526 2716 1562 2739 ιι,
1584 2708 1638 2740 ι69.
1782 2705 1880 2732 Tectis
1917 2706 2002 2731 Valer.
2023 2705 2124 2738 Argon.
2142 2713 2174 2740 7,
2194 2707 2254 2738 306.

64 2737 207 2774 praedibus
224 2744 250 2765 et
269 2737 384 2772 praediis
404 2738 503 2772 populo
521 2744 627 2766 cautum
646 2738 699 2771 est,
724 2748 755 2765 ex
774 2739 902 2766 infelici-‘In
921 2741 992 2768 verbi
1001 2741 1166 2779 stmndoqo
1183 2742 1255 2769 Paffii
1269 2742 1351 2769 tacito
1386 2742 1425 2769 Id.
1440 2743 1540 2776 ibid.5,
1557 2750 1606 2777 351.
1702 2741 1816 2768 Pedibus
1828 2742 1920 2775 aequis
1955 2740 2077 2767 Ouitiex
2085 2741 2252 2774 Porti-463-

63 2774 113 2803 Sed
133 2775 210 2801 multo
229 2772 347 2808 usitatior
365 2776 465 2800 tertius.
554 2792 557 2793 ν
582 2774 738 2802 Artificialis
775 2775 907 2809 Qiincfil.
922 2785 944 2809 ς,
957 2786 983 2809 9.
1059 2777 1126 2804 Ath-
1185 2779 1281 2806 Cultus
1301 2775 1431 2814 procedit
1444 2779 1552 2806 adulter
1586 2778 1625 2806 Id.
1641 2777 1727 2805 Trist.
1742 2787 1767 2809 2,
1787 2785 1849 2809 499.
1957 2776 2093 2803 Subducto
2106 2777 2180 2803 vultu
2195 2786 2255 2812 gra·

63 2810 179 2838 letarum
198 2809 343 2845 probatior
361 2809 420 2837 Cic.
439 2807 517 2836 offic.
532 2818 540 2835 ι
558 2819 580 2836 c.
596 2819 644 2843 40.
760 2811 888 2846 Equitum
910 2812 1035 2846 probatio
1071 2814 1125 2840 Va·
1186 2814 1250 2842 vior
1267 2815 1335 2842 volo
1355 2815 1502 2850 procedere
1538 2816 1658 2850 Propert.
1672 2822 1694 2844 2,
1709 2822 1748 2845 10,
1762 2821 1789 2844 9.
1897 2810 1990 2838 Testis
2009 2812 2119 2847 pusillus
2133 2813 2255 2847 procellis

62 2846 113 2874 ier.
127 2847 199 2873 Max.
212 2854 239 2879 2,
258 2854 285 2878 2,
298 2853 324 2878 9.
430 2845 557 2872 Fontium
575 2845 748 2881 probationes
765 2853 792 2872 et
809 2848 979 2883 expertiones
1016 2849 1125 2878 Vitruu.
1187 2851 1243 2878 Cic.
1258 2850 1291 2877 de
1305 2852 1381 2878 Oret.
1391 2860 1412 2883 2,
1426 2859 1486 2885 243.
1568 2857 1569 2861 ¹
1594 2848 1682 2876 Classis
1702 2847 1825 2883 procedit
1839 2847 1907 2874 velis
1924 2849 2045 2883 aequatis
2082 2849 2254 2883 Virgil.Aen.

63 2888 88 2917 8,
103 2891 126 2916 5.
200 2888 201 2891 ’
243 2881 334 2909 Firma
374 2880 506 2915 Qinoffl.
519 2888 549 2915 ς,
569 2891 606 2908 10.
730 2882 846 2917 Implere
872 2884 1062 2918 probationem
1081 2884 1125 2919 est,
1185 2897 1215 2920 4,
1229 2893 1267 2921 38.
1352 2908 1363 2918 f
1383 2888 1486 2914 Menses
1498 2885 1628 2920 incipient
1646 2884 1738 2919 magni
1755 2883 1900 2918 procedere
1936 2884 1974 2911 Id.
1990 2885 2080 2918 hela„
2095 2894 2129 2911 iz.
2221 2887 2254 2912 In

61 2918 137 2956 rol
153 2921 211 2955 quis
228 2918 357 2950 intendit,
371 2918 417 2953 seu
429 2917 538 2954 agendo,
550 2917 605 2952 siue
617 2917 759 2954 excipiendo
794 2919 846 2946 lene
851 2921 968 2955 probare.
1081 2922 1127 2948 Vl-
1137 2931 1170 2959 75
1186 2924 1271 2950 aciem
1285 2921 1441 2956 procedere,
1477 2921 1532 2947 vid.
1550 2927 1573 2947 A
1584 2927 1602 2947 C
1614 2925 1680 2947 IES.
1789 2919 1830 2946 Ad
1845 2920 1948 2955 aliquid
1963 2921 2094 2955 agendum
2107 2920 2253 2956 procedere

63 2956 136 2991 pian.
156 2957 186 2982 in
199 2955 217 2981 l.
237 2954 267 2981 in
279 2953 498 2988 exceptionibus,
518 2953 547 2980 in
562 2953 615 2980 fine
628 2955 661 2980 D.
677 2953 709 2980 de
722 2962 772 2989 pro
792 2955 927 2984 ationibus
941 2963 966 2984 et
982 2958 1125 2991 praesume.
1187 2958 1268 2984 Caius
1282 2957 1315 2983 de
1330 2956 1415 2983 Verb.
1430 2956 1541 2991 fignific.
1629 2955 1671 2982 Ad
1685 2964 1752 2990 opus
1764 2956 1908 2990 procedere
1945 2958 2011 2983 Plin.
2023 2966 2054 2987 u.
2071 2966 2108 2983 to.
2208 2957 2251 2984 Ad

61 2991 91 3020 Si
108 2991 242 3018 iudicatae
261 2991 302 3018 rei
322 2990 364 3016 vel
382 2988 561 3017 iurisiurandi
579 2990 702 3018 conditio
719 2989 804 3018 delata
822 2991 924 3019 dicatur
943 2992 976 3018 de
990 3002 1034 3025 eo,
1051 2991 1126 3026 quod
1185 2992 1284 3027 pabula
1301 2991 1429 3019 not‘hbus
1450 2992 1598 3027 procedunt
1636 2990 1676 3018 Id.
1697 2997 1728 3024 8,
1750 3000 1790 3024 32.
1900 2992 1940 3019 Ad
1965 3002 2078 3027 pugn-iam
2103 2992 2250 3027 procedere

63 3033 126 3056 tunc
142 3027 252 3062 petitur,
274 3026 329 3054 flue
342 3027 372 3052 in
385 3027 440 3053 alea
453 3026 554 3061 gestum
566 3027 615 3053 effe
627 3026 813 3060 contendatur,
831 3037 893 3055 euru
906 3028 1019 3061 implere
1032 3027 1127 3062 proba-
1186 3029 1246 3055 Lin.
1256 3036 1283 3063 7,
1301 3037 1318 3062 9
1331 3035 1396 3055 extr.
1505 3030 1536 3055 In
1551 3028 1634 3055 latera
1647 3027 1762 3063 oblique
1775 3028 1920 3063 procedere
1957 3030 2019 3054 Plin⁴
2029 3037 2054 3059 9,
2072 3037 2111 3059 30.
2216 3030 2251 3055 In

63 3063 150 3093 tiones
175 3069 292 3100 oportet.
420 3061 641 3097 Inexpugnabiles
670 3062 842 3097 probationes
880 3063 1012 3097 Quinc‘til.
1035 3071 1065 3097 ς,
1086 3073 1124 3090 10.
1186 3065 1324 3091 infinitum
1361 3064 1526 3097 Columel.;,
1541 3073 1563 3096 3.
1657 3064 1714 3092 Cic.
1724 3065 1834 3093 Verr.2‚
1851 3074 1897 3096 190
1926 3063 2063 3090 Procedite
2076 3065 2106 3090 in
2120 3064 2251 3098 medium,

63 3099 189 3127 Lineares
227 3099 297 3132 1d.1,
311 3108 340 3126 ιο
358 3097 387 3125 de
401 3100 552 3126 Geomeeria.
632 3098 824 3127 Potentiffimae
858 3101 928 3133 Ida,
943 3109 979 3126 10.
1061 3100 1124 3126 Pro·
1135 3107 1168 3133 80
1185 3101 1317 3136 explicate
1335 3100 1559 3136 descriptionem,
1589 3099 1791 3136 imaginemque
1810 3100 1969 3126 tabularum.
2082 3099 2113 3126 Iu
2133 3101 2250 3127 muitum

61 3135 201 3164 bationem
214 3145 269 3163 non
281 3135 379 3163 habere
416 3136 537 3168 Seme-3,
552 3143 591 3162 to.
710 3136 748 3161 Ex
761 3142 851 3172 quarta
871 3137 942 3163 verbi
955 3134 1124 3171 fignificatio-
1184 3137 1246 3165 vini
1259 3138 1417 3172 processerat
1454 3137 1515 3164 Liu.
1530 3144 1574 3171 37,
1588 3144 1605 3172 7
1641 3138 1666 3164 h.
1681 3146 1701 3163 e.
1723 3137 1800 3163 Probe
1812 3142 1988 3170 opportuerat.
2116 3137 2146 3162 In
2167 3137 2248 3171 pedes

61 3181 109 3198 ne:
142 3173 183 3199 De
207 3171 425 3207 quadrupedibus
443 3171 530 3206 prima
555 3171 592 3198 est
609 3170 752 3206 probatio,
784 3173 830 3207 qui
849 3172 944 3200 idonei
968 3172 1017 3199 lint
1037 3173 1124 3199 Boues
1185 3172 1348 3209 procedere,
1374 3179 1398 3200 et
1412 3172 1527 3200 Pedibus
1542 3173 1633 3207 gigni,
1649 3172 1800 3209 significant
1812 3171 1898 3206 fctum
1914 3174 1954 3198 ita
1973 3171 2059 3206 nasci,
2085 3178 2115 3198 ut
2127 3179 2204 3207 penu
2217 3177 2248 3198 cx

64 3209 154 3235 Varro
168 3209 241 3241 R.R.
256 3212 278 3240 ι’,“
295 3216 337 3241 20,
359 3216 378 3234 1.
1184 3217 1256 3237 vtero
1264 3212 1364 3246 priores
1377 3216 1505 3246 emergant
1542 3209 1608 3235 Plin.
1616 3217 1642 3244 7,
1656 3214 1677 3239 8.
1782 3208 1812 3233 In
1825 3206 1964 3242 publicum
2001 3208 2062 3234 Liu.
2073 3217 2110 3240 34,
2120 3217 2142 3241 ς.
2214 3209 2248 3234 In

102 3249 200 3270 PROB
210 3249 265 3271 AT
276 3245 289 3270 1*
297 3251 318 3271 v
328 3250 348 3270 v
358 3250 380 3276 s,
391 3252 416 3278 a,
430 3252 485 3271 um.
503 3243 563 3271 Adi.
582 3243 741 3271 Probatiuae
748 3243 815 3272 duae
822 3244 987 3281 quaestiones
1011 3243 1124 3278 Quin&
1184 3246 1269 3272 solem
1289 3253 1322 3272 ex
1342 3244 1508 3272 vmbracnlis
1545 3245 1603 3272 Cic.
1621 3245 1652 3272 de
1668 3244 1739 3272 Clar.
1750 3243 1825 3270 Orat.
1835 3251 1874 3276 37.
1992 3244 2024 3270 In
2043 3243 2156 3270 sublime
2176 3244 2247 3271 vites

65 3279 141 3305 Ded·
160 3287 220 3312 299·
1137 3287 1166 3317 ες
1183 3281 1332 3316 procedunt
1368 3281 1502 3308 Columel.
1516 3280 1549 3308 de
1563 3281 1660 3308 Arbor.
1672 3289 1726 3310 c.4.
1831 3280 1888 3305 Cic.
1904 3279 1982 3306 Attic.
1992 3288 2027 3312 13,
2042 3288 2064 3311 ις
2101 3279 2247 3307 Biennium

103 3321 146 3341 PR
157 3320 178 3341 0
187 3321 256 3342 ΒΑΒ
265 3313 322 3342 ἷι]
334 3321 359 3349 S,
379 3313 403 3342 e.
428 3315 489 3343 Adi.
534 3316 548 3350 [
560 3315 662 3342 πιθανὸς
675 3315 689 3351 ]
734 3317 853 3350 Dicitur,
878 3316 944 3353 quod
955 3316 980 3352 s
999 3325 1086 3343 verum
1097 3314 1124 3350 s.
1182 3317 1332 3354 praeteriit,
1345 3326 1428 3353 quum
1440 3317 1487 3345 ille
1498 3315 1645 3346 καλλικίδὶφς
1664 3314 1762 3342 assiduo
1773 3315 1848 3342 cursu
1862 3315 1991 3342 Cubitum
2005 3316 2108 3342 nullum
2121 3317 2248 3350 procesl'e-

57 3349 210 3388 falsumfit‚
225 3351 328 3378 videtur
338 3353 566 3413 tamenfierisquc,
585 3353 627 3379 vel
637 3352 678 3378 his
692 3361 793 3388 quorum
807 3351 916 3386 onerist,
930 3351 1038 3388 probari
1046 3351 1123 3387 poffi’.
1182 3354 1229 3382 rit.
1449 3350 1470 3392 ff
1490 3362 1507 3381 2
1542 3351 1658 3388 Metaph.
1675 3358 1700 3377 et
1720 3352 1784 3377 aliae
1803 3351 1947 3387 formulae:
1998 3352 2054 3378 Cic.
2069 3353 2147 3378 Acad.
2163 3361 2190 3385 4,
2212 3355 2245 3383 68

64 3388 153 3422 Itaque
170 3396 218 3412 non
231 3385 382 3422 fimph'citcr
400 3396 415 3413 a
446 3394 594 3423 argumenta
631 3391 722 3415 ertinet
733 3395 778 3416 aut
788 3389 905 3416 iudicium
920 3385 1071 3421 intcHeHus,
1095 3394 1125 3414 vt
1182 3389 1338 3417 Sustinenda
1351 3389 1388 3417 est
1402 3391 1491 3425 potius
1505 3389 1593 3415 omnis
1608 3386 1728 3419 ass'enfio,
1749 3395 1783 3413 ne
1798 3387 1970 3422 praecipitet,
1989 3387 2007 3413 fi
2020 3394 2121 3415 temere
2138 3397 2245 3422 proces-

56 3422 97 3458 fit
116 3422 180 3448 idem
196 3422 261 3458 quod
278 3421 428 3456 verissimum
454 3423 505 3460 vsed
520 3395 662 3458 probalfilc
682 3423 730 3458 est,
746 3426 813 3461 quod
824 3425 942 3461 probari,
979 3427 997 3450 i·
1014 3424 1122 3459 probum
1182 3427 1255 3453 serit.
1375 3426 1507 3454 stationes
1526 3424 1671 3459 procedunt
1679 3443 1695 3455 ,.
1722 3425 1741 3450 i.
1762 3424 1842 3459 Vsque
1861 3427 2041 3450 continuantur
2079 3425 2138 3450 Liu.
2155 3433 2178 3456 5,
2198 3430 2244 3457 48.

58 3460 161 3495 putari,
180 3457 297 3490 laudari,
311 3460 410 3494 placere
419 3456 510 3494 potist.
560 3469 586 3487 υ.
600 3469 626 3496 g,
647 3461 714 3487 Plin.
730 3468 769 3494 21,
782 3470 802 3495 4
815 3463 834 3489 s.
846 3471 874 3489 ιο
895 3460 922 3486 de
935 3458 1006 3494 Rofis
1016 3480 1024 3493 ,
1062 3460 1121 3486 Nec
1131 3467 1168 3491 90
1181 3463 1223 3490 Sic
1235 3468 1301 3489 certe
1315 3462 1423 3490 Gronou.
1443 3461 1492 3490 Sed
1502 3459 1628 3488 Drakcnh.
1653 3458 1784 3486 stationes
1799 3466 1849 3494 pro
1866 3458 1927 3494 ipsis
1941 3460 2063 3486 militibus
2078 3463 2104 3486 in
2119 3460 2243 3487 stationes

63 3494 150 3522 o'dore
167 3502 215 3521 nec
233 3493 319 3528 specie
338 3494 488 3528 probabilis
512 3494 566 3528 est,
596 3505 664 3531 quae
681 3498 783 3524 Graeca
803 3497 950 3534 appellatur
975 3505 990 3522 a
1014 3495 1121 3523 nostriS.
1180 3498 1294 3525 euntibus
1313 3502 1417 3535 accipit.
1635 3492 1655 3533 Ἴ
1676 3503 1688 3527 3
1726 3495 1859 3530 Specid'lm
1876 3498 2003 3521 rationum
2017 3496 2116 3522 Usrbflm
2137 3494 2170 3529 ‘st
2178 3516 2185 3527 ⁷
2219 3503 2244 3523 et

64 3531 121 3558 Cic.
135 3529 248 3563 Aead.4,
261 3538 289 3562 33
324 3530 510 3570 Quamobrem
531 3529 584 3557 siue
603 3538 632 3558 tu
645 3532 815 3567 probabilem
830 3534 974 3564 visionem,
996 3531 1050 3558 fine
1070 3532 1122 3558 im-
1180 3534 1246 3561 idem
1259 3533 1475 3571 fere-fignificat,
1492 3531 1558 3567 quod
1572 3533 1705 3567 imputare.
1763 3531 1871 3571 Limes,
1885 3538 1899 3563 ς
1934 3530 2153 3567 'I'ribtmiplebis,
2173 3532 2190 3558 ii
2206 3532 2242 3559 iis

62 3566 232 3602 probabilem
246 3585 255 3598 ,
289 3571 316 3592 et
333 3574 402 3601 quae
418 3575 474 3593 non
493 3566 669 3600 impediatur,
704 3576 733 3596 vt
754 3569 901 3598 Carneades
920 3567 1046 3601 volebat,
1072 3575 1120 3595 etc.
1179 3570 1330 3603 videretur,
1351 3570 1384 3597 ad
1399 3568 1529 3604 populum
1541 3567 1659 3594 ferrent:
1693 3572 1723 3592 vt
1738 3575 1786 3601 qm
1798 3576 1917 3593 minores
1932 3567 2028 3601 septem
2051 3576 2076 3594 ct
2091 3567 2182 3594 decem
2195 3577 2241 3595 an-

62 3603 161 3630 Nullas
175 3600 327 3638 probabiles
340 3601 437 3629 Causas
449 3602 612 3636 longinquae
631 3605 853 3639 peregrinationis
867 3604 992 3632 afferebat
1027 3604 1120 3631 Tacit.
1180 3607 1223 3633 nis
1238 3608 1401 3634 sacramento
1413 3604 1547 3636 dixissent,
1568 3603 1602 3630 iis
1615 3602 1726 3638 perinde
1739 3602 1868 3637 stipendia
1882 3603 2065 3637 procederent,
2078 3604 2240 3639 acsi-septem

64 3639 159 3666 Annal.
171 3641 197 3670 6,
216 3647 254 3671 14,
273 3645 298 3663 2·
401 3638 472 3665 Iusta
490 3644 516 3665 et
536 3638 686 3672 probabilis
704 3641 780 3668 causa
813 3642 922 3677 leian.
941 3641 969 3666 in
988 3639 1026 3672 l.3
1047 3638 1070 3676 §.
1091 3640 1118 3666 Si
1129 3647 1163 3674 95
1179 3648 1207 3670 et
1220 3642 1320 3678 viginti
1340 3649 1489 3672 annorum,
1509 3644 1554 3665 aut
1567 3639 1699 3670 maiores,
1720 3639 1818 3665 milites
1830 3638 1896 3664 the-“ti
1913 3639 2001 3666 ess'cnt.
2110 3641 2201 3672 Liu.5,
2222 3645 2240 3673 7

64 3683 169 3706 mecum
183 3676 217 3702 D.
226 3673 258 3700 ad
272 3671 417 3700 exhibend.
526 3674 583 3701 Cic.
599 3673 631 3700 de
639 3674 844 3712 clar-Orat.2.41
879 3678 939 3704 Erat
951 3676 1009 3703 eius
1022 3685 1118 3711 aequa·
1178 3679 1284 3706 Placere
1297 3684 1385 3705 autem
1394 3696 1403 3709 ,
1428 3675 1553 3702 omnibus
1567 3674 1609 3700 his
1621 3675 1800 3701 voluntariam
1814 3681 1886 3700 extra
1901 3674 2024 3702 ordinem
2037 3675 2153 3710 professis
2166 3674 2238 3700 mili-

64 3711 98 3738 iis
110 3711 136 3737 P.
144 3710 289 3738 Autronius
305 3718 371 3735 voce
392 3714 515 3744 peracuta
535 3715 613 3745 atque
630 3719 741 3745 magna,
757 3721 805 3739 nec
817 3715 867 3740 alia
880 3722 908 3740 re
922 3712 976 3739 vlla
990 3711 1118 3746 probabi·
1179 3715 1244 3742 tiam
1263 3723 1325 3741 acra
1344 3711 1506 3748 procedere,
1547 3713 1566 3736 ι’.
1589 3711 1634 3736 hoe
1654 3717 1749 3746 tempus
1768 3712 1926 3737 volcaztariae
1945 3713 2052 3738 militiae
2075 3710 2237 3739 annnvfrrari

65 3747 123 3773 lis..
212 3747 312 3773 Orator
331 3745 478 3779 probabilis
513 3745 552 3772 Id.
566 3745 634 3772 ibid.
646 3749 702 3778 263.
736 3750 754 3773 i.
775 3749 849 3776 Cuius
863 3751 942 3776 oratio
950 3748 1034 3783 facilc
1045 3747 1119 3781 fidem
1171 3749 1325 3787 stipendiis,
1354 3756 1416 3783 quae
1435 3745 1585 3779 merniffint,
1604 3753 1647 3772 aut
1660 3750 1776 3773 merituri
1796 3751 1877 3772 crant.
2012 3749 2106 3774 larum
2142 3755 2184 3779 27,
2213 3752 2235 3770 it

63 3784 169 3809 inuenie-
201 3782 271 3818 conf.
292 3782 385 3815 Nepos
398 3781 427 3807 in
440 3781 542 3807 Catone
554 3789 577 3813 3,
590 3790 609 3808 1.
714 3783 856 3812 Probabile
869 3785 965 3811 Cicero
985 3783 1014 3809 id
1028 3784 1118 3810 Genus
1179 3788 1223 3814 Ne
1243 3784 1385 3821 praeterita
1402 3782 1531 3818 stipendia
1545 3782 1718 3816 procederent
1734 3782 1784 3813 iis,
1804 3781 1851 3816 qui
1865 3790 1937 3817 equo
1951 3783 2060 3817 publico
2075 3785 2232 3819 meruerant.

61 3820 187 3846 orationis
206 3818 285 3850 dicit,
307 3816 379 3853 qnod
393 3825 448 3843 non
461 3817 519 3851 plus
533 3817 657 3844 minusue
669 3817 722 3850 est,
742 3827 821 3853 quam
834 3821 908 3848 dccet
945 3818 1080 3852 Quinctil.
1095 3824 1172 3852 8,100
1180 3823 1301 3850 Frontin.
1314 3821 1423 3854 Stratcg.
1431 3829 1457 3852 4,
1473 3828 1483 3845 1
1520 3819 1542 3844 A
1561 3818 1680 3852 patribus
1699 3818 1796 3844 deinde
1819 3817 1953 3850 obtinuit,
1987 3828 2020 3845 ne
2041 3820 2073 3844 iis
2093 3822 2233 3854 praeterita

63 3863 86 3886 3,
100 3861 145 3886 42.
245 3856 338 3889 Nempe
346 3852 490 3880 Probabile
501 3861 584 3886 genus
596 3854 728 3880 orationis
741 3854 788 3887 est,
803 3856 821 3883 fi
833 3866 888 3883 non
904 3856 984 3882 nimis
999 3854 1035 3881 est
1047 3863 1120 3881 com-
1177 3867 1240 3885 aera
1261 3854 1444 3891 procederent.
1563 3854 1652 3880 Valer.
1673 3855 1742 3880 Max.
1752 3862 1774 3884 2,
1789 3860 1806 3886 7
1848 3855 1983 3890 Vtrumque
2001 3856 2098 3883 iacuit,
2119 3850 2233 3883 Leemni

63 3894 121 3917 tum
139 3893 218 3923 atque
230 3890 394 3924 expolitum,
420 3888 437 3915 fi
450 3888 487 3915 est
499 3887 645 3915 aueioritas
657 3896 684 3916 et
698 3890 801 3923 pondus
812 3892 841 3919 in
854 3892 958 3922 verbis,
981 3890 998 3917 fi
1018 3891 1120 3917 senten·
1179 3902 1265 3928 neque
1279 3890 1442 3926 stipendium
1456 3889 1519 3916 anui
1540 3890 1697 3923 procedere,
1716 3898 1803 3923 mque
1816 3898 1875 3916 acra
1889 3890 1945 3916 dari
1960 3885 2056 3915 volni(-
2162 3886 2233 3926 (Bell.

61 3926 115 3952 tiae
129 3924 172 3950 vel
186 3932 295 3958 graues,
310 3926 353 3952 vel
366 3932 441 3962 aptae
455 3923 631 3959 opinionibus
643 3924 785 3952 hominum
797 3933 824 3954 et
835 3928 958 3956 moribus
995 3926 1052 3953 Cic.
1060 3927 1121 3953 Par·
1181 3939 1216 3962 ις,
1229 3934 1243 3960 8
1283 3929 1308 3954 Is
1328 3935 1397 3953 nunc
1411 3927 1460 3952 flos
1473 3934 1570 3951 coenae
1584 3925 1696 3952 habetur
1711 3925 1780 3951 inter
1793 3924 1872 3957 illos,
1893 3925 1989 3960 quibus
2011 3924 2147 3959 Γιῑῐῑῐῑῑῑςλθ(
2163 3922 2232 3948 insti·

62 3961 105 3988 tit.
121 3968 150 3993 19
169 3961 224 3985 c-6·
329 3963 412 3997 Copia
448 3959 581 3994 Quinetil.
591 3969 610 3992 1,
624 3965 647 3988 8.
675 3960 705 3986 de
718 3961 810 3988 verbis.
916 3964 1119 3997 Nonnunquam
1179 3965 1254 3992 dium
1270 3972 1319 3997 pro
1329 3961 1433 3989 facetiis
1445 3961 1576 3996 procedit.
1691 3961 1874 3994 Ouid.ller.9,
1886 3971 1932 3993 1-29
1954 3960 1996 3985 Illi
2009 3956 2127 3992 procedit
2141 3966 2231 3983 rerum

62 3995 219 4031 honesto-acl
227 3993 364 4030 probabili
374 3997 494 4031 nomine,
511 3995 586 4025 bono
600 3995 663 4024 viro
676 3995 763 4024 iudici
774 4005 852 4029 error
864 3999 951 4028 obiici
963 3998 1031 4027 solet
1059 3997 1302 4037 Cic-105mensura
1315 4005 1421 4027 tuarum
1430 4017 1438 4029 ‚
1457 3997 1592 4034 Omphalae
1604 3996 1713 4034 gloriam
1725 3996 1904 4035 augent-saffo
1917 4003 1976 4027 tna,
1996 4004 2009 4020 ο
2024 3993 2157 4024 Hercula,
2176 4002 2231 4055 cupi

1375 4036 1393 4063 6
1414 4035 1439 4062 V
1477 4040 1493 4060 2,
2218 4037 2231 4054 c
