2517 4231
2356 0 2517 41 :m

2385 23 2387 25 .
2429 34 2434 48 l
2467 25 2475 57 Α.
2486 46 2490 51 ,

291 244 356 290 615
674 198 712 271 0
795 229 827 269 R
908 227 947 267 D
1370 200 1376 205 ’
1800 222 1837 264 o
1920 199 2074 263 RV‘D
2209 217 2243 283 χ’
2392 225 2476 263 616*

292 326 422 364 AbstraHe
434 326 525 351 iterum
551 321 628 356 Virg.
641 322 705 348 Aen.
719 321 745 350 6,
759 325 808 352 482
832 318 907 349 Quos
920 314 967 342 ille
981 322 1072 341 omnes
1086 314 1168 348 longo
1182 311 1277 339 ordine
1290 319 1345 338 ter·
1404 315 1434 342 in
1446 314 1648 350 quatuordecim
1661 312 1822 344 ordinibus,
1841 321 1926 349 quum
1943 313 2005 340 esset
2023 313 2082 348 lege
2096 312 2189 339 Roscia
2204 310 2391 339 decofloribus
2410 320 2462 339 cei·-

292 372 356 391 nens
393 360 535 397 Ingemuit.
605 356 718 384 Lucidus
732 354 804 392 ordo.
813 354 839 378 in
848 351 941 387 scripto
962 352 985 390 i.⁴
995 350 1133 385 perspicuus
1158 349 1227 376 Hor·
1237 349 1267 375 A·
1277 349 1346 379 P·4¹·
1405 357 1446 377 tus
1460 351 1532 378 locus
1548 351 1711 378 constitutus.
1820 349 1843 376 A
1856 349 1948 376 nostro
1963 348 2059 376 ordine
2080 349 2214 375 decretum
2232 347 2280 383 est,
2299 347 2319 375 ί.
2334 357 2351 373 a
2363 348 2462 381 Senatu,

293 401 405 434 Magnus
418 397 451 424 ab
465 397 569 431 integro
583 394 725 432 saeclorum
739 390 852 416 nasssfflr
864 387 941 427 ordo,
952 387 1028 420 V11'g-
1042 386 1094 412 Ecl·
1103 394 1155 419 4‚5-
1228 384 1346 426 Μξῑΐδῐῑῑῐ
1407 386 1475 412 cuius
1484 393 1544 421 pars
1558 388 1654 414 Cicero
1670 387 1742 413 Fam.
1756 394 1790 421 15,
1803 394 1825 413 2.
1917 386 2009 420 Nempe
2029 384 2114 418 Ordo,
2131 392 2178 420 pro
2190 384 2251 419 lpfis
2263 383 2399 410 hominihus
2413 383 2461 408 ali-

292 437 397 464 Lucrct.
413 443 432 468 1,
444 435 499 466 768.
591 428 724 461 Obl¹q¹¹¹¹⁵
742 425 876 458 figmfflm
909 423 985 457 Vlfg·
998 422 1097 456 Georg.
1112 430 1131 453 ¹2
1145 422 1196 453 236·
1233 420 1347 446 Circulos
1407 423 1504 447 otiando
1516 423 1653 457 accipitur.-
1674 423 1717 448 hoc
1730 421 1761 458 est
1774 423 1815 455 iis,
1834 420 1879 456 qui
1890 419 2067 461 eiusdenisunt
2079 422 2226 456 dignitatis,
2242 426 2272 445 vt
2277 418 2340 455 sunt
2353 418 2462 454 Equites,
2501 431 2505 435 ι

294 472 422 498 zodiacus.
514 468 543 494 In
559 465 667 493 ordine,
686 462 740 486 vid.
760 466 809 499 ΙΝ.
860 494 866 499 ⁹
905 458 960 485 Cic.
973 457 1005 484 de
1014 458 1106 492 Arusp.
1122 457 1197 497 Resp.
1212 464 1237 489 2,
1254 464 1280 489 19
1317 454 1348 480 Et
1366 454 1379 482 5
1408 455 1528 491 Consules,
1547 465 1570 483 et
1584 459 1676 485 caeteri
1685 469 1692 483 .·
1712 467 1813 493 quorum
1826 457 1938 492 dignitas
1950 464 2023 482 etiam
2034 455 2110 483 Ordo
2122 455 2266 492 appellatur.
2338 453 2394 481 Cic.
2407 453 2461 481 Off.

294 517 334 541 ea,
348 515 414 542 quae
429 511 498 532 tanta
511 507 597 529 mente
609 499 689 530 fiunt,
715 502 743 522 vt
762 504 808 522 le
822 503 962 534 <lumin-2¹¹¹
974 501 1030 520 ‘'¹¹'oe
1049 493 1102 520 Vlla
1120 493 1244 519 ordlnem
1258 499 1349 517 rerum
1407 502 1429 526 3,
1442 498 1470 523 58
1495 492 1551 525 Qui
1564 493 1632 526 esset,
1650 500 1679 521 vt
1692 493 1867 529 argentarius,
1887 491 1956 528 apud
1968 500 2061 518 omnes
2076 492 2184 518 ordines
2195 490 2335 527 gratiosus,
2354 490 2374 516 i.
2386 491 2463 525 Apud

293 553 322 571 ac
335 541 537 570 vicissitudinem
550 533 668 573 persequi
683 531 772 566 possit,
793 531 851 557 casu
865 530 924 556 fieri
940 530 1030 570 putet}
1088 564 1093 569 ⁸
1122 527 1198 568 Ordo
1212 534 1236 567 et
1249 534 1348 561 oppor-
1407 528 1514 553 onmium
1530 529 1642 554 ordinum
1655 530 1769 557 homines.
1842 528 1919 556 Ordo
1938 526 2122 563 amplissimus,
2142 527 2286 554 Senatorius
2297 525 2475 552 vocitabatur„

293 579 391 607 tunitas
405 584 495 604 rerum
531 572 602 599 Idem
616 568 670 595 Ost·
686 577 703 600 ¹2
718 576 769 600 ¹4²-
874 565 1043 601 Incl‘echbllls
1056 572 1096 591 rel
1122 563 1254 596 Qunffll·
1275 572 1297 597 5,
1318 571 1348 594 ¹3·
1406 564 1463 591 Cic.
1479 562 1512 590 de
1525 563 1647 590 Prouinc.
1661 565 1768 592 Consul.
1782 574 1809 597 25
1822 575 1843 593 c.
1858 574 1885 592 10
1912 564 1968 598 Qi
1981 572 2024 591 me
2037 572 2099 590 cum
2111 563 2160 590 illo
2173 563 2201 590 in
2214 562 2327 598 gratiam
2338 560 2462 587 reducat!

293 614 369 643 Ordo
384 619 408 640 et
421 611 513 638 modus
528 605 650 633 omnium
663 612 729 637 quae
743 603 825 636 fiunt,
845 610 965 637 quaeque
979 601 1104 628 dicuntur
1140 600 1196 627 Cic·
1211 598 1265 626 Off·
1282 608 1299 631 Ι,
1316 607 1348 628 ¹5·
1406 599 1513 626 reduxit
1530 598 1598 625 ordo
1616 600 1799 635 amplislimus,
1819 607 1845 628 et
1866 600 1935 628 ordo
1954 600 1991 633 is,
2012 599 2060 634 qui
2079 599 2117 626 est
2135 605 2161 625 et
2181 598 2281 634 publici
2299 595 2418 627 consilii,
2437 601 2462 623 et

292 651 369 678 Ordo
382 655 407 675 et
422 642 554 679 dispositio
567 645 786 675 argumentorum
811 637 884 665 Idem
898 638 930 664 de
944 638 1018 665 01³*-
1031 647 1054 670 2,
1069 645 1120 670 ¹79·
1218 633 1294 674 Οῐζᾶθ
1314 635 1349 660 ΓΕ·
1364 637 1393 656 ¹0
1405 644 1531 662 meorum
1546 635 1669 661 omnium
1684 636 1855 664 consiliorum
1868 636 1962 664 auctor
1977 641 2003 663 et
2017 635 2148 670 princepS.
2185 635 2250 669 conf.
2265 634 2332 661 Plin.
2342 633 2388 667 Ep.
2397 640 2436 667 10,
2443 641 2461 665 3.

292 688 397 719 riesque
416 681 550 709 causarum
586 676 659 704 Idem
683 674 715 701 de
733 674 826 702 Diuin.
846 684 865 707 1,
886 683 932 705 ¹25·
1046 673 1143 700 Rectus
1164 670 1348 705 quaestionum
1407 679 1431 698 et
1443 671 1514 699 Suet.
1529 672 1611 698 Oton.
1631 679 1653 697 t.
1667 675 1689 701 8.
1710 678 1735 697 et
1749 673 1824 707 Vefp.
1843 682 1865 702 c.
1877 682 1898 700 2.
1990 670 2124 706 Equestris
2143 670 2212 697 ordo
2236 670 2328 704 Nepos
2340 678 2378 702 25,
2391 676 2427 704 19,
2439 675 2464 694 2·

292 719 423 755 Qiinetil.
436 725 458 749 2,
472 722 504 747 13.
577 711 688 739 Ordinis
702 717 727 737 et
740 710 923 738 collocationis
937 708 979 735 vis
992 709 1082 736 eadem
1094 707 1202 734 videtur
1222 707 1279 733 Cic.
1294 705 1348 733 Off.
1407 709 1450 734 Sic
1476 707 1615 734 Proximus
1635 706 1671 733 est
1685 706 1747 733 huic
1768 707 1889 742 dignitati
1909 707 1978 735 ordo
1990 707 2116 743 Equester
2146 707 2202 734 Cic.
2214 714 2265 741 pro
2278 705 2369 732 Domo
2389 713 2411 730 c.
2425 708 2462 734 28.

290 767 310 791 Ι,
325 764 374 786 142.
453 747 629 777 Conseruatio
643 747 748 774 ordinis
773 746 848 774 Idem
860 746 896 773 ib.
909 756 929 779 1,
943 753 994 777 142.
1084 743 1160 772 Prius
1173 742 1285 775 ordine,
1323 747 1347 767 et
1406 742 1586 770 Excellentior
1599 742 1669 769 ord0
1694 742 1817 770 prudent,
1831 744 2017 778 imsymmach,
2034 753 2052 777 ¹,
2066 750 2118 779 57¹·
2213 741 2330 776 Adeptus
2343 739 2379 767 est
2391 739 2464 767 ordi,

289 789 418 819 Posterius
433 786 547 818 ordine,
566 784 696 810 contraria
716 783 784 809 Hor.
797 783 879 809 Serm.
896 792 913 816 1,
927 792 951 814 4,
965 788 1001 812 58-
1206 777 1227 817 ff
1250 787 1265 804 2
1286 779 1345 804 For·
1406 789 1466 806 nem
1482 778 1652 806 Senatorium
1684 778 1741 806 Cic.
1755 787 1804 814 pro
1821 778 1911 806 Flacco
1925 790 1956 814 43
1976 789 1998 807 e.
2012 786 2045 810 18.
2153 778 2205 805 Vir
2220 776 2348 805 senatorii
2360 774 2464 802 ordinis

287 827 366 853 mulae
378 824 522 850 Vei-borum:
561 819 697 847 Adducere
711 818 740 845 in
754 818 892 851 ordinem,
920 818 976 844 vid.
990 821 1134 844 ADDVCO.
1207 814 1347 842 Adducere
1365 820 1391 847 ις
1405 816 1503 842 Patere.
1519 824 1546 848 2,
1567 817 1614 848 69,
1634 823 1655 845 5.
1763 815 1832 841 Hinc
1867 816 2011 851 Vtriusque
2030 814 2135 843 ordinis
2154 814 2209 841 viri
2237 813 2311 841 Idem
2324 820 2431 845 2‚100‚
2444 820 2466 842 5.

285 871 317 889 ex
331 859 486 887 inordinato
500 857 528 883 in
543 856 667 883 ordinem
688 855 744 881 Cic.
758 855 790 881 de
803 854 885 881 Vniu.
899 861 926 888 7.
1010 852 1145 879 Adhibere
1159 851 1284 878 ordinem
1305 849 1344 876 Id.
1405 853 1574 878 peculiariter
1586 858 1610 876 et
1615 850 1767 886 simpliciter
1770 850 1828 884 fine
1846 850 1961 877 adiuuere
1974 851 2044 879 ordo
2056 851 2153 878 dicitur
2170 852 2200 876 de
2206 849 2379 886 senatoribus,
2398 854 2423 873 et
2436 847 2464 872 in
2486 865 2488 868 -

286 897 341 924 Off.
356 906 375 929 1,
388 905 422 929 37.
517 892 708 919 Adininistrare
721 889 822 925 aliquid
837 889 933 916 ordine
951 887 1024 915 Idem
1040 890 1092 914 Att.
1107 896 1139 919 12,
1153 894 1179 922 7.
1262 885 1346 912 Affert
1402 887 1540 923 prouinciis
1559 888 1590 913 de
1609 886 1797 912 decurionibus:
1822 884 1901 920 βελῆ,
1918 887 1956 913 ὴ)
1974 887 2125 920 «πήματος,
2144 895 2233 921 cul-13,
2250 884 2320 912 ordo
2331 884 2392 911 Ver,
2403 883 2465 910 Lex·

284 932 400 959 maxime
417 931 506 957 lumen
521 927 667 955 memoriae
680 927 750 954 ordo
770 926 827 952 Cic.
841 925 873 951 de
887 925 962 951 Orat.
976 933 997 956 2,
1011 932 1047 955 35¹
1063 932 1085 949 c.
1098 924 1139 953 86.
1211 921 1344 956 Affignare
1405 922 1570 956 βελεντιὶςιιον,
1586 923 1669 956 curia,
1688 922 1757 949 ordo
1777 922 1839 949 ibid.
1912 921 1990 949 Ordo
2002 922 2157 950 Mutinensis
2184 923 2254 949 Tac.
2267 920 2337 947 Hist.
2351 928 2375 955 2,
2388 927 2429 953 52,
2442 928 2465 952 ⁴·
2493 926 2495 928 .

283 968 408 995 ‘’rdinem
430 966 504 994 [dem
517 965 546 991 ln
560 965 646 991 Pison·
661 969 700 994 83·
772 962 876 995 cogere
889 960 917 986 in
927 980 935 993 ⁵
971 959 1024 986 vid.
1041 963 1153 986 COGO·
1225 957 1343 991 COllige-
1408 959 1484 984 Talia
1496 959 1608 993 plurima
1613 958 1786 994 suppeditabit
1799 959 1880 984 Index
1893 957 2083 993 Inscriptionum
2096 958 2216 991 Gruteri,
2235 957 2279 983 vel
2290 955 2415 990 Scaligeri
2425 961 2466 991 po·

283 1013 313 1031 ΓΘ
326 1003 451 1031 ordinem
460 1022 468 1035 2
491 1001 545 1027 vid·
557 999 638 1036 Pa¹¹ll⁰
649 998 716 1035 ΡΨ,
753 995 925 1031 ΜΠῙῑῙΡῙῙςὸῑί
939 995 969 1021 ῘΠ
982 994 1057 1021 3ΐόἶο
1071 993 1187 1022 Ordines·
1280 992 1343 1020 Col·
1357 998 1393 1017 20
1406 994 1456 1020 tius
1469 1000 1521 1029 cap.
1526 1003 1542 1026 9
1562 995 1606 1020 vbi
1619 1001 1787 1021 memorantur
1799 993 1876 1021 Ordo
1885 993 2072 1028 Ampliffimus‚
2086 993 2256 1027 clariffimus,
2271 990 2467 1023 Nobilissimus,

283 1040 371 1067 locare
385 1037 513 1073 quaedam
527 1045 558 1063 ex
570 1035 666 1062 ordine
687 1034 789 1061 Audior
801 1032 832 1060 ad
846 1033 967 1058 Hcrenn.
980 1039 1002 1067 3,
1014 1039 1046 1063 31.
1117 1028 1285 1069 Compellare
1297 1028 1345 1055 ali·
1405 1029 1544 1063 Piissimus,
1564 1030 1677 1061 Primus,
1692 1029 1880 1064 Sanffissirnus,
1898 1027 2133 1064 Splendidissimus,
2148 1029 2347 1063 Attifanorum,
2365 1025 2466 1054 Arimi·
2487 1031 2507 1059 ,J

283 1082 396 1111 quos'ex
410 1073 507 1101 ordine
527 1073 583 1099 Cic.
599 1072 630 1098 de
641 1070 699 1097 Fin.
714 1078 736 1103 2,
754 1078 793 1102 24·
830 1078 860 1094 ex
875 1069 958 1094 Poeta.
998 1101 1004 1107 ⁶
1029 1067 1202 1107 Componere
1220 1065 1346 1091 ordinem
1405 1066 1541 1099 nensium,
1560 1066 1788 1100 Aquileiensium,
1811 1065 2016 1099 Arretinorum,
2041 1063 2171 1099 Augustae
2188 1064 2396 1097 Taurinorum,
2416 1062 2466 1089 ea.
2493 1067 2507 1090 χ

281 1112 323 1139 rei
336 1110 483 1147 gerendae,
520 1109 573 1134 vid.
596 1111 770 1134 COMPoNo.
843 1103 984 1131 conficere
997 1110 1025 1128 in
1045 1103 1103 1129 Cic.
1116 1110 1166 1137 pro
1174 1101 1250 1128 Rosc.
1265 1101 1344 1128 Com.
1405 1111 1487 1136 puae,
1508 1102 1639 1129 Coloniae
1658 1104 1726 1138 Aug.
1739 1102 1910 1129 Himeraeor.
1931 1101 2090 1137 Thermit.,
2107 1100 2268 1136 Municipii,
2287 1099 2467 1134 Mimicipum,
2492 1102 2510 1127 ,ξ

282 1157 305 1181 7.
377 1146 542 1173 Conseruare
553 1144 631 1170 suum
651 1142 723 1170 Idem
737 1143 789 1168 Att.
805 1142 831 1173 6,
846 1149 863 1166 1.
936 1138 1070 1172 Qiinffll.
1084 1148 1107 1171 5,
1121 1147 1150 1165 10
1177 1138 1213 1163 Vt
1228 1138 1287 1164 sunt
1300 1145 1345 1163 au·
1405 1139 1605 1175 Decurionum,
1624 1146 1670 1165 etc.
1752 1137 1829 1164 Ordo
1843 1146 1895 1164 vna
1913 1146 1974 1164 cum
1992 1137 2115 1172 ciuibus,
2129 1135 2198 1163 ordo
2213 1143 2238 1163 et
2252 1135 2340 1171 plebs,
2359 1134 2428 1162 ordo
2440 1138 2467 1160 et

280 1190 335 1211 tem
353 1182 403 1209 tria
424 1188 559 1216 tempora,
602 1179 638 1205 ita
659 1177 727 1205 ordo
752 1186 842 1203 rerum
866 1174 951 1202 tribus
972 1174 1115 1202 momentis
1135 1173 1280 1200 Consertus
1299 1172 1344 1200 est.
1360 1183 1393 1210 25
1405 1174 1527 1209 populus,
1547 1175 1616 1202 ordo
1631 1174 1842 1209 poffefforesque‚
1860 1181 1906 1200 etc.
1978 1173 2074 1200 Minor
2089 1172 2174 1205 ordo,
2192 1179 2238 1207 pro
2250 1172 2371 1206 equitibus
2396 1171 2468 1198 Mar-

280 1219 450 1253 Consurgunt
463 1223 540 1243 terno
554 1215 650 1242 ordine
663 1213 731 1241 remi
751 1213 826 1248 Virg.
839 1213 904 1238 Aen.
919 1219 1003 1245 5,120.
1038 1211 1058 1237 i.
1083 1210 1199 1245 Triplici.
1273 1210 1344 1236 Con·
1405 1210 1459 1238 tial.
1481 1221 1512 1242 4,
1534 1220 1546 1236 2
1578 1211 1647 1237 611111
1661 1209 1750 1245 plebs,
1772 1216 1797 1238 et
1809 1210 1902 1237 minor
1916 1208 2000 1239 ordo,
2019 1210 2202 1243 maximusque
2216 1207 2312 1235 samm,
2326 1216 2385 1234 mm
2401 1206 2468 1233 duce
2495 1205 2500 1214 .

280 1261 385 1282 vertere
402 1253 526 1280 ordinem
546 1257 691 1283 votorum,
729 1250 783 1276 vid.
805 1252 1005 1276 CONVERTO.
1102 1244 1267 1272 Descendere
1288 1253 1345 1280 per·
1405 1246 1530 1273 candidus
1545 1246 1654 1274 sederet.
1854 1243 1876 1284 ff
1896 1254 1915 1279 4
1952 1247 1998 1271 Ad
2002 1245 2105 1280 seriem,
2125 1254 2199 1279 quam
2212 1244 2303 1270 merita
2318 1242 2466 1279 constituunt
2506 1251 2511 1268 ·,

280 1297 361 1327 petuo
372 1289 467 1316 ordine
488 1287 570 1315 Ouid.
583 1287 645 1313 Met.
659 1295 690 1320 11,
704 1292 758 1319 755.
780 1287 809 1310 de
822 1286 920 1319 Mer-go.
1012 1282 1108 1322 Dicere
1121 1281 1225 1316 aliquid
1238 1280 1344 1321 ordine,
1403 1282 1525 1316 refertur.
1580 1283 1657 1318 Virg.
1673 1282 1736 1309 Aen.
1751 1291 1775 1317 7,
1789 1284 1837 1315 276
1863 1280 1996 1310 Omnibus
2010 1281 2144 1316 extemplo
2152 1279 2269 1306 Teucris
2282 1278 2356 1306 iubet
2369 1277 2466 1305 ordine
2489 1282 2492 1286 '

279 1329 304 1354 h.
318 1336 338 1354 e.
360 1328 409 1352 Per
421 1325 531 1351 ordinem
545 1331 652 1349 narrare
685 1322 752 1349 Ter.
770 1320 876 1360 Phorm.
892 1331 916 1353 4,
931 1329 949 1350 1,
964 1327 996 1352 14.
1057 1342 1060 1345 .
1074 1318 1171 1344 Dicere
1186 1318 1342 1344 sententiam
1401 1318 1464 1344 duci
1501 1318 1625 1345 Instratos
1638 1318 1712 1346 ostro
1726 1318 1851 1354 alipedes,
1859 1317 1993 1353 pictisque
2005 1317 2107 1352 tapetis.
2180 1315 2297 1349 Seruius,
2312 1314 2339 1341 id
2354 1314 2399 1345 cst,
2412 1322 2466 1340 me-

279 1372 312 1390 ex
327 1362 422 1389 ordine
444 1360 501 1387 Cic.
516 1361 593 1386 Verr.
609 1367 637 1392 4,
652 1367 702 1392 143.
780 1356 906 1396 Dirigere
921 1354 1142 1395 intquincuncem
1155 1352 1283 1394 arborum
1297 1361 1339 1379 or·
1357 1364 1391 1388 30
1403 1353 1461 1381 ritis
1475 1353 1648 1388 singulorum.
1722 1355 1764 1380 Sic
1786 1354 1861 1389 Virg.
1875 1355 1942 1381 Aen.
1960 1362 1990 1388 2,
2010 1362 2051 1380 102
2084 1352 2193 1386 Qidue
2210 1352 2321 1378 moror!
2342 1350 2359 1377 si
2373 1357 2466 1376 omnes

278 1399 353 1426 dines
373 1398 430 1426 Cic.
445 1396 477 1423 de
491 1395 591 1423 Sene&
605 1404 644 1427 30.
753 1392 901 1426 Disponere
915 1389 1159 1429 disiecta-membra
1173 1399 1203 1416 111
1216 1389 1341 1416 ordinem
1403 1398 1458 1416 vno
1473 1389 1569 1416 ordine
1582 1390 1685 1417 habetis
1699 1389 1827 1417 Achiuos.
1900 1390 2018 1422 Seruum,
2038 1390 2100 1416 Vno
2115 1388 2212 1415 ordine
2242 1388 2304 1414 Vno
2316 1392 2400 1414 reatu.
2435 1386 2467 1412 Et

277 1436 367 1463 Senec.
382 1433 492 1469 Hippol.
510 1441 543 1459 12.
615 1429 770 1464 Dispensare
784 1433 862 1468 atque
877 1426 1143 1466 disponerelinuenta
1154 1425 1251 1452 ordine
1283 1425 1341 1452 Cic.
1403 1425 1439 1452 est
1460 1425 1492 1452 de
1512 1426 1621 1459 antiqua
1640 1425 1754 1453 1136111111
1773 1425 1895 1452 scientia:
1933 1426 1996 1459 quia
2012 1425 2041 1451 in
2061 1425 2186 1452 ordinem
2204 1410 2360 1450 dicebantur
2378 1422 2468 1449 causae
2485 1431 2492 1446 τ

277 1471 309 1498 de
323 1471 399 1497 Orat.
413 1479 433 1504 1,
447 1477 495 1502 ¹4²·
568 1467 636 1493 Dare
651 1465 775 1491 ordinem
787 1461 892 1502 dicen-di
914 1459 1048 1495 QunCtil.
1063 1470 1081 1494 1,
1093 1469 1115 1487 2.
1157 1496 1163 1500 Ι
1188 1461 1262 1487 Idem
1278 1469 1342 1494 10,i,
1402 1468 1514 1496 propter
1532 1461 1750 1492 multitudinem,
1769 1461 1813 1488 vel
1827 1461 1972 1488 tumultum
1987 1461 2185 1493 festinantium,
2204 1468 2288 1494 quum
2309 1465 2364 1486 erat
2383 1465 2466 1485 annus
2507 1478 2510 1479 .

276 1516 310 1540 54
333 1505 495 1541 Apollonius
511 1504 539 1530 in
552 1502 677 1529 ordinem
691 1509 705 1527 a
722 1501 907 1526 Grammaticis
922 1498 1018 1524 Datum
1032 1505 1087 1523 non
1103 1501 1186 1523 venit.
1266 1495 1341 1522 Idem
1402 1498 1503 1524 litium.
1574 1498 1667 1524 quen.
1677 1497 1728 1524 Sat.
1741 1499 1779 1531 16,
1792 1506 1821 1530 ⁴²
1840 1497 2033 1532 Exspe&andus
2046 1497 2108 1533 erit,
2121 1497 2169 1531 qui
2183 1496 2241 1523 lites
2253 1495 2363 1522 incho'e't
2375 1502 2468 1521 annus,

275 1551 316 1575 10,
331 1552 349 1573 1,
357 1548 386 1574 85
406 1541 480 1568 Idem
494 1538 572 1566 nobis
587 1547 633 1573 per
647 1538 783 1564 Romanos
797 1543 906 1570 quoque
921 1533 1042 1560 audior&
1056 1531 1125 1559 ordo
1139 1530 1282 1558 Ducendus
1295 1531 1341 1558 est.
1356 1540 1386 1567 35
1408 1535 1495 1559 Verum
1515 1532 1562 1569 {sta
1574 1533 1725 1570 subtiliora,
1747 1542 1821 1568 quam
1840 1534 1953 1560 veriora.
2026 1533 2089 1560 Vno
2107 1533 2203 1560 ordine
2221 1532 2254 1568 est
2269 1541 2319 1558 vno
2333 1532 2400 1564 loco,
2417 1538 2466 1556 vno
2509 1550 2511 1553 ,

274 1579 308 1605 Ee
320 1587 349 1611 4,
363 1586 402 1611 ¹4,
414 1585 441 1610 19
461 1574 563 1602 Prioris
576 1573 657 1608 partis
671 1572 754 1598 Duxit
768 1571 903 1610 ordinem.
939 1570 957 1596 i.
977 1569 1085 1604 priorem
1096 1568 1181 1603 priore
1192 1569 1240 1593 loco
1251 1566 1340 1608 posuit.
1398 1569 1488 1604 pretio.
1688 1565 1710 1607 ff
1731 1577 1745 1603 ς
1782 1567 1899 1596 Ordines
1912 1569 1940 1594 in
1952 1577 1980 1595 re
1991 1568 2103 1596 militari
2107 1568 2168 1605 sunt
2178 1572 2276 1603 gradus
2288 1567 2396 1600 honoris,
2415 1574 2467 1592 cen-

274 1615 362 1641 Aliter
381 1612 455 1640 Idem
476 1622 501 1645 4,
515 1619 538 1643 2,
551 1615 580 1642 58
607 1608 694 1635 Rebus
711 1607 785 1642 ipsis,
822 1605 920 1640 quibus
934 1613 1024 1632 moras
1038 1610 1063 1644 ent
1078 1604 1179 1630 lentum
1192 1603 1343 1638 profefiho-
1402 1607 1527 1631 turianum
1538 1603 1702 1640 praesertim,
1722 1608 1767 1640 qui
1774 1612 1822 1641 per
1832 1605 1882 1631 LX
1890 1605 2035 1638 centurias,
2057 1612 2122 1631 certe
2136 1606 2225 1632 XXX
2233 1603 2370 1639 manipulos
2383 1601 2473 1638 Legio..

273 1650 317 1676 nis
330 1648 454 1676 ordinem
469 1646 548 1673 Ducit
567 1645 586 1672 i.
603 1644 734 1680 producit,
755 1643 846 1669 trahit.
890 1677 895 1682 „
920 1642 970 1667 Sed
988 1639 1108 1681 Qfd¹f¹⁰⁵2
1119 1640 1223 1666 Ducere
1247 1639 1266 1666 ἰ.
1286 1648 1340 1666 cen·
1400 1640 1441 1666 nis
1454 1640 1518 1676 suae
1528 1640 1659 1676 paullatim
1676 1642 1713 1667 acl
1717 1641 1826 1676 primum
1836 1641 1918 1676 pilum
1931 1640 2082 1676 ascendum,
2100 1650 2153 1667 cum
2173 1650 2204 1666 ex
2217 1639 2323 1672 decimo,
2343 1638 2361 1665 ι’.
2377 1638 2466 1664 vltimo

273 1687 396 1713 tur-ionem
409 1684 470 1720 effi,
506 1682 561 1707 vid.
581 1690 608 1707 n.
620 1683 645 1707 6.
740 1679 822 1706 Effari
837 1677 961 1704 ordinem
975 1684 1017 1704 rei
1029 1676 1141 1703 alicuius
1169 1676 1258 1703 Senec.
1273 1676 1341 1710 Hip·
1401 1676 1497 1712 hastato
1509 1678 1561 1712 fiat
1579 1676 1687 1703 decimus
1703 1677 1836 1712 princeps,
1856 1683 1908 1703 tum
1920 1676 2028 1703 decimus
2039 1676 2124 1712 pilus,
2144 1676 2234 1702 deinde
2255 1684 2331 1701 nonus
2350 1673 2466 1711 hastatus,
2477 1679 2492 1691 Α

272 1721 327 1756 pol.
343 1730 380 1747 10.
451 1717 560 1746 Efficere
573 1716 698 1744 ordinem
718 1714 852 1749 Quinctil.
867 1723 889 1747 2,
903 1723 945 1753 17.⁸
985 1747 991 1753 ·
1008 1712 1067 1739 Exit
1082 1712 1110 1738 in
1122 1712 1233 1746 longum
1248 1720 1339 1738 rerum
1356 1720 1394 1746 40
1396 1713 1530 1748 princeps,
1548 1713 1629 1748 pilus,
1647 1719 1672 1738 et
1684 1713 1723 1740 ita
1735 1713 1850 1746 oe'lauus,
1863 1711 1998 1748 septimus,
2010 1711 2115 1748 sextus,
2132 1714 2207 1738 donec
2222 1712 2260 1737 ad
2265 1713 2376 1746 primum
2388 1708 2466 1746 hasta-

273 1756 343 1783 ordo
368 1755 442 1783 Idem
456 1766 480 1787 4,
495 1763 516 1780 2.
623 1752 761 1786 Explicare
776 1749 901 1776 ordinem
913 1749 1025 1775 alicuius
1037 1747 1078 1774 rei
1100 1746 1174 1774 Idem
1188 1757 1202 1779 4
1216 1748 1340 1774 Prooem.
1400 1755 1466 1778 tum,
1482 1749 1636 1783 principem,
1654 1748 1738 1784 pilum
1751 1748 1856 1783 denique
1866 1749 1996 1783 primum,
2015 1748 2060 1783 qui
2072 1747 2182 1783 summus
2201 1748 2277 1773 honor
2294 1754 2319 1773 et
2333 1745 2466 1782 fist'kium
2494 1766 2502 1776 ,

273 1792 411 1827 Explicare
427 1789 560 1821 ordines,
570 1789 599 1813 de
611 1797 638 1813 re
649 1787 758 1812 militari
782 1788 838 1811 vid.
857 1789 1008 1811 Exrtico.
1028 1818 1034 1823 ι
1080 1783 1217 1822 Explicare
1231 1782 1340 1809 ordines
1400 1784 1553 1809 centurionis
1566 1783 1602 1819 est
1609 1804 1617 1816 ‚
1636 1785 1807 1818 perueniatur.
1880 1784 1991 1811 Sordem
2005 1789 2032 1810 et
2045 1784 2186 1810 auaritiam
2200 1783 2307 1810 Fonteii
2319 1778 2466 1818 Capitonis,>
2487 1808 2489 1814 ,

273 1834 426 1862 temporum
448 1825 505 1852 Cic.
519 1823 551 1850 de
565 1823 637 1849 Clar.
653 1823 727 1848 Orat.
743 1831 773 1849 15.
865 1821 961 1846 Facere
974 1817 1100 1845 ordinem
1119 1817 1251 1858 Qunflil.
1265 1827 1289 1851 7,
1309 1827 1339 1844 11.
1399 1818 1555 1845 Adimendis
1569 1818 1784 1853 Affignandisque
1803 1819 1918 1845 militiae
1931 1818 2090 1851 ordinibus,
2109 1820 2214 1852 integre
2233 1824 2348 1846 mutarat
2373 1816 2466 1846 Tacit.

273 1864 348 1891 Haec
363 1871 378 1889 a
390 1871 432 1888 me
446 1859 543 1888 ordine
555 1858 634 1885 Facta
654 1862 719 1892 puto
733 1865 775 1882 me
788 1856 872 1882 Bruto
887 1853 1064 1890 probaturum
1104 1854 1161 1880 Cic.
1177 1853 1255 1880 Attic.
1269 1856 1296 1886 6,
1316 1861 1339 1880 2.
1400 1853 1468 1881 Hist.
1483 1864 1502 1890 1,
1515 1861 1555 1886 52,
1567 1862 1588 1881 2.
1681 1853 1886 1881 Interfectorem
1899 1854 2017 1880 Voculae
2031 1853 2098 1880 Altis
2117 1854 2271 1887 ordinibus,
2291 1861 2418 1887 caeteros,
2437 1859 2466 1880 vt

272 1901 292 1927 ἰ.
313 1899 454 1933 Sapienter.
561 1894 656 1921 Facere
670 1891 771 1928 aliquid
784 1890 855 1918 reete
868 1896 947 1925 atque
960 1889 1071 1929 ordine¹
1093 1889 1167 1916 Idem
1179 1898 1230 1924 pro
1243 1889 1338 1923 Quint.
1351 1896 1386 1923 45
1400 1890 1513 1924 quisque
1533 1888 1662 1924 flagitium
1681 1894 1843 1922 nauauerat,
1862 1888 1989 1924 praemiis
2004 1889 2111 1915 Attollit
2140 1889 2213 1916 Idem
2232 1889 2300 1917 ibid.
2319 1899 2354 1924 4,
2374 1900 2420 1924 59,
2437 1897 2467 1923 4.

271 1941 313 1964 28.
339 1933 440 1961 53111111.
453 1931 531 1959 63111.
545 1939 567 1957 (.
582 1936 616 1963 51.
723 1927 818 1954 Fecisse
834 1926 906 1954 redde
919 1933 998 1961 atque
1012 1925 1125 1959 ordine,
1152 1934 1238 1959 exque
1252 1925 1339 1960 Repu·
1400 1926 1470 1952 Dare
1484 1925 1592 1952 ordines
1617 1925 1687 1952 Suet.
1700 1924 1773 1953 Caes.
1786 1934 1808 1951 c.
1821 1932 1853 1959 75
1874 1924 1906 1959 est
1924 1926 1954 1950 ln
1968 1931 2059 1950 certum
2071 1925 2180 1950 militiae
2193 1925 2304 1951 ordinem
2317 1924 2465 1961 aascribere.

272 1970 342 1998 blica
367 1970 424 1997 Cic.
439 1967 553 2001 Philipp.
569 1975 590 1999 3,
605 1973 632 1998 39
646 1974 666 1992 c.
681 1973 713 1993 ις.
784 1963 916 2002 Scriptum
932 1967 1004 1995 erat,
1028 1970 1090 1988 eum
1105 1960 1251 1988 Marcellum
1265 1960 1338 1988 iedle
1401 1961 1510 1988 Redditi
1524 1960 1657 1996 plerisque
1670 1960 1796 1994 ordines,
1811 1961 1916 1988 remissa
1931 1960 2101 1995 ignominia,
2120 1960 2246 1987 alleuatae
2260 1966 2339 1987 notae
2371 1960 2474 1989 Tacit..

271 2013 351 2041 atque
368 2005 464 2032 ordine
478 2002 590 2031 Fecisse,
626 1999 698 2039 quod
712 2000 741 2025 in
755 1998 896 2038 Lneontinis
911 1998 978 2024 nulli
993 1997 1146 2032 pepercisset
1180 1997 1241 2023 Liu.
1256 2006 1292 2029 24,
1307 2006 1338 2029 31.
1400 1997 1469 2024 Hist.
1491 2007 1515 2030 1,
1534 2004 1576 2030 52,
1596 2005 1622 2025 2.
1821 1994 1843 2034 ff
1865 1999 1880 2024 6
1924 1997 1975 2022 Sed
1987 1996 2038 2022 alio
2057 1995 2180 2022 intellec'lu
2197 1995 2306 2022 ordines
2323 1997 2352 2021 in
2369 1996 2464 2022 militia

272 2042 354 2069 Ferre
368 2039 493 2067 ordinem
506 2044 592 2063 t0tum
606 2035 793 2073 declinationis
807 2034 928 2058 dicuntur
944 2032 1032 2058 Verba
1045 2032 1176 2066 regularia
1202 2033 1337 2065 Qtinffll.
1393 2032 1456 2067 sunt
1469 2033 1520 2067 ipfi
1528 2033 1621 2058 milites
1633 2033 1661 2057 in
1670 2032 1734 2068 suas
1751 2033 1894 2065 centurias,
1909 2032 2004 2066 series,
2023 2031 2109 2067 versus
2125 2032 2203 2057 locati
2216 2041 2246 2057 ac
2259 2031 2352 2064 diuisi.-
2369 2032 2398 2058 de
2409 2031 2459 2066 qnie'

270 2087 290 2110 Ι,
303 2088 328 2110 4,
340 2085 379 2110 29.
451 2071 558 2099 Habere
571 2071 643 2096 locos
658 2077 690 2095 ex
701 2067 799 2108 ordme
824 2067 928 2093 Au&or
941 2067 973 2093 ad
986 2068 1106 2093 Herenn.
1119 2075 1140 2097 3,
1153 2074 1195 2097 30.
1284 2068 1337 2104 Irn-
1351 2073 1384 2098 50
1399 2068 1443 2091 bus
1474 2068 1536 2092 Stat.
1559 2067 1654 2093 Theb.
1676 2076 1699 2100 5,
1717 2073 1731 2095 8
1763 2067 1889 2101 Dispositi
1907 2068 1937 2094 in
1956 2072 2056 2094 turmas
2076 2068 2191 2102 iterum,
2212 2067 2352 2102 legemque
2375 2064 2456 2098 seueri
2467 2062 2469 2066 ⁸

270 2118 374 2140 mutare
388 2109 513 2137 ordinem
526 2105 673 2134 verborum
695 2104 752 2130 Cic.
767 2111 796 2129 in
810 2103 885 2129 Orat.
901 2111 949 2132 214.
1021 2100 1151 2140 Incedunt
1164 2100 1247 2139 longo
1261 2100 1335 2125 ordi-
1399 2100 1520 2126 Ordinis.
1595 2101 1662 2125 Him·
1676 2100 1784 2126 ordines
1798 2101 1894 2127 ducere
1909 2102 1944 2135 est
1956 2103 2140 2130 centurionem
2154 2103 2216 2139 effi,
2235 2104 2301 2138 quod
2310 2109 2407 2138 apparet
2420 2107 2452 2129 ex

269 2157 304 2175 ne
318 2147 405 2174 viciae
417 2151 507 2181 gentes
534 2142 611 2176 Virg.
625 2141 690 2167 Aen.
704 2145 727 2172 8,
740 2146 794 2174 722·
903 2137 1111 2163 Grammaticam
1125 2144 1208 2170 quum
1222 2143 1250 2160 111
1264 2135 1337 2161 ordi·
1397 2135 1454 2162 Cic.
1464 2135 1531 2161 Phil.
1545 2144 1564 2166 1,
1576 2141 1610 2161 20
1627 2143 1649 2161 c.
1663 2140 1676 2164 8
1696 2135 1750 2167 vbi,
1771 2136 1839 2169 quod
1843 2135 1922 2171 J'sri'es
1934 2136 2057 2168 orationis
2068 2137 2174 2172 ostendit
2187 2138 2381 2167 Centurionum
2390 2136 2453 2173 peri-

268 2193 333 2213 nem
345 2185 514 2211 incurreret,
552 2177 742 2204 inhonoratam
760 2173 872 2201 transire
891 2172 1028 2213 noluimus
1044 2207 1049 2212 ι
1066 2170 1198 2204 Qinftil.
1213 2179 1232 2204 1,
1254 2180 1276 2205 5,
1299 2180 1336 2203 54.
1394 2170 1493 2206 phrasis
1513 2170 1562 2207 est,
1589 2170 1645 2197 viri
1663 2169 1800 2197 fortiffimi
1818 2176 1897 2205 atque
1914 2170 2104 2206 honestiffimi‚
2124 2174 2172 2207 qui
2196 2174 2304 2201 ordines
2323 2173 2458 2200 duxerunt.

268 2221 387 2250 Iniicere
400 2217 504 2245 redium
518 2214 642 2242 ordinem
651 2234 660 2248 ‚
694 2218 720 2238 et
735 2211 826 2237 fraena
840 2215 945 2245 vaganti
960 2208 1083 2234 licentiae
1121 2208 1191 2233 Hor.
1211 2208 1299 2234 Carm.
1313 2217 1336 2239 4,
1396 2208 1444 2232 Ad
1455 2207 1531 2232 aciem
1544 2205 1622 2242 ipsam
1634 2213 1659 2233 et
1668 2207 1796 2243 praelium
1807 2208 1935 2241 pertinent
1955 2206 2163 2243 Abrumpuntur
2178 2209 2287 2237 ordines
2299 2209 2388 2241 laxati,
2404 2207 2458 2235 '¹¹¹3-

270 2267 295 2289 ις
320 2266 345 2290 9.
438 2252 579 2281 Instituere
591 2248 716 2276 ordinem
745 2246 879 2280 Qiinc’til.
896 2255 914 2278 1,
927 2255 948 2276 5·
1045 2245 1214 2278 Interrogare
1235 2243 1291 2270 Cic.
1307 2242 1334 2268 in
1352 2247 1381 2274 55
1399 2249 1421 2268 Α
1431 2248 1446 2268 Β
1458 2249 1477 2268 R
1488 2250 1508 2269 v
1519 2249 1545 2269 M
1556 2250 1570 2269 r
1581 2248 1613 2270 0.
1693 2242 1910 2277 Multiplicantur
1922 2242 1952 2270 111
1965 2242 2041 2270 arcio
2055 2244 2164 2272 ordines
2184 2245 2246 2273 Liu.
2260 2255 2283 2279 2,
2295 2248 2335 2278 50.
2405 2243 2458 2271 ob·
2482 2251 2489 2266 1

269 2280 362 2320 Ρέηίς,
378 2300 396 2317 1.
505 2288 706 2319 Interrumpere
717 2304 725 2317 ,
763 2283 817 2309 vid.
842 2286 1027 2308 INTERRVM
1036 2286 1089 2306 ΡΟ.
1188 2280 1336 2308 inuertere,
1397 2284 1513 2311 vertere,
1533 2279 1587 2305 vid.
1611 2283 1631 2305 ο
1641 2283 1657 2305 Β
1667 2283 1689 2305 ν
1700 2285 1717 2304 Ε
1727 2284 1745 2304 R
1757 2284 1780 2304 'r
1793 2284 1824 2305 ο.
1923 2278 1983 2305 Liu.
1996 2287 2022 2312 2,
2035 2289 2066 2313 59
2097 2281 2276 2308 Centuriones
2291 2279 2462 2318 duplicarios-

269 2330 326 2355 vid.
343 2329 514 2354 1NVERT0.
586 2321 687 2347 Locare
700 2318 796 2346 ordine
809 2316 912 2352 aliquid
933 2316 1008 2350 Virg.
1023 2316 1088 2355 Aen.
1102 2322 1125 2350 5,
1139 2323 1190 2341 102.
1279 2315 1336 2341 Me·
1396 2323 1458 2348 que,
1479 2314 1525 2347 qui
1541 2314 1705 2350 reliquerant
1720 2313 1839 2348 ordines,
1859 2313 1946 2350 virgis
1960 2315 2046 2341 caesos
2059 2316 2143 2342 securi
2156 2317 2286 2350 ρει-(111111.
2357 2318 2462 2352 Cogere

269 2371 378 2392 morare
392 2360 489 2389 ordine
508 2358 589 2385 Plaut.
603 2357 661 2384 Cas.
677 2365 699 2385 5,
712 2364 735 2388 2,
749 2363 785 2380 22.
877 2353 995 2387 Migrare
1009 2350 1104 2390 ordine
1125 2351 1229 2377 Lucret.
1240 2359 1265 2390 ο3,
1281 2357 1335 2383 757.
1396 2350 1425 2376 in
1439 2350 1573 2384 ordinem,
1590 2351 1645 2379 vid.
1667 2356 1683 2377 c
1693 2356 1711 2376 O
1721 2356 1742 2377 G
1753 2356 1782 2376 0.
1981 2347 2003 2387 ff
2024 2359 2037 2383 7
2081 2351 2161 2378 Extra
2180 2351 2319 2384 ordinem,
2339 2354 2409 2386 apud
2419 2353 2462 2378 Iu.

269 2401 391 2429 Narrare
403 2406 461 2424 rem
476 2394 572 2422 ordine
590 2393 659 2419 Ter.
673 2392 738 2418 Eun.
753 2398 776 2423 5,
791 2398 812 2421 5,
828 2394 865 2418 28.
973 2387 1098 2413 Nascitur
1112 2385 1181 2425 ordo
1195 2394 1282 2412 maior
1296 2394 1335 2411 re·
1396 2386 1568 2420 risconsultos,
1590 2387 1607 2412 i.
1621 2387 1678 2419 sine
1691 2386 1773 2412 verbis
1787 2393 1811 2412 et
1818 2385 1941 2419 ftrmulis
1946 2385 2109 2421 sollemnibus.
2180 2387 2286 2413 Paullus
2301 2387 2330 2413 in
2344 2387 2360 2413 1.
2373 2386 2461 2414 Ordo,

270 2445 331 2465 rum
345 2433 414 2461 mihi
440 2431 518 2466 Virg.
533 2431 596 2456 Aen.
610 2435 637 2463 7,
652 2438 690 2460 44.
782 2426 905 2452 Peccatur
917 2422 1118 2458 perturbatione
1131 2422 1243 2448 rationis
1257 2428 1336 2461 atque
1350 2421 1385 2446 60
1397 2422 1430 2448 D.
1449 2421 1482 2448 de
1498 2421 1613 2449 Publicis
1633 2421 1757 2457 iudiciis,
1779 2422 1856 2449 Ordo
1875 2421 2086 2449 exercendorum
2105 2421 2276 2457 publicorum
2294 2421 2461 2449 iudiciorum

270 2471 391 2506 ordinis,
411 2465 543 2503 quidquid
558 2471 679 2500 peccatur
701 2461 758 2488 Cic.
775 2461 802 2487 in
821 2459 908 2500 Parad.
924 2469 942 2492 3.
969 2467 972 2471 ·
1015 2459 1178 2484 Permutatus
1201 2457 1335 2497 Qiintssiil.
1396 2458 1425 2484 in
1440 2457 1487 2483 vsu
1500 2458 1549 2484 esse
1566 2457 1656 2490 desiit,
1673 2457 1783 2484 durante
1801 2463 1890 2484 tamen
1909 2466 1995 2492 poena
2015 2457 2120 2492 legum,
2141 2466 2224 2492 quum
2243 2463 2318 2484 extra
2336 2456 2460 2486 ordinem

270 2518 293 2541 2,
307 2516 339 2539 ¹3·
411 2501 569 2531 Perturbare
582 2506 695 2527 aetatum
712 2497 836 2524 ordinem
857 2496 913 2523 Cic.
929 2494 961 2521 de
976 2494 1047 2521 Clar.
1061 2494 1136 2533 Orat.
1152 2501 1201 2532 333.
1257 2494 1334 2527 Virg.
1396 2493 1509 2519 crimina
1535 2493 1693 2529 probantur.
1766 2494 1796 2519 In
1818 2493 1930 2520 Institut.
1950 2493 2103 2527 Iustiniani,
2134 2494 2231 2520 dicitur
2250 2493 2342 2520 omnia
2361 2493 2460 2522 iudicia

271 2543 324 2570 Ecl,
345 2551 364 2574 1,
378 2549 406 2573 74
444 2539 532 2566 Insere
552 2545 621 2562 nunc
638 2533 772 2561 Meliboee
791 2541 870 2568 pyros
884 2552 893 2564 ,
929 2531 999 2570 Pone
1021 2528 1117 2556 ordine
1137 2535 1213 2555 Vites.
1289 2528 1335 2554 Vbi
1397 2528 1443 2564 eff}
1454 2530 1674 2565 extraordinaria,
1695 2528 1725 2555 in
1740 2529 1820 2556 titulo
1835 2529 1874 2556 De
1890 2529 2051 2563 interdicitis,
2071 2530 2100 2556 in
2115 2529 2184 2563 fine,
2202 2529 2274 2556 Nam
2288 2529 2401 2565 quoties,
2417 2533 2457 2556 in-

271 2578 396 2608 Seruius,
415 2576 487 2601 Pone
501 2571 612 2605 ordine,
632 2570 693 2606 quia
709 2569 837 2604 quadrato
852 2566 949 2594 ordine
963 2572 1031 2593 vites
1045 2570 1191 2605 potiuntur.
1249 2564 1335 2597 Qiae-
1397 2565 1462 2598 quit,
1482 2570 1556 2592 extra
1569 2565 1693 2592 ordinem
1706 2566 1747 2592 ius
1760 2565 1859 2592 dicitur
1877 2566 1984 2601 (qualia
1997 2567 2055 2593 sunt
2067 2565 2149 2592 hodie
2160 2565 2252 2592 omnia
2266 2564 2382 2599 indicia)
2399 2563 2460 2592 non'

271 2623 331 2642 rere
343 2612 476 2639 rationem
500 2608 603 2635 ordinis
623 2613 648 2633 et
670 2604 893 2640 disponendarum
914 2611 1004 2629 rerum
1039 2603 1095 2630 Cic.
1108 2600 1140 2627 de
1155 2601 1231 2626 Orat.
1245 2608 1270 2633 2,
1292 2605 1336 2639 ¹8.'·
1350 2598 1381 2631 65
1397 2599 1433 2626 est
1447 2602 1544 2628 necesse
1558 2601 1634 2628 reddi
1648 2600 1833 2631 interdi&um‚
1851 2602 1894 2627 sed
1907 2601 2034 2636 perinde,
2052 2608 2099 2628 etc.
2216 2601 2285 2628 Suet,
2300 2601 2377 2636 vesp,
2390 2595 2414 2634 ’ς’
2425 2605 2452 2628 so

271 2650 392 2677 Reci‘are
406 2655 438 2673 ex
452 2645 549 2673 ordine
563 2642 665 2677 auquid
686 2642 759 2669 Idem
773 2640 804 2666 de
820 2641 888 2673 Lege
900 2640 992 2673 Agrar.
1008 2647 1029 2670 ε,
1044 2647 1080 2670 47.
1153 2636 1286 2671 Redigere
1307 2644 1336 2662 in
1397 2636 1494 2671 Elegit,
1515 2637 1562 2672 qui
1574 2637 1674 2663 iudicia
1687 2635 1900 2669 centumuiralia,
1913 2637 2011 2669 quibus
2024 2635 2181 2672 peragendis
2196 2637 2240 2663 vix
2253 2636 2393 2664 suffectura
2402 2635 2454 2664 liti-

271 2686 396 2713 ordinem
416 2681 519 2709 Aucior
532 2679 565 2706 ad
579 2680 696 2705 Herenn.
712 2687 733 2710 3,
749 2679 773 2703 16
786 2686 808 2703 c.
823 2684 838 2709 9
848 2683 889 2710 pr.
915 2675 982 2702 Plin.
998 2673 1076 2708 Epist.
1089 2681 1114 2706 2,
1128 2675 1152 2706 6,
1164 2681 1186 2706 5.
1286 2672 1336 2698 Re·
1397 2679 1520 2707 gatorum
1539 2678 1608 2700 aetas
1629 2672 1770 2700 videbatur
1780 2692 1788 2705 ,
1809 2677 1883 2698 extra
1902 2671 2026 2698 ordinem
2043 2671 2231 2699 diiudicarent.
2319 2675 2364 2699 An
2375 2672 2456 2706 simile

271 2723 344 2749 ferre
359 2719 472 2748 ordine,
510 2715 628 2742 Ordinem
641 2713 714 2749 sequi
726 2713 753 2738 in
768 2713 870 2738 dicendo
896 2709 978 2737 Ouid.
993 2711 1057 2750 Met.
1069 2719 1093 2743 9,
1102 2718 1130 2749 ¹5.
1184 2743 1189 2748 .
1221 2707 1335 2749 Referre
1397 2709 1460 2742 quid
1470 2708 1624 2744 &mlligitur
1641 2710 1668 2733 in
1682 2708 1723 2734 illo
1741 2707 1817 2735 Clam
1838 2714 1864 2734 et
1882 2713 1953 2734 extra
1967 2707 2090 2734 ordinem
2104 2708 2203 2742 accepit
2220 2708 2359 2744 pecuniam
2377 2717 2392 2736 a
2409 2716 2456 2739 reo
2493 2716 2498 2718 ’

270 2759 296 2785 se
315 2757 347 2784 ad
368 2754 494 2782 ordinem
536 2751 591 2778 Cic.
607 2749 686 2776 Acad.
700 2760 723 2782 4,
738 2750 777 2781 67.
875 2746 986 2772 Referre
999 2755 1028 2772 m
1048 2745 1144 2771 ordine
1155 2743 1258 2778 aliquid
1269 2763 1278 2776 ‚
1315 2753 1335 2769 ι.
1396 2744 1477 2771 iudex
1503 2745 1559 2771 Cic.
1574 2753 1624 2779 pro
1639 2744 1743 2771 Cluent.
1757 2750 1785 2775 85
1802 2753 1823 2770 c.
1839 2744 1878 2776 313
1943 2745 1997 2770 Hoc
2011 2752 2077 2770 certe
2091 2745 2195 2769 videtur
2207 2745 2329 2777 indicare,
2346 2754 2394 2772 non
2406 2753 2458 2771 cou-

271 2794 406 2820 Secundum
419 2790 546 2820 ordInem,
579 2793 608 2812 vt
619 2786 727 2822 primum
741 2786 797 2816 hie,
824 2783 912 2808 deinde
925 2781 964 2807 ille
978 2782 1047 2807 dicat
1087 2779 1230 2819 Virg3Ecl.
1249 2788 1272 2812 7,
1290 2787 1335 2805 20.
1347 2785 1384 2814 70
1390 2778 1454 2814 sciis
1465 2780 1525 2806 aliis
1544 2780 1675 2806 iudicibus.
1749 2779 1828 2806 Extra
1846 2778 1987 2813 ordinem,
2009 2780 2119 2813 ExImie,
2139 2780 2212 2814 quifi
2225 2787 2326 2815 praeter
2343 2786 2475 2809 caeteros...

271 2830 410 2864 Reponere
426 2826 453 2852 iu
466 2823 606 2852 ordinem,
643 2822 697 2847 vid.
720 2826 758 2847 IN
781 2820 870 2854 Praep.
943 2818 1104 2857 lffetroagere
1115 2815 1242 2848 ordines,
1280 2815 1334 2854 uid.
1396 2815 1454 2841 Cic.
1468 2815 1538 2842 Fam.
1555 2817 1586 2848 6,
1601 2822 1614 2848 5
1648 2816 1738 2847 Qare
1758 2814 1790 2841 ad
1802 2824 1859 2842 earn
1878 2815 1964 2850 spem,
1985 2824 2065 2850 quam
2081 2822 2155 2842 extra
2169 2816 2294 2843 ordinem
2313 2816 2346 2844 de
2362 2822 2388 2843 te
2399 2815 2473 2852 ipso„
2487 2838 2490 2843 .
2506 2839 2507 2843 ,

272 2868 468 2893 κΕΤΕΟΑΟΟ,
488 2861 514 2886 in
531 2863 662 2885 RETRO.
761 2856 890 2882 Retexere
910 2852 991 2893 Ouid.
1008 2853 1072 2892 Met.
1089 2860 1121 2884 15,
1135 2860 1189 2885 249.
1262 2851 1334 2877 Scire
1396 2850 1533 2883 habemus,
1552 2859 1607 2877 non
1620 2850 1705 2877 solum
1720 2857 1829 2886 propter
1842 2851 1999 2886 dignitatem
2014 2858 2040 2878 et
2054 2852 2182 2878 virtutem
2197 2858 2269 2880 tuam
2288 2852 2373 2886 (haec
2385 2847 2478 2880 enim'.
2506 2849 2507 2854 ¹

272 2909 329 2929 rem
344 2899 438 2926 ordine
462 2896 543 2924 Plaut.
557 2893 646 2922 Pseud.
661 2900 684 2926 5,
698 2901 721 2925 2,
735 2901 768 2922 15·
877 2891 957 2924 sequ!
988 2889 1045 2915 Cle·
1059 2887 1090 2914 de
1105 2887 1179 2927 (ΠΜ.
1191 2887 1265 2926 Or³t3
1281 2895 1334 2926 344.
1396 2893 1553 2913 ornamenta
1567 2886 1627 2912 sunt
1641 2886 1692 2914 tibi
1708 2887 1788 2914 etiam
1803 2896 1862 2913 cum
1880 2886 1940 2914 aliis
1958 2888 2131 2923 communia)
2151 2888 2279 2916 accedunt
2295 2896 2341 2917 tua
2360 2887 2456 2924 praeci-
2472 2904 2477 2910 ·

271 2939 413 2971 Sequentes
428 2933 504 2960 lunae
518 2931 613 2958 ordine
633 2931 711 2962 Virg.
725 2928 824 2962 Georg.
839 2935 858 2959 1,
871 2935 928 2959 4²4.
1021 2924 1131 2964 Seruare
1149 2923 1205 2963 Cic.
1220 2921 1335 2956 Philipp.
1395 2930 1446 2956 pua
1462 2929 1573 2957 propter
1584 2922 1713 2949 eximium
1735 2923 1888 2957 ingenium,
1906 2923 2088 2959 summamque
2106 2924 2246 2952 virtutem.
2317 2919 2478 2960 Aliquotiesf

273 2981 296 3007 ς,
311 2981 346 3003 qt.
426 2970 498 2996 Stare
511 2966 607 2994 ordine
639 2964 773 2998 Quinctil.
789 2973 811 2995 7,
828 2972 846 2989 1.
893 2996 897 3001 Ι
937 2960 1009 2987 Stant
1023 2959 1124 2999 tr1plic1
1135 2958 1230 2985 ordme
1243 2957 1333 2984 dentes
1347 2964 1379 2992 75
1395 2959 1440 2984 hac
1447 2959 1562 2992 formula
1576 2961 1661 2984 vritur
1680 2959 1776 2986 Cicero
1790 2968 1839 2994 pro
1852 2960 1942 2987 Domo
1957 2969 1984 2994 19
2001 2970 2023 2987 c.
2036 2965 2050 2991 8
2075 2961 2128 2994 ita,
2149 2968 2179 2987 vt
2192 2960 2294 2995 aliquid
2304 2961 2398 2996 legibus
2410 2960 2482 2987 ami,-
2505 2950 2506 2973 l

272 3003 355 3036 Ouid.
370 3007 434 3033 Met.
448 3014 469 3038 3,
484 3014 519 3037 34.
625 3000 729 3028 81111ἑ13
744 3000 827 3034 spicae
839 2996 934 3024 ordine
948 2996 1036 3030 fruges
1063 2996 1120 3023 Cic.
1134 2993 1166 3021 de
1179 2993 1280 3021 Sene&
1300 3002 1336 3025 51.
1394 2994 1588 3030 comprehensum
1597 3016 1605 3029 ,
1622 2996 1665 3020 vel
1677 2994 1805 3030 aduersum
1819 2998 1879 3022 adeo
1891 2997 2000 3032 ligibus,
2021 2997 2132 3023 indicet:
2168 2997 2194 3023 Si
2210 3005 2261 3032 qua
2274 3005 2315 3024 res
2327 2996 2358 3023 ad
2372 3004 2458 3023 vnum
2479 3006 2482 3009 ’

272 3045 356 3072 Plaut.
372 3042 440 3069 Pers.
456 3050 472 3075 1,
487 3049 509 3072 3,
525 3046 544 3065 11
570 3039 599 3064 »st
611 3037 706 3063 ordine
719 3044 828 3062 omnem
843 3042 899 3060 rem
909 3032 1011 3059 Tenet.
1083 3029 1212 3058 Turbare
1226 3039 1335 3057 omnem
1395 3030 1537 3057 deferenda
1557 3030 1603 3063 sit,
1630 3030 1662 3057 ad
1684 3031 1732 3058 Cn.
1753 3032 1912 3067 Pompeium
1930 3032 2065 3060 delaturos
2085 3031 2260 3067 potislimum:
2279 3033 2323 3060 sed
2340 3033 2366 3060 se
2385 3027 2481 3060 extra'·
2498 3039 2499 3042 ’

273 3080 397 3108 ordinem
412 3075 515 3104 consilii
541 3073 600 3101 Liu.
616 3081 646 3105 11,
659 3082 695 3105 57.
767 3071 867 3110 Venire
881 3070 910 3096 in
925 3068 1066 3108 ordinem,
1103 3068 1158 3094 vid.
1171 3065 1252 3107 paullo
1265 3072 1334 3099 ante,
1394 3065 1517 3093 ordinem
1532 3066 1601 3093 nihil
1615 3067 1739 3102 cuiquam
1756 3067 1818 3094 dare
1837 3084 1883 3089 —
1903 3074 1964 3095 cum
1981 3069 2041 3096 esset
2059 3075 2132 3095 extra
2151 3069 2275 3096 ordinem
2295 3068 2328 3095 ad
2345 3058 2505 3104 partiamus⁴

272 3119 304 3145 In
317 3114 442 3143 ordinem
455 3111 561 3142 datum,
581 3115 628 3136 etc.
711 3107 834 3133 Vertitur
849 3105 918 3132 ordo
941 3105 1015 3139 Virg.
1030 3107 1095 3130 Aen.
1108 3112 1131 3135 3,
1143 3106 1202 3144 376.
1215 3138 1220 3144 ⁴
1238 3112 1256 3128 ι.
1282 3103 1334 3128 Vol.
1395 3101 1586 3129 defendendam
1599 3110 1705 3131 vocatus
1716 3119 1763 3124 —
1783 3110 1857 3132 extra
1872 3104 1997 3132 ordinem
2009 3104 2108 3133 bellum
2124 3113 2184 3132 cum
2192 3099 2487 3140 MithridateTigra-,l

273 3153 354 3178 mur,
597 3155 607 3177 3
643 3142 737 3176 Ordo,
769 3144 803 3167 ad
816 3142 955 3175 fortunas,
980 3147 1003 3165 et
1022 3149 1101 3175 genus
1120 3146 1191 3165 vitae
1210 3139 1334 3164 interdum
1346 3142 1379 3168 80
1393 3147 1479 3173 neque
1497 3138 1577 3173 geffit.
2355 3143 2358 3148 “
2432 3134 2433 3137 “
2462 3136 2492 3154 ‘⁸‘

273 3188 396 3222 ‚eftrtun
453 3183 523 3211 Ter.
536 3182 602 3209 Eun.
615 3189 636 3214 2,
650 3189 672 3213 2,
686 3188 697 3221 3
733 3176 857 3218 6011110111
877 3175 959 3202 hodie
978 3176 1122 3217 adueniens
1136 3173 1269 3216 quendam
1281 3174 1336 3200 inei
1432 3181 1479 3201 OR
1491 3181 1510 3202 D
1522 3182 1530 3201 1
1540 3181 1619 3202 NAR
1629 3182 1667 3202 1V
1677 3182 1689 3202 S
1699 3196 1706 3209 ,
1727 3185 1751 3210 a,
1770 3185 1824 3203 um.
1847 3176 1905 3203 Adi.
1921 3175 2097 3212 [raynerixde.
2117 3175 2219 3211 τακτὰ]
2240 3178 2270 3202 In
2283 3175 2456 3211 quoseruatur
2469 3161 2483 3200 i

274 3223 328 3252 loci
347 3221 411 3248 hinc
429 3225 508 3254 atque
526 3216 649 3248 ordinis,
685 3224 702 3240 1.
730 3214 810 3248 qualis
831 3220 871 3247 ego
883 3211 953 3247 sum:
991 3213 1064 3237 adda
1077 3217 1160 3246 patria
1174 3210 1335 3251 qu¹.¹‘.¹de¹¹3
1394 3212 1462 3243 ordo,
1482 3212 1524 3236 lex
1536 3212 1580 3237 vel
1591 3220 1703 3245 naturae,
1722 3213 1765 3239 vel
1774 3213 1875 3247 ciuilis,
1894 3214 1938 3238 vel
1949 3211 2139 3246 consuetudinis,
2157 3219 2201 3238 etc.
2300 3212 2457 3241 Consulatus
2466 3204 2490 3241 's'

272 3257 447 3293 abligurierat
459 3255 540 3282 bona.
631 3251 687 3279 Cic.
700 3251 777 3277 Verr.
794 3258 813 3280 1,
825 3255 851 3281 71
867 3257 888 3273 c.
905 3253 931 3275 28
964 3248 1056 3274 Homo
1071 3255 1158 3274 autem
1171 3246 1276 3274 ordinis
1295 3247 1335 3273 sui
1396 3246 1549 3273 ordinarius
1577 3247 1646 3274 Suet.
1661 3248 1737 3276 Galb.
1756 3258 1777 3276 c.
1792 3251 1815 3275 6.
1908 3247 2036 3276 Consules
2051 3246 2106 3273 duo
2125 3247 2257 3274 ordinarii
2290 3248 2349 3276 Liu.
2365 3258 2406 3284 4¹,
2423 3254 2456 3279 ¹8.
2473 3242 2499 3277 ’Ἄ

273 3293 474 3330 frugalissimus,
513 3289 561 3325 qui
573 3294 630 3315 tum
643 3285 770 3314 Accensus
783 3284 812 3311 C.
826 3282 930 3311 Neroni
944 3282 996 3309 fuit
1006 3304 1014 3316 ‚
1051 3284 1077 3310 P.
1092 3283 1202 3310 Tettius
1217 3282 1279 3309 haec
1293 3291 1335 3309 ea·
1397 3279 1563 3310 Gladiatores
1575 3283 1707 3311 ordinarii
1734 3286 1794 3312 Sen.
1808 3284 1898 3311 Benef.
1913 3293 1934 3317 3,
1949 3290 1986 3313 28.
2035 3282 2111 3310 Idem
2123 3283 2202 3318 Epist.
2216 3293 2238 3316 7.
2276 3284 2330 3312 vid.
2343 3285 2408 3325 Lips.
2422 3285 2458 3311 ad
2470 3310 2471 3313 ,

275 3330 335 3357 dem
349 3330 374 3356 se
393 3326 530 3362 Lampsaci
544 3325 665 3360 cognosse
682 3321 789 3362 direrit.
893 3318 966 3358 Idem
988 3327 1038 3353 pro
1057 3320 1146 3345 Domo
1168 3328 1205 3351 142
1248 3318 1334 3358 Vobis
1351 3323 1381 3352 85
1396 3319 1421 3346 h.
1434 3320 1453 3346 l.
1525 3319 1631 3346 Semina
1645 3320 1781 3349 ordinaria
1808 3319 1941 3347 Columel.
1954 3328 1975 3352 3,
1990 3327 2022 3352 13,
2034 3329 2055 3350 5.
2075 3327 2099 3345 et
2119 3329 2139 3352 3,
2155 3322 2180 3345 16
2195 3328 2204 3346 1
2224 3320 2262 3345 ita
2275 3319 2406 3356 disposta,
2425 3327 2454 3347 m

273 3374 367 3393 omnes
381 3364 533 3393 societates,
552 3369 646 3387 omnes
659 3358 781 3391 ordineS,
808 3364 899 3397 omnes
914 3363 959 3389 qui
974 3361 1018 3380 aut
1031 3363 1078 3387 re,
1103 3361 1146 3381 aut
1162 3355 1205 3388 spe
1215 3354 1335 3394 'denique
1390 3356 1488 3392 semper
1500 3355 1527 3380 in
1541 3355 1584 3381 illa
1591 3355 1658 3390 serie
1670 3364 1801 3389 mmmm,
1821 3357 1907 3390 quibus
1924 3354 2109 3389 interseruntur
2127 3354 2234 3381 malleoli
2248 3356 2329 3391 pauHo
2336 3356 2393 3392 post
2403 3355 2454 3384 exi.
2472 3380 2474 3382 ,

274 3403 332 3428 sunt
345 3400 426 3428 boni:
464 3406 545 3426 omne
558 3396 635 3423 vobis
651 3404 711 3430 erga
726 3402 811 3420 meam
825 3392 1052 3432 dignitatemffietc.
1124 3390 1256 3417 Illustrior
1268 3389 1336 3416 ordo
1397 3391 1487 3418 mendi.
1562 3391 1601 3416 Sic
1628 3392 1698 3419 Vitis
1710 3392 1849 3420 ordinaria
1876 3391 2009 3418 Columel.
2023 3399 2048 3424 3,
2061 3392 2096 3417 16.
2170 3391 2345 3426 Ordinarius‚
2364 3391 2454 3427 [ἰμά-

275 3437 377 3464 seruitii
400 3435 491 3462 Claud.
505 3435 533 3460 in
546 3434 657 3467 Eutrop.
673 3441 690 3462 1,
707 3439 756 3464 ¹⁴9·
829 3429 884 3455 Cic.
900 3426 931 3453 de
946 3427 1052 3466 Amicit.
1060 3427 1091 3459 69
1105 3435 1126 3452 c.
1142 3435 1167 3460 19
1189 3426 1336 3466 Nunquam
1397 3428 1478 3463 name]
1502 3427 1556 3463 Q?
1574 3427 1601 3452 in
1620 3429 1698 3454 orbem
1711 3429 1786 3455 redis·
1865 3427 1990 3462 Vulgm-JJ·
2064 3425 2225 3454 ordinarius
2238 3428 2318 3462 lapis,
2338 3428 2371 3464 ,ss
2383 3430 2454 3455 Stru-

277 3473 302 3499 se
316 3473 360 3499 ille
375 3471 469 3503 Philo,
489 3478 624 3504 nunquam
640 3466 761 3499 Rutilio,
780 3472 915 3498 nunquam
929 3463 1063 3490 Mummio
1077 3462 1240 3496 anteposuit,
1269 3472 1334 3488 nun·
1397 3464 1480 3490 Horae
1487 3473 1566 3499 genus
1579 3472 1609 3488 ex
1623 3465 1706 3499 lapide
1719 3463 1862 3495 ordinario,
1883 3472 1926 3488 nec
1947 3469 2039 3488 temere
2051 3462 2200 3499 congfflum,
2223 3473 2268 3489 „st-
2280 3465 2316 3490 ad
2323 3464 2455 3500 pfrpendf·
2498 3477 2501 3493 3

278 3517 357 3542 quam
371 3507 509 3534 inferioris
524 3504 627 3531 ordinis
645 3503 748 3530 amicis.
855 3499 929 3527 Ideni
950 3499 1027 3524 Verr.
1043 3507 1060 3531 1,
1074 3505 1112 3531 127
1138 3498 1174 3524 M.
1190 3498 1335 3525 061311111111
1347 3506 1384 3532 90
1394 3500 1475 3525 culum
1487 3499 1639 3534 respondens,
1656 3499 1701 3533 sed
1711 3507 1791 3525 mmm
1806 3499 1892 3524 ordine
1906 3505 2110 3534 coagmentatum.
2203 3499 2309 3527 Vitruu.
2324 3507 2349 3531 2,
2361 3505 2375 3530 8
2404 3501 2454 3528 Ita-
2496 3519 2497 3526 ἵ

277 3544 404 3578 Ligurem
424 3542 562 3569 hominem
584 3538 775 3567 ornatissimum
793 3537 855 3564 10⁰0
870 3554 877 3567 1
914 3534 1033 3574 ordine,
1062 3533 1172 3560 nomine
1184 3555 1190 3566 ,
1225 3534 1334 3562 virtute.
1395 3544 1447 3570 que
1461 3544 1516 3562 non
1534 3534 1569 3561 est
1587 3533 1776 3561 contemnenda
1797 3534 1961 3561 Graecorum
1979 3533 2119 3561 structura.
2174 3544 2230 3562 non
2249 3535 2323 3562 enim
2341 3542 2454 3563 vtuntur

282 3580 341 3605 Tm
360 3586 432 3604 erant
452 3577 560 3604 ordines
580 3578 682 3609 Romae,
715 3573 899 3605 8111131011113,ἶ
915 3569 1065 3609 Equestris,
1097 3577 1121 3595 et
1135 3569 1268 3596 Plebcius:
1305 3571 1335 3597 ab
1393 3571 1471 3598 molli
1491 3578 1626 3598 caemento
1646 3571 1740 3606 polita:
1776 3569 1818 3596 sed
1838 3579 1898 3596 cum
1916 3570 2077 3597 decesserunt
2095 3579 2110 3598 a
2129 3571 2274 3606 quadrato,
2294 3578 2398 3606 ponunt
2418 3571 2451 3599 de

278 3613 411 3648 Aristotele
425 3616 497 3646 vagae
508 3613 634 3639 dicuntur.
731 3610 838 3636 Vitruu.
853 3607 936 3642 pracf.
952 3615 968 3633 2
997 3605 1152 3632 Dinocrates
1164 3606 1334 3640 architectus,
1395 3607 1466 3633 silice
1479 3607 1522 3633 seu
1534 3606 1565 3633 de
1577 3606 1662 3640 lapide
1676 3606 1745 3632 duro
1757 3606 1902 3633 ordinaria.
1975 3606 2049 3633 Idem
2060 3613 2085 3640 p.
2100 3617 2124 3633 a.
2143 3609 2172 3633 de
2185 3607 2452 3643 hiantibusstruffJoraa-

278 3659 360 3684 quum
376 3649 520 3676 Alexander
533 3657 623 3675 rerum
637 3646 785 3681 potiretur,
823 3643 992 3682 profectura
1006 3641 1162 3681 Macedonia
1182 3642 1214 3669 ad
1235 3642 1334 3669 exerci.
1394 3643 1491 3677 loquens
1505 3651 1528 3669 er
1540 3643 1651 3675 vitiosis,
1670 3640 1760 3674 de,
1783 3641 1799 3667 si
1815 3643 1872 3676 quis
1885 3642 2003 3669 noluerit
2016 3643 2043 3668 iu
2059 3641 2086 3669 id
2101 3642 2197 3669 vitium
2211 3642 2340 3676 incidere,
2358 3643 2450 3671 medio
2462 3652 2465 3670 κ

277 3694 334 3712 111111
348 3685 434 3718 regis,
466 3693 480 3710 a
496 3683 654 3719 propinquis
668 3688 693 3709 ct
707 3681 799 3708 amicis
813 3680 873 3707 tulit
886 3678 917 3706 ad
932 3686 1031 3713 primos
1044 3677 1168 3710 ordines,
1197 3683 1223 3704 ct
1236 3687 1333 3713 purpu-
1345 3683 1377 3710 95
1394 3687 1459 3705 cauo
1474 3680 1586 3711 seruato,
1603 3677 1743 3704 secundum
1754 3677 1911 3704 orthostatas
1923 3678 2081 3705 intrinsecus
2095 3686 2127 3704 ex
2140 3678 2223 3705 rubro
2240 3679 2299 3705 saxo
2313 3679 2456 3713 quadrato}

2471 3635 2476 3647 Ι
2498 3629 2499 3638 l

277 3728 349 3748 ratos
367 3721 463 3746 literas.
541 3719 617 3753 Virg.
632 3719 698 3745 Aen.
713 3728 735 3751 7,
752 3725 788 3750 152
809 3717 886 3743 Tum
903 3715 968 3741 satus
982 3712 1109 3746 Anchisa,
1129 3713 1244 3740 deledlos
1260 3714 1333 3741 ordi·
1392 3720 1437 3741 aut
1449 3723 1480 3741 ex
1495 3714 1556 3741 testa
1576 3720 1601 3740 et
1616 3711 1728 3740 silicibus
1747 3713 1892 3741 ordinariis
1912 3714 2010 3741 struant
2028 3713 2161 3748 bipedales
2175 3713 2296 3748 parietes.
2369 3714 2464 3742 Ordi-·

276 3766 310 3784 ne
324 3756 357 3783 ab
371 3756 461 3787 omni,
485 3762 529 3781 etc.
607 3755 650 3779 Vbi
663 3753 784 3780 Seruius:
822 3752 924 3779 Ordine
942 3749 975 3777 ab
993 3749 1083 3783 omni,
1109 3750 1146 3776 Ex
1159 3749 1235 3776 omni
1250 3750 1334 3783 quali·
1394 3750 1483 3777 narios
1497 3749 1619 3786 appellat,
1636 3757 1681 3774 non
1695 3748 1816 3782 insci-tos,
1829 3750 1877 3786 scil
1896 3751 1999 3776 eiusdem
2011 3750 2112 3783 formae
2129 3756 2152 3774 et
2172 3749 2284 3782 ordinis,
2305 3758 2329 3776 et
2344 3749 2458 3787 inter-se
2502 3759 2504 3762 ·

276 3799 329 3820 tate
342 3791 508 3825 dignitatum.
580 3790 709 3815 Omnium
725 3788 850 3815 ordinum
864 3787 986 3814 homines
1009 3785 1098 3820 Nepos
1111 3794 1146 3818 25,
1161 3787 1222 3818 13,6.
1259 3786 1332 3818 Conf.
1386 3784 1488 3820 similes.
1562 3783 1676 3812 Consilia
1689 3784 1828 3812 ‘ordinaria
1858 3786 1916 3813 Liu.
1932 3795 1969 3819 27,
1985 3794 2031 3819 44.
2102 3784 2278 3811 Ordinariutn
2300 3785 2447 3818 hominem,
2502 3784 2504 3815 ἷ

277 3830 377 3856 Patere.
391 3835 413 3860 2,
429 3835 479 3858 130,
494 3834 506 3851 2
525 3824 578 3850 Vbi
595 3824 768 3851 includuntur
781 3823 888 3859 plebeii.
962 3821 1038 3849 Ordo
1051 3820 1252 3855 publicanorum
1274 3821 1332 3847 Cic.
1393 3822 1475 3855 inquit
1490 3821 1586 3852 Festus,
1607 3820 1707 3853 Oppius
1721 3821 1757 3847 ait
1770 3821 1824 3848 dici
1838 3822 1961 3854 solitum,
1982 3822 2102 3848 Scurram
2116 3826 2142 3846 et
2156 3820 2318 3855 improbum,
2337 3823 2384 3857 qui
2397 3820 2447 3848 affi.

277 3866 351 3892 Fam,
367 3872 398 3895 13,
413 3870 448 3888 10.
521 3860 602 3886 Ouid.
615 3868 635 3890 1,
650 3870 679 3892 11,
693 3869 721 3886 10
741 3855 798 3888 Nec
814 3859 863 3885 tibi
878 3858 1028 3893 simplicitas
1047 3857 1141 3884 ordine
1156 3857 1242 3883 maior
1254 3857 1444 3884 inestziooduc
1460 3857 1487 3883 in
1502 3856 1594 3883 litibus
1607 3862 1771 3889 moraretur,
1790 3856 1826 3884 ob
1846 3866 1956 3891 eamque
1977 3857 2078 3883 causam
2097 3856 2124 3881 in
2142 3855 2237 3883 ordine
2257 3856 2333 3884 staret
2352 3857 2445 3885 adeun·

276 3900 370 3933 vafrae
384 3898 449 3924 enim
464 3894 556 3931 puellae
568 3896 606 3934 tui
617 3896 720 3921 ordinis.
830 3894 1006 3921 Praestantior
1022 3892 1090 3919 ordo
1111 3892 1234 3920 Tribuni
1270 3893 1333 3919 Stat.
1394 3893 1461 3919 tium
1476 3894 1634 3920 Praetorem.
1678 3893 1712 3918 At
1727 3893 1815 3919 Aelius
1830 3893 1906 3925 Stilo,
1925 3892 1980 3925 Qii
1994 3892 2105 3918 minime
2117 3891 2212 3918 ordine
2226 3892 2339 3920 viueret.
2387 3894 2444 3918 Cato

276 3937 341 3963 Silu.
354 3940 454 3968 5,1,97.
527 3931 632 3970 Quetis
647 3930 786 3969 ordinibus
800 3930 912 3957 deorum
926 3929 1039 3957 adscribi
1057 3929 1220 3955 Hor.Carm.
1234 3931 1334 3961 3,3‚36.
1393 3928 1421 3954 in
1437 3938 1465 3955 ea
1478 3928 1608 3958 oratione,
1623 3935 1701 3960 quam
1716 3928 1807 3955 scribit
1821 3929 1852 3956 de
1864 3929 1914 3955 suis
1930 3926 2074 3955 virtutibus
2087 3934 2177 3954 contra
2186 3927 2353 3960 Thermum,
2373 3924 2444 3961 Qtid

277 3969 498 4006 Appropinquare
513 3966 593 3992 alic-111
607 3965 715 3997 ordini,
750 3968 804 3993 vid.
826 3971 1074 4004 APPROPiNQ⁷o.
1146 3963 1289 3991 Coniicerc
1302 3964 1330 3990 in
1393 3964 1461 3991 mihi
1476 3964 1564 3995 fieret,
1586 3961 1602 3988 si
1619 3971 1671 3989 non
1692 3973 1741 3999 ego
1756 3965 1886 3999 stipendia
1906 3964 1934 3990 in
1954 3963 2047 3990 ordine
2066 3963 2157 3989 onmia
2169 3962 2322 3991 ordinarius
2339 3962 2444 3990 meruis-

277 4006 419 4039 ordinem,
454 4003 509 4028 vid.
529 4007 691 4029 CONUCIO.
767 4001 883 4028 Mercari
896 4001 1018 4027 ordinem
1034 3999 1137 4036 pretio,
1172 4001 1228 4026 vid.
1248 4005 1333 4026 MER-
1392 4000 1443 4027 sem
1458 3998 1573 4033 semper?
1612 4002 1746 4034 (Apparet
1760 4001 1798 4025 his
1812 4000 1979 4027 ordinarium
1991 3997 2058 4031 dici,
2077 3999 2121 4033 qui
2135 4000 2222 4025 ordine
2235 3998 2346 4034 asi-endis
2357 4000 2387 4025 ab
2398 3998 2444 4024 imo

279 4047 355 4069 COR.
429 4039 484 4067 Cic.
504 4036 618 4071 Philipp.
629 4045 652 4072 2,
671 4046 699 4068 ⁴4
733 4037 800 4064 Illud
819 4044 906 4064 tamen
918 4036 1040 4063 audaciae
1052 4043 1128 4068 tuae,
1153 4034 1227 4071 quod
1240 4034 1472 4072 Sedistiio5gradu
1485 4033 1610 4067 militiae)
1647 4036 1712 4062 Sunt
1726 4035 1850 4070 quidam,
1870 4036 1917 4071 qui
1928 4032 2139 4067 Manipuhrem,
2160 4035 2222 4070 quia
2241 4035 2328 4063 infimi
2342 4031 2443 4095 ordipis

2380 4079 2383 4086 ⁴
2413 4073 2441 4099 it,
