2517 4231
638 233 882 276 MEM

245 331 339 363 gustiu.
353 330 386 356 de
393 329 422 355 C.
432 329 464 356 Ι).
479 334 549 363 22,8:
563 335 592 353 vt
605 327 622 353 s.
635 336 648 359 7
668 324 801 352 Memoria
809 324 957 352 Martyrum
966 315 1203 358 Mediolaneiilium
1212 316 1300 342 Prota-

245 361 274 394 iii
287 373 311 393 et
325 365 458 392 Gerualii:
479 372 502 390 ct
518 375 532 397 9
553 363 584 390 ad
599 361 696 396 viginti
712 361 853 390 Martyres,
879 364 995 391 quorum
1010 362 1141 380 memoria
1162 353 1230 388 apud
1252 361 1299 378 nos

245 403 280 429 est
293 400 472 428 celeberrima.
509 401 525 426 s.
537 409 564 425 10
578 407 599 424 et
609 399 678 434 seqq.
693 394 854 423 Memoriam
870 399 942 418 vocnt
962 391 1075 422 lat-cesum,
1091 391 1177 420 credo,
1216 390 1242 414 ia
1257 397 1301 423 quo

245 438 366 472 reliquiae
379 436 506 470 stim-tyris
522 433 648 469 §rephaim
705 431 754 456 Sed
770 431 828 456 baec
839 427 966 462 sequioris
979 426 1044 458 acui,
1065 433 1089 451 et
1110 425 1304 461 Chrislhmc»xm

246 481 349 499 tamum.
429 475 458 497 ist
480 478 504 496 et
525 470 599 501 illud,
620 468 686 502 qnod
883 473 898 496 ι)
925 462 1068 496 Ηοηονξῇσα
1091 468 1239 487 mortummn
1262 467 1303 495 ap.

245 506 341 544 pellatio
354 509 427 534 etiam
440 506 588 533 Memoriae
601 512 684 528 numen
700 501 781 527 habet.
851 497 972 526 Ambros.
988 497 1066 532 Epist.
1080 507 1110 529 30
1132 499 1153 523 A
1163 497 1245 522 fratre
1255 497 1304 522 cle-

247 544 360 571 mentiae
375 551 435 570 tuae
446 542 566 576 augustae
583 537 741 565 memoriae:
762 543 785 562 et
796 544 818 568 3¹
838 542 905 561 extr.
926 533 1098 561 Constantius
1119 532 1305 566 (fleonflans)

245 581 365 614 augustae
380 579 532 605 memoriae.
557 576 610 601 Vid.
626 578 776 599 BITATVS.
972 567 993 606 q
1020 579 1049 596 10
1078 571 1135 594 Non
1148 575 1207 604 puto
1216 568 1306 604 sanum

246 617 292 652 ’.ᾖξ’
306 617 382 642 lucum
403 615 476 641 Non.
491 623 513 644 ε,
527 621 563 643 ς71
586 617 631 635 aut
644 617 692 634 non
705 615 847 634 atem-atum
860 606 905 642 effi?
921 606 1126 637 Grammatisum,
1146 614 1197 630 ciem
1218 605 1253 630 ibi
1271 605 1304 630 le-

248 653 328 684 gitur,
350 650 480 678 Memoria
494 656 542 682 pro
558 645 685 671 vetustate
704 644 854 678 antiquum.

243 682 326 714 'stram
341 686 471 721 egregiam
483 681 695 713 vnanimitatcm,
717 688 795 713 quam
811 678 942 705 memoria
960 677 1074 710 deiugat.

288 730 314 750 M
328 729 344 749 E
358 729 382 748 11
396 729 413 744 i*
427 727 443 746 R
456 727 466 746 1
477 718 522 746 (11
536 724 557 744 A
568 738 576 750 ‚
603 725 642 744 ae.
668 717 687 743 f.
717 715 822 742 Dimln.
849 713 997 749 [μνημωων]
1025 712 1081 740 Cic.
1102 712 1156 738 Att.
1172 721 1205 746 12,
1221 719 1230 739 1
1256 710 1306 738 Sed

249 758 320 793 quod
358 755 448 783 scribis
483 753 632 789 igniculum
668 752 827 778 matutinum
837 771 845 783 ,
895 748 1088 784 γεροντικώτεςυν
1129 748 1164 774 est
1204 756 1306 773 memo-

247 795 316 821 riola
340 792 474 819 vacillare.
553 791 584 815 In
609 789 730 824 Inscript.
758 786 874 814 Fabrett.
895 796 920 821 p.
938 791 967 815 85
997 786 1065 810 Idem
1085 783 1118 819 est
1136 791 1210 819 atque
1235 784 1306 810 Con-

241 257 300 292 251

247 829 385 856 ditorium.
1317 830 1344 857 ¹3

282 872 308 892 Μ
324 871 341 890 Ε
351 871 374 889 Μ
388 869 407 889 0
418 869 438 889 R
448 870 458 889 1
468 862 491 890 A
500 868 517 888 L
530 867 540 888 1
554 867 587 897 s,
606 870 628 887 e.
648 858 710 886 Adi.
763 857 931 885 Memorialis
945 855 1023 889 liber,
1043 856 1205 881 Enchz'rizlion
1225 857 1262 881 αι(
1271 855 1308 880 iu-

247 902 354 927 vandum
368 899 518 925 memoriam.
592 897 659 925 Suet.
673 896 702 922 in
715 895 788 922 Caes.
804 898 831 923 56
850 893 980 928 Epistolae
994 900 1103 926 quoque
1118 897 1207 917 extant
1222 891 1252 916 ad
1267 891 1309 916 Se-

248 942 354 968 natum,
375 943 439 969 quas
453 934 560 962 videtur
574 934 690 968 primum
704 931 735 957 ad
749 931 857 965 paginas
878 935 904 955 et
923 928 1039 954 formam
1058 926 1226 953 memorialis
1242 925 1308 952 libri

246 971 411 999 conuertisse.
483 969 656 997 Memoriales
679 968 754 994 etiam
767 967 834 992 inter
854 965 976 990 Palatina
988 963 1075 994 officia.
1113 963 1233 988 Meminit
1247 963 1308 988 Am-

245 1007 314 1035 bros.
329 1008 375 1042 Ep.
389 1016 419 1040 3¹·

250 1045 306 1071 Vid.
320 1048 497 1070 MEMORIA
520 1051 547 1068 n.
568 1043 591 1068 6.

284 1087 312 1107 Μ
324 1086 340 1105 E
352 1085 403 1105 ,110
414 1085 434 1104 R
443 1080 467 1105 Ᾰ
476 1085 511 1104 LI
523 1084 551 1111 S,
572 1086 594 1104 e.
616 1076 676 1103 Adi.
685 1076 752 1101 Idem
766 1072 1004 1109 quodMemorialss.
1024 1069 1128 1098 Arnob.
1137 1072 1151 1096 6
1160 1079 1184 1105 p.
1202 1071 1255 1103 196.
1276 1071 1308 1096 Et

245 1115 352 1151 abjblute
371 1115 388 1140 l.
405 1124 453 1146 144.
472 1114 505 1139 D.
515 1113 546 1140 de
554 1112 636 1139 Verb.
650 1111 737 1146 fignif.
758 1108 949 1137 Memoralium
964 1107 1033 1133 liber
1047 1107 1162 1134 Masurii
1180 1108 1310 1133 laudatur.

244 1152 295 1178 Seal
306 1150 420 1183 Gotbofi·.
440 1149 651 1177 Memorialium.
693 1167 695 1170 -

282 1193 309 1214 M
326 1193 343 1214 E
359 1192 384 1212 Μ
398 1191 417 1212 O
430 1191 449 1211 R
462 1191 484 1212 A
497 1193 514 1212 L
524 1183 537 1211 i'
549 1192 571 1213 T
585 1191 603 1211 E
616 1192 644 1212 R.
667 1183 734 1210 Adu.
771 1182 910 1209 Fortunat.
926 1180 1016 1207 Carm.
1029 1189 1044 1212 4
1063 1180 1170 1205 Annuat
1184 1177 1347 1214 omnipo-23

246 1229 303 1250 tens
317 1222 399 1256 longo
413 1221 597 1247 memoraliter
616 1229 693 1247 aeuo.

281 1266 306 1284 M
319 1265 336 1285 E
348 1265 372 1285 M
386 1263 405 1284 O
416 1263 434 1282 R
445 1264 467 1284 Α
477 1263 494 1282 L
504 1265 513 1283 I
522 1264 543 1282 V
556 1263 569 1283 S
581 1277 590 1290 ,
609 1257 629 1283 i.
650 1266 685 1282 m.
707 1255 788 1282 Gloss'.
802 1254 848 1280 Gr.
861 1254 918 1280 Lat.
937 1252 1194 1285 ὗπσμνηματογςάφος,
1214 1249 1310 1276 Aetna-

247 1295 314 1330 rius,
341 1293 521 1320 memoralius.
1154 1321 1161 1323 .

281 1338 306 1357 M
316 1337 332 1356 E
343 1337 367 1356 M
378 1336 397 1356 Ο
410 1335 427 1356 R
440 1327 484 1355 1⁹T
498 1335 515 1356 Ε
527 1334 557 1354 R.
587 1327 654 1354 Adu.
675 1326 740 1360 [aa-a
763 1330 874 1357 ςόματυε,
895 1327 942 1350 ὰπὸ
968 1322 1066 1357 μνίμης,
1089 1322 1248 1356 μνημονικῶς]
1271 1323 1309 1347 Ex

898 643 993 668 Pacuu.
1013 640 1124 673 Chryse,
1140 641 1242 675 Perque
1256 649 1304 666 no-
1322 649 1351 666 10

496 1007 550 1033 Vid.
566 1006 583 1032 l.
598 1014 625 1031 10
646 1011 670 1030 et
693 1012 723 1029 11.
743 1002 773 1029 C.
794 1001 825 1028 de
838 999 970 1036 proximis
989 1000 1122 1025 sacrorum
1139 997 1351 1025 scriniorum.20

1794 214 2043 288 MEN

1402 324 1429 346 M
1442 325 1492 346 EM
1503 326 1522 345 Ο
1532 326 1551 347 R
1564 325 1586 346 A
1597 324 1619 346 Τ
1634 327 1644 347 1
1657 326 1692 350 Ο,
1712 319 1782 346 anis.
1801 319 1821 345 f.
1859 319 1889 346 C.
1905 318 1996 345 Gallus
2010 329 2029 353 1,
2041 329 2082 355 29¹
2105 321 2178 348 Dure
2193 320 2253 347 satis
2261 317 2425 348 miserisme.

1368 355 1485 381 motatio
1498 356 1582 390 prisca
1606 355 1750 383 bonorum.

1403 395 1427 414 Μ
1439 395 1456 415 E
1470 395 1495 416 M
1505 397 1523 418 ο
1533 399 1553 418 R
1563 398 1583 418 A
1594 398 1611 419 c
1625 399 1643 417 V
1657 398 1737 419 LVM
1747 413 1754 424 ,
1777 391 1796 418 i.
1818 400 1844 418 n.
1884 390 1959 423 Dixi,
1972 399 2015 416 me
2029 391 2184 420 sanoiffime
2198 393 2383 420 totsacrorum
2396 391 2430 419 fi-

1366 433 1418 459 gna
1432 430 1457 450 et
1469 428 1648 454 memoracula
1661 428 1794 454 custodire
1809 427 1884 462 Apul.
1900 426 2053 461 Apol.p.311
2075 429 2137 455 Elm.

1405 464 1609 490 MEMMlvs.
1645 464 1795 498 [Μέμμιος]
1827 464 1957 490 Memmia
1981 472 2043 497 gens
2077 473 2163 494 nomen
2185 465 2273 492 habere
2290 471 2395 499 putatur
2414 471 2431 488 a

1369 495 1510 536 Mnestheo
1534 497 1651 537 Troiano,
1665 506 1763 525 Aeneae
1784 499 1878 526 comite.
1933 499 2008 533 Virg.
2022 500 2086 525 Aen.
2103 496 2125 531 ς’,
2148 504 2185 528 116
2204 501 2331 527 Velocem
2355 500 2432 526 Mne-

1369 533 1455 572 stheus
1471 537 1525 566 agit
1537 541 1592 571 acri
1604 536 1703 569 remige
1718 536 1833 568 Pristim,
1847 536 1912 562 Mox
1920 537 2000 562 Italus
2016 535 2169 561 Mnestheus
2186 545 2268 570 genus
2281 546 2295 563 a
2313 544 2367 570 quo
2383 543 2432 561 no-

1369 578 1441 608 mme
1451 569 1573 594 Memmi.
1586 603 1590 607 ι
1609 569 1674 608 Mox
1689 572 1776 601 Italus,
1785 571 1904 604 subaudi,
1918 572 2042 597 Futurus,
2063 571 2119 605 Ipse
2128 571 2203 597 enim
2210 572 2338 598 familiam
2348 572 2432 598 Mem-

1370 613 1490 644 miorum
1511 603 1654 632 constltuit.
1691 606 1805 634 Nobiles
1824 615 1910 634 autem
1937 608 2012 633 suiss'e
2027 607 2142 633 familias
2156 616 2169 633 a
2184 607 2323 638 ¹Troianis
2337 609 2431 634 quen.

1370 640 1484 666 ostendit
1504 640 1552 680 Sat.
1568 649 1586 674 1,
1602 649 1659 679 100*
1676 655 1730 679 ⁸—
1749 643 1822 670 iubet
1841 653 1856 669 a
1882 652 2013 678 praecone
2034 643 2126 669 vocari
2157 643 2229 678 Ipsos
2249 643 2434 678 Troiugenas.

1371 677 1393 702 A
1409 685 1464 710 quo
1480 685 1601 708 nomine,
1625 675 1726 701 scilicet
1741 677 1888 714 Mnesthei,
1914 680 2014 706 ducunt
2030 678 2154 706 Memmii
2170 687 2261 713 genus.
2299 679 2415 706 Seruius.

1402 718 1525 752 'MEMM
1537 719 1546 737 1
1565 719 1587 738 A
1601 718 1619 737 D
1633 718 1674 738 Es
1701 713 1898 746 Patronymicmn
1920 717 2012 742 Graeco
2025 725 2089 741 more
2101 715 2261 749 formatum,
2278 722 2326 750 pro
2349 715 2434 741 Mem—

1371 757 1445 781 11110,
1463 750 1500 774 ad
1508 747 1678 783 quemscrihit
1700 748 1839 774 Lucretius
1856 759 1924 784 i„45.
1973 759 1977 763 ·

1377 821 1382 826 .
1411 790 1437 811 Μ
1449 790 1500 810 EM
1514 789 1568 825 N·O
1581 790 1618 816 N,
1640 783 1708 809 onis.
1727 793 1775 824 ¹¹¹⁴.
1786 785 1916 820 [Μέμνων]
1936 788 2015 826 Fjlius
2032 787 2134 814 Tithoni
2148 789 2307 819 &Am-crae,
2321 786 2364 821 qui
2374 785 2436 812 Tro-

1371 830 1438 862 tams
1450 830 1481 846 ex
1497 821 1601 845 Oriente
1610 820 1698 853 ferens
1714 821 1822 852 uuxtlia,
1842 827 1866 845 et
1873 821 1982 852 fortiter
1993 831 2119 858 pugnans,
2131 823 2163 848 ab
2177 822 2278 848 Achille
2291 821 2382 858 οτι-ψη
2391 821 2438 855 fu·

1371 864 1400 882 zt.
1471 857 1518 881 Aa
1530 856 1597 881 cuius
1605 855 1760 891 flpulcrum,
1774 857 1842 889 quod
1852 855 1884 891 est
1894 862 1969 891 prope
1988 860 2080 893 flium,
2100 858 2234 893 quotannis
2253 868 2284 884 ex
2303 857 2438 891 Aethiopia

1372 892 1460 917 volant
1473 900 1540 923 aues,
1558 900 1620 924 quas
1635 898 1725 917 vocant
1739 892 1903 918 Memnonias.
1946 893 2003 918 Vitl.
2017 894 2098 921 Ouid.
2113 895 2179 921 Met.
2201 904 2233 928 13,
2252 903 2306 928 595.
2349 893 2438 928 Niger

1372 927 1505 953 Memnon
1526 926 1602 960 Virg.
1614 927 1679 954 Aen.
1697 937 1715 958 1,
1729 936 1782 961 493.
1820 929 1882 953 Dux
1900 928 2059 962 Aethiopum.

1409 967 1638 1002 MEMNONIVS,
1664 971 1694 993 a,
1714 972 1769 990 11111.
1789 963 1849 990 Adi.
1873 963 2033 998 [Μεμνόνιος]
2053 964 2137 992 Color
2148 966 2332 998 Memnonius,
2354 964 2438 999 Niger

1375 997 1458 1025 011ιά.
1473 1005 1504 1023 ex
1518 998 1596 1023 Pont.
1610 1008 1632 1033 3,
1645 1008 1666 1031 3,
1681 1001 1722 1031 96.
1764 1000 1867 1026 Domus
1881 1000 2056 1027 Memnoniae
2077 1000 2194 1035 Propere.
2209 1012 2229 1035 1,
2250 1005 2275 1034 6,
2289 1013 2312 1034 4.
2348 1001 2440 1034 Regna

1375 1035 1474 1075 L'ucan.
1489 1044 1510 1066 3,
1529 1040 1581 1065 284.
1611 1034 1735 1069 Intelligit
1756 1036 1861 1061 Parthos
1882 1044 1904 1062 et
1933 1036 2087 1069 Babylonios.
2155 1036 2213 1063 Ifid.
2227 1047 2265 1071 12,
2285 1047 2297 1070 7
2316 1038 2441 1064 Memno-

1374 1070 1450 1097 mdes
1463 1079 1525 1096 aues
1540 1070 1683 1104 Aegyptiae
1696 1070 1841 1104 appellatae
1854 1080 1868 1097 a
1882 1071 1944 1097 loco
1957 1071 2004 1097 vbi
2018 1073 2150 1098 Memnon
2171 1072 2262 1106 periit.
2315 1074 2388 1100 Nam
2399 1080 2439 1099 ca-

1374 1107 1500 1134 teruatim
1515 1105 1641 1132 aduolare
1654 1106 1781 1132 dicuntur
1794 1115 1826 1132 ex
1845 1108 1966 1142 Aegypto
1987 1107 2018 1133 ad
2044 1108 2127 1134 Ilium
2146 1108 2220 1134 iuxta
2239 1109 2391 1136 Memnonis
2405 1108 2442 1134 sc-

1375 1143 1509 1178 pulcrum,
1532 1149 1557 1168 et
1570 1142 1686 1176 proinde
1700 1150 1742 1168 eas
1766 1142 1874 1168 Ilienses
1892 1143 2061 1170 Memnonias
2081 1150 2187 1170 vocant.
2226 1144 2332 1177 Qiiuto
2351 1150 2441 1171 autem

1374 1188 1446 1207 anno
1458 1178 1489 1205 ad
1504 1178 1583 1205 Ilium
1600 1178 1724 1210 veniunt,
1743 1184 1769 1204 et
1782 1187 1842 1204 cum
1857 1178 1943 1205 biduo
1961 1179 2227 1213 circumuolauerint,
2248 1180 2328 1207 tertia
2345 1179 2388 1206 die
2401 1180 2443 1206 in-

1373 1223 1464 1242 euntes
1479 1223 1593 1249 pugnam
1606 1213 1716 1240 viciffim
1731 1214 1757 1239 se
1773 1214 1907 1249 vnguibus
1927 1214 2072 1249 rostrisque
2094 1215 2245 1242 dilacerant.

1410 1259 1435 1278 M
1448 1258 1465 1277 E
1474 1258 1498 1278 M
1511 1258 1533 1277 N
1547 1256 1566 1277 0
1581 1257 1603 1276 N
1616 1258 1624 1276 1
1636 1257 1654 1276 D
1665 1256 1683 1276 E
1694 1257 1716 1276 S.
1739 1251 1912 1285 [Μεμνονίδες]
1929 1254 1996 1277 Aues
2011 1261 2041 1276 ex
2056 1251 2178 1277 cineribus
2190 1251 2342 1278 Memnonis.
2359 1249 2444 1278 Ouid.

1372 1288 1438 1314 Met.
1453 1297 1486 1321 13,
1499 1290 1551 1318 618.
1594 1287 1648 1313 Vid.
1663 1286 1756 1313 Isidor.
1773 1287 1823 1312 loro
1835 1296 1904 1321 quem
1918 1289 1986 1313 modo
2006 1287 2125 1314 dedimus.

1412 1329 1576 1355 MEMOR,
1596 1328 1830 1358 MEMORIA,
1850 1328 2138 1359 MEMOR1TER,
2161 1328 2369 1354 MEMORO,
2389 1322 2447 1352 vid.

2353 244 2422 282 252

247 1367 373 1398 memoria,
394 1375 440 1391 non
454 1375 484 1390 cte
496 1363 589 1400 lihuos.
603 1372 695 1389 cotvrno
707 1370 741 1388 tu.-
750 1361 782 1387 1⁷0.
820 1360 876 1386 Cic.
892 1358 970 1386 Acad.
985 1370 1003 1394 4
1023 1369 1045 1386 c.
1061 1368 1086 1393 19
1106 1360 1133 1385 Si
1150 1364 1185 1394 te,
1211 1357 1349 1398 iuquit‚30
1378 1364 1408 1387 M
1428 1365 1445 1386 E
1461 1365 1485 1384 M
1504 1365 1514 1385 1
1532 1365 1554 1384 N
1572 1365 1594 1383 1.

247 1402 352 1429 Luculli
367 1402 454 1428 oratio
468 1400 558 1436 flexit,
580 1408 646 1434 quae
666 1399 701 1424 est
722 1396 812 1423 habita
832 1395 1006 1428 memoriter,
1043 1401 1179 1428 accurate,
1194 1394 1312 1428 copiose.

247 1438 405 1464 Memoriter
420 1437 578 1472 cognoscere
592 1435 678 1470 Signa,
698 1435 722 1460 h.
736 1443 755 1460 e.
778 1434 891 1468 Optime,
910 1438 933 1457 et
945 1437 1026 1456 mente
1044 1431 1143 1455 memori
1155 1438 1250 1463 tenere,
1282 1437 1311 1455 vt

247 1483 295 1500 non
307 1474 344 1506 st
365 1481 420 1507 epm
439 1475 585 1503 admonere,
607 1479 652 1496 aut
675 1471 722 1503 νςιῖ
736 1478 789 1495 cere
809 1468 837 1493 in
856 1467 996 1494 numm-iam
1024 1466 1094 1492 Ter.
1114 1466 1180 1491 Eun.
1195 1474 1222 1498 ς,
1243 1475 1266 1497 3,
1286 1467 1311 1491 6.

246 1510 303 1536 Cic.
317 1509 348 1535 de
362 1510 420 1535 Fin.
435 1518 460 1541 3⁴
483 1518 505 1535 c.
519 1517 546 1534 10
568 1510 643 1541 Qios
657 1514 685 1533 tu
706 1504 862 1539 paulloante
881 1512 941 1529 cum
964 1502 1138 1534 memoriter,
1153 1506 1210 1527 tum
1229 1501 1311 1527 etiam

247 1553 308 1579 erga
327 1554 374 1571 nos
388 1545 472 1570 amice
491 1549 516 1569 et
528 1542 659 1570 beneuole
674 1540 810 1574 collegisti.

245 1580 390 1615 sophorum
413 1580 450 1606 Id..
465 1579 496 1605 de
515 1579 577 1605 Nat.
592 1579 673 1604 Deor.
690 1587 708 1611 1,
723 1585 760 1610 92.
809 1576 948 1609 Exponere
962 1574 1018 1600 Cic.
1035 1573 1065 1599 de
1080 1574 1138 1600 Fin.
1159 1584 1181 1606 4.
1255 1573 1310 1598 Mc-

246 1623 332 1643 morat
351 1615 432 1642 Plaut.
455 1614 549 1649 Amph.
571 1624 594 1647 1,
611 1623 628 1648 1,
646 1615 697 1640 261.
770 1611 898 1639 Meminit
911 1610 985 1638 Idem
1003 1610 1077 1645 Capt.
1094 1619 1115 1642 ρ,
1130 1619 1146 1643 1,
1166 1619 1200 1641 53.
1254 1609 1310 1636 Cic.

246 1653 278 1679 de
288 1652 396 1678 Amicit.
411 1662 417 1677 1
440 1653 479 1685 Q
497 1650 597 1677 Mutius
612 1652 715 1684 Augur,
726 1649 810 1674 multa
818 1648 937 1674 Narrare
952 1646 983 1673 de
999 1647 1029 1673 C.
1044 1646 1137 1672 Laelio
1156 1646 1248 1671 socero
1264 1646 1311 1671 suo

246 1688 403 1715 memoriter
417 1694 442 1714 et
455 1686 570 1713 iucunde
585 1685 692 1712 solcbat.
765 1685 835 1711 Ter.
856 1683 963 1710 Phorm.
984 1692 1005 1715 ε,
1027 1692 1049 1716 2,
1068 1685 1099 1715 46
1126 1681 1230 1708 Primus
1250 1682 1311 1707 esses

247 1724 404 1750 memoriter
425 1722 580 1757 progeniem
600 1722 714 1747 vestram
734 1720 816 1754 Vsque
837 1719 870 1746 ab
895 1728 947 1745 auo
967 1725 1046 1753 atque
1068 1724 1147 1744 atauo
1161 1715 1356 1750 Prot'erens.‘40
1376 1718 1475 1745 chartis
1488 1717 1569 1751 agiles
1583 1717 1697 1745 calamos
1716 1717 1890 1751 Memphitica
1912 1718 1999 1744 tellus.

247 1759 426 1786 Pronuntiare
442 1759 498 1785 Cic.
514 1757 545 1783 de
561 1758 635 1784 Orat.
653 1767 670 1788 1,
684 1762 713 1786 88
732 1766 753 1782 c.
770 1764 806 1787 ιι).
879 1755 1001 1781 Recitare
1024 1754 1062 1782 Id.
1085 1756 1138 1781 Att.
1157 1765 1181 1789 4,
1194 1763 1214 1785 3.
1271 1752 1310 1780 Id.

247 1796 276 1822 in
290 1795 380 1822 Vatin.
403 1805 429 1821 io
449 1804 470 1821 c.
491 1806 505 1826 4
527 1794 603 1820 Tum
617 1791 776 1818 memoriter
784 1790 950 1825 Respondeto
960 1791 990 1817 ad
1007 1799 1044 1824 ea,
1059 1799 1125 1825 quae
1134 1792 1165 1815 de
1175 1790 1262 1825 teipso
1271 1798 1314 1815 ro-

246 1840 319 1894 ga‘rO.
393 1831 518 1861 Salutare,
539 1828 743 1863 i.finemon1't0re
763 1827 832 1854 Suet.
846 1828 982 1854 Neromc.
999 1837 1033 1853 xo.
1109 1828 1212 1854 Vocare
1232 1825 1312 1852 Piaut.

248 1869 317 1894 Am.
333 1877 354 1901 ς,
367 1877 391 1899 2,
406 1873 443 1900 38.

284 1910 310 1931 M
323 1910 340 1930 E
352 1911 375 1930 M
385 1911 404 1931 O
414 1910 433 1930 R
444 1910 467 1931 A
480 1909 496 1931 B
508 1901 522 1930 1⁰
531 1910 548 1930 L
559 1910 568 1931 1
581 1908 595 1930 S
606 1923 614 1936 ,
633 1911 656 1930 e.
678 1900 738 1929 Adi.
760 1901 945 1942 [μνημόνυυτος]
971 1902 1048 1938 Qod
1065 1912 1076 1926 c
1111 1902 1214 1936 dignum
1227 1908 1312 1926 meme-
1326 1911 1360 1939 43

249 1940 290 1965 ria
309 1948 353 1966 aur
367 1948 507 1967 memoratu.
579 1940 646 1967 Ter.
662 1939 743 1966 Andr.
759 1950 782 1972 4,
798 1949 833 1972 1,1
860 1938 980 1964 Hoccme
994 1937 1066 1963 credi
1090 1937 1124 1962 ile
1139 1937 1173 1963 est
1183 1942 1242 1969 ,aut
1257 1945 1311 1962 me-

249 1975 390 2006 morabile,
410 1983 454 2001 etc.
528 1975 600 2002 Idem
615 1976 711 2001 Heaut.
726 1983 748 2006 2,
763 1984 783 2007 3,
801 1984 824 2005 73
847 1975 935 2006 Heus,
957 1981 985 1999 tu
1004 1982 1060 1999 non
1083 1974 1112 1999 fit
1133 1973 1185 1999 siue
1209 1971 1311 2007 periclo

248 2011 349 2037 facinus
363 2020 487 2044 magnum
501 2016 526 2036 et
540 2009 724 2035 memorabile.
800 2009 857 2034 Cic.
873 2009 905 2034 de
922 2009 1030 2034 Amicit.
1044 2018 1059 2040 4
1079 2009 1120 2035 Sic
1140 2006 1223 2042 quum
1242 2017 1313 2034 acce-

247 2046 369 2081 piffemus
381 2055 394 2071 a
411 2044 531 2079 patribus
545 2044 661 2070 maxime
678 2043 881 2068 memorabilem
902 2044 932 2068 C.
945 2042 1031 2067 Laelii
1053 2049 1079 2067 et
1095 2045 1121 2068 P.
1135 2043 1268 2075 Scipionis
1276 2044 1313 2067 fa-

245 2082 438 2108 miliaritatem.
475 2081 558 2107 Causa
572 2078 753 2110 memorabili,
775 2077 816 2103 sed
830 2083 927 2103 euentu
942 2075 1040 2101 misero
1059 2076 1128 2101 l’lin.
1146 2085 1168 2107 7,
1190 2085 1226 2106 43.

246 2118 356 2154 genium
377 2117 415 2144 Id.
432 2127 452 2151 ς,
468 2126 505 2144 10.
577 2115 691 2142 Lethum
704 2113 881 2140 memorabile
900 2112 946 2138 Sil.
966 2121 1002 2144 11,
1024 2120 1071 2144 172.
1146 2111 1246 2137 Munus
1261 2108 1314 2136 Ti-

249 2154 313 2181 bull.
329 2164 350 2187 r,
365 2164 386 2187 1,
400 2164 434 2181 57.
507 2153 618 2179 Nomen
644 2151 720 2185 Virg.
744 2151 808 2176 Aen.
828 2159 855 2179 2,
874 2155 924 2179 5943.
999 2148 1081 2174 Ortus
1109 2144 1226 2173 Martial.
1241 2156 1263 2178 Γ,
1278 2154 1311 2172 21.

248 2191 306 2217 Cic.
322 2190 353 2216 de
366 2190 424 2220 Fin,
439 2199 458 2222 3,
475 2197 490 2215 11
512 2189 537 2214 Si
551 2188 652 2221 sapiens
668 2186 766 2219 aliquis
779 2185 859 2211 miser
871 2185 919 2210 else
932 2183 1016 2218 possit,
1035 2192 1084 2210 nae
1099 2192 1149 2217 ego
1167 2182 1241 2209 issam
1258 2180 1314 2216 glo-

249 2227 345 2253 riosam
366 2224 626 2256 memorabilemque
656 2222 784 2247 virtutem
811 2230 864 2246 non
885 2229 981 2252 magno
1002 2219 1189 2245 aestimandam
1210 2225 1315 2253 putem,

250 2264 318 2289 Aa'si'.
334 2261 371 2288 ld.
390 2260 455 2286 l'hil.
472 2270 494 2291 ¹3
516 2269 537 2285 c.
554 2267 590 2290 19.

250 2299 279 2324 111
293 2297 396 2324 bellicis
410 2295 489 2322 rebus
502 2295 624 2320 effecerat
645 2292 700 2319 Cic.
716 2291 746 2317 dc
761 2291 800 2317 Cl.
817 2291 894 2317 Orat.
907 2299 928 2315 c.
944 2298 973 2321 13.

249 2332 459 2361 Memorabilior
474 2331 559 2366 prima
573 2338 632 2365 pars
648 2329 720 2354 vitae
736 2335 815 2361 quam
830 2325 970 2360 posterior.

289 2377 315 2396 Μ
330 2376 345 2395 1·“
355 2376 379 2395 M
390 2375 408 2395 O
421 2374 439 2394 i<
455 2375 462 2392 1
477 2369 546 2394 osv
559 2372 572 2392 s
583 2388 592 2401 ,
611 2374 635 2396 a,
655 2373 709 2392 11111.
728 2362 788 2389 Adi.
824 2361 1019 2394 Memoriosus,
1038 2360 1229 2387 Memoriosior
1251 2359 1315 2386 facit

252 2406 317 2434 Fest.
356 2406 425 2431 Αιιίι.
440 2403 542 2429 Gloss'ae
557 2403 611 2428 Lat.
631 2401 679 2427 Gr.

292 2449 317 2467 M
330 2448 382 2467 EM
398 2447 417 2467 o
431 2447 446 2465 R
457 2440 495 2466 16
506 2446 518 2466 s
531 2444 559 2465 E.
580 2437 646 2464 Adu.
685 2437 761 2462 Idem.

254 2477 301 2511 qui
315 2477 388 2509 facit,
407 2474 522 2502 ostendit
536 2475 565 2501 in
577 2473 652 2500 omni
668 2481 696 2499 re
711 2479 818 2498 naturae
832 2471 942 2498 bonurn.

253 2513 398 2539 riosissinie.
421 2511 485 2539 Fest.

291 2555 316 2575 M
332 2555 346 2574 r
358 2555 383 2574 M
394 2554 412 2574 o
423 2554 442 2574 R
457 2553 476 2573 0
488 2553 570 2579 svs,
591 2555 614 2579 a,
631 2554 685 2572 11111.
709 2544 768 2571 Adi.
792 2547 924 2577 μικμηνηὶς
958 2541 1040 2569 Glorr.
1063 2542 1111 2569 Gr.
1137 2541 1193 2567 Lat.

290 2591 315 2611 M
329 2591 346 2611 E
358 2591 383 2611 Μ
395 2582 442 2612 (31³
454 2591 483 2616 Ο,
504 2588 557 2610 ΞΥΟ.
587 2581 745 2617 [amiternina
763 2579 952 2612 ἀπομνημονεῦω,
974 2582 1067 2611 koph-1,
1081 2577 1160 2611 λέγω]
1185 2579 1214 2602 ln
1236 2585 1319 2602 memo-

255 2621 320 2647 riam
343 2622 465 2646 reducere.
938 2614 944 2619 ’

260 2663 289 2684 1¹.
304 2656 506 2683 memorandum
519 2655 597 2688 1111111,
618 2654 636 2681 si
650 2653 716 2680 noui
730 2653 810 2684 forte,
829 2658 873 2677 aut
885 2651 903 2677 si
920 2651 978 2677 sunt
995 2650 1098 2684 cognati
1114 2648 1191 2675 mibi.
1266 2649 1320 2675 Me-

258 2701 377 2725 morare,
397 2695 596 2724 Commemmare,
612 2699 730 2715 narrare.
768 2688 866 2715 Cic.de
874 2686 966 2722 Legib.
984 2696 1002 2720 1,
1015 2696 1027 2719 7
1044 2686 1116 2712 Nam
1131 2685 1195 2719 quid
1211 2685 1321 2712 Accium

257 2729 422 2755 memorem?
497 2728 570 2754 Haec
584 2734 735 2752 memorans
757 2725 833 2758 Virg.
854 2724 918 2750 Aen.
939 2732 977 2758 10,
996 2726 1055 2751 6110.
1130 2722 1168 2747 De
1188 2731 1217 2747 re
1231 2721 1320 2755 aliqua

257 2773 408 2791 memorare
428 2764 520 2790 Tacit.
536 2764 607 2790 Ann.
621 2771 651 2788 11.
725 2761 930 2787 Honoratorum
953 2759 1077 2785 virorum
1091 2757 1194 2784 Laudes
1210 2758 1238 2783 111
1258 2766 1320 2783 con.

258 2801 337 2828 tione
358 2800 414 2826 Cic.
430 2800 492 2835 Leg.
506 2809 519 2827 2
541 2809 562 2826 c.
579 2807 618 2832 ²4-
694 2796 797 2824 Ordine
809 2803 969 2827 memorare,
990 2796 1045 2821 vid.
1067 2799 1170 2820 ORDO.

258 2837 377 2871 Propert.
391 2846 412 2869 2,
428 2845 446 2866 1,
460 2845 496 2867 25·
567 2834 650 2862 Talia
662 2838 829 2860 memorante
838 2831 936 2863 Sibylla
957 2829 1037 2857 Ouid.
1051 2831 1117 2856 Met.
1134 2838 1226 2862 14,1ς4.
1263 2829 1319 2855 Me-

259 2878 375 2905 morant,
391 2879 436 2907 pro
448 2873 542 2905 Aiunt,
556 2871 658 2906 firunt.
680 2867 756 2896 'Liu.
773 2879 791 2902 1,
804 2878 817 2901 7
836 2867 1035 2900 Herculemque
1049 2866 1078 2892 in
1098 2875 1127 2892 ea
1149 2866 1207 2892 loca
1220 2866 1320 2896 Geryo-

260 2918 294 2935 ne
310 2909 452 2934 interemto
465 2908 548 2934 boues
562 2907 632 2933 mira
648 2906 730 2940 specie
744 2904 855 2939 abegisse
868 2908 1027 2930 memorant.
1100 2902 1252 2928 Memorare
1267 2909 1320 2926 me-

259 2944 383 2976 moriter,
403 2943 457 2969 vid.
479 2948 702 2970 MEMORITFR
717 2942 803 2977 supra.
876 2938 997 2966 Verbum
1012 2937 1049 2965 est
1068 2946 1162 2964 verum
1177 2937 1246 2970 quod
1267 2945 1321 2962 me-

260 2976 394 3007 moratur:
414 2979 438 3005 h.
452 2988 472 3005 e.
491 2980 565 3015 Qud
577 2979 681 3009 dicitur,
702 2979 744 3002 vel
756 2976 941 3010 circumfirtm‘.

261 3016 318 3042 Cic.
329 3017 408 3042 Verr.
423 3023 501 3047 4,107
523 3015 597 3041 Enna
612 3019 709 3045 autem,
721 3012 767 3039 vbi
781 3021 821 3045 ea,
835 3021 902 3046 quae
911 3011 972 3037 dico
979 3011 1047 3045 gesta
1055 3010 1113 3045 ess'e,
1128 3015 1322 3041 memorantur,

262 3052 299 3078 est
313 3052 373 3078 loco
387 3050 518 3085 praecelso
535 3057 613 3084 atque
628 3048 709 3074 edito.
744 3049 895 3074 Memorare
917 3047 1043 3082 significat
1057 3056 1126 3072 nunc
1140 3045 1236 3078 dicere,
1252 3053 1322 3070 nunc

263 3087 410 3114 memoriae
423 3086 549 3113 mandare
577 3085 641 3112 Fest.
681 3084 762 3111 Plaut.
775 3084 859 3110 Trin.
872 3092 900 3116 4,
917 3092 938 3116 2,
957 3093 980 3115 41
1004 3082 1125 3117 Agedum
1139 3090 1239 3107 nomen
1248 3087 1324 3106 tuum

263 3124 380 3158 primum
394 3131 516 3149 memora
529 3121 607 3148 mihi.
681 3119 755 3153 Virg.
771 3120 834 3146 Aen.
849 3128 869 3151 1,
885 3128 906 3145 12
931 3120 1006 3145 Musa
1019 3119 1086 3145 1111111
1102 3119 1185 3144 causas
1193 3125 1322 3144 memora.

263 3159 364 3194 Lepide
386 3167 527 3185 memoras.
547 3158 601 3184 vid.
625 3161 777 3183 LEPIDVS.

263 3197 322 3222 Cat.
337 3197 352 3222 6
368 3202 393 3220 ct
413 3204 436 3227 7.
672 3201 685 3218 2
706 3191 859 3218 Memorare
878 3200 894 3216 a
905 3191 1020 3216 librariis
1034 3191 1195 3223 cmzfumlitm'
1208 3199 1259 3215 cum
1268 3189 1325 3216 Nu-

266 3240 379 3257 merare:
416 3229 552 3257 Drakenb.
567 3231 603 3255 ad
614 3228 638 3255 Si
654 3249 660 3255 .
675 3237 697 3260 2,
711 3237 735 3260 4.
914 3223 934 3263 ff
957 3235 966 3256 3
989 3224 1093 3258 Paffiue.
1130 3226 1212 3252 Plaut.
1226 3225 1323 3260 Amph.

267 3275 287 3297 1,
299 3275 320 3298 3,
336 3276 359 3298 14
379 3265 502 3301 Experiri
516 3265 580 3292 istuc
594 3264 735 3291 mauellem
749 3271 802 3298 me,
820 3270 900 3296 quam
919 3261 989 3287 1111111
1009 3262 1193 3288 mcmorarier.
1267 3262 1324 3288 Cic.

267 3301 300 3327 de
321 3302 412 3335 Legib.
427 3312 449 3334 ε,
464 3304 490 3329 61
510 3311 531 3328 c.
553 3310 581 3334 ²4
602 3301 808 3326 Honoratorum
824 3298 949 3324 virorum
967 3296 1056 3322 laudes
1075 3297 1104 3322 111
1122 3298 1253 3323 concione
1273 3307 1326 3324 me-

266 3344 414 3364 morentur.

307 3379 333 3399 Μ
346 3379 362 3398 E
373 3380 397 3398 Μ
410 3379 428 3399 0
439 3380 456 3398 R
467 3381 488 3401 Α
499 3380 521 3400 ’Ν
534 3380 552 3400 D
563 3379 583 3399 V
596 3378 610 3399 s
622 3392 630 3405 ,
645 3380 669 3408 a,
689 3379 743 3397 um.
763 3371 831 3396 Part.
850 3370 1092 3404 [ἁπομυημονευτέαε]
1114 3368 1196 3395 Ouid.
1219 3370 1284 3395 Met.
1293 3379 1325 3402 13,

270 3417 291 3440 13
309 3409 370 3436 Nec
385 3409 556 3435 memoranda
570 3415 658 3435 tamen
672 3405 749 3433 vobis
765 3414 823 3432 mea
838 3406 906 3432 faeta
922 3404 1021 3438 Pelasgi
1058 3405 1111 3430 Effe
1125 3413 1199 3430 reor:
1220 3405 1325 3431 vidistis

268 3444 351 3470 enim.
388 3444 445 3470 Post
460 3445 546 3470 nullos
560 3442 756 3476 memorandus,
775 3442 792 3468 i.
815 3442 928 3467 Omnium
942 3441 1037 3476 primus
1049 3442 1217 3466 memorandus
1243 3441 1326 3468 Ouid.

269 3480 356 3506 Trist.
370 3489 388 3512 1,
405 3490 427 3513 4,
445 3490 461 3506 1.
533 3481 652 3514 Longum
667 3476 854 3505 memorandus
875 3478 935 3502 Stat.
950 3476 1014 3503 Silu.
1030 3485 1047 3508 1,
1067 3485 1088 3508 3,
1111 3486 1140 3506 ις.
1216 3477 1325 3503 quenis

269 3515 346 3549 Virg.
361 3517 425 3542 Aen.
445 3525 480 3545 10,
501 3523 555 3549 793.
627 3517 739 3542 quenta
765 3513 837 3541 Idem
856 3511 921 3538 ibid.
942 3522 965 3544 4,
980 3518 1028 3543 283-

270 3551 367 3577 rand-ae
376 3551 456 3578 Plaut.
472 3551 535 3586 lipid
561 3562 581 3584 3,
596 3561 617 3586 3,
632 3561 667 3581 52.
727 3551 788 3576 Hoc
801 3547 1004 3575 memorandum
1019 3547 1132 3582 contigit
1145 3548 1206 3574 vrbi
1227 3549 1326 3576 Lucan.

270 3596 292 3623 3,
309 3593 359 3618 3853.
432 3587 539 3613 Nomen
555 3586 757 3614 memorandum
772 3585 886 3612 condere
907 3583 953 3610 Sil.
968 3593 990 3614 4,
1005 3592 1039 3615 37.

307 3629 330 3648 111
343 3628 359 3648 E
371 3628 394 3648 Μ
408 3629 427 3650 0
440 3629 457 3648 R
470 3629 491 3649 A
505 3629 526 3649 T
538 3630 558 3649 v
570 3630 583 3650 s
593 3641 601 3654 ,
621 3632 645 3655 a,
664 3632 719 3648 um.
739 3621 833 3648 Partic.
849 3621 936 3655 Regna
946 3619 1038 3645 lustin.
1053 3629 1088 3651 41,
1105 3629 1122 3654 i,
1137 3626 1149 3648 s
1175 3620 1247 3653 Qud
1272 3620 1327 3646 istis
1337 3618 1343 3620 ”

271 3658 425 3684 memoratis
440 3667 505 3692 opus
519 3659 570 3684 est?
608 3659 690 3686 Plaut.
706 3657 792 3689 Mil.3‚
809 3667 828 3690 ς,
841 3665 882 3689 40,
940 3655 1070 3682 Nondum
1082 3657 1234 3682 memoratis
1242 3656 1328 3682 omni-

270 3693 319 3721 bus
335 3694 417 3720 Ouid.
432 3694 495 3720 Met.
510 3705 533 3726 4,
549 3698 602 3726 (¹87-

270 3739 353 3756 mum.
393 3731 422 3754 Iv‘t
438 3738 473 3761 19,
487 3736 499 3757 R
520 3730 748 3756 lvlemoratiffimus
762 3728 839 3754 liber.
878 3730 909 3754 Et
928 3722 996 3762 ‘Arg.
1010 3733 1033 3760 8,
1052 3738 1065 3759 4
1091 3728 1246 3754 Herodotus
1270 3727 1329 3754 scri-

270 3772 330 3801 ptor
349 3764 476 3791 historiae
502 3766 738 3792 memoratiffimus.

309 3808 336 3828 M
347 3808 362 3827 Γ.
372 3807 396 3827 M
408 3808 427 3826 0
438 3808 455 3826 R
467 3802 486 3826 ‚R
498 3807 519 3827 'r
534 3807 554 3827 o
566 3808 582 3828 n
597 3824 604 3836 ,
623 3801 688 3827 oris.
709 3810 744 3827 m.
767 3798 1006 3834 [ὰηομνκμηνευτιὶς]
1030 3799 1150 3834 Propert.
1164 3808 1212 3832 3‚v,
1226 3808 1250 3831 33
1270 3799 1328 3826 Nec

271 3847 325 3864 uon
340 3837 385 3863 illc
399 3837 438 3864 tui
453 3837 522 3862 casus
534 3844 698 3863 memorator
719 3837 863 3862 Homerus.

1011 2291 1125 2325 Compar.
1163 2290 1222 2317 Liri.
1241 2296 1276 2323 38,
1289 2298 1316 2321 53

1001 2468 1200 2502 Memoriofius,
1214 2469 1317 2494 Memo-

664 2257 749 2283 Multa
763 2256 816 2281 iam
830 2254 1016 2280 memorabilia
1029 2256 1095 2280 etin
1116 2254 1267 2280 domestic-i«
1289 2261 1315 2280 et
1331 2256 1360 2283 55

806 2435 890 2461 Corn.
905 2434 1006 2460 Fronto
1028 2442 1054 2467 p.
1074 2442 1129 2466 2¹9⁴
1150 2432 1315 2459 Memoriose
1325 2429 1361 2453 60

540 2619 622 2645 Plaut.
644 2619 724 2645 Poen.
747 2626 775 2652 4,
790 2626 812 2649 ε,
827 2627 855 2647 44
878 2617 960 2642 Patris
979 2621 1057 2648 atque
1078 2615 1171 2639 matris
1194 2613 1359 2645 memini.63
1384 2613 1449 2639 Silu.
1465 2622 1487 2646 2,
1502 2621 1521 2645 1,
1537 2621 1580 2644 114.

1245 2792 1318 2820 Bella
1327 2801 1359 2825 70

1015 2974 1193 3001 Plaustsruc.
1203 2982 1231 3007 4,
1246 2981 1273 3005 4,
1288 2981 1322 3004 3³.
1337 2981 1364 3006 75

851 3155 1012 3181 Incredibile
1038 3161 1187 3180 memoratu
1210 3154 1245 3180 est
1263 3152 1365 3182 Sall.80

1104 3512 1206 3546 Pugnae
1224 3522 1324 3539 meino.
1347 3522 1381 3547 90
1390 3511 1527 3539 Librarius
1545 3510 1583 3537 Id.
1597 3511 1673 3538 Vcrr.
1684 3521 1696 3542 4
1716 3513 1752 3543 (2)
1773 3519 1795 3536 c.
1810 3519 1847 3542 77.

673 3694 770 3728 Supcrl.
799 3692 868 3719 Gell.
884 3702 921 3725 10,
935 3698 958 3721 18
980 3691 1134 3725 Sepulcrum
1149 3692 1327 3720 memoratiss'i-
1346 3703 1376 3729 95
1392 3698 1518 3718 veneunt.

1413 1402 1439 1422 M
1452 1402 1469 1422 E
1479 1401 1503 1421 Μ
1516 1401 1529 1421 P
1541 1400 1561 1420 H
1576 1400 1586 1419 1
1601 1400 1628 1420 S.
1646 1394 1778 1428 [Μέμφις]
1804 1395 1915 1429 Aegypti
1927 1395 1987 1419 ‘vrbs
2007 1395 2133 1429 capitalis,
2156 1396 2224 1420 vnde
2235 1401 2289 1430 pro·
2298 1401 2350 1420 tota
2363 1395 2447 1428 Aegy-

1375 1439 1417 1467 pto
1431 1432 1553 1456 interdum
1568 1431 1719 1456 nominatur.
1757 1429 1875 1456 Martial.
1894 1440 1911 1462 1,
1927 1439 1935 1456 1
1957 1429 2072 1456 Barbara
2085 1430 2256 1464 pyramidum
2274 1429 2345 1456 sileat
2364 1429 2446 1456 mira-

1376 1467 1435 1494 cula
1450 1465 1594 1500 Memphis.
1668 1465 1769 1491 Carens
1784 1464 1906 1492 Sithonia
1920 1465 1984 1493 niue
1997 1466 2131 1501 Memphis
2151 1467 2221 1493 Hor.
2230 1457 2318 1494 C'arm.
2328 1475 2348 1498 3,
2356 1467 2397 1498 26,
2406 1473 2446 1492 ιο.

1413 1510 1438 1529 Μ
1448 1508 1466 1528 E
1478 1509 1501 1527 M
1514 1508 1529 1527 P
1542 1508 1563 1528 Η
1575 1503 1587 1527 i
1598 1507 1620 1527 Τ
1634 1508 1643 1527 l
1659 1507 1671 1528 s
1682 1522 1689 1533 ‚
1711 1501 1770 1527 idis.
1788 1502 1941 1532 Patronym.
1980 1502 2138 1538 [Μεμφιτὶς]
2175 1504 2270 1530 quen.
2291 1502 2341 1529 Sat.
2361 1511 2393 1535 ις,
2408 1504 2447 1527 12'2

884 1540 1046 1565 Enumerare
1067 1537 1207 1564 sententias
1221 1536 1309 1571 philo·
1330 1549 1355 1572 35
1377 1539 1452 1565 Anne
1466 1537 1546 1564 aliam
1559 1543 1627 1563 terra
1642 1537 1821 1572 Memphitide
1836 1537 1900 1564 fleca
1935 1538 2069 1565 Inuidiam
2083 1538 2201 1565 facerent
2214 1538 2319 1564 nolenti
2339 1538 2448 1572 surgere

1375 1574 1463 1602 Nilo?
1537 1573 1704 1607 Memphitis,
1725 1574 1783 1599 item
1800 1573 1938 1599 Asarmmv's
1946 1584 2026 1609 genus
2045 1574 2111 1601 Plin.
2125 1578 2166 1608 36,
2179 1584 2211 1608 17.
2255 1573 2348 1602 Ifidor.
2373 1576 2411 1606 16,
2422 1583 2448 1605 4.

1414 1617 1440 1637 Μ
1453 1616 1470 1636 E
1482 1616 1506 1636 M
1516 1616 1531 1636 P
1543 1615 1564 1635 H
1576 1611 1590 1635 1'
1598 1615 1620 1635 T
1632 1615 1649 1635 Ε
1660 1613 1685 1635 S.
1709 1610 1860 1641 Patronym.
1881 1618 1916 1635 m.
1938 1610 2099 1645 [Μεμφίτης]
2135 1611 2236 1646 ponitur
2251 1612 2300 1637 loco
2319 1609 2448 1637 adieaiui.

1377 1646 1485 1675 Tibull.
1501 1656 1519 1678 1,
1534 1655 1556 1680 7,
1572 1652 1600 1676 28
1621 1645 1740 1672 Barbara
1752 1644 1922 1680 Memphiten
1937 1645 2062 1680 plangere
2076 1646 2155 1673 do&a
2167 1645 2277 1673 bouem.

1412 1689 1465 1708 ME
1475 1689 1497 1708 ,11
1510 1688 1524 1707 r·
1535 1688 1555 1707 H
1568 1689 1577 1707 1
1591 1679 1635 1707 'rs
1647 1687 1663 1708 c
1675 1688 1695 1707 v
1709 1689 1722 1708 s
1734 1704 1742 1715 ‚
1762 1690 1786 1714 a,
1806 1691 1861 1708 11111,
1883 1681 1943 1708 Adi.
1964 1682 2128 1715 [Μεμφιτικὼ
2168 1682 2284 1710 Martial.
2299 1690 2335 1712 14,
2347 1686 2375 1713 38
2394 1681 2448 1707 Dat

1377 1755 1440 1781 Neu
1461 1753 1523 1787 fuge
1545 1753 1689 1786 Niligenae
1708 1752 1887 1787 Memphitica
1905 1753 1976 1779 sacra
1992 1748 2130 1781 iu'uencae.

2204 1754 2276 1782 Ensis
2291 1751 2448 1788 Memphiti-

1377 1799 1422 1818 cus
1443 1791 1541 1817 Lucan.
1555 1798 1593 1821 10,
1608 1798 1629 1819 5·

1786 1864 2035 1897 MEN

1416 1943 1441 1965 Μ
1452 1943 1470 1965 Ε
1481 1943 1504 1963 N
1514 1943 1546 1964 A.
1567 1938 1647 1972 Apud
1666 1936 1801 1963 Romanos
1817 1935 1870 1962 fuit
1883 1934 1940 1968 dea,
1962 1944 2028 1969 quae
2043 1934 2184 1962 menstruis
2198 1933 2330 1961 fluoribus
2349 1933 2449 1968 praeess

1378 1974 1403 2001 se
1418 1973 1567 2009 putabatur.
1611 1974 1667 1999 Vid.
1690 1972 1828 2006 Augustin.
1844 1971 1876 1997 de
1890 1971 1951 1997 Ciu.
1965 1972 2016 1998 Dei
2045 1982 2068 2004 4,
2083 1981 2111 1998 11.
2135 1979 2160 1997 et
2175 1981 2228 2004 7,2.

1414 2017 1439 2036 M
1450 2016 1467 2036 Ε
1478 2016 1500 2036 N
1513 2016 1548 2035 A.
1571 2008 1680 2043 [μαιμῑς]
1703 2008 1789 2043 Piscis.
1821 2008 1879 2034 Vid.
1901 2014 1927 2033 M
1938 2014 1959 2033 A
1970 2014 1986 2033 E
2000 2013 2022 2033 N
2034 2013 2065 2033 A.

1414 2052 1440 2070 M
1450 2051 1498 2070 ΕΝ
1512 2051 1534 2070 Α
1546 2050 1564 2070 Ε
1576 2051 1593 2070 c
1607 2051 1627 2069 H
1638 2050 1693 2070 Mi.
1714 2047 1793 2078 Apud
1813 2043 1936 2070 Plautum
1943 2043 2074 2076 comoedia,
2094 2042 2122 2068 in
2133 2051 2183 2076 qua
2200 2041 2390 2068 Menaechmus
2410 2044 2459 2067 im·

1271 2077 1313 2100 111-
1323 2077 1355 2102 50
1378 2079 1476 2102 troduci
1479 2084 1531 2102 tur.

1417 2116 1443 2138 M
1456 2117 1472 2137 E
1485 2117 1508 2136 N
1518 2118 1540 2137 A
1550 2117 1567 2137 E
1578 2117 1600 2136 V
1613 2117 1638 2137 S.
1647 2145 1652 2151 ⁴
1676 2114 1754 2146 Apud
1765 2112 1874 2138 Viti-uu.
1889 2122 1914 2145 9,
1928 2119 1941 2142 8
1969 2114 2104 2147 legebatmz.
2131 2113 2149 2138 i.
2167 2116 2259 2144 μηναῖσς
2269 2130 2278 2143 ,
2298 2112 2450 2148 Menstruus,

1376 2155 1423 2183 pro
1438 2156 1483 2182 quo
1498 2154 1580 2172 tamen
1594 2147 1664 2173 hodie
1680 2147 1774 2181 legitur
1796 2147 1930 2174 Manacus,
1950 2157 1976 2173 v,
1991 2156 2017 2173 v,

1418 2188 1569 2214 ΜΕΝΑις,
1591 2181 1651 2207 i'dis.
1673 2182 1692 2208 f.
1730 2183 1816 2208 Herba
1837 2183 1939 2218 magica
1953 2183 2117 2218 serpentium
2132 2182 2202 2210 ictus
2220 2183 2311 2210 sanans
2331 2183 2399 2211 Plin.
2413 2192 2452 2218 24,

1381 2227 1413 2253 17.
1450 2218 1578 2243 Harduin.
1599 2217 1662 2251 legit
1682 2217 1796 2247 Minyas.
2164 2234 2167 2237 »

1417 2259 1442 2280 Μ
1451 2259 1469 2280 E
1482 2259 1506 2278 N
1517 2259 1541 2279 A
1552 2258 1569 2278 L
1579 2258 1589 2277 1
1604 2257 1620 2278 Ρ
1635 2257 1650 2277 Ρ
1662 2258 1688 2278 Ε.
1710 2252 1899 2288 [Mevania-nn]
1913 2254 1972 2286 suit
1986 2255 2106 2288 Antiopes
2124 2257 2279 2280 Amazonum
2299 2256 2402 2289 reginae
2407 2252 2450 2287 so.

1379 2300 1432 2316 ror.
1469 2289 1539 2316 Haec
1557 2288 1587 2313 ab
1606 2287 1713 2313 Hercule
1732 2294 1804 2322 capto
1817 2289 1877 2323 fust
1896 2289 1923 2314 in
1937 2288 2003 2322 bello,
2024 2291 2090 2323 quad
2108 2296 2194 2314 contra
2213 2293 2352 2314 Amazones
2367 2287 2448 2323 geffit.

1381 2327 1476 2352 quen.
1495 2325 1546 2351 Sat.
1566 2329 1595 2359 8,
1615 2333 1662 2350 220
1688 2324 1780 2355 syrma
1794 2324 1838 2350 vel
1865 2324 2027 2359 Antigones,
2064 2325 2109 2350 seu
2122 2324 2262 2359 personam
2273 2325 2449 2360 Menalippes.

1380 2364 1421 2424 ge
1445 2359 1594 2422 ‘confi-iſson}
1622 2360 1746 2385 nominum
1766 2359 1922 2395 Menalippe
1948 2367 1972 2386 et
1991 2360 2145 2394 Melanippe
2166 2360 2220 2387 vid.
2252 2359 2385 2386 Mum-ker.
2415 2360 2453 2386 aa

1410 2403 1481 2431 yg1n.
1523 2418 1529 2423 .
1550 2401 1574 2424 18
1597 2416 1602 2420 .
1715 2424 1728 2428 ᾖ

1418 2439 1443 2459 M
1453 2438 1471 2458 E
1484 2438 1505 2458 N
1520 2438 1542 2458 A
1553 2438 1570 2458 L
1581 2438 1590 2457 1
1606 2437 1622 2456 Ρ
1632 2437 1647 2456 P
1658 2435 1679 2457 V
1688 2437 1710 2457 S.
1731 2429 1932 2464 [Μενάλιππσς]
1955 2431 2034 2463 Tydei
2041 2431 2100 2464 fuit
2108 2431 2266 2466 intetssf'ec‘lor,
2280 2431 2321 2457 cui
2327 2436 2399 2466 caput
2406 2438 2453 2456 an-

1382 2477 1405 2496 te
1420 2469 1510 2494 obitum
1523 2467 1625 2500 corrosit
1642 2467 1738 2500 Tydeus
1752 2476 1784 2491 ex
1799 2466 1877 2496 rabie,
1891 2466 1935 2500 qui
1948 2468 2016 2500 apud
2034 2466 2095 2492 Stat.
2110 2466 2200 2493 Thebv
2217 2472 2241 2500 8,
2262 2476 2311 2499 740
2332 2466 2370 2491 ita
2384 2465 2455 2492 voci-

1376 2505 1493 2540 feratur,
1516 2504 1601 2538 Caput
1620 2501 1637 2529 ὁ
1651 2508 1737 2536 caput,
1759 2500 1776 2528 ὃ
1792 2500 1958 2536 mihissquis
1995 2501 2124 2535 Adportet
2140 2501 2292 2536 Menalippe
2313 2509 2398 2529 tuum.

1419 2547 1444 2567 M
1456 2546 1474 2566 E
1488 2546 1509 2566 N
1525 2546 1548 2566 Α
1559 2546 1581 2564 N
1594 2545 1614 2565 D
1626 2546 1642 2565 E
1654 2546 1682 2565 R.
1710 2539 1884 2572 [Μένκνδᾳσς]
1912 2537 2069 2570 Atheniensis
2089 2539 2192 2562 comicus
2212 2547 2287 2562 nouae
2306 2537 2451 2566 comoedr'ae.

1468 2575 1603 2609 Quinctil.
1619 2584 1656 2606 10,
1670 2584 1687 2601 1.
1708 2582 1730 2600 et
1749 2573 1857 2601 Phaedr.
1872 2583 1891 2607 1,
1903 2582 1932 2606 5,
1953 2579 1986 2602 18.

1654 2610 1753 2638 Fabula
1766 2609 1878 2636 iucundi
1894 2609 1967 2635 nulla
1982 2609 2018 2636 est
2032 2608 2084 2635 sine
2099 2617 2191 2635 amore
2207 2608 2349 2635 Menandri
2369 2608 2454 2640 Ouid.

1384 2648 1473 2676 Trist.
1488 2649 1572 2681 2‚3(›9.
1646 2646 1808 2674 Menandrus
1829 2653 1852 2672 et
1872 2645 2028 2674 Menander,
2050 2652 2154 2679 iitroque
2169 2644 2351 2671 molledicitur.
2388 2644 2452 2672 Pro-

1388 2691 1454 2721 pert.
1471 2694 1493 2719 3,
1514 2693 1546 2716 21,
1561 2689 1589 2712 28
1610 2682 1812 2717 Librorumque
1827 2688 1887 2709 tuos
1902 2681 1981 2708 doffte
2001 2681 2148 2708 Menandre
2168 2680 2240 2707 sales.

1421 2728 1447 2747 M
1459 2726 1475 2746 E
1488 2726 1510 2745 N
1519 2725 1541 2744 Α
1551 2726 1573 2744 N
1585 2725 1603 2744 D
1612 2725 1631 2744 R
1642 2721 1661 2745 13
1669 2725 1690 2744 v
1701 2725 1724 2750 s,
1744 2727 1768 2751 a,
1789 2727 1843 2745 um.
1865 2717 1924 2744 Adi.
1945 2718 2127 2751 [Μεγάνδρειος]
2147 2717 2267 2751 Propert.
2282 2725 2305 2748 ε,
2322 2718 2347 2750 6,
2355 2716 2452 2750 3Tur.

1383 2756 1416 2783 ba
1431 2754 1608 2783 Menandreae
1622 2755 1709 2780 fuerat
1721 2763 1768 2780 nee
1780 2754 1907 2781 Thaidos
1928 2754 1995 2780 olim
2032 2753 2133 2780 Tanta.

1387 2579 1445 2604 Vid.

1422 2799 1447 2818 M
1459 2798 1475 2817 E
1489 2797 1511 2817 N
1526 2797 1548 2817 A
1562 2797 1583 2816 Ν
1596 2796 1614 2815 D
1626 2796 1645 2816 R
1657 2788 1696 2816 sc
1706 2796 1766 2824 vs,
1798 2798 1827 2826 a,
1852 2799 1906 2817 11111,
1935 2789 1994 2817 Adi.
2035 2791 2111 2815 Idem.
2166 2788 2357 2816 Menandricus
2366 2788 2453 2815 fluxus

1384 2827 1506 2855 Tertull.
1536 2826 1568 2852 de
1589 2825 1673 2853 Pallio
1700 2835 1724 2853 c.
1745 2836 1770 2858 4.
1842 2827 1902 2852 Alii
1936 2824 2130 2853 Maeandricus.
2209 2826 2285 2851 Adde
2305 2824 2455 2857 Salmafium

1382 2864 1473 2890 ibidem
1494 2872 1529 2897 p..
1542 2871 1594 2895 339.

1420 2906 1445 2926 M
1463 2906 1479 2926 E
1499 2905 1522 2940 »ξ
1541 2904 1558 2925 C
1578 2905 1596 2925 E
1613 2905 1628 2925 P
1643 2904 1666 2925 S.
1704 2899 1798 2925 Mente
1820 2904 1909 2933 captus
1940 2897 2064 2924 Priscian.
2084 2906 2097 2931 5
2123 2906 2149 2932 p.
2175 2898 2236 2926 663.
2273 2904 2313 2931 vt,
2333 2898 2454 2932 Auceps,

1383 2945 1440 2962 aues
1459 2941 1566 2970 capiens.
2062 2938 2066 2940 “

1421 2977 1446 2997 Μ
1460 2978 1476 2998 E
1490 2977 1573 2998 NDA
1585 2991 1593 3004 ,
1621 2979 1658 2996 ae.
1686 2970 1705 2997 f.
1727 2978 1750 2997 et
1776 2977 1802 2998 M
1818 2976 1981 3004 ENDVM,
2006 2969 2025 2996 i.
2054 2976 2092 2996 ns
2107 2970 2256 3004 [πταῖσμα]
2288 2969 2380 3001 fra-or,
2396 2967 2454 3001 siud

1387 3015 1506 3033 erratum.
1582 3007 1689 3033 Caccin.
1702 3006 1734 3033 ad
1748 3007 1806 3034 Cic.
1819 3007 1892 3034 Fam.
1907 3008 1932 3041 6,
1947 3016 1959 3039 7
1983 3005 2111 3032 Mendum
2126 3005 2268 3039 scripturae
2287 3004 2366 3030 litura
2380 3003 2454 3030 tolli-

1386 3049 1438 3070 tur.
1476 3044 1543 3068 Hinc
1554 3042 1589 3078 est
1604 3042 1758 3070 Emendare.
1841 3043 1896 3070 Cic.
1913 3046 1963 3069 Att.
1979 3051 2002 3076 2,
2017 3052 2030 3073 7
2051 3041 2242 3068 Castricianum
2259 3040 2385 3065 mendum
2404 3047 2454 3065 nos

1387 3079 1563 3114 corrigemus.
1636 3078 1708 3105 Idem
1725 3081 1776 3105 Att.
1793 3088 1824 3114 ¹3,
1838 3088 1863 3111 23
1884 3077 2189 3105 Tantumlibrariorum
2203 3075 2298 3102 menda
2311 3075 2453 3101 tolluntur.

1388 3116 1501 3150 Metapa.
1541 3115 1631 3142 Facies
1646 3115 1740 3141 menda
1753 3122 1824 3141 caret
1845 3114 1926 3142 Ouid.
1945 3116 1976 3140 de
1994 3115 2057 3140 Arte
2073 3114 2161 3145 Am.3,
2176 3119 2224 3145 78¹·
2242 3112 2260 3137 ν’.
2273 3111 2335 3144 lube,
2348 3112 2453 3138 viniola.

1390 3151 1445 3177 Cic.
1469 3152 1520 3179 Att.
1544 3160 1589 3184 14,
1609 3160 1638 3183 24
1665 3151 1725 3177 idus
1741 3152 1853 3178 Martiae
1870 3159 1993 3185 magnum
2007 3149 2133 3175 mendum
2149 3147 2305 3174 Continent.
2378 3147 2453 3174 Idem

1390 3188 1469 3213 Verr.
1486 3187 1542 3214 Aa.
1556 3197 1574 3220 1,
1597 3196 1639 3219 104
1661 3187 1733 3220 Qud
1746 3188 1799 3213 fuit
1812 3194 1885 3214 antea
1899 3186 2042 3220 scriptum?
2081 3184 2151 3218 quod.
2173 3182 2297 3210 mendum
2313 3182 2358 3209 issa
2373 3183 2454 3210 litura

1388 3222 1532 3250 Correxit?
1587 3223 1709 3249 Eximere
1724 3223 1831 3250 mendas
1844 3223 1875 3249 de
1889 3230 2002 3256 corpore
2031 3220 2114 3247 Ouid.
2135 3219 2166 3245 de
2189 3221 2252 3245 Arte
2275 3220 2333 3245 Am.
2350 3228 2378 3252 2,
2399 3221 2452 3250 653.

1387 3259 1476 3287 Nocte
1490 3259 1572 3285 latent
1592 3259 1701 3285 mendae
1720 3259 1793 3286 Idem
1814 3258 1880 3285 ibid.
1897 3268 1919 3291 1,
1938 3266 1992 3291 249.
2066 3256 2093 3282 in
2109 3262 2167 3282 toto
2187 3264 2317 3289 nusquam
2337 3262 2451 3289 corpore

1387 3295 1481 3323 menda
1495 3295 1548 3321 fuit
1568 3295 1640 3321 Idem
1656 3298 1749 3323 Amor.
1766 3305 1784 3331 1,
1799 3305 1820 3329 5,
1836 3300 1868 3323 18.

1425 3338 1450 3358 M
1460 3337 1478 3358 E
1489 3337 1512 3358 N
1524 3337 1542 3357 D
1553 3331 1573 3357 (ἶ
1583 3337 1596 3356 s
1609 3338 1629 3356 V
1643 3338 1655 3357 S
1665 3352 1673 3364 ,
1695 3341 1718 3366 a,
1732 3341 1787 3357 um.
1809 3329 1868 3356 Adi.
1889 3327 2076 3363 [πταισμώδηε]
2099 3328 2202 3353 Pl-num
2223 3327 2318 3353 mmdis
2338 3333 2361 3351 et
2379 3334 2450 3350 ενι-η.

1389 3368 1429 3395 ti’s.
1502 3367 1640 3401 Exemplar
1655 3366 1820 3398 mendosum,
1842 3367 1910 3400 apuli
1928 3365 1995 3391 Plin.
2015 3365 2093 3398 Epili.
2115 3373 2157 3394 10,
2172 3373 2208 3396 75.
2282 3360 2360 3389 Nihil
2378 3370 2450 3386 men.

1389 3404 1491 3434 ciosum,
1510 3402 1551 3429 sed
1567 3403 1638 3429 reete
1652 3410 1730 3437 atque
1746 3402 1846 3435 integre
1860 3401 1987 3435 scriptum
2002 3400 2072 3427 Gell.
2096 3406 2128 3432 18,
2152 3410 2176 3434 9.
2251 3397 2369 3424 Historia
2378 3406 2450 3423 men-

1390 3440 1477 3467 (101101-
1495 3439 1550 3466 Cic.
1565 3438 1595 3464 dc
1610 3439 1680 3466 Clar.
1702 3440 1777 3465 Orat.
1792 3442 1820 3463 62
1845 3447 1865 3464 c.
1888 3442 1921 3463 m.
1995 3437 2154 3463 Mendosum
2173 3433 2312 3462 estrdeess'e
2331 3432 2451 3466 aliquam

1389 3483 1500 3511 partem,
1518 3481 1543 3501 et
1560 3475 1680 3508 superare
1695 3481 1738 3500 etc.
1760 3473 1798 3501 Id.
1812 3473 1844 3500 de
1859 3474 1934 3500 Orat.
1952 3482 1973 3506 ε,
1987 3479 2022 3503 81.
2039 3474 2056 3499 i.
2079 3471 2207 3507 Vitisurr,
2227 3470 2310 3502 inquit
2329 3470 2449 3496 Budaeus.

1921 3509 2064 3536 Mendosus
2078 3514 2103 3534 et
2118 3506 2229 3534 mendax
2242 3505 2310 3530 Hor.
2336 3504 2414 3538 Epist.
2429 3513 2450 3538 1,

1390 3552 1427 3581 16,
1440 3557 1482 3580 40.
1555 3546 1642 3573 Facies
1657 3545 1739 3573 Ouid.
1756 3547 1819 3572 Met.
1833 3555 1866 3580 12,
1880 3555 1935 3579 399.
1971 3545 2093 3580 Natura,
2123 3541 2213 3576 Vitiosa
2239 3540 2306 3566 Hor.
2328 3540 2411 3566 Serm.
2429 3549 2449 3574 1,

1393 3586 1418 3614 6,
1433 3586 1475 3611 66.
1513 3583 1601 3610 Mores
1617 3582 1698 3609 Ouid.
1713 3584 1804 3609 Amor.
1818 3591 1840 3612 2,
1852 3594 1875 3617 4,
1891 3591 1908 3608 1.
2060 3607 2063 3613 ,
2195 3611 2200 3615 -

1430 3626 1456 3646 Μ
1472 3619 1577 3647 END6
1589 3625 1603 3644 S
1616 3625 1641 3644 Γ.
1663 3618 1729 3644 Adii.
1767 3620 1855 3643 Incara-
1869 3618 1914 3651 islo,
1934 3617 2096 3642 inemendate.
2169 3611 2226 3637 Cic.
2246 3615 2283 3646 Q
2301 3612 2386 3638 Frair.
2400 3621 2420 3644 3>
2435 3618 2450 3642 5

1394 3656 1433 3682 De
1447 3655 1547 3682 Latinis
1560 3662 1635 3686 vero,
1649 3663 1703 3687 quo
1720 3663 1762 3680 me
1775 3661 1876 3680 vertam
1889 3653 1994 3686 nescio,
2016 3653 2050 3679 ita
2065 3646 2186 3677 mendose
2205 3655 2230 3673 et
2251 3647 2404 3674 scribuntur
2423 3652 2450 3673 et

1588 3690 1715 3716 Mendose
1737 3690 1857 3723 colligis,
1877 3690 1960 3724 inquit
1980 3688 2047 3716 Pers.
2068 3694 2086 3713 τ.
2104 3689 2144 3715 85.
2171 3684 2186 3709 ἱ.
2209 3684 2305 3719 Vittose.
2381 3682 2450 3710 Red-

1392 3726 1455 3754 dere
1469 3726 1594 3754 mendose
1608 3726 1694 3751 causas
1716 3726 1820 3752 Lucret.
1835 3738 1859 3758 ,1,
1873 3728 1931 3756 506.
2003 3719 2137 3752 Mendose,
2159 3721 2302 3754 I’erperam,
2317 3720 2389 3745 male.
2409 3718 2449 3745 Id.

1392 3774 1414 3795 4,
1430 3774 1470 3796 5¹9
1493 3762 1590 3790 Omnia
1605 3761 1729 3787 mendose
1745 3762 1813 3797 lieri,
1832 3768 1911 3795 atque
1931 3759 2031 3792 obstipa
2051 3756 2181 3781 necess‘um
2201 3755 2246 3782 est.
2319 3754 2382 3781 Eius
2397 3763 2449 3791 ars,

1393 3808 1471 3833 quani
1487 3798 1580 3831 edidit,
1602 3797 1670 3823 mihi
1686 3797 1878 3824 Mendossffime
1890 3797 1981 3830 scripta
1995 3790 2100 3817 videtur
2122 3791 2178 3817 Cic.
2194 3792 2226 3818 de
2243 3792 2299 3818 Inu.
2318 3801 2324 3816 1
2339 3800 2360 3817 c.
2375 3793 2400 3817 6.

1429 3842 1454 3861 Μ
1472 3843 1488 3862 F,
1505 3842 1528 3862 N
1547 3840 1567 3861 D
1582 3840 1602 3860 ο
1617 3839 1630 3860 s
1648 3831 1662 3859 Γ
1679 3841 1701 3861 Τ
1721 3840 1744 3861 Α
1760 3841 1786 3867 s,
1806 3834 1864 3860 ξῑῐε,
1885 3833 1904 3859 f,
1938 3829 2016 3863 Apud
2035 3827 2211 3861 Augustinum
2235 3826 2315 3861 Epist.
2334 3835 2370 3860 10,
2383 3835 2403 3858 3.
2424 3832 2448 3853 et

308 3881 333 3901 M
345 3879 361 3900 Ε
373 3879 425 3899 110
436 3878 456 3900 R
466 3879 487 3899 A
499 3879 521 3899 'r
533 3879 552 3899 11
563 3880 572 3898 1
584 3879 619 3905 x,
640 3872 696 3898 icis.
717 3872 736 3898 f.
775 3871 863 3898 Valer.
878 3870 960 3898 Flacc.
977 3873 1049 3905 6,142
1070 3871 1140 3897 ane
1154 3870 1326 3897 memoratrix
1336 3871 1504 3901 100Ret1-a6h
1533 3881 1550 3904 1,
1571 3879 1586 3897 1.

272 3909 337 3935 tibia
351 3917 462 3943 pugnae.

310 3951 333 3970 Μ
346 3951 362 3971 E
376 3951 400 3971 M
416 3951 434 3971 ο
449 3950 468 3970 R
481 3944 535 3971 ᾹΤ
549 3948 571 3966 V
585 3949 598 3970 9
609 3960 617 3973 ,
641 3940 680 3968 sis.
704 3952 740 3970 111.
771 3943 993 3977 [anamma-nucu]
1020 3944 1086 3968 Idem
1107 3942 1173 3977 quod
1196 3942 1326 3969 Memoria.

274 3980 343 4006 Geli.
358 3990 396 4010 m,
410 3991 423 4012 4
445 3981 496 4006 Eos
509 3979 599 4006 versus
613 3987 666 4003 nou
689 3978 776 4004 minus
797 3977 930 4010 frequenti
945 3978 1095 4013 affiduoquc
1119 3983 1268 4004 memoratu
1289 3977 1326 4002 di-

273 4024 339 4048 gnos
352 4022 426 4050 puto,
435 4025 513 4049 quam
522 4013 744 4050 philosophorum
758 4013 790 4039 de
803 4013 899 4040 officiis
908 4012 1018 4041 decreta.
1061 4015 1135 4040 Adde
1142 4012 1324 4041 PiautAEacch.

275 4060 292 4081 Ι,
307 4060 323 4080 1,
337 4058 372 4087 εξ.
408 4051 476 4079 Geli.
498 4060 576 4086 19,11.
596 4058 620 4077 et
638 4049 703 4076 Pliu.
716 4058 751 4082 21,
771 4057 803 4076 ie.

1333 4062 1376 4085 105
1389 4056 1414 4077 et
1428 4049 1567 4086 impudens
1582 4050 1638 4076 Cic.
1652 4059 1701 4085 pro
1714 4048 1817 4077 Cluent.
1830 4047 1872 4074 168
1893 4052 1914 4070 c.
1935 4044 1976 4069 60.

1426 3914 1449 3932 111
1461 3914 1475 3933 Ρ
1489 3914 1510 3934 Ν
1522 3913 1540 3933 D
1550 3912 1573 3933 Α
1588 3911 1606 3932 C
1619 3912 1627 3931 1
1639 3912 1659 3931 V
1671 3912 1707 3933 M.
1727 3906 1745 3932 i.
1767 3915 1793 3933 n.
1826 3904 1934 3940 [ψεῦδος.
1953 3899 2112 3933 ψευδολογία]
2134 3901 2195 3925 Vero
2207 3899 2345 3934 opponitur.
2382 3897 2447 3924 Lin-

1389 3951 1454 3977 guae
1469 3942 1578 3970 blandae
1591 3942 1692 3968 menam
1703 3942 1727 3968 ia
1748 3941 1830 3968 Ouid.
1851 3935 1928 3970 Epist.
1948 3944 1969 3967 ς,
1984 3943 2020 3967 55-
2059 3935 2182 3961 Calidum
2198 3934 2288 3961 audiui
2305 3935 2354 3960 css'e
2369 3939 2448 3967 optu-

1390 3988 1463 4005 mum
1483 3977 1647 4004 mendacium
1671 3978 1753 4004 Plaut.
1771 3975 1847 4004 Most.
1868 3982 1888 4004 3,
1904 3981 1922 4004 ¹,
1938 3972 1984 4001 ¹36-
2058 3971 2191 3997 Callidum
2206 3969 2383 4002 mendacium,
2405 3970 2447 3995 In-

1806 4010 1911 4042 Magna
1936 4007 1998 4034 Stat.
2025 4007 2088 4034 Silu.
2109 4018 2139 4039 4,
2156 4009 2187 4040 6,
2209 4015 2248 4039 43.
2319 4005 2448 4037 Magnum

2050 4043 2165 4070 Nullum
2183 4049 2236 4070 tam
2248 4039 2390 4076 impudens
2402 4039 2449 4102 dest

2334 4085 2399 4103 meu
2420 4084 2445 4103 a·

1388 4014 1525 4045 facetumr
1553 4016 1606 4039 vicl.
1622 4015 1660 4040 hb.
1681 4023 1725 4040 vv.

2075 1718 2157 1745 Ouid.
2177 1718 2209 1746 de
2229 1719 2293 1744 Arte
2310 1718 2369 1743 Am.
2387 1725 2406 1749 1,
2420 1725 2455 1749 77-
2497 1743 2501 1747 .

2059 2572 2197 2599 Facundus
2218 2572 2367 2599 Menander
2385 2573 2448 2600 Stat.
2480 2604 2483 2605 .
2504 2567 2515 2606 ‚⁴
